{"host":"aqym1xxr3lb31d9m","time":1611832321,"event":{"mods":["BaseMod","Block Reminder","Colored Map","Colored Powertips","DeckTracker","Highlight Path","Minty Spire (QoL Compilation)","Quick Restart","Random Character Button","StSLib","SuperFastMode","UnlockEverythingMod"],"gold_per_floor":[113,133,133,214,232,232,242,242,268,299,311,311,342,352,352,426,426,426,426,127,127,127,127,127,127,127,127,127,127,127,127],"floor_reached":30,"language":"JPN","playtime":1426,"items_purged":[],"score":574,"play_id":"96282510-af37-4715-9e84-82b9a52d7bd8","local_time":"20210128201201","is_ascension_mode":true,"campfire_choices":[{"data":"Hyperbeam","floor":6.0,"key":"SMITH"},{"floor":8.0,"key":"REST"},{"floor":12.0,"key":"REST"},{"data":"Creative AI","floor":15.0,"key":"SMITH"},{"data":"Sunder","floor":25,"key":"SMITH"},{"data":"Beam Cell","floor":29,"key":"SMITH"}],"circlet_count":0,"master_deck":["AscendersBane","Strike_B","Strike_B","Strike_B","Strike_B","Defend_B","Defend_B","Defend_B","Defend_B","Zap","Dualcast","Hyperbeam+1","Conserve Battery","Coolheaded","Fusion+1","Creative AI+1","Conserve Battery+1","Sunder+1","Glacier+1","Force Field+1","Meteor Strike","Go for the Eyes","Redo+1","Cold Snap","Coolheaded+1","Beam Cell+1","Conserve Battery+1","Double Energy+1"],"relics":["Cracked Core","Toxic Egg 2","Gremlin Horn","Omamori","Potion Belt","Bag of Preparation","Ectoplasm","Eternal Feather","MawBank"],"acts_visited":["Exordium","TheCity"],"potions_floor_usage":[23,30],"damage_taken":[{"damage":6.0,"enemies":"2 Louse","floor":1.0,"turns":2.0},{"damage":7.0,"enemies":"Jaw Worm","floor":2.0,"turns":2.0},{"damage":0.0,"enemies":"Cultist","floor":5.0,"turns":4.0},{"damage":0.0,"enemies":"3 Louse","floor":7.0,"turns":2.0},{"damage":30.0,"enemies":"Gremlin Nob","floor":10.0,"turns":4.0},{"damage":0.0,"enemies":"2 Fungi Beasts","floor":11.0,"turns":2.0},{"damage":1.0,"enemies":"Lagavulin","floor":13.0,"turns":6.0},{"damage":0.0,"enemies":"Exordium Wildlife","floor":14.0,"turns":3.0},{"damage":18.0,"enemies":"The Guardian","floor":16.0,"turns":13.0},{"damage":16.0,"enemies":"Shell Parasite","floor":18.0,"turns":8.0},{"damage":2.0,"enemies":"3 Byrds","floor":19.0,"turns":4.0},{"damage":13.0,"enemies":"Snecko","floor":22.0,"turns":4.0},{"damage":0,"enemies":"Gremlin Leader","floor":23,"turns":6},{"damage":4,"enemies":"Cultist and Chosen","floor":24,"turns":6},{"damage":7,"enemies":"Snake Plant","floor":27,"turns":9},{"damage":43,"enemies":"Book of Stabbing","floor":30,"turns":5}],"seed_played":"-2159134360299195490","potions_obtained":[{"floor":7.0,"key":"Strength Potion"},{"floor":10.0,"key":"FocusPotion"},{"floor":14.0,"key":"DistilledChaos"},{"floor":16.0,"key":"GamblersBrew"},{"floor":18.0,"key":"SteroidPotion"},{"floor":23,"key":"Energy Potion"}],"is_trial":false,"path_per_floor":["M","M","?","T","M","R","M","R","T","E","M","R","E","M","R","B",null,"M","M","$","?","M","E","M","R","T","M","$","R","E"],"character_chosen":"DEFECT","items_purchased":["Eternal Feather","Cold Snap"],"campfire_rested":2,"item_purchase_floors":[20,20],"current_hp_per_floor":[40,33,15,15,15,15,15,36,36,6,6,27,26,26,26,8,55,39,37,37,37,24,24,20,35,35,28,28,43,0,0],"gold":127,"neow_bonus":"THREE_RARE_CARDS","is_daily":false,"chose_seed":false,"campfire_upgraded":4,"win_rate":0.0,"timestamp":1611832321,"path_taken":["M","M","?","?","M","R","?","R","T","E","M","R","E","M","R","BOSS","M","M","$","?","M","E","M","R","T","M","$","R","E"],"items_purchased_type":["Relic","Card"],"build_version":"2020-12-22","purchased_purges":0,"victory":false,"max_hp_per_floor":[71,71,71,71,71,71,71,71,71,71,71,71,71,71,71,71,71,71,71,71,71,71,71,71,71,71,71,71,71,71,71],"card_choices":[{"not_picked":["Rainbow","Buffer"],"picked":"Hyperbeam","floor":0.0},{"not_picked":["Leap","Darkness"],"picked":"Conserve Battery","floor":1.0},{"not_picked":["Leap","Barrage"],"picked":"Coolheaded","floor":2.0},{"not_picked":["Chaos+1","Beam Cell"],"picked":"Fusion+1","floor":5.0},{"not_picked":["Conserve Battery+1","Lockon"],"picked":"Creative AI","floor":7.0},{"not_picked":["Auto Shields+1","Gash"],"picked":"Conserve Battery+1","floor":10.0},{"not_picked":["FTL","Rebound"],"picked":"Sunder","floor":11.0},{"not_picked":["Ball Lightning","Steam+1"],"picked":"Glacier+1","floor":13.0},{"not_picked":["Heatsinks","Ball Lightning"],"picked":"Force Field+1","floor":14.0},{"not_picked":["Hyperbeam","Thunder Strike"],"picked":"Meteor Strike","floor":16.0},{"not_picked":["Ball Lightning","Barrage"],"picked":"Go for the Eyes","floor":18.0},{"not_picked":["Skim+1","Ball Lightning"],"picked":"Redo+1","floor":19.0},{"not_picked":["Reinforced Body+1","Beam Cell"],"picked":"Coolheaded+1","floor":22.0},{"not_picked":["Blizzard","Storm"],"picked":"Beam Cell","floor":23},{"not_picked":["Streamline","Rebound"],"picked":"Conserve Battery+1","floor":24},{"not_picked":["Storm","Static Discharge"],"picked":"Double Energy+1","floor":27}],"player_experience":4120412,"relics_obtained":[{"floor":4.0,"key":"Gremlin Horn"},{"floor":9.0,"key":"Omamori"},{"floor":10.0,"key":"Potion Belt"},{"floor":13.0,"key":"Bag of Preparation"},{"floor":23,"key":"MawBank"}],"event_choices":[{"damage_healed":0.0,"max_hp_gain":0.0,"max_hp_loss":0.0,"gold_gain":0.0,"event_name":"Scrap Ooze","player_choice":"Success","floor":3.0,"gold_loss":0.0,"damage_taken":18.0,"relics_obtained":["Toxic Egg 2"]},{"damage_healed":0.0,"max_hp_gain":0.0,"max_hp_loss":0.0,"gold_gain":0.0,"event_name":"Vampires","player_choice":"Ignored","floor":21.0,"gold_loss":0.0,"damage_taken":0.0}],"is_beta":false,"boss_relics":[{"not_picked":["Astrolabe","Calling Bell"],"picked":"Ectoplasm"}],"items_purged_floors":[],"is_endless":false,"potions_floor_spawned":[7,10,14,16,18,23],"killed_by":"Book of Stabbing","ascension_level":20}}