{"host":"313mh4uoe5sucao3","time":1611853896,"event":{"mods":["100% Spire Juice","Arknights The Spire","BaseMod","Dota2Spire","Downfall","Good Game Mod","GungeonMod","Hero for Fun","Minty Spire (QoL Compilation)","Quick Restart","Reimu£®≤©¿ˆ¡È√Œ£©","Ryuuou¡˙Õı","Shop Mod","Spicy Shops","StSLib","Td1madao Mod","The Bladedancer","The Invoker Mod","UnlockEverythingMod","Waifu the Spire","Warlord Emblem","[IsaacMod]“‘»ˆº‚À˛","noobMod"],"gold_per_floor":[110,65,65,85,47,62,73,104,130,22,57,57,57,77,77,172,52,70,81,92,17,32,32,44,74,74,74,74,92,92,105,105,210,90,107,866,866,886,105,115,115,142,188,198,212,212,212,222,222,222],"floor_reached":51,"language":"ZHS","playtime":5281,"items_purged":["Moonworks:Strike","Normality"],"score":886,"play_id":"ac5f8fbe-31da-42cb-aa9d-da99df9cfe85","local_time":"20210129011136","is_ascension_mode":false,"campfire_choices":[{"floor":13.0,"key":"REST"},{"floor":15.0,"key":"REST"},{"floor":23.0,"key":"REST"},{"floor":28.0,"key":"RECALL"},{"floor":30.0,"key":"REST"},{"data":"Moonworks:EvilSpyWorkPreparation","floor":32.0,"key":"SMITH"},{"data":"Moonworks:Gamble","floor":41.0,"key":"SMITH"},{"floor":46,"key":"REST"},{"data":"Moonworks:EvilSpyWorkPreparation","floor":49,"key":"SMITH"}],"circlet_count":0,"master_deck":["Moonworks:Strike+1","Moonworks:Strike+1","Moonworks:Strike+1","Moonworks:Defend+1","Moonworks:Defend+1","Moonworks:Defend+1","Moonworks:Defend+1","Moonworks:Ambush","Moonworks:LongDistanceShot","sneckomod:UnknownStrike","Moonworks:Assault","Moonworks:LulusLuckyEgg","Moonworks:EvilSpyWorkPreparation+1","Moonworks:EvilSpyWorkPreparation+1","Moonworks:SakisCookie","Regret","Moonworks:Assault","Moonworks:RocketCannon","Moonworks:SakisCookie+1","Moonworks:LuckyCharm+1","Moonworks:DevilHand","Moonworks:EvilSpyWorkPreparation","Moonworks:ImOnFire+1","Moonworks:DeployBits+1","Moonworks:NicePresent+1","Moonworks:LuckyCharm","Moonworks:Dash+1","Normality","Bandage Up","Moonworks:Gamble+1","Metamorphosis","Moonworks:Wanted","Moonworks:SakisCookie+1","Moonworks:NicePresent","Moonworks:EvilSpyWorkPreparation+1","Moonworks:EvilSpyWorkPreparation+1","Moonworks:Flamethrower+1"],"relics":["Moonworks:SBBomb","Moonworks:Homemark","REME:ComplimentaryCards","HushsDoor","ice","SteamSale","TungstenRod","DemoMod:MonsterBlood","Dota2Spire:ArmletOfMordiggian","Medical Kit","SharpPlug","Tiny Chest","Sling","Dota2Spire:ShivaGuard","Sozu","PreservedInsect","Dota2Spire:MonkeyKingBar","Happy Flower","SatanicBible","Bag of Preparation","Habit","DemoMod:ClearGuonStone","Strawberry"],"acts_visited":["Exordium","TheCity","TheBeyond"],"potions_floor_usage":[],"damage_taken":[{"damage":1.0,"enemies":"2 Louse","floor":1.0,"turns":2.0},{"damage":0.0,"enemies":"Small Slimes","floor":4.0,"turns":4.0},{"damage":0.0,"enemies":"Cultist","floor":6.0,"turns":3.0},{"damage":0.0,"enemies":"Red Slaver","floor":7.0,"turns":5.0},{"damage":29.0,"enemies":"Lagavulin","floor":8.0,"turns":10.0},{"damage":29.0,"enemies":"Gremlin Nob","floor":11.0,"turns":5.0},{"damage":4.0,"enemies":"Looter","floor":14.0,"turns":3.0},{"damage":1.0,"enemies":"Slime Boss","floor":16.0,"turns":3.0},{"damage":1.0,"enemies":"3 Byrds","floor":18.0,"turns":3.0},{"damage":36.0,"enemies":"2 Thieves","floor":19.0,"turns":4.0},{"damage":12.0,"enemies":"Snecko","floor":20.0,"turns":4.0},{"damage":15.0,"enemies":"Centurion and Healer","floor":22.0,"turns":5.0},{"damage":19.0,"enemies":"Cultist and Chosen","floor":24.0,"turns":6.0},{"damage":41.0,"enemies":"Gremlin Leader","floor":25.0,"turns":5.0},{"damage":1.0,"enemies":"Snake Plant","floor":29.0,"turns":4.0},{"damage":2.0,"enemies":"Centurion and Healer","floor":31.0,"turns":4.0},{"damage":23.0,"enemies":"Collector","floor":33.0,"turns":6.0},{"damage":18.0,"enemies":"3 Shapes","floor":35.0,"turns":4.0},{"damage":22.0,"enemies":"3 Darklings","floor":38.0,"turns":5.0},{"damage":6.0,"enemies":"Spire Growth","floor":40.0,"turns":2.0},{"damage":0.0,"enemies":"Giant Head","floor":42.0,"turns":2.0},{"damage":56,"enemies":"Maw","floor":44,"turns":7},{"damage":5,"enemies":"Jaw Worm Horde","floor":45,"turns":3},{"damage":4,"enemies":"3 Darklings","floor":48,"turns":4},{"damage":39,"enemies":"Time Eater","floor":50,"turns":10}],"seed_played":"-4221292003525621461","potions_obtained":[{"floor":1.0,"key":"ColorlessPotion"},{"floor":4.0,"key":"FearPotion"},{"floor":11.0,"key":"Block Potion"},{"floor":18.0,"key":"LiquidMemories"},{"floor":29.0,"key":"FearPotion"},{"floor":31.0,"key":"SkillPotion"},{"floor":33.0,"key":"SkillPotion"}],"is_trial":false,"path_per_floor":["M","?","?","M","$","M","M","E","T","$","E","?","R","M","R","B",null,"M","M","M","$","M","R","M","E","T","?","R","M","R","M","R","B",null,"M","?","T","M","$","M","R","E","T","M","M","R","?","M","R","B",null],"character_chosen":"THE_STARBREAKER","items_purchased":["Dota2Spire:ArmletOfMordiggian","Medical Kit","Sling","Dota2Spire:MonkeyKingBar","Happy Flower","Bandage Up","SatanicBible","Bag of Preparation","Moonworks:Gamble","Metamorphosis","Moonworks:Wanted","Habit"],"campfire_rested":5,"item_purchase_floors":[10,10,21,39,39,39,39,39,39,39,39,39],"current_hp_per_floor":[65,54,54,54,54,54,54,25,32,32,3,3,24,22,43,42,73,72,36,27,27,15,36,20,49,49,49,49,50,74,72,72,52,87,72,72,72,55,55,71,71,77,84,55,59,93,93,96,96,131],"gold":222,"neow_bonus":"TEN_PERCENT_HP_BONUS","is_daily":false,"chose_seed":false,"campfire_upgraded":3,"win_rate":0.0,"timestamp":1611853896,"path_taken":["M","?","?","?","$","M","M","E","T","?","E","?","R","M","R","BOSS","M","M","M","$","?","R","M","E","T","?","R","M","R","M","R","BOSS","M","?","?","M","$","?","R","E","T","M","M","R","?","M","R","BOSS"],"items_purchased_type":["Relic","Relic","Relic","Relic","Relic","Card","Relic","Relic","Card","Card","Card","Relic"],"build_version":"2020-12-22","purchased_purges":2,"victory":true,"max_hp_per_floor":[66,66,66,66,66,66,66,66,73,73,73,73,73,73,73,73,73,73,73,73,73,73,73,73,75,75,75,75,81,81,82,82,87,87,92,92,92,99,99,99,99,100,107,113,114,114,114,118,118,132],"card_choices":[{"not_picked":["Moonworks:BigMagnum","Moonworks:ScrambledEve"],"picked":"Moonworks:Assault","floor":1.0},{"not_picked":["Moonworks:x16BigRocket","Moonworks:IndiscriminateFireSupport"],"picked":"Moonworks:FullSpeedAlicianrone","floor":4.0},{"not_picked":["Moonworks:Heat300Percent","Moonworks:TreasureThief"],"picked":"Moonworks:LulusLuckyEgg","floor":6.0},{"not_picked":["Bomb","Moonworks:StiffCrystal"],"picked":"Moonworks:EvilSpyWorkPreparation","floor":7.0},{"not_picked":["Moonworks:SealedMemories","Moonworks:ScrambledEve"],"picked":"Moonworks:EvilSpyWorkPreparation","floor":8.0},{"not_picked":["Moonworks:LulusLuckyEgg","Moonworks:Blazing"],"picked":"Moonworks:SakisCookie","floor":11.0},{"not_picked":["Moonworks:BigMagnum","Moonworks:AngelHand"],"picked":"Moonworks:Assault","floor":14.0},{"not_picked":["Moonworks:StarBlastingFuse","Moonworks:OutOfAmmo"],"picked":"Moonworks:RocketCannon","floor":16.0},{"not_picked":["Moonworks:DeployBits","Moonworks:MiracleRedBeanIceCream+1"],"picked":"Moonworks:SakisCookie+1","floor":18.0},{"not_picked":["Moonworks:DeployBits","Moonworks:CloudOfSeagulls"],"picked":"Moonworks:LuckyCharm+1","floor":19.0},{"not_picked":["Moonworks:IndiscriminateFireSupport","Moonworks:Assault"],"picked":"Moonworks:DevilHand","floor":20.0},{"not_picked":["Moonworks:IndiscriminateFireSupport+1","Moonworks:x16BigRocket+1"],"picked":"Moonworks:EvilSpyWorkPreparation","floor":22.0},{"not_picked":["Moonworks:FinalSurgery","Moonworks:LulusLuckyEgg+1"],"picked":"Moonworks:ImOnFire+1","floor":24.0},{"not_picked":["Moonworks:SubspaceTunnel","Moonworks:NicePresent"],"picked":"Moonworks:DeployBits+1","floor":25.0},{"not_picked":["Moonworks:Assault","Moonworks:WindyEnchantment"],"picked":"Moonworks:NicePresent+1","floor":29.0},{"not_picked":["Moonworks:MixPhenomenon+1","Moonworks:ImOnFire"],"picked":"Moonworks:LuckyCharm","floor":31.0},{"not_picked":["Moonworks:Flamethrower","Moonworks:JonathanRush"],"picked":"Moonworks:Dash+1","floor":35.0},{"not_picked":["Moonworks:TreasureThief+1","Moonworks:CloudOfSeagulls+1","Moonworks:IndiscriminateFireSupport+1"],"picked":"SKIP","floor":38.0},{"not_picked":["Moonworks:Assault+1","Moonworks:CloudOfSeagulls"],"picked":"Moonworks:SakisCookie+1","floor":40.0},{"not_picked":["Moonworks:TreasureThief+1","Moonworks:ImOnFire+1"],"picked":"Moonworks:NicePresent","floor":42.0},{"not_picked":["Moonworks:JonathanRush","Moonworks:ImmovableObject"],"picked":"Moonworks:EvilSpyWorkPreparation+1","floor":44},{"not_picked":["Moonworks:Dinner","Moonworks:IndiscriminateFireSupport"],"picked":"Moonworks:EvilSpyWorkPreparation+1","floor":45},{"not_picked":["Moonworks:MiracleWalker","Moonworks:Dinner"],"picked":"Moonworks:Flamethrower+1","floor":48}],"player_experience":56908,"relics_obtained":[{"floor":8.0,"key":"TungstenRod"},{"floor":9.0,"key":"DemoMod:MonsterBlood"},{"floor":11.0,"key":"SharpPlug"},{"floor":25.0,"key":"Dota2Spire:ShivaGuard"},{"floor":37.0,"key":"PreservedInsect"},{"floor":42.0,"key":"DemoMod:ClearGuonStone"},{"floor":43.0,"key":"Strawberry"}],"event_choices":[{"damage_healed":0.0,"max_hp_gain":0.0,"max_hp_loss":0.0,"gold_gain":75.0,"event_name":"World of Goop","player_choice":"Gather Gold","floor":2.0,"gold_loss":0.0,"damage_taken":11.0},{"damage_healed":0.0,"max_hp_gain":0.0,"max_hp_loss":0.0,"gold_gain":0.0,"event_name":"Big Fish","player_choice":"Box","floor":12.0,"gold_loss":0.0,"damage_taken":0.0,"relics_obtained":["Tiny Chest"],"cards_obtained":["Regret"]},{"damage_healed":0.0,"max_hp_gain":0.0,"max_hp_loss":0.0,"gold_gain":0.0,"event_name":"Back to Basics","player_choice":"Simplicity","floor":27.0,"gold_loss":0.0,"damage_taken":0.0,"cards_upgraded":["Moonworks:Strike","Moonworks:Strike","Moonworks:Strike","Moonworks:Defend","Moonworks:Defend","Moonworks:Defend","Moonworks:Defend"]},{"damage_healed":0.0,"max_hp_gain":0.0,"max_hp_loss":0.0,"gold_gain":999.0,"event_name":"MindBloom","player_choice":"Gold","floor":36.0,"gold_loss":0.0,"damage_taken":0.0,"cards_obtained":["Normality","Normality"]},{"cards_removed":["Moonworks:FullSpeedAlicianrone"],"damage_healed":0,"gold_gain":0,"player_choice":"Removed Attack","damage_taken":0,"max_hp_gain":0,"max_hp_loss":0,"event_name":"Falling","floor":47,"gold_loss":0}],"is_beta":false,"boss_relics":[{"not_picked":["Black Star","Empty Cage"],"picked":"Moonworks:SBBomb"},{"not_picked":[]},{"not_picked":["Dota2Spire:RefresherOrb","Snecko Eye"],"picked":"Sozu"},{"not_picked":[]}],"items_purged_floors":[5,39],"is_endless":false,"potions_floor_spawned":[1,4,11,18,19,29,31,33,40,42,48],"ascension_level":0}}