{"host":"9c969dq3azt3tjy5","time":1611833208,"event":{"mods":["AchievementEnabler","BaseMod","Colored Powertips","Minty Spire (QoL Compilation)","Quick Restart","Rare Cards Sparkle","Waifu the Spire"],"gold_per_floor":[112,112,34,50,60,60,60,77,77,77,93,19,31,45,45,150,150,166,166,179,199,23,23,23,34,34,34,133,133,158,158,158,158,158],"floor_reached":33,"language":"RUS","playtime":1408,"items_purged":["Strike_P"],"score":282,"play_id":"8a7d1e53-3dd4-4c0f-9478-86bb1c440702","local_time":"20210128232648","is_ascension_mode":false,"campfire_choices":[{"data":"Eruption","floor":6,"key":"SMITH"},{"data":"EmptyFist","floor":10,"key":"SMITH"},{"floor":15,"key":"REST"},{"data":"CrushJoints","floor":23,"key":"SMITH"},{"data":"FlurryOfBlows","floor":27,"key":"SMITH"},{"floor":32,"key":"REST"}],"circlet_count":0,"master_deck":["Strike_P+1","Strike_P+1","Strike_P+1","Defend_P+1","Defend_P+1","Defend_P+1","Defend_P+1","Eruption+1","Vigilance","FlurryOfBlows","Consecrate+1","EmptyFist+1","FlurryOfBlows","Halt","FlurryOfBlows+1","DevaForm","Tantrum","Vengeance","DeusExMachina","Ghostly","Ghostly","Ghostly","Ghostly","Ghostly","CrushJoints+1"],"relics":["PureWater","Bottled Flame","SacredBark","TeardropLocket"],"acts_visited":["Exordium","TheCity"],"potions_floor_usage":[14,18,21,22,33],"damage_taken":[{"damage":0,"enemies":"Cultist","floor":1,"turns":2},{"damage":0,"enemies":"2 Louse","floor":4,"turns":2},{"damage":11,"enemies":"Jaw Worm","floor":5,"turns":2},{"damage":7,"enemies":"3 Louse","floor":8,"turns":3},{"damage":0,"enemies":"2 Fungi Beasts","floor":11,"turns":2},{"damage":8,"enemies":"Red Slaver","floor":13,"turns":2},{"damage":0,"enemies":"Gremlin Gang","floor":14,"turns":1},{"damage":62,"enemies":"Hexaghost","floor":16,"turns":10},{"damage":0,"enemies":"Shell Parasite","floor":18,"turns":1},{"damage":4,"enemies":"2 Thieves","floor":20,"turns":4},{"damage":9,"enemies":"Shelled Parasite and Fungi","floor":21,"turns":4},{"damage":3,"enemies":"Snake Plant","floor":25,"turns":2},{"damage":3,"enemies":"Slavers","floor":30,"turns":7},{"damage":42,"enemies":"Collector","floor":33,"turns":8}],"seed_played":"-7820508519407843534","potions_obtained":[{"floor":4,"key":"DuplicationPotion"},{"floor":11,"key":"DuplicationPotion"},{"floor":13,"key":"Fire Potion"},{"floor":16,"key":"AttackPotion"},{"floor":25,"key":"BottledMiracle"},{"floor":30,"key":"BlessingOfTheForge"}],"is_trial":false,"path_per_floor":["M","$","$","M","M","R","?","M","T","R","M","$","M","M","R","B",null,"M","?","M","M","$","R","?","M","T","R","?","$","E","?","R","B"],"character_chosen":"WATCHER","items_purchased":["EmptyFist","FlurryOfBlows","Vengeance","Fruit Juice"],"campfire_rested":2,"item_purchase_floors":[3,3,12,22],"current_hp_per_floor":[72,72,72,72,61,61,61,54,54,54,54,54,46,46,67,5,72,72,36,32,23,33,33,33,30,30,30,30,30,27,27,40,0,0],"gold":158,"neow_bonus":"THREE_CARDS","is_daily":false,"chose_seed":false,"campfire_upgraded":4,"win_rate":0.0,"timestamp":1611833208,"path_taken":["M","?","$","M","M","R","?","M","T","R","M","$","M","?","R","BOSS","M","?","M","M","$","R","?","M","T","R","?","$","E","?","R","BOSS"],"items_purchased_type":["Card","Card","Card","Potion"],"build_version":"2020-12-22","purchased_purges":1,"victory":false,"max_hp_per_floor":[72,72,72,72,72,72,72,72,72,72,72,72,72,72,72,72,72,72,36,36,36,46,46,46,46,46,46,46,46,46,46,46,46,46],"card_choices":[{"not_picked":["Evaluate","LikeWater"],"picked":"FlurryOfBlows","floor":0},{"not_picked":["Evaluate","Crescendo"],"picked":"Consecrate","floor":1},{"not_picked":["ThirdEye","Swivel"],"picked":"Halt","floor":4},{"not_picked":["BowlingBash","LikeWater"],"picked":"FlurryOfBlows","floor":5},{"not_picked":["ReachHeaven","ClearTheMind"],"picked":"DevaForm","floor":8},{"not_picked":["WreathOfFlame","EmptyFist"],"picked":"Tantrum","floor":11},{"not_picked":["FlyingSleeves","PathToVictory","BattleHymn"],"picked":"SKIP","floor":13},{"not_picked":["Weave","InnerPeace","CutThroughFate"],"picked":"SKIP","floor":14},{"not_picked":["Omniscience","Judgement"],"picked":"DeusExMachina","floor":16},{"not_picked":["Crescendo+1","Halt","Consecrate+1"],"picked":"SKIP","floor":18},{"not_picked":["FlyingSleeves","Omniscience"],"picked":"CrushJoints","floor":20},{"not_picked":["SashWhip+1","FollowUp","Crescendo+1"],"picked":"SKIP","floor":21},{"not_picked":["FlyingSleeves","JustLucky+1","SashWhip"],"picked":"SKIP","floor":25},{"not_picked":["Protect+1","DevaForm","Establishment"],"picked":"SKIP","floor":30}],"player_experience":202752,"relics_obtained":[{"floor":9,"key":"Bottled Flame"},{"floor":30,"key":"TeardropLocket"}],"event_choices":[{"damage_healed":0,"gold_gain":0,"player_choice":"Upgraded","damage_taken":0,"max_hp_gain":0,"max_hp_loss":0,"event_name":"Upgrade Shrine","floor":7,"gold_loss":0,"cards_upgraded":["Consecrate"]},{"damage_healed":0,"gold_gain":0,"player_choice":"Became a Ghost","damage_taken":0,"max_hp_gain":0,"max_hp_loss":36,"event_name":"Ghosts","floor":19,"gold_loss":0,"cards_obtained":["Ghostly","Ghostly","Ghostly","Ghostly","Ghostly"]},{"damage_healed":0,"gold_gain":0,"player_choice":"Simplicity","damage_taken":0,"max_hp_gain":0,"max_hp_loss":0,"event_name":"Back to Basics","floor":24,"gold_loss":0,"cards_upgraded":["Strike_P","Strike_P","Strike_P","Defend_P","Defend_P","Defend_P","Defend_P"]},{"damage_healed":0,"gold_gain":99,"player_choice":"Stole From Cult","damage_taken":0,"max_hp_gain":0,"max_hp_loss":0,"event_name":"Nest","floor":28,"gold_loss":0},{"damage_healed":0,"gold_gain":0,"player_choice":"Ignored","damage_taken":0,"max_hp_gain":0,"max_hp_loss":0,"event_name":"Cursed Tome","floor":31,"gold_loss":0}],"is_beta":false,"boss_relics":[{"not_picked":["Sozu","Coffee Dripper"],"picked":"SacredBark"}],"items_purged_floors":[22],"is_endless":false,"potions_floor_spawned":[4,11,13,16,25,30],"killed_by":"Collector","ascension_level":0}}