{"host":"raai0vtvcfkt8csp","time":1611836015,"event":{"mods":["2.2 Compatiblity","BaseMod","Beaked The Cultist","Block Reminder","Booster Modes","Clockwork Mod","Custom Start","DeckTracker","Defective Defect","Defuse TimeMaze Blight","Dio Mod","GifTheSpireLib","Infinite Spire","Minty Spire (QoL Compilation)","Quick Restart","Random Character Button","Rare Cards Sparkle","StSLib","The Marked","Unceasing Turn Reminder"],"gold_per_floor":[112,124,124,144,159,186,186,212,238,238,238,203,272,307,307,419,419,448,457,457,468,494,494,494],"floor_reached":23,"language":"ENG","playtime":2209,"items_purged":[],"score":219,"play_id":"1b456351-6bda-437f-bc81-cba3bfd5ec9a","local_time":"20210128131335","is_ascension_mode":true,"campfire_choices":[{"data":"Clockwork:RevUp","floor":10,"key":"SMITH"},{"floor":15,"key":"REST"}],"circlet_count":0,"master_deck":["Clockwork:KaliMa+1","Clockwork:Shield+1","Clockwork:Shield","Clockwork:Shield+1","Clockwork:Shield+1","Clockwork:Shield","Clockwork:Shield","Clockwork:Shield+1","Clockwork:CogToss","Clockwork:RevUp+1","Clockwork:UnlimitedCogworks","Clockwork:SpurOn","Clockwork:CogBarrier","Clockwork:Minimalism","Necronomicurse","Clockwork:CogToss"],"relics":["Clockwork:MomentumEngine","infinitespire:Bottled Soul","Clockwork:BeatingHeart","CaptainsWheel","Juzu Bracelet","CeramicFish","Potion Belt","Runic Pyramid","Necronomicon"],"acts_visited":["Exordium","TheCity"],"potions_floor_usage":[2,21,22],"damage_taken":[{"damage":4,"enemies":"Jaw Worm","floor":1,"turns":10},{"damage":1,"enemies":"Small Slimes","floor":2,"turns":10},{"damage":0,"enemies":"2 Louse","floor":4,"turns":4},{"damage":3,"enemies":"Exordium Wildlife","floor":5,"turns":8},{"damage":27,"enemies":"3 Sentries","floor":6,"turns":21},{"damage":14,"enemies":"Lagavulin","floor":8,"turns":10},{"damage":8,"enemies":"3 Sentries","floor":14,"turns":7},{"damage":22,"enemies":"Hexaghost","floor":16,"turns":8},{"damage":0,"enemies":"Shell Parasite","floor":18,"turns":11},{"damage":17,"enemies":"Spheric Guardian","floor":21,"turns":10},{"damage":28,"enemies":"Cultist and Chosen","floor":22,"turns":7},{"damage":13,"enemies":"Book of Stabbing","floor":23,"turns":5}],"seed_played":"-8152734668704282099","potions_obtained":[{"floor":1,"key":"Energy Potion"},{"floor":6,"key":"SpeedPotion"},{"floor":8,"key":"Weak Potion"},{"floor":14,"key":"Regen Potion"},{"floor":18,"key":"Dexterity Potion"}],"is_trial":true,"path_per_floor":["M","M","?","M","M","E","?","E","T","R","?","?","?","E","R","B",null,"M","?","?","M","M","E"],"character_chosen":"CLOCKWORK","items_purchased":[],"campfire_rested":1,"item_purchase_floors":[],"current_hp_per_floor":[81,80,80,80,77,50,50,36,36,36,19,40,40,32,57,35,85,85,69,69,66,38,25,25],"gold":494,"neow_bonus":"","is_daily":false,"chose_seed":false,"campfire_upgraded":1,"win_rate":0.0,"timestamp":1611836015,"path_taken":["M","M","?","M","M","E","?","E","T","R","?","?","?","E","R","BOSS","M","?","?","M","M","E"],"items_purchased_type":[],"build_version":"2020-12-22","purchased_purges":0,"victory":false,"max_hp_per_floor":[85,85,85,85,85,85,85,85,85,85,85,85,85,85,85,85,85,85,85,85,85,85,85,85],"card_choices":[{"not_picked":["Clockwork:LiteraryArmor","Clockwork:Minimalism"],"picked":"Clockwork:SmithsMallet","floor":1},{"not_picked":["Clockwork:SystemScan","Clockwork:OccamsRazor"],"picked":"Clockwork:CogToss","floor":2},{"not_picked":["Clockwork:CraftVarja","Clockwork:Improve"],"picked":"Clockwork:RevUp","floor":4},{"not_picked":["Clockwork:Friction","Clockwork:Redundancy"],"picked":"Clockwork:EnthusiasticStrike","floor":5},{"not_picked":["Clockwork:SpurOn","Clockwork:CogShield"],"picked":"Clockwork:UnlimitedCogworks","floor":6},{"not_picked":["Clockwork:Pluck","Clockwork:Improve"],"picked":"Clockwork:SpurOn","floor":8},{"not_picked":["Clockwork:HoardingStrike","Clockwork:Minimalism"],"picked":"Clockwork:CogBarrier","floor":14},{"not_picked":["Clockwork:DefectiveParts","Clockwork:AeonShield"],"picked":"Clockwork:CraftMomentumEngine","floor":16},{"not_picked":["Clockwork:SearchingStrike","Clockwork:AdaptiveShield"],"picked":"Clockwork:Minimalism","floor":18},{"not_picked":["Clockwork:TiltAWhirl","Clockwork:Enhance","Clockwork:SearingStrike"],"picked":"SKIP","floor":21},{"not_picked":["Clockwork:ChargingShield","Clockwork:CraftSomewhatSmoothStone"],"picked":"Clockwork:CogToss","floor":22}],"player_experience":942344,"relics_obtained":[{"floor":6,"key":"CaptainsWheel"},{"floor":8,"key":"Juzu Bracelet"},{"floor":9,"key":"CeramicFish"},{"floor":14,"key":"Potion Belt"},{"floor":19,"key":"Necronomicon"}],"event_choices":[{"damage_healed":0,"gold_gain":0,"player_choice":"Entered Light","damage_taken":17,"max_hp_gain":0,"max_hp_loss":0,"event_name":"Shining Light","floor":11,"gold_loss":0,"cards_upgraded":["Clockwork:Shield","Clockwork:Shield"]},{"damage_healed":21,"gold_gain":0,"player_choice":"Healed","damage_taken":0,"max_hp_gain":0,"max_hp_loss":0,"event_name":"The Cleric","floor":12,"gold_loss":35},{"damage_healed":0,"gold_gain":69,"player_choice":"Gained Gold","damage_taken":0,"max_hp_gain":0,"max_hp_loss":0,"event_name":"Golden Wing","floor":13,"gold_loss":0},{"damage_healed":0,"gold_gain":0,"player_choice":"Obtained Book","damage_taken":16,"max_hp_gain":0,"max_hp_loss":0,"event_name":"Cursed Tome","floor":19,"gold_loss":0},{"damage_healed":0,"gold_gain":0,"player_choice":"Ignored","damage_taken":0,"max_hp_gain":0,"max_hp_loss":0,"event_name":"Vampires","floor":20,"gold_loss":0}],"is_beta":false,"boss_relics":[{"not_picked":["Busted Crown","Runic Dome"],"picked":"Runic Pyramid"}],"items_purged_floors":[],"is_endless":false,"potions_floor_spawned":[1,6,8,14,18],"killed_by":"Book of Stabbing","ascension_level":1}}