{"host":"b4vwm7jq6jdk6nca","time":1611843263,"event":{"mods":["Act Like it!","Ascension Reborn","BaseMod","Hallownest","Minty Spire (QoL Compilation)","Pale of the Ancients","Quick Restart","Relic Filter Mod","Reliquary","Spicy Shops","StSLib","TestMod","Wide Potions","[IsaacMod]ÒÔÈö¼âËþ"],"gold_per_floor":[114,39,55,78,78,78,107,107,107,0,19,19,31,31,31,104,104,122,124,124,124],"floor_reached":20,"language":"ZHS","playtime":912,"items_purged":["Defend_P"],"score":380,"play_id":"5db48ac0-7bd1-40f3-a673-b5083a779162","local_time":"20210128221423","is_ascension_mode":true,"campfire_choices":[{"data":"Eruption","floor":6.0,"key":"SMITH"},{"data":"BattleHymn","floor":8.0,"key":"SMITH"},{"data":"FlyingSleeves","floor":15,"key":"SMITH"}],"circlet_count":0,"master_deck":["AscendersBane","Strike_P","Strike_P+1","Strike_P+1","Defend_P","Defend_P","Eruption+1","Vigilance","SuicideKing","EmptyBody","Hallownest:skillGreenpathMap","BattleHymn+1","WheelKick","FlyingSleeves+1","MasterReality"],"relics":["PureWater","testmod-TestBox","HushsDoor","SteamSale","testmod-IntensifyImprint","NeowsBlessing","Hallownest:DreamNailRelic","testmod-EqualTreatment","Turnip","Hallownest:BankAccountRelic","reliquary:WritOfMandamus"],"acts_visited":["Exordium","Hallownest:Greenpath"],"potions_floor_usage":[16],"damage_taken":[{"damage":0.0,"enemies":"Hallownest:monsterHuskWarrior","floor":1.0,"turns":1.0},{"damage":0.0,"enemies":"Hallownest:monsterHuskGuard","floor":3.0,"turns":1.0},{"damage":0.0,"enemies":"Hallownest:eliteMossKnight","floor":7.0,"turns":1.0},{"damage":0.0,"enemies":"Hallownest:2_MossCreeps","floor":11.0,"turns":3.0},{"damage":14.0,"enemies":"Hallownest:Guard_and_Warrior","floor":13.0,"turns":2.0},{"damage":28,"enemies":"Hallownest:BossFalseKnight","floor":16,"turns":7},{"damage":28,"enemies":"Hallownest:2_Mistakes","floor":18,"turns":5},{"damage":0,"enemies":"Hallownest:3_Youths","floor":20,"turns":1}],"seed_played":"-4722811697718878181","potions_obtained":[{"floor":7.0,"key":"Energy Potion"},{"floor":16,"key":"Strength Potion"}],"is_trial":false,"path_per_floor":["M","?","M","T","?","R","E","R","T","?","M","?","M","?","R","B",null,"M","$","M"],"character_chosen":"WATCHER","items_purchased":[],"campfire_rested":0,"item_purchase_floors":[],"current_hp_per_floor":[61,61,61,61,61,61,61,61,61,61,61,61,47,47,47,19,50,22,22,22,22],"gold":124,"neow_bonus":"THREE_ENEMY_KILL","is_daily":false,"chose_seed":false,"campfire_upgraded":3,"win_rate":0.0,"timestamp":1611843263,"path_taken":["M","?","M","?","?","R","E","R","T","?","M","?","?","?","R","BOSS","M","$","M"],"items_purchased_type":[],"build_version":"2020-12-22","purchased_purges":1,"victory":false,"max_hp_per_floor":[68,68,68,68,68,68,68,68,68,68,68,68,68,60,60,60,60,60,60,60,60],"card_choices":[{"not_picked":[],"picked":"SuicideKing","floor":0.0},{"not_picked":["ClearTheMind","JustLucky"],"picked":"EmptyBody","floor":1.0},{"not_picked":["CutThroughFate","TalkToTheHand"],"picked":"BattleHymn","floor":3.0},{"not_picked":["EmptyBody","Vengeance"],"picked":"WheelKick","floor":7.0},{"not_picked":["Sanctity","Halt"],"picked":"FlyingSleeves","floor":11.0},{"not_picked":["Halt","JustLucky","LikeWater"],"picked":"SKIP","floor":13.0},{"not_picked":["Alpha","Establishment"],"picked":"MasterReality","floor":16},{"not_picked":["EmptyFist","Weave","Worship"],"picked":"SKIP","floor":18}],"player_experience":318657,"relics_obtained":[{"floor":7.0,"key":"testmod-EqualTreatment"},{"floor":9.0,"key":"Turnip"}],"event_choices":[],"is_beta":false,"boss_relics":[{"not_picked":["Runic Dome","Tiny House"],"picked":"reliquary:WritOfMandamus"},{"not_picked":[]}],"items_purged_floors":[19],"is_endless":false,"potions_floor_spawned":[7,16,18],"killed_by":"Hallownest:3_Youths","ascension_level":20}}