{"host":"8a72fthmlk1o8pdb","time":1611857734,"event":{"mods":["AchievementEnabler","Aspiration","Astrologer","Bard","BaseMod","Beaked The Cultist","Better Skull","Better Third Choice","Colored Map","Colored Powertips","Downfall","Friendly Minions","GifTheSpireLib","Googly Eyes","Gremlin Mod","Hermit","Jorbs\u0027s Wanderer Trilogy","Marisa????????","Minty Spire (QoL Compilation)","Permanent Neow","Random Character Button","Rare Cards Sparkle","Robot Space Explorer","Shop Mod","Somnambulant","StSLib","The Animator","The Construct","The Cursed","The Disciple","The Hayseed","The Hierophant","The Marked","The Necromancer","The Poker Player","The Problem Sleuth","The Runesmith","thorton"],"gold_per_floor":[99,115,7,27,27,38,84,84,101,115,127,138,157,182,201,310,310,310,338,364,364,364,364],"floor_reached":21,"language":"ENG","playtime":2611,"items_purged":[],"score":177,"play_id":"5bd10932-eb21-4f9f-b5ca-439873dd7fec","local_time":"20210128101534","is_ascension_mode":false,"campfire_choices":[{"data":"hexamod:Float","floor":1.0,"key":"SMITH"},{"data":"hexamod:NightmareStrike","floor":8.0,"key":"SMITH"},{"data":"hexamod:TimeWarp","floor":18.0,"key":"SMITH"}],"circlet_count":0,"master_deck":["hexamod:Strike","hexamod:Strike","hexamod:Strike","hexamod:Strike","hexamod:Defend","hexamod:Defend","hexamod:Defend+1","hexamod:Defend+1","hexamod:Float+1","hexamod:ThirdSeal","hexamod:NightmareStrike+1","hexamod:StepThrough","expansioncontent:AwakenDeath","hexamod:FourthSeal","hexamod:StepThrough","hexamod:SpectersWail","hexamod:TimeWarp+1","hexamod:EmpoweredFlame","hexamod:SecondSeal","hexamod:SwordOfDarkness","hexamod:FirstSeal","hexamod:FifthSeal","hexamod:SixthSeal","hexamod:EtherealExpedition","hexamod:NightmareGuise"],"relics":["hexamod:UnbrokenSoul","Strawberry","Oddly Smooth Stone"],"acts_visited":["Exordium","TheCity"],"potions_floor_usage":[19,20,21,21],"damage_taken":[{"damage":0.0,"enemies":"2 Louse","floor":2.0,"turns":4.0},{"damage":0.0,"enemies":"downfall:FleeingMerchant","floor":3.0,"turns":4.0},{"damage":0.0,"enemies":"Cultist","floor":4.0,"turns":3.0},{"damage":0.0,"enemies":"Small Slimes","floor":6.0,"turns":4.0},{"damage":3.0,"enemies":"Red Slaver","floor":9.0,"turns":3.0},{"damage":7.0,"enemies":"3 Louse","floor":10.0,"turns":3.0},{"damage":10.0,"enemies":"Exordium Thugs","floor":11.0,"turns":3.0},{"damage":0.0,"enemies":"Exordium Wildlife","floor":12.0,"turns":3.0},{"damage":2.0,"enemies":"3 Louse","floor":13.0,"turns":3.0},{"damage":13.0,"enemies":"Blue Slaver","floor":15.0,"turns":4.0},{"damage":50.0,"enemies":"DF_ARCHETYPE_STREAMLINE","floor":16.0,"turns":9.0},{"damage":34,"enemies":"3 Byrds","floor":19,"turns":5},{"damage":28,"enemies":"Shell Parasite","floor":20,"turns":6},{"damage":39,"enemies":"Shelled Parasite and Fungi","floor":21,"turns":3}],"seed_played":"-5965475874549692365","potions_obtained":[{"floor":6.0,"key":"BlessingOfTheForge"},{"floor":6.0,"key":"Energy Potion"},{"floor":9.0,"key":"sneckomod:MuddlingPotion"},{"floor":10.0,"key":"Fruit Juice"},{"floor":12.0,"key":"SneckoOil"},{"floor":12.0,"key":"BlessingOfTheForge"},{"floor":13.0,"key":"FearPotion"},{"floor":13.0,"key":"Dexterity Potion"},{"floor":15.0,"key":"SteroidPotion"},{"floor":16.0,"key":"Weak Potion"},{"floor":19,"key":"Energy Potion"},{"floor":20,"key":"SteroidPotion"},{"floor":20,"key":"SkillPotion"}],"is_trial":false,"path_per_floor":["R","M","$","M","?","M","T","R","M","M","M","M","M","T","M","B",null,"R","M","M","M"],"character_chosen":"THE_SPIRIT","items_purchased":["expansioncontent:AwakenDeath"],"campfire_rested":0,"item_purchase_floors":[3],"current_hp_per_floor":[70,70,70,70,70,70,77,77,74,67,62,62,60,60,47,27,82,82,55,34,0,0,0],"gold":364,"neow_bonus":"THREE_CARDS","is_daily":false,"chose_seed":false,"campfire_upgraded":3,"win_rate":0.0,"timestamp":1611857734,"path_taken":["R","M","$","M","?","?","T","R","M","M","M","M","M","?","M","BOSS","R","M","M","M"],"items_purchased_type":["Card"],"build_version":"2020-12-22","purchased_purges":0,"victory":false,"max_hp_per_floor":[70,70,70,70,70,70,77,77,77,77,82,82,82,82,82,82,82,82,82,82,82,82,82],"card_choices":[{"not_picked":["hexamod:GhostOfSpirePast","hexamod:Firestarter"],"picked":"hexamod:ThirdSeal","floor":0.0},{"not_picked":["hexamod:BurningTouch","hexamod:HeatCrush"],"picked":"hexamod:NightmareStrike","floor":2.0},{"not_picked":["hexamod:Incineration","hexamod:AdvancingGuard"],"picked":"hexamod:StepThrough","floor":2.0},{"not_picked":["hexamod:Again","hexamod:Firestarter","hexamod:HauntingEcho"],"picked":"SKIP","floor":3.0},{"not_picked":["hexamod:SpectersWail","hexamod:HauntingEcho"],"picked":"hexamod:FourthSeal","floor":4.0},{"not_picked":["hexamod:GhostLash","hexamod:Firestarter","hexamod:ChargedBarrage"],"picked":"SKIP","floor":4.0},{"not_picked":["hexamod:Firestarter","hexamod:SpectralAdrenaline"],"picked":"hexamod:StepThrough","floor":6.0},{"not_picked":["hexamod:GhostLash","hexamod:RecurringNightmare","hexamod:Rewind"],"picked":"SKIP","floor":6.0},{"not_picked":["hexamod:HeatCrush","hexamod:HeatShield","hexamod:CatchUp"],"picked":"SKIP","floor":9.0},{"not_picked":["hexamod:HeatMetal","hexamod:RadiantFlame","hexamod:GhostOfSpirePast"],"picked":"SKIP","floor":9.0},{"not_picked":["hexamod:GhostOfSpirePast","hexamod:NightmareStrike"],"picked":"hexamod:SpectersWail","floor":10.0},{"not_picked":["hexamod:ThermalTransfer","hexamod:InspiringFlames"],"picked":"hexamod:TimeWarp","floor":10.0},{"not_picked":["hexamod:Firestarter","hexamod:Again"],"picked":"hexamod:EmpoweredFlame","floor":11.0},{"not_picked":["hexamod:SoulSteal","hexamod:RadiantFlame","hexamod:GhostLash"],"picked":"SKIP","floor":12.0},{"not_picked":["hexamod:HauntingEcho","hexamod:SoulSteal"],"picked":"hexamod:SecondSeal","floor":13.0},{"not_picked":["hexamod:AdvancingGuard","hexamod:EmpoweredFlame"],"picked":"hexamod:SwordOfDarkness","floor":15.0},{"not_picked":["hexamod:ThermalTransfer","hexamod:HexaLevel"],"picked":"hexamod:FirstSeal","floor":15.0},{"not_picked":["hexamod:SixthSeal","hexamod:WildfireWeapon"],"picked":"hexamod:FifthSeal","floor":16.0},{"not_picked":["hexamod:TimeOfNeed","hexamod:UnlimitedPower"],"picked":"hexamod:SixthSeal","floor":16.0},{"not_picked":["hexamod:BurningTouch","hexamod:HeatMetal+1"],"picked":"hexamod:EtherealExpedition","floor":19},{"not_picked":["hexamod:InspiringFlames","hexamod:Rewind"],"picked":"hexamod:NightmareGuise","floor":20},{"not_picked":["hexamod:DynamicBlow","hexamod:TurnItUp","hexamod:GhostLash+1"],"picked":"SKIP","floor":20}],"player_experience":83763,"relics_obtained":[{"floor":7.0,"key":"Strawberry"},{"floor":14.0,"key":"Oddly Smooth Stone"}],"event_choices":[{"cards_removed":["hexamod:Sear"],"damage_healed":0.0,"max_hp_gain":0.0,"max_hp_loss":0.0,"gold_gain":0.0,"event_name":"Bonfire Elementals","player_choice":"Offered Basic","floor":5.0,"gold_loss":0.0,"damage_taken":0.0}],"is_beta":false,"boss_relics":[{"not_picked":["Fusion Hammer","Velvet Choker"],"picked":"hexamod:UnbrokenSoul"}],"items_purged_floors":[],"is_endless":false,"potions_floor_spawned":[6,9,12,13,15,20],"killed_by":"Shelled Parasite and Fungi","ascension_level":0}}