{"host":"3498uni0c31c9bdm","time":1611822069,"event":{"mods":["BaseMod","Better Third Choice","Minty Spire (QoL Compilation)","Replay The Spire","StSLib"],"gold_per_floor":[216,235,253,271,284,284,304,304,329,362,362,171,201,212,212,317,317,287,303,303,303,151,151,151,151],"floor_reached":24,"language":"ENG","playtime":5841,"items_purged":[],"score":423,"play_id":"c060366f-1330-4227-9593-d6d427933380","local_time":"20210128192109","is_ascension_mode":true,"campfire_choices":[{"floor":6,"key":"REST"},{"floor":8,"key":"REST"},{"floor":15,"key":"REST"},{"floor":23,"key":"RECALL"}],"circlet_count":0,"master_deck":["Strike_P","Strike_P","Strike_P","Strike_P","Defend_P","Defend_P","Defend_P","Defend_P","Eruption","Vigilance","Prostrate","SignatureMove+1","ReplayTheSpireMod:Splinters","EmptyFist","Prostrate","WaveOfTheHand+1","CutThroughFate","Pot Of Greed","Pot Of Greed","FollowUp","FlurryOfBlows+1","TalkToTheHand","PathToVictory","Protect","DevaForm","CommonCold","Pot Of Greed","CurseOfTheBell","Injury","FollowUp+1","Crescendo+1","Decay"],"relics":["Replay:Wanted Poster","Shovel","Orichalcum","Grinning Jar","Dream Catcher","Guide Book","Bird Faced Urn","Replay:Ancient Bell","Damaru","Replay:Bottled Snecko","Replay:Multitool","ClockworkSouvenir"],"acts_visited":["Exordium","TheCity"],"potions_floor_usage":[13,16,24],"damage_taken":[{"damage":25,"enemies":"Small Slimes","floor":1,"turns":6},{"damage":10,"enemies":"Cultist","floor":2,"turns":6},{"damage":0,"enemies":"Jaw Worm","floor":4,"turns":1},{"damage":10,"enemies":"Blue Slaver","floor":5,"turns":2},{"damage":7,"enemies":"Exordium Wildlife","floor":7,"turns":4},{"damage":24,"enemies":"3 Sentries","floor":10,"turns":8},{"damage":13,"enemies":"Lagavulin","floor":13,"turns":5},{"damage":1,"enemies":"3 Louse","floor":14,"turns":4},{"damage":29,"enemies":"Slime Boss","floor":16,"turns":11},{"damage":23,"enemies":"2 Thieves","floor":18,"turns":5},{"damage":38,"enemies":"3 Byrds","floor":19,"turns":6},{"damage":27,"enemies":"Cultist and Chosen","floor":24,"turns":5}],"seed_played":"-6921142953662291223","potions_obtained":[{"floor":2,"key":"FairyPotion"},{"floor":4,"key":"SpeedPotion"},{"floor":10,"key":"FearPotion"},{"floor":13,"key":"Adrenaline Potion"},{"floor":19,"key":"Venom Potion"}],"is_trial":false,"path_per_floor":["M","M","?","M","M","R","M","R","T","E","?","$","E","M","R","B",null,"M","M","?","?","$","R","M"],"character_chosen":"WATCHER","items_purchased":["Guide Book","FlurryOfBlows+1","ClockworkSouvenir"],"campfire_rested":3,"item_purchase_floors":[12,12,22],"current_hp_per_floor":[40,30,30,30,20,41,34,55,55,31,24,24,11,10,31,2,55,34,21,21,21,21,21,0,0],"gold":151,"neow_bonus":"BOSS_RELIC","is_daily":false,"chose_seed":false,"campfire_upgraded":0,"win_rate":0.0,"timestamp":1611822069,"path_taken":["M","M","?","M","M","R","?","R","T","E","?","?","E","M","R","BOSS","M","M","?","?","$","R","M"],"items_purchased_type":["Relic","Card","Relic"],"build_version":"2020-12-22","purchased_purges":0,"victory":false,"max_hp_per_floor":[72,72,72,72,72,72,72,72,72,72,72,72,72,72,72,72,72,72,72,72,72,72,72,72,72],"card_choices":[{"not_picked":["Crescendo","JustLucky"],"picked":"Prostrate","floor":1},{"not_picked":["FlyingSleeves","Meditate"],"picked":"SignatureMove","floor":2},{"not_picked":["SandsOfTime","Perseverance"],"picked":"EmptyFist","floor":3},{"not_picked":["Replay:ManipulateFuture","SashWhip"],"picked":"Prostrate","floor":4},{"not_picked":["ClearTheMind","Replay:BluntJabs"],"picked":"WaveOfTheHand","floor":5},{"not_picked":["Protect","Replay:AtTheReady"],"picked":"CutThroughFate","floor":7},{"not_picked":["Replay:AllIn","Halt"],"picked":"FollowUp","floor":10},{"not_picked":["LikeWater","Perseverance"],"picked":"TalkToTheHand","floor":13},{"not_picked":["Evaluate","JustLucky"],"picked":"PathToVictory","floor":14},{"not_picked":["CutThroughFate","Replay:Cycle"],"picked":"Protect","floor":15},{"not_picked":["Scrawl","LessonLearned"],"picked":"DevaForm","floor":16},{"not_picked":["Languid","Sickly"],"picked":"CommonCold","floor":17},{"not_picked":["ReplayTheSpireMod:Splinters","Delirium"],"picked":"CurseOfTheBell","floor":17},{"not_picked":["Writhe","AbeCurse"],"picked":"Injury","floor":17},{"not_picked":["FlurryOfBlows","Halt"],"picked":"FollowUp+1","floor":18},{"not_picked":["Conclude","Halt"],"picked":"Crescendo+1","floor":19}],"player_experience":748285,"relics_obtained":[{"floor":3,"key":"Shovel"},{"floor":9,"key":"Orichalcum"},{"floor":10,"key":"Grinning Jar"},{"floor":13,"key":"Bird Faced Urn"}],"event_choices":[{"damage_healed":0,"gold_gain":0,"player_choice":"Relic ","damage_taken":7,"max_hp_gain":0,"max_hp_loss":0,"event_name":"betterThird:BetterScrap","floor":11,"gold_loss":0,"cards_obtained":["Machine Learning"]},{"damage_healed":0,"gold_gain":0,"player_choice":"Ignored","damage_taken":0,"max_hp_gain":0,"max_hp_loss":0,"event_name":"Ghosts","floor":20,"gold_loss":0},{"damage_healed":0,"gold_gain":0,"player_choice":"Smashed Altar","damage_taken":0,"max_hp_gain":0,"max_hp_loss":0,"event_name":"Forgotten Altar","floor":21,"gold_loss":0,"cards_obtained":["Decay"]}],"is_beta":false,"boss_relics":[{"not_picked":["Ectoplasm","Runic Pyramid"],"picked":"Replay:Ancient Bell"},{"not_picked":["Blue Doll","Replay:Wax Seal"],"picked":"Damaru"},{"not_picked":["ReplayTheSpireMod:Shallot","Replay:Accelerometer"],"picked":"Replay:Bottled Snecko"},{"not_picked":["Replay:Arrowhead","Gambling Chip"],"picked":"Replay:Multitool"}],"items_purged_floors":[],"is_endless":false,"potions_floor_spawned":[2,4,10,13,19],"killed_by":"Cultist and Chosen","ascension_level":8}}