{"host":"v9gdkr2q6c652mzl","time":1611829791,"event":{"mods":["2.2 Compatiblity","Act Like it!","Always Whale","BaseMod","Better Altar","Better Match","Better Note","Better Sensory Stone","Better Skull","Better Third Choice","Better Vampires","CapriCore","Card Filter","Challenge The Spire","Colored Map","Colored Powertips","Conspire","Curses Come First","Dark Map","Displayed Cursed Tome","Ekko","Friendly Minions","GifTheSpireLib","Hermit","Hubris","Infinite Spire","Koishi","Marisa????????","Minty Spire (QoL Compilation)","Permanent Neow","Potion Indicator Mod","Practice Mode","Quick Restart","RNG Fix","Random Character Button","Rare Cards Sparkle","Relic Filter","Relic Sorter","Relic Stats","Replay The Spire","SCP261 Mod","Shop Mod","StSLib","Td1madao Mod","The Mystic","Thieving Mod","Uncapped","Unknown Chances"],"gold_per_floor":[118,118,138,148,162,162,177,205,257,273,299,25,25,70,70,175,175,194,212,112,112,129,162,162,180,180,210,210,237,257,269,269,370,370,390,265,265,285,210,238,251,261,261,275,325,47,59,73,73,58],"floor_reached":51,"language":"ENG","playtime":5914,"items_purged":["Defend_C","Defend_C","Defend_C","Strike_C"],"score":877,"play_id":"d262c38a-e186-4345-bf8f-d638968eddf8","local_time":"20210128132951","is_ascension_mode":true,"campfire_choices":[{"data":"Revenge","floor":6.0,"key":"SMITH"},{"floor":28.0,"key":"REST"},{"data":"Knight Kick","floor":32.0,"key":"SMITH"},{"data":"Provocative","floor":49,"key":"SMITH"}],"circlet_count":0,"master_deck":["Strike_C+1","Strike_C+1","Strike_C","Knight Kick+1","Chip","Fixing","Fixing","Afterwards","Revenge+1","Retrieval Recycling+1","Cursed Blade","Three Hit+1","Three Hit+1","Reinforcement Parts+1","Chip Synthesis","Money Cant Rescue+1","Bursts","Provocative+1"],"relics":["Apod","Boot","hubris:ToyBattleship","Replay:Rubber Ducky","Shuriken","Replay:Baseball","CultistMask","Simple Rune","hubris:Backtick","Brimstone","MealTicket","Replay:Ringing Soul","PreservedInsect","Potion Belt","Philosopher\u0027s Stone","conspire:DecoderRing","hubris:MobiusCoin","infinitespire:Eraser","hubris:Zylophone","Membership Card"],"acts_visited":["Exordium","TheCity","TheBeyond"],"potions_floor_usage":[42,50,50,50,50,50],"damage_taken":[{"damage":7.0,"enemies":"Jaw Worm","floor":1.0,"turns":6.0},{"damage":3.0,"enemies":"Cultist","floor":3.0,"turns":4.0},{"damage":7.0,"enemies":"Small Slimes","floor":4.0,"turns":5.0},{"damage":28.0,"enemies":"Exordium Thugs","floor":5.0,"turns":9.0},{"damage":1.0,"enemies":"Red Slaver","floor":7.0,"turns":2.0},{"damage":0.0,"enemies":"Replay:BlueRogue","floor":8.0,"turns":2.0},{"damage":0.0,"enemies":"Exordium Wildlife","floor":10.0,"turns":3.0},{"damage":8.0,"enemies":"Gremlin Nob","floor":11.0,"turns":3.0},{"damage":22.0,"enemies":"Fading Forest","floor":16.0,"turns":11.0},{"damage":20.0,"enemies":"3 Byrds","floor":18.0,"turns":4.0},{"damage":33.0,"enemies":"conspire:FuzzyDice","floor":19.0,"turns":2.0},{"damage":7.0,"enemies":"Cultist and Chosen","floor":22.0,"turns":2.0},{"damage":0.0,"enemies":"Gremlin Leader","floor":23.0,"turns":3.0},{"damage":1.0,"enemies":"Snake Plant","floor":25.0,"turns":2.0},{"damage":2.0,"enemies":"Book of Stabbing","floor":27.0,"turns":2.0},{"damage":0.0,"enemies":"conspire:Head Lice","floor":29.0,"turns":1.0},{"damage":10.0,"enemies":"conspire:HollyBat","floor":30.0,"turns":3.0},{"damage":0.0,"enemies":"Cultist and Chosen","floor":31.0,"turns":2.0},{"damage":0.0,"enemies":"Automaton","floor":33.0,"turns":3.0},{"damage":7.0,"enemies":"Orb Walker","floor":35.0,"turns":2.0},{"damage":24.0,"enemies":"3 Darklings","floor":38.0,"turns":3.0},{"damage":41.0,"enemies":"Nightmare","floor":40.0,"turns":4.0},{"damage":0.0,"enemies":"Spire Growth","floor":41.0,"turns":2.0},{"damage":0,"enemies":"R_Hoarder","floor":42,"turns":2},{"damage":0,"enemies":"Sphere and 2 Shapes","floor":44,"turns":2},{"damage":0,"enemies":"Mind Bloom Boss Battle","floor":45,"turns":2},{"damage":0,"enemies":"Maw","floor":47,"turns":2},{"damage":0,"enemies":"Jaw Worm Horde","floor":48,"turns":2},{"damage":21,"enemies":"Replay:Hell Engine","floor":50,"turns":2}],"seed_played":"8248054228569205049","potions_obtained":[{"floor":4.0,"key":"Doom Potion"},{"floor":7.0,"key":"Elixir"},{"floor":8.0,"key":"Weak Potion"},{"floor":10.0,"key":"SCP261:ClockworkPotion"},{"floor":19.0,"key":"Block Potion"},{"floor":23.0,"key":"SCP261:BlastolaColaPotion"},{"floor":30.0,"key":"PowerPotion"},{"floor":33.0,"key":"Strength Potion"},{"floor":35.0,"key":"Energy Potion"},{"floor":38.0,"key":"SkillPotion"}],"is_trial":false,"path_per_floor":["M","?","M","M","M","R","M","E","T","M","E","$","?","T","R_BF","B",null,"M","M","$","?","M","E","?","M","T","E","R","E","M","M","R","B",null,"M","$","?","M","?","NM","M","E","T","M","?","$","M","M","R_BF","B",null],"character_chosen":"TD1MADAO_CLASS","items_purchased":["Three Hit","Replay:Baseball","Membership Card","Bursts","SteroidPotion"],"campfire_rested":1,"item_purchase_floors":[12,12,46,46,46],"current_hp_per_floor":[63,63,60,53,25,25,24,24,24,24,16,16,16,16,37,15,70,50,17,17,17,10,10,10,9,9,7,28,28,18,18,18,21,73,69,76,76,52,52,11,11,11,11,11,11,29,32,32,32,11],"gold":58,"neow_bonus":"RANDOM_COMMON_RELIC","is_daily":false,"chose_seed":false,"campfire_upgraded":3,"win_rate":0.0,"timestamp":1611829791,"path_taken":["M","?","?","M","M","R","M","E","T","M","E","$","?","?","R_BF","BOSS","M","M","$","?","M","E","?","M","T","E","R","E","?","M","R","BOSS","M","?","?","M","?","NM","M","E","T","?","?","$","M","M","R_BF","BOSS"],"items_purchased_type":["Card","Relic","Relic","Card","Potion"],"build_version":"2020-12-22","purchased_purges":4,"victory":true,"max_hp_per_floor":[70,70,70,70,70,70,70,70,70,70,70,70,70,70,70,70,70,70,70,70,70,70,70,70,70,70,70,70,70,70,70,70,73,73,76,76,76,76,76,76,76,76,76,76,76,79,82,82,82,82],"relic_stats":{"counters":[29,92],"Shuriken":[27],"MealTicket":22,"PreservedInsect":189,"Boot":[18],"obtain_stats":[{"Potion Belt":29,"hubris:MobiusCoin":42,"PreservedInsect":27,"Boot":0,"Replay:Rubber Ducky":9,"hubris:Zylophone":45,"Replay:Ringing Soul":26,"Replay:Baseball":12,"hubris:Backtick":17,"Shuriken":11,"Brimstone":17,"conspire:DecoderRing":40,"Simple Rune":14,"MealTicket":23,"Philosopher\u0027s Stone":34,"CultistMask":13,"hubris:ToyBattleship":8,"Apod":0,"Membership Card":46,"infinitespire:Eraser":43},{"Potion Belt":16,"hubris:MobiusCoin":24,"PreservedInsect":15,"Boot":0,"Replay:Rubber Ducky":6,"hubris:Zylophone":26,"Replay:Ringing Soul":14,"Replay:Baseball":8,"hubris:Backtick":9,"Shuriken":8,"Brimstone":9,"conspire:DecoderRing":22,"Simple Rune":8,"MealTicket":13,"Philosopher\u0027s Stone":19,"CultistMask":8,"hubris:ToyBattleship":6,"Apod":0,"Membership Card":26,"infinitespire:Eraser":24},{"Potion Belt":61,"hubris:MobiusCoin":82,"PreservedInsect":60,"Boot":0,"Replay:Rubber Ducky":28,"hubris:Zylophone":86,"Replay:Ringing Soul":58,"Replay:Baseball":34,"hubris:Backtick":45,"Shuriken":34,"Brimstone":45,"conspire:DecoderRing":78,"Simple Rune":34,"MealTicket":56,"Philosopher\u0027s Stone":69,"CultistMask":34,"hubris:ToyBattleship":28,"Apod":0,"Membership Card":86,"infinitespire:Eraser":82}]},"card_choices":[{"not_picked":["Rupture","Cursed Blade"],"picked":"Fixing","floor":1.0},{"not_picked":["Light Attack","Machining"],"picked":"Fixing","floor":3.0},{"not_picked":["Sub Weapons","Lunge"],"picked":"Afterwards","floor":4.0},{"not_picked":["Bugfix","Fire Up"],"picked":"Revenge","floor":5.0},{"not_picked":["White Contract","Ruin Defend","Transfer Energy"],"picked":"SKIP","floor":7.0},{"not_picked":["Machining","Floating Even"],"picked":"Retrieval Recycling","floor":8.0},{"not_picked":["Lunge","Awareness","Fire Up"],"picked":"SKIP","floor":10.0},{"not_picked":["Coercion","Sudden Beat"],"picked":"Cursed Blade","floor":11.0},{"not_picked":["Coercion+1","Oblique Hack","Twin Teeth"],"picked":"SKIP","floor":18.0},{"not_picked":["Lunge","Here Defend Chip+1"],"picked":"Three Hit+1","floor":19.0},{"not_picked":["Recovery Mechanism","Here Defend Chip+1","Fire Up+1"],"picked":"SKIP","floor":22.0},{"not_picked":["Rupture","Pod Fire"],"picked":"Reinforcement Parts+1","floor":23.0},{"not_picked":["Black Execution","White Contract","Floating Swing Kick"],"picked":"SKIP","floor":25.0},{"not_picked":["Machining","Floating Swing Kick","Fire Blade"],"picked":"SKIP","floor":27.0},{"not_picked":["Fire Blade","Black Shadow","Gravity Defend"],"picked":"SKIP","floor":29.0},{"not_picked":["Twin Teeth","Awareness+1","De Ware Chip"],"picked":"SKIP","floor":30.0},{"not_picked":["Afterwards","Sudden Beat+1","Resistance+1"],"picked":"SKIP","floor":31.0},{"not_picked":["Data Freezing","Furious"],"picked":"Chip Synthesis","floor":33.0},{"not_picked":["Machining","Fixing"],"picked":"Money Cant Rescue","floor":35.0},{"not_picked":["Light Attack+1","Here Defend Chip","Reinforcement Parts"],"picked":"SKIP","floor":38.0},{"not_picked":["Light Attack+1","Resistance","Black Shadow"],"picked":"SKIP","floor":40.0},{"not_picked":["Bugfix+1","Winding Magic","Floating Even"],"picked":"SKIP","floor":41.0},{"not_picked":["Bugfix+1","Winding Magic","Floating Even"],"picked":"SKIP","floor":41.0},{"not_picked":["Gravity Defend+1","Shockwave Tdmadao","Ruin Defend+1"],"picked":"SKIP","floor":42},{"not_picked":["Fire Blade+1","Perfect Defend+1","De Ware Chip+1"],"picked":"SKIP","floor":44},{"not_picked":["Sub Weapons","Shockwave Tdmadao"],"picked":"Provocative","floor":47},{"not_picked":["Resistance","Money Cant Rescue+1","Fire Blade"],"picked":"SKIP","floor":48},{"not_picked":["Resistance","Money Cant Rescue+1","Fire Blade"],"picked":"SKIP","floor":48}],"player_experience":557480,"relics_obtained":[{"floor":8.0,"key":"hubris:ToyBattleship"},{"floor":9.0,"key":"Replay:Rubber Ducky"},{"floor":11.0,"key":"Shuriken"},{"floor":14.0,"key":"Simple Rune"},{"floor":23.0,"key":"MealTicket"},{"floor":26.0,"key":"Replay:Ringing Soul"},{"floor":27.0,"key":"PreservedInsect"},{"floor":29.0,"key":"Potion Belt"},{"floor":40.0,"key":"conspire:DecoderRing"},{"floor":42,"key":"hubris:MobiusCoin"},{"floor":43,"key":"infinitespire:Eraser"},{"floor":45,"key":"hubris:Zylophone"}],"event_choices":[{"damage_healed":0.0,"max_hp_gain":0.0,"max_hp_loss":0.0,"gold_gain":0.0,"event_name":"FaceTrader","player_choice":"Trade","floor":13.0,"gold_loss":0.0,"damage_taken":0.0,"relics_obtained":["CultistMask"]},{"damage_healed":0.0,"max_hp_gain":0.0,"max_hp_loss":0.0,"gold_gain":0.0,"event_name":"Accursed Blacksmith","player_choice":"Forge","floor":21.0,"gold_loss":0.0,"damage_taken":0.0,"cards_upgraded":["Three Hit"]},{"cards_removed":["Defend_C"],"damage_healed":0.0,"max_hp_gain":0.0,"max_hp_loss":0.0,"gold_gain":0.0,"event_name":"Wheel of Change","player_choice":"Card Removal","floor":24.0,"gold_loss":0.0,"damage_taken":0.0},{"damage_healed":0.0,"max_hp_gain":0.0,"max_hp_loss":0.0,"gold_gain":0.0,"event_name":"betterMatch:BetterMatch","player_choice":"2","floor":39.0,"gold_loss":0.0,"damage_taken":0.0,"cards_obtained":["betterMatch:UncommonCard"]},{"damage_healed":0,"gold_gain":0,"player_choice":"Fight","damage_taken":0,"max_hp_gain":0,"max_hp_loss":0,"event_name":"MindBloom","floor":45,"gold_loss":0}],"is_beta":false,"boss_relics":[{"not_picked":["Snecko Eye","hubris:ScarierMask"],"picked":"hubris:Backtick"},{"not_picked":["hubris:BlackHole","conspire:SeveredTorchhead"],"picked":"Philosopher\u0027s Stone"}],"items_purged_floors":[12,20,36,46],"is_endless":false,"potions_floor_spawned":[4,7,8,10,19,23,30,33,35,38,40],"ascension_level":4}}