{"host":"w2kjv12xyhtt0cv2","time":1611814008,"event":{"mods":["Act Like it!","BaseMod","Colored Map","Friendly Minions","Gensokyo","GifTheSpireLib","Highlight Path","Hubris","Kiyohime（清姬）","Marisa（F雨　魔理沙）","Minty Spire (QoL Compilation)","Quick Restart","Reimu（博丽灵梦）","Relic Stats","Replay The Spire","RumiaBox-露米娅的神秘盒子","Shop Mod","Spicy Shops","StSLib","The Cursed","The Servant 0.9.4","UnlockEverythingMod","Waifu the Spire","[功能]功能增强和修复MOD","vexMod","【功能Mod】Neow奖励","【遗物卡牌】REMEMod","没有小屋子和绿帽子啦"],"gold_per_floor":[118,118,169,187,187,187,212,212,212,212,240,240,250,306,306,403,403,413,413,413,413,438,473,473,500,574,600,600,632,632,632,632,736,736,749,795,266,316,334,366,376,439,439,464,483,483,483,500,500,500,500,500,106,139,139],"floor_reached":56,"language":"ZHS","playtime":2105,"items_purged":["TheCursedMod:Evocation"],"score":2463,"play_id":"269d13b4-d597-4bf8-8fe5-6ec564c2d9cf","local_time":"20210128140648","is_ascension_mode":true,"campfire_choices":[{"data":"Phantasmal Killer","floor":6.0,"key":"SMITH"},{"data":"TheCursedMod:CursedRelics","floor":8.0,"key":"SMITH"},{"data":"TheCursedMod:CursedRelics","floor":10.0,"key":"SMITH"},{"data":"TheCursedMod:CleanUpWorkshop","floor":12.0,"key":"SMITH"},{"data":"TheCursedMod:SpitefulPray","floor":15.0,"key":"SMITH"},{"data":"TheCursedMod:VoidForm","floor":24.0,"key":"SMITH"},{"data":"TheCursedMod:SpitefulPlan","floor":30.0,"key":"SMITH"},{"data":"TheCursedMod:StunningStrike","floor":32.0,"key":"SMITH"},{"floor":47.0,"key":"RECALL"},{"data":"TheCursedMod:CursedRelics","floor":49.0,"key":"SMITH"},{"data":"TheCursedMod:LuckyCharm","floor":52,"key":"SMITH"}],"circlet_count":0,"master_deck":["TheCursedMod:CursedWand","TheCursedMod:CleanUpWorkshop+1","TheCursedMod:Dregs","Phantasmal Killer+1","TheCursedMod:TacticalStrike","TheCursedMod:CursedStaff","TheCursedMod:CursedRelics+1","TheCursedMod:StunningStrike+1","TheCursedMod:CursedRelics+1","TheCursedMod:SpitefulPray+1","TheCursedMod:HellsGateOpen","TheCursedMod:SurpriseAttack","TheCursedMod:Hemoplague","TheCursedMod:StunningStrike","TheCursedMod:VoidForm+1","TheCursedMod:Torture+1","Shame","TheCursedMod:HellfireBreathing+1","TheCursedMod:SpitefulPlan+1","TheCursedMod:CursedRelics+1","TheCursedMod:RapidMovement","TheCursedMod:LuckyCharm+1","TheCursedMod:StunningStrike","ReplayTheSpireMod:Uncanny Aura","TheCursedMod:SurpriseAttack+1","TheCursedMod:Torture+1","TheCursedMod:Torture+1","TheCursedMod:SurpriseAttack","TheCursedMod:Hemoplague+1","TheCursedMod:Torture+1","TheCursedMod:SurpriseAttack","TheCursedMod:Wield","TheCursedMod:CursedShiv+1"],"relics":["REME_ComplimentaryCards","Pandora\u0027s Box","Gremlin Horn","Vajra","Replay:Rubber Ducky","GodSword1","Replay:Baseball","Happy Flower","vexMod:EndlessSickness","hubris:BottledHeart","Red Mask","hubris:SphereOfDissonance","hubris:TinFlute","Bottled Tornado","GodSword6","vexMod:BigBerry","CatCart","Replay:Wax Seal","Replay:PocketPolymizer","TheCursedMod:DemonicMark","The Courier","vexMod:PlasmaPancake","Meat on the Bone","REME_CardOfGreed","vexMod:Dragonfruit","TentaclePot:ReiMu","vexMod:CardConverter"],"acts_visited":[],"potions_floor_usage":[55],"damage_taken":[{"damage":7.0,"enemies":"Small Slimes","floor":1.0,"turns":4.0},{"damage":4.0,"enemies":"Jaw Worm","floor":4.0,"turns":2.0},{"damage":6.0,"enemies":"Gremlin Nob","floor":7.0,"turns":3.0},{"damage":4.0,"enemies":"3 Sentries","floor":11.0,"turns":2.0},{"damage":0.0,"enemies":"Cultist","floor":13.0,"turns":2.0},{"damage":10.0,"enemies":"Gremlin Nob","floor":14.0,"turns":3.0},{"damage":0.0,"enemies":"Slime Boss","floor":16.0,"turns":5.0},{"damage":9.0,"enemies":"3 Byrds","floor":18.0,"turns":3.0},{"damage":0.0,"enemies":"Masked Bandits","floor":22.0,"turns":2.0},{"damage":0.0,"enemies":"Gremlin Leader","floor":23.0,"turns":3.0},{"damage":0.0,"enemies":"Replay:Snechameleon","floor":25.0,"turns":2.0},{"damage":0.0,"enemies":"Book of Stabbing","floor":27.0,"turns":3.0},{"damage":0.0,"enemies":"Slavers","floor":29.0,"turns":2.0},{"damage":0.0,"enemies":"Champ","floor":33.0,"turns":5.0},{"damage":0.0,"enemies":"3 Darklings","floor":35.0,"turns":3.0},{"damage":0.0,"enemies":"Orin","floor":36.0,"turns":2.0},{"damage":0.0,"enemies":"Mind Bloom Boss Battle","floor":38.0,"turns":2.0},{"damage":0.0,"enemies":"Orb Walker","floor":39.0,"turns":2.0},{"damage":0.0,"enemies":"R_Hoarder","floor":40.0,"turns":4.0},{"damage":0.0,"enemies":"Writhing Mass","floor":41.0,"turns":2.0},{"damage":0.0,"enemies":"Giant Head","floor":42.0,"turns":5.0},{"damage":0.0,"enemies":"Nemesis","floor":44.0,"turns":5.0},{"damage":0.0,"enemies":"Jaw Worm Horde","floor":45.0,"turns":3.0},{"damage":0.0,"enemies":"Spire Growth","floor":48.0,"turns":2.0},{"damage":0,"enemies":"Time Eater","floor":50,"turns":7},{"damage":0,"enemies":"Shield and Spear","floor":54,"turns":2},{"damage":0,"enemies":"The Heart","floor":55,"turns":3}],"seed_played":"-1763761315752604407","potions_obtained":[{"floor":1.0,"key":"Adrenaline Potion"},{"floor":2.0,"key":"ColorlessPotion"},{"floor":3.0,"key":"Doom Potion"},{"floor":13.0,"key":"REME_GoldPotion"},{"floor":23.0,"key":"Adrenaline Potion"},{"floor":27.0,"key":"Languid Potion"},{"floor":29.0,"key":"Dexterity Potion"},{"floor":35.0,"key":"Adrenaline Potion"},{"floor":39.0,"key":"REME_GoldPotion"},{"floor":42.0,"key":"ColorlessPotion"},{"floor":44.0,"key":"FairyPotion"}],"is_trial":false,"path_per_floor":["M","?","?","M","?","R","E","R","T","R","E","R","M","E","R","B",null,"M","?","?","?","?","E","R","E","T","E","?","E","R","?","R","B",null,"M","?","$","?","M","E","M","E","T","E","M","T","R","M","R","B",null,"R","$","E","B",null],"character_chosen":"THE_CURSED","items_purchased":["TheCursedMod:LuckyCharm","Replay:Wax Seal","TheCursedMod:StunningStrike","ReplayTheSpireMod:Uncanny Aura","REME_CardOfGreed","vexMod:Dragonfruit","TentaclePot:ReiMu"],"campfire_rested":0,"item_purchase_floors":[37,37,37,37,53,53,53],"current_hp_per_floor":[61,61,61,57,39,39,33,33,33,33,29,29,29,19,19,19,61,52,1,1,1,1,1,1,1,1,1,1,1,1,1,1,1,1,1,1,1,1,1,1,1,1,1,1,1,1,1,1,1,1,1,1,1,1,1],"gold":139,"neow_bonus":"BOSS_RELIC","is_daily":false,"chose_seed":false,"campfire_upgraded":10,"win_rate":0.0,"timestamp":1611814008,"path_taken":["M","?","?","?","?","R","E","R","T","R","E","R","M","E","R","BOSS","M","?","?","?","?","E","R","E","T","E","?","E","R","?","R","BOSS","M","?","$","?","M","E","M","E","T","E","M","?","R","M","R","BOSS","R","$","E","BOSS"],"items_purchased_type":["Card","Relic","Card","Card","Relic","Relic","Relic"],"build_version":"2020-12-22","purchased_purges":1,"victory":true,"max_hp_per_floor":[75,75,75,75,75,75,75,75,75,75,75,75,75,75,75,75,75,75,1,1,1,1,1,1,1,1,1,1,1,1,1,1,1,1,1,1,1,1,1,1,1,1,1,1,1,1,1,1,1,1,1,1,1,1,1],"relic_stats":{"Gremlin Horn":[19,17],"Happy Flower":[22],"counters":[27,83],"Pandora\u0027s Box":["TheCursedMod:SpreadPlague","TheCursedMod:TacticalStrike","TheCursedMod:CursedStaff","TheCursedMod:Evocation","TheCursedMod:CursedRelics","TheCursedMod:StunningStrike","TheCursedMod:EmpowerCircles","TheCursedMod:CursedRelics"],"obtain_stats":[{"vexMod:PlasmaPancake":44,"Replay:PocketPolymizer":38,"Gremlin Horn":3,"Vajra":5,"Bottled Tornado":27,"TheCursedMod:DemonicMark":40,"Replay:Rubber Ducky":7,"vexMod:CardConverter":54,"vexMod:EndlessSickness":17,"Red Mask":22,"Replay:Wax Seal":37,"hubris:TinFlute":26,"TheCursedMod:BlackMagic101":0,"Happy Flower":14,"TentaclePot:ReiMu":53,"hubris:SphereOfDissonance":23,"vexMod:BerryBomb":20,"The Courier":42,"vexMod:Dragonfruit":53,"Replay:Baseball":11,"hubris:BottledHeart":19,"Pandora\u0027s Box":0,"GodSword6":29,"REME_CardOfGreed":53,"CatCart":36,"REME_ComplimentaryCards":0,"GodSword1":9,"vexMod:BigBerry":34,"Meat on the Bone":46},{"vexMod:PlasmaPancake":22,"Replay:PocketPolymizer":17,"Gremlin Horn":1,"Vajra":2,"Bottled Tornado":12,"TheCursedMod:DemonicMark":19,"Replay:Rubber Ducky":3,"vexMod:CardConverter":26,"vexMod:EndlessSickness":7,"Red Mask":9,"Replay:Wax Seal":16,"hubris:TinFlute":11,"TheCursedMod:BlackMagic101":0,"Happy Flower":6,"TentaclePot:ReiMu":25,"hubris:SphereOfDissonance":10,"vexMod:BerryBomb":8,"The Courier":21,"vexMod:Dragonfruit":25,"Replay:Baseball":4,"hubris:BottledHeart":8,"Pandora\u0027s Box":0,"GodSword6":13,"REME_CardOfGreed":25,"CatCart":16,"REME_ComplimentaryCards":0,"GodSword1":3,"vexMod:BigBerry":14,"Meat on the Bone":23},{"vexMod:PlasmaPancake":66,"Replay:PocketPolymizer":48,"Gremlin Horn":4,"Vajra":6,"Bottled Tornado":34,"TheCursedMod:DemonicMark":54,"Replay:Rubber Ducky":9,"vexMod:CardConverter":80,"vexMod:EndlessSickness":21,"Red Mask":26,"Replay:Wax Seal":46,"hubris:TinFlute":31,"TheCursedMod:BlackMagic101":0,"Happy Flower":16,"TentaclePot:ReiMu":78,"hubris:SphereOfDissonance":29,"vexMod:BerryBomb":24,"The Courier":61,"vexMod:Dragonfruit":78,"Replay:Baseball":11,"hubris:BottledHeart":24,"Pandora\u0027s Box":0,"GodSword6":36,"REME_CardOfGreed":78,"CatCart":46,"REME_ComplimentaryCards":0,"GodSword1":9,"vexMod:BigBerry":41,"Meat on the Bone":69}],"Meat on the Bone":0},"card_choices":[{"not_picked":["TheCursedMod:RapidMovement","TheCursedMod:Stigma"],"picked":"TheCursedMod:SpitefulPray","floor":1.0},{"not_picked":["TheCursedMod:CircleOfAmplification","TheCursedMod:VitalStrike"],"picked":"TheCursedMod:HellsGateOpen","floor":3.0},{"not_picked":["TheCursedMod:CursedAmulet","TheCursedMod:TacticalStrike"],"picked":"TheCursedMod:SurpriseAttack","floor":4.0},{"not_picked":["TheCursedMod:Obscuration","TheCursedMod:TacticalStrike"],"picked":"TheCursedMod:Hemoplague","floor":7.0},{"not_picked":["TheCursedMod:DoubleShield","TheCursedMod:Torture"],"picked":"TheCursedMod:StunningStrike","floor":11.0},{"not_picked":["TheCursedMod:CursedMace","TheCursedMod:CursedBlade","TheCursedMod:Wield"],"picked":"SKIP","floor":13.0},{"not_picked":["TheCursedMod:RavingStaff","TheCursedMod:CircleOfWindfury","TheCursedMod:CursedShiv"],"picked":"SKIP","floor":14.0},{"not_picked":["TheCursedMod:OutForBlood","TheCursedMod:CollectTribute"],"picked":"TheCursedMod:VoidForm","floor":16.0},{"not_picked":["TheCursedMod:RapidMovement","TheCursedMod:WearCloak"],"picked":"TheCursedMod:Torture+1","floor":18.0},{"not_picked":["TheCursedMod:CursedMace","TheCursedMod:Obscuration"],"picked":"TheCursedMod:HellfireBreathing+1","floor":22.0},{"not_picked":["TheCursedMod:Stretching","TheCursedMod:CursedShiv+1","TheCursedMod:ManaBullet"],"picked":"SKIP","floor":23.0},{"not_picked":["TheCursedMod:CursedBlade","TheCursedMod:Stigma+1","TheCursedMod:VitalStrike+1"],"picked":"SKIP","floor":25.0},{"not_picked":["TheCursedMod:AbyssShockwave","TheCursedMod:Wield"],"picked":"TheCursedMod:SpitefulPlan","floor":27.0},{"not_picked":["TheCursedMod:ReleasedStrength","TheCursedMod:WearCloak","TheCursedMod:RapidMovement"],"picked":"SKIP","floor":29.0},{"not_picked":["TheCursedMod:ForbiddenAlchemy","TheCursedMod:OutForBlood"],"picked":"TheCursedMod:CursedRelics","floor":33.0},{"not_picked":["TheCursedMod:HellfireBreathing","TheCursedMod:Evocation+1","TheCursedMod:CircleOfBlood"],"picked":"SKIP","floor":35.0},{"not_picked":["TheCursedMod:CircleOfBlood","TheCursedMod:CursedMace"],"picked":"TheCursedMod:RapidMovement","floor":36.0},{"not_picked":["TheCursedMod:EmpowerCircles+1","TheCursedMod:CursedMace+1"],"picked":"TheCursedMod:SurpriseAttack+1","floor":38.0},{"not_picked":["TheCursedMod:CircleOfWindfury+1","TheCursedMod:SpitefulStrike+1"],"picked":"TheCursedMod:Torture+1","floor":39.0},{"not_picked":["TheCursedMod:TroublousMinions","TheCursedMod:OutForBlood"],"picked":"TheCursedMod:Torture+1","floor":40.0},{"not_picked":["TheCursedMod:TacticalStrike","TheCursedMod:Stretching"],"picked":"TheCursedMod:SurpriseAttack","floor":41.0},{"not_picked":["TheCursedMod:ReleasedKnowledge+1","TheCursedMod:SpreadPlague"],"picked":"TheCursedMod:Hemoplague+1","floor":42.0},{"not_picked":["TheCursedMod:VitalStrike","TheCursedMod:RapidMovement","TheCursedMod:Stigma"],"picked":"SKIP","floor":44.0},{"not_picked":["TheCursedMod:ReleasedStrength+1","TheCursedMod:CircleOfBlood+1"],"picked":"TheCursedMod:Torture+1","floor":45.0},{"not_picked":["TheCursedMod:RavingStaff+1","TheCursedMod:ManaBullet+1","TheCursedMod:TacticalStrike"],"picked":"SKIP","floor":48.0},{"not_picked":["TheCursedMod:CursedBlade","TheCursedMod:VitalStrike"],"picked":"TheCursedMod:CursedShiv+1","floor":54}],"player_experience":231408,"relics_obtained":[{"floor":3.0,"key":"Gremlin Horn"},{"floor":7.0,"key":"Replay:Rubber Ducky"},{"floor":9.0,"key":"GodSword1"},{"floor":11.0,"key":"Replay:Baseball"},{"floor":14.0,"key":"Happy Flower"},{"floor":22.0,"key":"Red Mask"},{"floor":23.0,"key":"hubris:SphereOfDissonance"},{"floor":26.0,"key":"hubris:TinFlute"},{"floor":27.0,"key":"Bottled Tornado"},{"floor":29.0,"key":"GodSword6"},{"floor":36.0,"key":"CatCart"},{"floor":38.0,"key":"Replay:PocketPolymizer"},{"floor":40.0,"key":"TheCursedMod:DemonicMark"},{"floor":42.0,"key":"The Courier"},{"floor":44.0,"key":"vexMod:PlasmaPancake"},{"floor":46.0,"key":"Meat on the Bone"},{"floor":54,"key":"vexMod:CardConverter"}],"event_choices":[{"damage_healed":0.0,"max_hp_gain":0.0,"max_hp_loss":0.0,"gold_gain":0.0,"event_name":"Scrap Ooze","player_choice":"Success","floor":5.0,"gold_loss":0.0,"damage_taken":18.0,"relics_obtained":["Vajra"]},{"damage_healed":0.0,"max_hp_gain":0.0,"max_hp_loss":0.0,"gold_gain":0.0,"event_name":"Addict","player_choice":"Stole Relic","floor":20.0,"gold_loss":0.0,"damage_taken":0.0,"relics_obtained":["vexMod:BerryBomb"],"cards_obtained":["Shame"]},{"damage_healed":0.0,"max_hp_gain":0.0,"max_hp_loss":0.0,"gold_gain":0.0,"event_name":"Masked Bandits","player_choice":"Fought Bandits","floor":22.0,"gold_loss":0.0,"damage_taken":0.0},{"damage_healed":0.0,"max_hp_gain":0.0,"max_hp_loss":0.0,"gold_gain":0.0,"event_name":"Cursed Tome","player_choice":"Ignored","floor":28.0,"gold_loss":0.0,"damage_taken":0.0},{"damage_healed":0.0,"max_hp_gain":0.0,"max_hp_loss":0.0,"gold_gain":0.0,"event_name":"Vampires","player_choice":"Ignored","floor":31.0,"gold_loss":0.0,"damage_taken":0.0},{"damage_healed":0.0,"max_hp_gain":0.0,"max_hp_loss":0.0,"gold_gain":0.0,"event_name":"OrinTheCat","player_choice":"Fight","floor":36.0,"gold_loss":0.0,"damage_taken":0.0},{"damage_healed":0.0,"max_hp_gain":0.0,"max_hp_loss":0.0,"gold_gain":0.0,"event_name":"MindBloom","player_choice":"Fight","floor":38.0,"gold_loss":0.0,"damage_taken":0.0}],"is_beta":false,"boss_relics":[{"not_picked":["Replay:Wanted Poster","Snecko Heart"],"picked":"vexMod:EndlessSickness"},{"not_picked":["SoulBox","RedLine:ReiMu"],"picked":"vexMod:BigBerry"}],"items_purged_floors":[37],"is_endless":false,"potions_floor_spawned":[1,4,13,23,27,29,35,36,39,41,42,44,48],"ascension_level":9}}