{"host":"lnt5dzsuhru0aonl","time":1611831408,"event":{"mods":["2.2 Compatiblity","BaseMod","Colored Map","Colored Powertips","DeckTracker","Keyboard Shortcuts","Minty Spire (QoL Compilation)","Permanent Neow","Rare Cards Sparkle","StSLib","SuperFastMode","everything is the same but u backflip on backflip"],"gold_per_floor":[111,36,50,50,50,76,93,93,93,93,106,126,42,66,66,66,66],"floor_reached":16,"language":"KOR","playtime":395,"items_purged":[],"score":204,"play_id":"e6c2d380-1e6b-4671-8016-d65756be958a","local_time":"20210128195648","is_ascension_mode":true,"campfire_choices":[{"floor":10.0,"key":"REST"},{"data":"Flechettes","floor":15.0,"key":"SMITH"}],"circlet_count":0,"master_deck":["AscendersBane","Strike_G","Strike_G","Defend_G","Defend_G","Defend_G","Defend_G","Defend_G","Survivor","Neutralize","Flechettes+1","Blade Dance","Crippling Poison","Dagger Spray","Backflip","Footwork","Burst"],"relics":["Ring of the Snake","Torii","Bag of Preparation","Golden Idol","Eternal Feather"],"acts_visited":["Exordium"],"potions_floor_usage":[16],"damage_taken":[{"damage":1.0,"enemies":"Small Slimes","floor":1.0,"turns":5.0},{"damage":0.0,"enemies":"Jaw Worm","floor":3.0,"turns":7.0},{"damage":25.0,"enemies":"Lagavulin","floor":6.0,"turns":6.0},{"damage":0.0,"enemies":"2 Louse","floor":7.0,"turns":2.0},{"damage":1.0,"enemies":"Blue Slaver","floor":11.0,"turns":2.0},{"damage":4.0,"enemies":"Exordium Thugs","floor":12.0,"turns":6.0},{"damage":1.0,"enemies":"3 Louse","floor":14.0,"turns":3.0},{"damage":40,"enemies":"Slime Boss","floor":16,"turns":10}],"seed_played":"8253423741821960793","potions_obtained":[{"floor":1.0,"key":"Fire Potion"},{"floor":6.0,"key":"Fire Potion"},{"floor":12.0,"key":"LiquidBronze"}],"is_trial":false,"path_per_floor":["M","?","M","$","?","E","M","?","T","R","M","M","$","M","R","B"],"character_chosen":"THE_SILENT","items_purchased":["Footwork"],"campfire_rested":1,"item_purchase_floors":[13],"current_hp_per_floor":[43,43,43,43,32,7,7,7,7,31,30,26,26,25,34,0,0],"gold":66,"neow_bonus":"REMOVE_TWO","is_daily":false,"chose_seed":false,"campfire_upgraded":1,"win_rate":0.0,"timestamp":1611831408,"path_taken":["M","?","M","$","?","E","M","?","T","R","M","M","?","M","R","BOSS"],"items_purchased_type":["Card"],"build_version":"2020-12-22","purchased_purges":0,"victory":false,"max_hp_per_floor":[66,66,66,66,66,66,66,60,60,60,60,60,60,60,60,60,60],"card_choices":[{"not_picked":["Cloak And Dagger","Leg Sweep"],"picked":"Flechettes","floor":1.0},{"not_picked":["Tactician","Masterful Stab"],"picked":"Blade Dance","floor":3.0},{"not_picked":["Well Laid Plans","PiercingWail"],"picked":"Crippling Poison","floor":6.0},{"not_picked":["Endless Agony","Underhanded Strike"],"picked":"Dagger Spray","floor":7.0},{"not_picked":["PiercingWail","Dodge and Roll"],"picked":"Backflip","floor":11.0},{"not_picked":["Deflect","Sucker Punch","Flying Knee"],"picked":"SKIP","floor":12.0},{"not_picked":["Quick Slash","Blade Dance"],"picked":"Burst","floor":14.0}],"player_experience":780220,"relics_obtained":[{"floor":6.0,"key":"Bag of Preparation"},{"floor":9.0,"key":"Eternal Feather"}],"event_choices":[{"cards_removed":["Strike_G"],"damage_healed":0.0,"max_hp_gain":0.0,"max_hp_loss":0.0,"gold_gain":0.0,"event_name":"The Cleric","player_choice":"Card Removal","floor":2.0,"gold_loss":75.0,"damage_taken":0.0},{"damage_healed":0.0,"max_hp_gain":0.0,"max_hp_loss":0.0,"gold_gain":0.0,"event_name":"Scrap Ooze","player_choice":"Success","floor":5.0,"gold_loss":0.0,"damage_taken":11.0,"relics_obtained":["Torii"]},{"damage_healed":0.0,"max_hp_gain":0.0,"max_hp_loss":6.0,"gold_gain":0.0,"event_name":"Golden Idol","player_choice":"Lose Max HP","floor":8.0,"gold_loss":0.0,"damage_taken":0.0,"relics_obtained":["Golden Idol"]}],"is_beta":false,"boss_relics":[],"items_purged_floors":[],"is_endless":false,"potions_floor_spawned":[1,6,12],"killed_by":"Slime Boss","ascension_level":20}}