{"host":"w9njud19qyl0lpz1","time":1611835636,"event":{"mods":["BaseMod","Minty Spire (QoL Compilation)","StSLib"],"gold_per_floor":[359,373,152,152,165,165,220,220,265,290,65,100,100,118,118,221,221,237,237,237,255,80,80,100,115,142,142,170,170,180,105,105,204,204,219,219,231,246,64,74,84,84,109,60,60,60,20,20,20,20],"floor_reached":51,"language":"ENG","playtime":5800,"items_purged":["Normality","Strike_G","Defend_G"],"score":628,"play_id":"d1fc4143-3f06-478d-9053-2dace1bdfa1d","local_time":"20210128070716","is_ascension_mode":false,"campfire_choices":[{"data":"Finisher","floor":6.0,"key":"SMITH"},{"floor":8.0,"key":"REST"},{"data":"Accuracy","floor":15.0,"key":"SMITH"},{"data":"Bane","floor":23,"key":"SMITH"},{"data":"Envenom","floor":27,"key":"SMITH"},{"data":"Blade Dance","floor":32,"key":"SMITH"},{"data":"Flying Knee","floor":42,"key":"SMITH"},{"data":"Survivor","floor":45,"key":"SMITH"},{"data":"Poisoned Stab","floor":49,"key":"SMITH"}],"circlet_count":0,"master_deck":["Strike_G","Strike_G","Defend_G","Defend_G","Defend_G","Defend_G","Survivor+1","Neutralize","Finisher+1","Accuracy+1","Flying Knee+1","Blade Dance+1","Noxious Fumes","Poisoned Stab+1","Adrenaline","Envenom+1","PiercingWail","All Out Attack+1","Bane+1","Quick Slash+1","Terror","Footwork+1","Die Die Die","Slice+1","Bane+1","Setup+1","Crippling Poison+1","Writhe"],"relics":["Ring of the Snake","Regal Pillow","Bird Faced Urn","Orichalcum","InkBottle","Ornamental Fan","HoveringKite","Pen Nib","Red Mask","SacredBark","Membership Card","Potion Belt","Unceasing Top"],"acts_visited":["Exordium","TheCity","TheBeyond"],"potions_floor_usage":[24,33,35,40,41,50,50,50],"damage_taken":[{"damage":5.0,"enemies":"Small Slimes","floor":1.0,"turns":6.0},{"damage":1.0,"enemies":"Cultist","floor":2.0,"turns":4.0},{"damage":1.0,"enemies":"2 Louse","floor":5.0,"turns":5.0},{"damage":24.0,"enemies":"3 Sentries","floor":7.0,"turns":9.0},{"damage":16.0,"enemies":"Gremlin Nob","floor":10.0,"turns":5.0},{"damage":15.0,"enemies":"Lagavulin","floor":12.0,"turns":7.0},{"damage":3.0,"enemies":"Looter","floor":14.0,"turns":2.0},{"damage":6.0,"enemies":"Hexaghost","floor":16.0,"turns":8.0},{"damage":4,"enemies":"Shell Parasite","floor":18,"turns":5},{"damage":1,"enemies":"3 Byrds","floor":21,"turns":4},{"damage":0,"enemies":"Shelled Parasite and Fungi","floor":24,"turns":4},{"damage":0,"enemies":"Centurion and Healer","floor":25,"turns":5},{"damage":5,"enemies":"Masked Bandits","floor":28,"turns":3},{"damage":0,"enemies":"Cultist and Chosen","floor":30,"turns":3},{"damage":47,"enemies":"Automaton","floor":33,"turns":7},{"damage":4,"enemies":"3 Shapes","floor":35,"turns":4},{"damage":9,"enemies":"3 Darklings","floor":37,"turns":5},{"damage":14,"enemies":"4 Shapes","floor":38,"turns":8},{"damage":17,"enemies":"Jaw Worm Horde","floor":40,"turns":4},{"damage":4,"enemies":"Maw","floor":41,"turns":5},{"damage":88,"enemies":"Time Eater","floor":50,"turns":10}],"seed_played":"5860376295422676178","potions_obtained":[{"floor":2.0,"key":"SkillPotion"},{"floor":4.0,"key":"GhostInAJar"},{"floor":4.0,"key":"FearPotion"},{"floor":5.0,"key":"DuplicationPotion"},{"floor":12.0,"key":"Block Potion"},{"floor":16.0,"key":"Explosive Potion"},{"floor":24,"key":"FairyPotion"},{"floor":28,"key":"DistilledChaos"},{"floor":38,"key":"Fire Potion"},{"floor":41,"key":"PowerPotion"}],"is_trial":false,"path_per_floor":["M","M","$","?","M","R","?","R","T","E","$","E","?","M","R","B",null,"M","?","?","M","$","R","M","M","T","R","?","?","M","?","R","B",null,"M","?","M","M","$","M","M","R","T","$","R","T","$","?","R","B",null],"character_chosen":"THE_SILENT","items_purchased":["Regal Pillow","Noxious Fumes","SteroidPotion","Bane","Membership Card","DistilledChaos","Fruit Juice","DuplicationPotion"],"campfire_rested":1,"item_purchase_floors":[3,11,11,22,39,39,44,47],"current_hp_per_floor":[65,64,64,64,63,63,39,70,70,54,54,43,36,33,33,31,70,66,53,53,56,56,56,60,66,66,66,65,65,71,71,71,28,75,75,75,70,64,64,51,55,55,55,55,55,55,55,74,74,1],"gold":20,"neow_bonus":"TWO_FIFTY_GOLD","is_daily":false,"chose_seed":false,"campfire_upgraded":8,"win_rate":0.0,"timestamp":1611835636,"path_taken":["M","M","$","?","M","R","?","R","T","E","$","E","?","M","R","BOSS","M","?","?","M","$","R","M","?","T","R","?","?","M","?","R","BOSS","M","?","?","M","$","M","M","R","T","$","R","?","$","?","R","BOSS"],"items_purchased_type":["Relic","Card","Potion","Card","Relic","Potion","Potion","Potion"],"build_version":"2020-12-22","purchased_purges":3,"victory":true,"max_hp_per_floor":[70,70,70,70,70,70,70,70,70,70,70,70,70,70,70,70,70,70,75,75,75,75,75,75,75,75,75,75,75,75,75,75,75,75,75,75,75,75,75,75,75,75,75,75,75,75,75,75,75,85],"card_choices":[{"not_picked":["PiercingWail","Underhanded Strike"],"picked":"Finisher","floor":1.0},{"not_picked":["Riddle With Holes","Noxious Fumes"],"picked":"Accuracy","floor":2.0},{"not_picked":["Bane","PiercingWail"],"picked":"Flying Knee","floor":5.0},{"not_picked":["Caltrops","Sucker Punch"],"picked":"Blade Dance","floor":7.0},{"not_picked":["Tactician","Accuracy","Calculated Gamble"],"picked":"SKIP","floor":10.0},{"not_picked":["Deflect","Eviscerate"],"picked":"Poisoned Stab","floor":12.0},{"not_picked":["Flying Knee","Outmaneuver"],"picked":"Adrenaline","floor":14.0},{"not_picked":["Phantasmal Killer","Malaise"],"picked":"Envenom","floor":16.0},{"not_picked":["Well Laid Plans","Slice"],"picked":"PiercingWail","floor":18},{"not_picked":["Quick Slash","Caltrops+1"],"picked":"All Out Attack+1","floor":21},{"not_picked":["Acrobatics","Dagger Spray","Distraction"],"picked":"SKIP","floor":24},{"not_picked":["Acrobatics","Poisoned Stab"],"picked":"Quick Slash+1","floor":25},{"not_picked":["PiercingWail","Underhanded Strike"],"picked":"Terror","floor":28},{"not_picked":["Terror","Finisher"],"picked":"Footwork+1","floor":30},{"not_picked":["Adrenaline","Grand Finale"],"picked":"Die Die Die","floor":33},{"not_picked":["Well Laid Plans","Dagger Throw"],"picked":"Slice+1","floor":35},{"not_picked":["Dagger Throw+1","Poisoned Stab+1","Footwork+1"],"picked":"SKIP","floor":37},{"not_picked":["Outmaneuver","Crippling Poison"],"picked":"Setup+1","floor":38},{"not_picked":["Die Die Die","Terror","Footwork"],"picked":"SKIP","floor":40},{"not_picked":["Blade Dance","Backflip+1"],"picked":"Crippling Poison+1","floor":41}],"player_experience":2288624,"relics_obtained":[{"floor":7.0,"key":"Bird Faced Urn"},{"floor":9.0,"key":"Orichalcum"},{"floor":10.0,"key":"InkBottle"},{"floor":12.0,"key":"Ornamental Fan"},{"floor":26,"key":"Pen Nib"},{"floor":28,"key":"Red Mask"},{"floor":43,"key":"Potion Belt"},{"floor":46,"key":"Unceasing Top"}],"event_choices":[{"damage_healed":0.0,"max_hp_gain":0.0,"max_hp_loss":0.0,"gold_gain":0.0,"event_name":"Lab","player_choice":"Got Potions","floor":4.0,"gold_loss":0.0,"damage_taken":0.0},{"damage_healed":0.0,"max_hp_gain":0.0,"max_hp_loss":0.0,"gold_gain":0.0,"event_name":"Dead Adventurer","player_choice":"Searched \u00271\u0027 times","floor":7.0,"gold_loss":0.0,"damage_taken":0.0},{"cards_removed":["Strike_G"],"damage_healed":0.0,"max_hp_gain":0.0,"max_hp_loss":0.0,"gold_gain":0.0,"event_name":"Golden Wing","player_choice":"Card Removal","floor":13.0,"gold_loss":0.0,"damage_taken":7.0},{"damage_healed":0,"gold_gain":0,"player_choice":"Shed Blood","damage_taken":18,"max_hp_gain":5,"max_hp_loss":0,"event_name":"Forgotten Altar","floor":19,"gold_loss":0},{"damage_healed":0,"gold_gain":0,"player_choice":"Ignored","damage_taken":0,"max_hp_gain":0,"max_hp_loss":0,"event_name":"N\u0027loth","floor":20,"gold_loss":0},{"damage_healed":0,"gold_gain":0,"player_choice":"Fought Bandits","damage_taken":0,"max_hp_gain":0,"max_hp_loss":0,"event_name":"Masked Bandits","floor":28,"gold_loss":0},{"damage_healed":0,"gold_gain":0,"player_choice":"Ignored","damage_taken":0,"max_hp_gain":0,"max_hp_loss":0,"event_name":"Ghosts","floor":29,"gold_loss":0},{"cards_removed":["Strike_G"],"damage_healed":0,"gold_gain":0,"player_choice":"Gave Gold","damage_taken":0,"max_hp_gain":0,"max_hp_loss":0,"event_name":"Beggar","floor":31,"gold_loss":75},{"damage_healed":0,"gold_gain":0,"player_choice":"Copied","damage_taken":0,"max_hp_gain":0,"max_hp_loss":0,"event_name":"Duplicator","floor":36,"gold_loss":0,"cards_obtained":["Bane"]},{"damage_healed":19,"gold_gain":0,"player_choice":"Writhe","damage_taken":0,"max_hp_gain":0,"max_hp_loss":0,"event_name":"Winding Halls","floor":48,"gold_loss":0,"cards_obtained":["Writhe"]}],"is_beta":false,"boss_relics":[{"not_picked":["Ectoplasm","Fusion Hammer"],"picked":"HoveringKite"},{"not_picked":["SlaversCollar","Empty Cage"],"picked":"SacredBark"}],"items_purged_floors":[3,11,22],"is_endless":false,"potions_floor_spawned":[2,5,12,16,24,28,30,38,41],"ascension_level":0}}