{"host":"sav7uxregyirlf69","time":1611805135,"event":{"mods":["AchievementEnabler","BaseMod","Colored Map","DeckTracker","Keyboard Shortcuts","Minty Spire (QoL Compilation)","READ ME - Guardian Mod","StSLib","SuperFastMode"],"gold_per_floor":[116,116,191,211,36,36,51,75,151,169,199,199,209,209,209,209,209],"floor_reached":16,"language":"KOR","playtime":177,"items_purged":["Strike_R"],"score":200,"play_id":"8c4d9160-162c-4e7f-a48c-2325e82af7f6","local_time":"20210128123855","is_ascension_mode":true,"campfire_choices":[{"data":"Rampage","floor":6,"key":"SMITH"},{"floor":12,"key":"REST"},{"data":"1","floor":15,"key":"LIFT"}],"circlet_count":0,"master_deck":["AscendersBane","Strike_R+1","Strike_R","Strike_R","Strike_R","Defend_R","Defend_R+1","Defend_R","Defend_R","Bash","Battle Trance","Rampage+1","Flash of Steel","Sword Boomerang","Carnage"],"relics":["Burning Blood","NeowsBlessing","Odd Mushroom","White Beast Statue","Girya","Pocketwatch"],"acts_visited":["Exordium"],"potions_floor_usage":[11,16],"damage_taken":[{"damage":0,"enemies":"Cultist","floor":1,"turns":1},{"damage":0,"enemies":"Jaw Worm","floor":4,"turns":1},{"damage":0,"enemies":"Small Slimes","floor":7,"turns":1},{"damage":39,"enemies":"The Mushroom Lair","floor":8,"turns":5},{"damage":3,"enemies":"Looter","floor":10,"turns":2},{"damage":8,"enemies":"Gremlin Nob","floor":11,"turns":3},{"damage":13,"enemies":"Large Slime","floor":13,"turns":5},{"damage":40,"enemies":"Hexaghost","floor":16,"turns":7}],"seed_played":"5909438113091340921","potions_obtained":[{"floor":1,"key":"Energy Potion"},{"floor":7,"key":"Strength Potion"},{"floor":11,"key":"SpeedPotion"}],"is_trial":false,"path_per_floor":["M","?","?","M","$","R","M","?","T","M","E","R","M","?","R","B"],"character_chosen":"IRONCLAD","items_purchased":["Flash of Steel"],"campfire_rested":1,"item_purchase_floors":[5],"current_hp_per_floor":[74,51,40,46,46,46,52,19,19,22,20,42,35,35,35,0,0],"gold":209,"neow_bonus":"THREE_ENEMY_KILL","is_daily":false,"chose_seed":false,"campfire_upgraded":1,"win_rate":0.0,"timestamp":1611805135,"path_taken":["M","?","?","?","?","R","M","?","T","M","E","R","M","?","R","BOSS"],"items_purchased_type":["Card"],"build_version":"2020-12-22","purchased_purges":1,"victory":false,"max_hp_per_floor":[75,75,75,75,75,75,75,75,75,75,75,75,75,75,75,75,75],"card_choices":[{"not_picked":["Iron Wave","Headbutt"],"picked":"Battle Trance","floor":1},{"not_picked":["Perfected Strike","Dropkick"],"picked":"Rampage","floor":4},{"not_picked":["True Grit","Headbutt"],"picked":"Sword Boomerang","floor":7},{"not_picked":["Rage","Metallicize"],"picked":"Carnage","floor":8},{"not_picked":["Clothesline","True Grit","Thunderclap"],"picked":"SKIP","floor":10},{"not_picked":["Whirlwind","Headbutt","Inflame"],"picked":"SKIP","floor":11},{"not_picked":["Entrench","Thunderclap","Sword Boomerang"],"picked":"SKIP","floor":13}],"player_experience":1408245,"relics_obtained":[{"floor":8,"key":"Odd Mushroom"},{"floor":9,"key":"White Beast Statue"},{"floor":11,"key":"Girya"}],"event_choices":[{"damage_healed":0,"gold_gain":0,"player_choice":"Entered Light","damage_taken":23,"max_hp_gain":0,"max_hp_loss":0,"event_name":"Shining Light","floor":2,"gold_loss":0,"cards_upgraded":["Defend_R","Strike_R"]},{"damage_healed":0,"gold_gain":75,"player_choice":"Gather Gold","damage_taken":11,"max_hp_gain":0,"max_hp_loss":0,"event_name":"World of Goop","floor":3,"gold_loss":0},{"damage_healed":0,"gold_gain":0,"player_choice":"Fought Mushrooms","damage_taken":0,"max_hp_gain":0,"max_hp_loss":0,"event_name":"Mushrooms","floor":8,"gold_loss":0},{"damage_healed":0,"gold_gain":0,"player_choice":"Searched \u00271\u0027 times","damage_taken":0,"relics_obtained":["Pocketwatch"],"max_hp_gain":0,"max_hp_loss":0,"event_name":"Dead Adventurer","floor":14,"gold_loss":0}],"is_beta":false,"boss_relics":[],"items_purged_floors":[5],"is_endless":false,"potions_floor_spawned":[1,7,8,10,11,13],"killed_by":"Hexaghost","ascension_level":20}}