{"host":"6r74n87by7n2az0t","time":1611828708,"event":{"mods":["AchievementEnabler","BaseMod","Colored Map","Colored Powertips","Highlight Path","Minty Spire (QoL Compilation)","Rare Cards Sparkle","StSLib"],"gold_per_floor":[111,129,129,140,153,186,202,202,202,202,227,402,416,432,432,432,432],"floor_reached":16,"language":"ENG","playtime":728,"items_purged":[],"score":137,"play_id":"961277cf-8442-4e73-b6bd-5e147fed8a4c","local_time":"20210128181148","is_ascension_mode":true,"campfire_choices":[{"data":"Reckless Charge","floor":8,"key":"SMITH"},{"floor":10,"key":"REST"},{"data":"Dual Wield","floor":15,"key":"SMITH"}],"circlet_count":0,"master_deck":["Strike_R","Strike_R","Strike_R","Strike_R","Strike_R","Defend_R","Defend_R","Defend_R","Defend_R","Bash","Cleave","Whirlwind","Headbutt","Shrug It Off","Reckless Charge+1","Flex","Power Through","Doubt","Reaper","Dual Wield+1"],"relics":["Burning Blood","MealTicket","The Courier","Bronze Scales","Anchor","InkBottle"],"acts_visited":["Exordium"],"potions_floor_usage":[6,16,16,16],"damage_taken":[{"damage":1,"enemies":"Small Slimes","floor":1,"turns":4},{"damage":6,"enemies":"Cultist","floor":2,"turns":3},{"damage":2,"enemies":"2 Louse","floor":4,"turns":2},{"damage":11,"enemies":"2 Fungi Beasts","floor":5,"turns":3},{"damage":32,"enemies":"Gremlin Nob","floor":6,"turns":4},{"damage":19,"enemies":"Large Slime","floor":7,"turns":4},{"damage":41,"enemies":"Lagavulin","floor":11,"turns":6},{"damage":0,"enemies":"Looter","floor":13,"turns":3},{"damage":0,"enemies":"Lots of Slimes","floor":14,"turns":2},{"damage":61,"enemies":"The Guardian","floor":16,"turns":10}],"seed_played":"2955617979695250559","potions_obtained":[{"floor":2,"key":"PowerPotion"},{"floor":6,"key":"BloodPotion"},{"floor":11,"key":"Dexterity Potion"},{"floor":14,"key":"Weak Potion"}],"is_trial":false,"path_per_floor":["M","M","?","M","M","E","M","R","T","R","E","?","M","M","R","B"],"character_chosen":"IRONCLAD","items_purchased":[],"campfire_rested":1,"item_purchase_floors":[],"current_hp_per_floor":[80,80,80,80,75,49,36,36,36,60,25,25,31,43,43,0,0],"gold":432,"neow_bonus":"RANDOM_COMMON_RELIC","is_daily":false,"chose_seed":false,"campfire_upgraded":2,"win_rate":0.0,"timestamp":1611828708,"path_taken":["M","M","?","?","M","E","?","R","T","R","E","?","M","M","R","BOSS"],"items_purchased_type":[],"build_version":"2020-12-22","purchased_purges":0,"victory":false,"max_hp_per_floor":[80,80,80,80,80,80,80,80,80,80,80,80,80,80,80,80,80],"card_choices":[{"not_picked":["Thunderclap","Heavy Blade"],"picked":"Cleave","floor":1},{"not_picked":["Flex","True Grit"],"picked":"Whirlwind","floor":2},{"not_picked":["Sword Boomerang","Havoc"],"picked":"Headbutt","floor":4},{"not_picked":["Heavy Blade","Flex"],"picked":"Shrug It Off","floor":5},{"not_picked":["Clothesline","Cleave"],"picked":"Reckless Charge","floor":6},{"not_picked":["Headbutt","Shockwave"],"picked":"Flex","floor":7},{"not_picked":["Body Slam","Reckless Charge"],"picked":"Power Through","floor":11},{"not_picked":["Clothesline","Twin Strike"],"picked":"Reaper","floor":13},{"not_picked":["Armaments","Entrench"],"picked":"Dual Wield","floor":14}],"player_experience":165010,"relics_obtained":[{"floor":3,"key":"The Courier"},{"floor":6,"key":"Bronze Scales"},{"floor":9,"key":"Anchor"},{"floor":11,"key":"InkBottle"}],"event_choices":[{"damage_healed":0,"gold_gain":0,"player_choice":"Relic","damage_taken":0,"max_hp_gain":0,"max_hp_loss":0,"event_name":"Wheel of Change","floor":3,"gold_loss":0},{"damage_healed":0,"gold_gain":175,"player_choice":"AGREE","damage_taken":0,"max_hp_gain":0,"max_hp_loss":0,"event_name":"Liars Game","floor":12,"gold_loss":0,"cards_obtained":["Doubt"]}],"is_beta":false,"boss_relics":[],"items_purged_floors":[],"is_endless":false,"potions_floor_spawned":[2,6,11,14],"killed_by":"The Guardian","ascension_level":4}}