{"host":"TacoTurd","time":1611796850,"event":{"mods":["BaseMod","Bestiary","Colored Map","Downfall","MarisaÅiñ∂âJÅ@ñÇóùçπÅj","Minty Spire (QoL Compilation)","Quick Restart","StSLib","SuperFastMode","The Bug Knight","The IronCluck","slay the spire mod where everything is the same but ironclad has a cowboy hat"],"gold_per_floor":[109,181,194,144,144,185,185,34,34,52,52,67,67,103,103,103,103],"floor_reached":16,"language":"ENG","playtime":460,"items_purged":[],"score":133,"play_id":"1f910c29-d893-4d3b-a64d-5f5857e4227e","local_time":"20210127202050","is_ascension_mode":false,"campfire_choices":[{"data":"DC","floor":7,"key":"SMITH"},{"floor":13,"key":"RECALL"},{"floor":15,"key":"DIG"}],"circlet_count":0,"master_deck":["Strike_MRS","Strike_MRS","Strike_MRS","Defend_MRS","Defend_MRS","Defend_MRS","Defend_MRS","MasterSpark","UpSweep","WitchLeyline","NonDirectionalLaser","DC+1","GalacticHalo","TreasureHunter"],"relics":["MiniHakkero","NeowsBlessing","Golden Idol","Lantern","Toolbox","Shovel","Mango","Potion Belt","Bronze Scales"],"acts_visited":["Exordium"],"potions_floor_usage":[16,16],"damage_taken":[{"damage":0,"enemies":"Small Slimes","floor":1,"turns":1},{"damage":0,"enemies":"Jaw Worm","floor":3,"turns":1},{"damage":0,"enemies":"Lagavulin","floor":6,"turns":1},{"damage":0,"enemies":"Cultist","floor":10,"turns":1},{"damage":7,"enemies":"Red Slaver","floor":12,"turns":2},{"damage":10,"enemies":"3 Sentries","floor":14,"turns":5},{"damage":43,"enemies":"Slime Boss","floor":16,"turns":9}],"seed_played":"-4682604739165256422","potions_obtained":[{"floor":3,"key":"PowerPotion"},{"floor":14,"key":"Dexterity Potion"}],"is_trial":false,"path_per_floor":["M","?","M","?","?","E","R","$","T","M","?","M","R","E","R","B"],"character_chosen":"MARISA","items_purchased":["Toolbox"],"campfire_rested":0,"item_purchase_floors":[8],"current_hp_per_floor":[75,75,75,75,57,57,57,57,57,57,53,46,46,36,36,0,0],"gold":103,"neow_bonus":"THREE_ENEMY_KILL","is_daily":false,"chose_seed":false,"campfire_upgraded":1,"win_rate":0.0,"timestamp":1611796850,"path_taken":["M","?","M","?","?","E","R","$","T","M","?","?","R","E","R","BOSS"],"items_purchased_type":["Relic"],"build_version":"2020-12-18","purchased_purges":0,"victory":false,"max_hp_per_floor":[75,75,75,75,75,75,75,75,75,75,89,89,89,89,89,89,89],"card_choices":[{"not_picked":["OpenUniverse","DoubleSpark"],"picked":"WitchLeyline","floor":1},{"not_picked":["Acceleration","StarlightTyphoon"],"picked":"NonDirectionalLaser","floor":3},{"not_picked":["SporeBomb","MagicChant"],"picked":"DC","floor":6},{"not_picked":["AsteroidBelt","MilkyWay"],"picked":"GalacticHalo","floor":10},{"not_picked":["IllusionStar","UnstableBomb","6A"],"picked":"SKIP","floor":12},{"not_picked":["DoubleSpark","DC"],"picked":"TreasureHunter","floor":14}],"player_experience":392951,"relics_obtained":[{"floor":6,"key":"Lantern"},{"floor":9,"key":"Shovel"},{"floor":14,"key":"Potion Belt"},{"floor":15,"key":"Bronze Scales"}],"event_choices":[{"damage_healed":0,"gold_gain":72,"player_choice":"Gained Gold","damage_taken":0,"max_hp_gain":0,"max_hp_loss":0,"event_name":"Golden Wing","floor":2,"gold_loss":0},{"cards_removed":["Strike_MRS"],"damage_healed":0,"gold_gain":0,"player_choice":"Card Removal","damage_taken":0,"max_hp_gain":0,"max_hp_loss":0,"event_name":"The Cleric","floor":4,"gold_loss":50},{"damage_healed":0,"gold_gain":0,"player_choice":"Take Damage","damage_taken":18,"relics_obtained":["Golden Idol"],"max_hp_gain":0,"max_hp_loss":0,"event_name":"Golden Idol","floor":5,"gold_loss":0},{"damage_healed":0,"gold_gain":0,"player_choice":"Success","damage_taken":18,"relics_obtained":["Mango"],"max_hp_gain":0,"max_hp_loss":0,"event_name":"Scrap Ooze","floor":11,"gold_loss":0}],"is_beta":true,"boss_relics":[],"items_purged_floors":[],"is_endless":false,"potions_floor_spawned":[3,14],"killed_by":"Slime Boss","ascension_level":0}}