{"host":"nwz9s93nkn2ush8t","time":1611807062,"event":{"mods":["AchievementEnabler","Act Like it!","BaseMod","Block Reminder","Colored Powertips","Googly Eyes","Minty Spire (QoL Compilation)","Quick Restart","Rare Cards Sparkle","StSLib","everything is the same but u backflip on backflip","slay the spire mod where everything is the same but ironclad has a cowboy hat"],"gold_per_floor":[109,109,74,74,91,91,91,110,165,175,193,193,228,115,115,214,214,225,125,141,141,141],"floor_reached":21,"language":"ENG","playtime":911,"items_purged":["Pain","Defend_B"],"score":233,"play_id":"00a9e6d4-89a2-4b2e-9554-53454b59c8d4","local_time":"20210127231102","is_ascension_mode":true,"campfire_choices":[{"data":"Dualcast","floor":6,"key":"SMITH"},{"data":"Zap","floor":12,"key":"SMITH"},{"floor":15,"key":"REST"}],"circlet_count":0,"master_deck":["Strike_B","Strike_B","Strike_B","Defend_B","Defend_B","Zap+1","Dualcast+1","Static Discharge","Barrage","Streamline","Ball Lightning","Sweeping Beam","Rebound","Fission","FTL","Seek","Gash","Streamline"],"relics":["Cracked Core","WarpedTongs","Orichalcum","Potion Belt"],"acts_visited":["Exordium","TheCity"],"potions_floor_usage":[21,21],"damage_taken":[{"damage":10,"enemies":"2 Louse","floor":1,"turns":2},{"damage":7,"enemies":"Jaw Worm","floor":5,"turns":2},{"damage":3,"enemies":"Small Slimes","floor":8,"turns":2},{"damage":2,"enemies":"2 Fungi Beasts","floor":10,"turns":2},{"damage":9,"enemies":"Looter","floor":11,"turns":2},{"damage":15,"enemies":"3 Sentries","floor":13,"turns":5},{"damage":30,"enemies":"Hexaghost","floor":16,"turns":7},{"damage":14,"enemies":"Shell Parasite","floor":18,"turns":3},{"damage":15,"enemies":"3 Byrds","floor":20,"turns":4},{"damage":34,"enemies":"Snecko","floor":21,"turns":4}],"seed_played":"-186646986304587441","potions_obtained":[{"floor":1,"key":"GamblersBrew"},{"floor":13,"key":"Energy Potion"},{"floor":16,"key":"EntropicBrew"},{"floor":20,"key":"SteroidPotion"}],"is_trial":false,"path_per_floor":["M","?","?","$","M","R","?","M","T","M","M","R","E","$","R","B",null,"M","$","M","M"],"character_chosen":"DEFECT","items_purchased":["FTL"],"campfire_rested":1,"item_purchase_floors":[14],"current_hp_per_floor":[58,51,69,69,62,62,62,59,59,57,48,48,33,33,55,25,63,49,49,34,0,0],"gold":141,"neow_bonus":"TRANSFORM_CARD","is_daily":false,"chose_seed":false,"campfire_upgraded":2,"win_rate":0.0,"timestamp":1611807062,"path_taken":["M","?","?","?","M","R","?","M","T","M","M","R","E","$","R","BOSS","M","?","M","M"],"items_purchased_type":["Card"],"build_version":"2020-12-22","purchased_purges":2,"victory":false,"max_hp_per_floor":[75,75,75,75,75,75,75,75,75,75,75,75,75,75,75,75,75,75,75,75,75,75],"card_choices":[{"not_picked":["Fusion","Consume"],"picked":"Barrage","floor":1},{"not_picked":["Stack","Turbo"],"picked":"Streamline","floor":5},{"not_picked":["Rebound","Cold Snap"],"picked":"Ball Lightning","floor":8},{"not_picked":["Doom and Gloom","BootSequence"],"picked":"Sweeping Beam","floor":10},{"not_picked":["Coolheaded","Compile Driver"],"picked":"Rebound","floor":11},{"not_picked":["Streamline","Cold Snap"],"picked":"Fission","floor":13},{"not_picked":["Fission","Biased Cognition"],"picked":"Seek","floor":16},{"not_picked":["Hello World+1","Cold Snap"],"picked":"Gash","floor":18},{"not_picked":["Barrage","Cold Snap"],"picked":"Streamline","floor":20}],"player_experience":397548,"relics_obtained":[{"floor":9,"key":"Orichalcum"},{"floor":13,"key":"Potion Belt"}],"event_choices":[{"cards_removed":["Strike_B"],"damage_healed":0,"gold_gain":0,"player_choice":"Card Removal","damage_taken":7,"max_hp_gain":0,"max_hp_loss":0,"event_name":"Golden Wing","floor":2,"gold_loss":0},{"damage_healed":18,"gold_gain":0,"player_choice":"Healed","damage_taken":0,"max_hp_gain":0,"max_hp_loss":0,"event_name":"The Cleric","floor":3,"gold_loss":35},{"damage_healed":0,"gold_gain":0,"player_choice":"Rummage","damage_taken":0,"relics_obtained":["WarpedTongs"],"max_hp_gain":0,"max_hp_loss":0,"event_name":"Accursed Blacksmith","floor":7,"gold_loss":0,"cards_obtained":["Pain"]}],"is_beta":false,"boss_relics":[{"not_picked":["Runic Dome","Runic Pyramid","Sozu"]}],"items_purged_floors":[14,19],"is_endless":false,"potions_floor_spawned":[1,13,16,20],"killed_by":"Snecko","ascension_level":6}}