{"host":"lehz9p79pih88cc3","time":1611812608,"event":{"mods":["AchievementEnabler","Act Like it!","BaseMod","Downfall","Minty Spire (QoL Compilation)","Permanent Neow","Quick Restart","Replay The Spire","SacredBarkPlus","StSLib"],"gold_per_floor":[99,109,109,119,119,119,119,146,146,159,259,259,278,118,133,232,232,232,243,243,343,361,376,449,463,178,204,221,427,437,99,115,211,211,211,222,239,339,28,46,46,61,78,33,33,47,92,104,20,20],"floor_reached":51,"language":"ENG","playtime":2102,"items_purged":["champ:Execute"],"score":775,"play_id":"1cba9407-9394-4d6e-bcbf-00771e9aba6d","local_time":"20210128004328","is_ascension_mode":false,"campfire_choices":[{"data":"champ:Taunt","floor":1,"key":"SMITH"},{"data":"champ:PerfectedStrike","floor":9,"key":"SMITH"},{"data":"champ:StanceDance","floor":18,"key":"SMITH"},{"floor":35,"key":"REST"}],"circlet_count":0,"master_deck":["champ:Strike","champ:Strike","champ:Strike","champ:Strike","champ:Defend+1","champ:Defend+1","champ:Defend+1","champ:Defend+1","champ:Taunt+1","champ:BringItOn","champ:PerfectedStrike+1","champ:BerserkersShout","champ:StanceDance+1","champ:PerfectedStrike+1","champ:DefensiveShout","champ:MurderStrike","downfall:Icky","Shame","Spreading Infection","champ:TripleStrike","champ:PerfectedStrike","champ:CrookedStrike","champ:CrookedStrike","champ:BladeFlurry+1","champ:RapidStrikes","champ:BladeFlurry","champ:Lariat+1","champ:PerfectedStrike","champ:PerfectedStrike","champ:DefensiveShout+1","Apotheosis+1","champ:TripleStrike","champ:BladeFlurry","Writhe","champ:FlashCut","champ:RisingSlash"],"relics":["Velvet Choker","Blue Candle","Toy Ornithopter","Oddly Smooth Stone","Champion Belt","HandDrill","Replay:Ancient Bell","Blue Doll","Replay:WaspNest","Torii","Nilry\u0027s Codex","Replay:Bottled Eggs","Orrery","Toxic Egg 2","Vajra","Cursed Key","Bronze Scales","champ:BerserkersGuideToSlaughter","MealTicket","Replay:Accelerometer","Pocketwatch"],"acts_visited":["Exordium","TheCity","TheBeyond"],"potions_floor_usage":[8,11,27,27,27,33,33,33,50,50],"damage_taken":[{"damage":11,"enemies":"Small Slimes","floor":2,"turns":3},{"damage":12,"enemies":"2 Louse","floor":4,"turns":2},{"damage":23,"enemies":"3 Sentries","floor":8,"turns":7},{"damage":10,"enemies":"Cultist","floor":10,"turns":3},{"damage":16,"enemies":"Cultist","floor":11,"turns":3},{"damage":25,"enemies":"Exordium Thugs","floor":13,"turns":4},{"damage":5,"enemies":"downfall:FleeingMerchant","floor":14,"turns":4},{"damage":20,"enemies":"Large Slime","floor":15,"turns":3},{"damage":40,"enemies":"IC_STATUS_ARCHETYPE","floor":16,"turns":8},{"damage":12,"enemies":"Spheric Guardian","floor":19,"turns":3},{"damage":14,"enemies":"3 Byrds","floor":22,"turns":2},{"damage":11,"enemies":"Snake Plant","floor":23,"turns":3},{"damage":2,"enemies":"Sentry and Sphere","floor":25,"turns":3},{"damage":14,"enemies":"downfall:FleeingMerchant","floor":26,"turns":4},{"damage":29,"enemies":"Gremlin Leader","floor":27,"turns":5},{"damage":0,"enemies":"Snecko","floor":28,"turns":2},{"damage":16,"enemies":"downfall:FleeingMerchant","floor":29,"turns":4},{"damage":0,"enemies":"Cultist and Chosen","floor":30,"turns":3},{"damage":12,"enemies":"Centurion and Healer","floor":32,"turns":3},{"damage":41,"enemies":"DF_ARCHETYPE_CLAW","floor":33,"turns":6},{"damage":0,"enemies":"Orb Walker","floor":36,"turns":1},{"damage":5,"enemies":"3 Shapes","floor":37,"turns":2},{"damage":0,"enemies":"Sphere and 2 Shapes","floor":40,"turns":3},{"damage":6,"enemies":"4 Shapes","floor":42,"turns":3},{"damage":12,"enemies":"Writhing Mass","floor":43,"turns":3},{"damage":2,"enemies":"Sphere and 2 Shapes","floor":46,"turns":5},{"damage":11,"enemies":"2 Orb Walkers","floor":47,"turns":3},{"damage":0,"enemies":"4 Shapes","floor":48,"turns":5},{"damage":6,"enemies":"Transient","floor":49,"turns":5},{"damage":11,"enemies":"WA_ARCHETYPE_DIVINITY","floor":50,"turns":5}],"seed_played":"-7206651715446223905","potions_obtained":[{"floor":4,"key":"AttackPotion"},{"floor":10,"key":"hexamod:SoulburnPotion"},{"floor":15,"key":"Weak Potion"},{"floor":16,"key":"Adrenaline Potion"},{"floor":23,"key":"SkillPotion"},{"floor":27,"key":"FearPotion"},{"floor":28,"key":"AttackPotion"},{"floor":30,"key":"Block Potion"},{"floor":32,"key":"Flashbang"},{"floor":33,"key":"PowerPotion"},{"floor":37,"key":"Swift Potion"},{"floor":46,"key":"Dexterity Potion"}],"is_trial":false,"path_per_floor":["R","M","?","M","?","?","T","E","R","M","?","?","M","$","M","B",null,"R","M","?","?","M","M","T","M","$","E","M","$","M","$","M","B",null,"R","M","M","?","$","M","T","M","M","$","?","M","?","M","M","B",null],"character_chosen":"THE_CHAMP","items_purchased":["HandDrill","champ:CrookedStrike","Orrery","Regen Potion","ColorlessPotion","Vajra","Apotheosis+1","champ:BerserkersGuideToSlaughter","MealTicket","champ:FlashCut"],"campfire_rested":1,"item_purchase_floors":[14,26,26,26,29,31,31,39,39,44],"current_hp_per_floor":[90,89,89,87,82,79,79,71,71,71,70,70,60,60,55,45,90,90,78,62,62,53,52,52,50,46,51,51,50,50,50,38,17,90,90,90,85,85,85,85,85,79,67,82,82,80,69,69,63,72],"gold":20,"neow_bonus":"BOSS_RELIC","is_daily":false,"chose_seed":false,"campfire_upgraded":3,"win_rate":0.0,"timestamp":1611812608,"path_taken":["R","M","?","M","?","?","T","E","R","M","?","?","?","$","M","BOSS","R","M","?","?","M","M","T","M","?","E","M","$","M","$","M","BOSS","R","M","M","?","$","?","T","M","M","?","?","M","?","M","M","BOSS"],"items_purchased_type":["Relic","Card","Relic","Potion","Potion","Relic","Card","Relic","Relic","Card"],"build_version":"2020-12-22","purchased_purges":1,"victory":true,"max_hp_per_floor":[90,90,90,90,90,90,90,90,90,90,90,90,90,90,90,90,90,90,90,90,90,90,90,90,90,90,90,90,90,90,90,90,90,90,90,90,90,90,90,90,90,90,90,90,90,90,90,90,90,90],"card_choices":[{"not_picked":["champ:Haymaker","champ:AdrenalArmor"],"picked":"champ:BringItOn","floor":2},{"not_picked":["champ:FanOfKnives","champ:ArenaPreparation"],"picked":"champ:PerfectedStrike","floor":4},{"not_picked":["champ:IronFortress","champ:BringItOn"],"picked":"champ:BerserkersShout","floor":8},{"not_picked":["champ:RapidStrikes","champ:Shatter"],"picked":"champ:StanceDance","floor":10},{"not_picked":["champ:RecklessLeap","champ:CalledShot"],"picked":"champ:PerfectedStrike","floor":11},{"not_picked":["champ:Circumvent","champ:BringItOn","champ:GutPunch"],"picked":"SKIP","floor":13},{"not_picked":["champ:Shatter","champ:Endure"],"picked":"champ:DefensiveShout","floor":14},{"not_picked":["champ:SteelEdge","champ:AdrenalArmor","champ:BerserkersShout"],"picked":"SKIP","floor":15},{"not_picked":["champ:ShieldThrow","champ:Devastate"],"picked":"champ:MurderStrike","floor":16},{"not_picked":["CurseOfTheBell","Hallucinations"],"picked":"downfall:Icky","floor":17},{"not_picked":["ReplayTheSpireMod:IOU","downfall:Aged"],"picked":"Shame","floor":17},{"not_picked":["ReplayTheSpireMod:IOU","Languid"],"picked":"Spreading Infection","floor":17},{"not_picked":["champ:AdrenalArmor+1","champ:CrownThrow","champ:RecklessLeap"],"picked":"SKIP","floor":19},{"not_picked":["champ:GutPunch","champ:CalledShot+1"],"picked":"champ:TripleStrike","floor":22},{"not_picked":["champ:CrownThrow","champ:SetATrap+1","champ:CrookedStrike"],"picked":"SKIP","floor":23},{"not_picked":["champ:Shatter+1","champ:CrownThrow"],"picked":"champ:PerfectedStrike","floor":25},{"not_picked":["champ:DefensiveShout","champ:Parry","champ:CrookedStrike"],"picked":"SKIP","floor":26},{"not_picked":["champ:DefensiveShout","champ:Shatter"],"picked":"champ:BladeFlurry+1","floor":26},{"not_picked":["champ:PerfectedStrike","champ:BerserkersShout"],"picked":"champ:RapidStrikes","floor":26},{"not_picked":["champ:FanOfKnives","champ:FocusedBerserking"],"picked":"champ:BladeFlurry","floor":26},{"not_picked":["champ:GladiatorStyle+1","champ:CrookedStrike"],"picked":"champ:Lariat+1","floor":26},{"not_picked":["champ:FocusedDefense","champ:DefensiveShout"],"picked":"champ:PerfectedStrike","floor":26},{"not_picked":["champ:IronFortress","champ:Haymaker","champ:Circumvent+1"],"picked":"SKIP","floor":27},{"not_picked":["champ:DancingMaster","champ:Backstep+1"],"picked":"champ:PerfectedStrike","floor":28},{"not_picked":["champ:FlashCut","champ:StanceDance+1","champ:ShieldSlam+1"],"picked":"SKIP","floor":29},{"not_picked":["champ:FocusedBerserking+1","champ:BladeFlurry"],"picked":"champ:DefensiveShout+1","floor":30},{"not_picked":["champ:Shatter","champ:Parry+1","champ:CrownThrow+1"],"picked":"SKIP","floor":32},{"not_picked":["champ:CheapShot","champ:Improvising"],"picked":"champ:TripleStrike","floor":33},{"not_picked":["champ:Shatter","champ:TornadoPunch","champ:CalledShot+1"],"picked":"SKIP","floor":36},{"not_picked":["champ:TornadoPunch","champ:GutPunch+1"],"picked":"champ:BladeFlurry","floor":37},{"not_picked":["champ:AdrenalArmor+1","champ:SetATrap+1","champ:PreciseThrust+1"],"picked":"SKIP","floor":40},{"not_picked":["champ:CalledShot+1","champ:Backstep+1","champ:CrownThrow"],"picked":"SKIP","floor":42},{"not_picked":["champ:HeavySlash","champ:TornadoPunch+1","champ:GutPunch"],"picked":"SKIP","floor":43},{"not_picked":["champ:FocusedDefense+1","champ:CrownThrow","champ:Haymaker"],"picked":"SKIP","floor":46},{"not_picked":["champ:FocusedDefense+1","champ:CrownThrow","champ:Haymaker"],"picked":"SKIP","floor":46},{"not_picked":["champ:TornadoPunch+1","champ:ShieldThrow","champ:FocusedBerserking+1"],"picked":"SKIP","floor":48},{"not_picked":["champ:FocusedDefense+1","champ:FanOfKnives"],"picked":"champ:RisingSlash","floor":49}],"player_experience":143330,"relics_obtained":[{"floor":8,"key":"Oddly Smooth Stone"},{"floor":11,"key":"Champion Belt"},{"floor":20,"key":"Nilry\u0027s Codex"},{"floor":24,"key":"Replay:Bottled Eggs"},{"floor":27,"key":"Toxic Egg 2"},{"floor":38,"key":"Bronze Scales"},{"floor":41,"key":"Replay:Accelerometer"},{"floor":47,"key":"Pocketwatch"}],"event_choices":[{"damage_healed":0,"gold_gain":0,"player_choice":"Success","damage_taken":3,"relics_obtained":["Toy Ornithopter"],"max_hp_gain":0,"max_hp_loss":0,"event_name":"Scrap Ooze","floor":6,"gold_loss":0},{"damage_healed":0,"gold_gain":0,"player_choice":"Fight","damage_taken":0,"max_hp_gain":0,"max_hp_loss":0,"event_name":"Mysterious Sphere","floor":47,"gold_loss":0}],"is_beta":false,"boss_relics":[{"not_picked":["ChewingGum","Sozu"],"picked":"Replay:Ancient Bell"},{"not_picked":["ReplayFunnel","ReplayTheSpireMod:Lightbulb"],"picked":"Blue Doll"},{"not_picked":["Replay:Bottled Flurry","Shuriken"],"picked":"Replay:WaspNest"},{"not_picked":["Replay:Kaleidoscope","Dead Branch"],"picked":"Torii"},{"not_picked":["Honey Jar","Astrolabe"],"picked":"Cursed Key"}],"items_purged_floors":[29],"is_endless":false,"potions_floor_spawned":[4,10,15,16,23,27,28,30,32,33,37,43,46,47],"ascension_level":0}}