{"host":"684z1xpuwaoqmmh1","time":1611849377,"event":{"mods":["BaseMod","Downfall","Hermit","Jorbs\u0027s Wanderer Trilogy","Marisa????????","Minty Spire (QoL Compilation)","Robot Space Explorer","Shade Mod","StSLib","The Bug Knight","The Cursed","The Dragon Tamer","The Hayseed","The Hierophant","The Marked","The Mystic","The Runesmith","The Senshi"],"gold_per_floor":[119,119,139,42,42,70,148,175,175,200,234,302,313,313,313,466,466,492,526,66,66,66,66,128,128,180,244,244,273,334,363,363,510,510,529,326,326,345,374,437,437,472,498,528,542,602,131,200,200,200,200,200,200,237,237],"floor_reached":56,"language":"ENG","playtime":4373,"items_purged":["hermit:Strike_Hermit","hermit:Strike_Hermit","hermit:Strike_Hermit","Shame"],"score":2206,"play_id":"efd58fbf-e515-4f87-b5f7-a400f438f7ac","local_time":"20210128175617","is_ascension_mode":true,"campfire_choices":[{"data":"hermit:DeadOrAlive","floor":15.0,"key":"SMITH"},{"data":"hermit:Adapt","floor":23.0,"key":"SMITH"},{"data":"hermit:ShadowCloak","floor":28.0,"key":"SMITH"},{"data":"hermit:ShadowCloak","floor":32.0,"key":"SMITH"},{"floor":41.0,"key":"RECALL"},{"data":"hermit:FatalDesire","floor":49.0,"key":"SMITH"},{"data":"hermit:FromBeyond","floor":52.0,"key":"SMITH"}],"circlet_count":0,"master_deck":["AscendersBane","hermit:Strike_Hermit+1","hermit:Defend_Hermit","hermit:Defend_Hermit","hermit:Defend_Hermit","hermit:Defend_Hermit","hermit:Snapshot","hermit:Covet+1","hermit:PistolWhip+1","Pain","hermit:Dive","hermit:Headshot","hermit:GhostlyPresence","hermit:DeadOrAlive+1","hermit:Quickdraw+1","hermit:GoldenBullet+1","hermit:Gambit","hermit:ShadowCloak+1","Regret","hermit:Adapt+1","hermit:ShadowCloak+1","hermit:PistolWhip","hermit:FatalDesire+1","hermit:GhostlyPresence+1","hermit:Dissolve+1","hermit:Reprieve+1","hermit:CalledShot+1","hermit:Deadeye+1","hermit:FlashPowder+1","hermit:FromBeyond+1","hermit:Brawl+1","hermit:Quickdraw+1"],"relics":["hermit:Momento","NeowsBlessing","WarpedTongs","HollowMod:LifeEnderRelic","Letter Opener","Pocketwatch","Bag of Marbles","Vajra","hermit:Horseshoe","sneckomod:SneckoTalon","champ:Barbells","Runesmith:Nanobots","Guardian:PocketSentry","Smiling Mask","Oddly Smooth Stone","Unceasing Top","hermit:RyeStalk","Black Star","Happy Flower","Boot","Dream Catcher","Thread and Needle","Prayer Wheel","champ:DeflectingBracers","Mercury Hourglass","Omamori","CeramicFish","Torii","Whetstone"],"acts_visited":["Exordium","TheCity","TheBeyond","TheEnding"],"potions_floor_usage":[55,55],"damage_taken":[{"damage":0.0,"enemies":"Jaw Worm","floor":1.0,"turns":1.0},{"damage":0.0,"enemies":"Cultist","floor":3.0,"turns":1.0},{"damage":0.0,"enemies":"Lagavulin","floor":6.0,"turns":1.0},{"damage":22.0,"enemies":"Gremlin Nob","floor":8.0,"turns":4.0},{"damage":4.0,"enemies":"Small Slimes","floor":10.0,"turns":2.0},{"damage":0.0,"enemies":"Exordium Wildlife","floor":11.0,"turns":1.0},{"damage":1.0,"enemies":"3 Sentries","floor":12.0,"turns":11.0},{"damage":0.0,"enemies":"Large Slime","floor":13.0,"turns":2.0},{"damage":0.0,"enemies":"The Guardian","floor":16.0,"turns":13.0},{"damage":8.0,"enemies":"Chosen","floor":18.0,"turns":3.0},{"damage":1.0,"enemies":"2 Thieves","floor":19.0,"turns":4.0},{"damage":12.0,"enemies":"Book of Stabbing","floor":24.0,"turns":6.0},{"damage":10.0,"enemies":"Slavers","floor":27.0,"turns":7.0},{"damage":0.0,"enemies":"3 Cultists","floor":29.0,"turns":5.0},{"damage":4.0,"enemies":"Gremlin Leader","floor":30.0,"turns":12.0},{"damage":2.0,"enemies":"Chosen and Byrds","floor":31.0,"turns":5.0},{"damage":0.0,"enemies":"Automaton","floor":33.0,"turns":14.0},{"damage":0.0,"enemies":"Orb Walker","floor":35.0,"turns":1.0},{"damage":0.0,"enemies":"3 Shapes","floor":38.0,"turns":2.0},{"damage":1.0,"enemies":"Sphere and 2 Shapes","floor":39.0,"turns":7.0},{"damage":4.0,"enemies":"Nemesis","floor":40.0,"turns":7.0},{"damage":0.0,"enemies":"3 Darklings","floor":42.0,"turns":8.0},{"damage":13.0,"enemies":"Jaw Worm Horde","floor":44.0,"turns":4.0},{"damage":0.0,"enemies":"Transient","floor":45.0,"turns":5.0},{"damage":0.0,"enemies":"Giant Head","floor":46.0,"turns":14.0},{"damage":6.0,"enemies":"Reptomancer","floor":48.0,"turns":7.0},{"damage":14.0,"enemies":"Awakened One","floor":50.0,"turns":13.0},{"damage":25.0,"enemies":"Shield and Spear","floor":54.0,"turns":9.0},{"damage":39,"enemies":"The Heart","floor":55,"turns":11}],"seed_played":"-1507499116487870006","potions_obtained":[{"floor":8.0,"key":"EssenceOfSteel"},{"floor":11.0,"key":"LiquidBronze"},{"floor":12.0,"key":"BlessingOfTheForge"},{"floor":13.0,"key":"hermit:Tonic"},{"floor":16.0,"key":"Guardian:BlockOnCardUsePotion"},{"floor":30.0,"key":"sneckomod:MuddlingPotion"},{"floor":31.0,"key":"champ:CounterPotion"},{"floor":35.0,"key":"LiquidMemories"},{"floor":40.0,"key":"CultistPotion"},{"floor":42.0,"key":"Block Potion"},{"floor":48.0,"key":"Weak Potion"}],"is_trial":false,"path_per_floor":["M","?","M","$","?","E","T","E","T","M","M","E","M","?","R","B",null,"M","M","$","?","T","R","E","?","T","E","R","M","E","M","R","B",null,"M","$","?","M","M","E","R","M","T","M","M","E","$","E","R","B",null,"R","$","E","B",null],"character_chosen":"HERMIT","items_purchased":["hermit:Headshot","Fruit Juice","champ:Barbells","hermit:ShadowCloak","hermit:PistolWhip","Happy Flower","Mercury Hourglass","hermit:FromBeyond","hermit:Brawl"],"campfire_rested":0,"item_purchase_floors":[4,20,20,20,20,36,47,47,47],"current_hp_per_floor":[68,68,68,68,68,68,68,46,46,42,42,41,41,41,41,41,67,59,58,63,63,63,63,51,51,51,41,41,41,37,35,35,35,69,69,69,69,69,68,64,64,64,64,67,79,80,80,78,78,76,79,79,79,58,43],"gold":237,"neow_bonus":"THREE_ENEMY_KILL","is_daily":false,"chose_seed":false,"campfire_upgraded":6,"win_rate":0.0,"timestamp":1611849377,"path_taken":["M","?","?","$","?","E","?","E","T","M","M","E","M","?","R","BOSS","M","M","$","?","?","R","E","?","T","E","R","M","E","M","R","BOSS","M","$","?","M","M","E","R","M","T","?","M","E","$","E","R","BOSS","R","$","E","BOSS"],"items_purchased_type":["Card","Potion","Relic","Card","Card","Relic","Relic","Card","Card"],"build_version":"2020-12-22","purchased_purges":4,"victory":true,"max_hp_per_floor":[75,75,75,75,75,75,75,75,75,75,75,75,75,75,75,75,75,75,75,80,80,80,80,80,80,80,80,80,80,80,80,80,80,80,80,80,80,80,80,80,80,80,80,80,80,80,80,80,80,80,80,80,80,80,80],"card_choices":[{"not_picked":["hermit:WideOpen","hermit:Headshot"],"picked":"hermit:PistolWhip","floor":1.0},{"not_picked":["hermit:LoneWolf","hermit:HoleUp"],"picked":"hermit:Dive","floor":3.0},{"not_picked":["hermit:GoldenBullet","hermit:Quickdraw"],"picked":"hermit:GhostlyPresence","floor":6.0},{"not_picked":["hermit:Snipe","hermit:SprayPray"],"picked":"hermit:DeadOrAlive","floor":8.0},{"not_picked":["hermit:LuckOfTheDraw","hermit:TrackingShot"],"picked":"hermit:Quickdraw","floor":10.0},{"not_picked":["hermit:TrackingShot","hermit:BodyArmor"],"picked":"hermit:GoldenBullet","floor":11.0},{"not_picked":["hermit:TrackingShot","hermit:HoleUp"],"picked":"hermit:Gambit","floor":12.0},{"not_picked":["hermit:SprayPray","hermit:TrackingShot"],"picked":"hermit:ShadowCloak","floor":13.0},{"not_picked":["hermit:OverwhelmingPower","hermit:BlackWind"],"picked":"hermit:Adapt","floor":16.0},{"not_picked":["hermit:Cheat","hermit:LuckOfTheDraw","hermit:LowProfile"],"picked":"SKIP","floor":18.0},{"not_picked":["hermit:Glare","hermit:Cheat","hermit:CalledShot"],"picked":"SKIP","floor":19.0},{"not_picked":["hermit:Magnum","hermit:Vantage","hermit:Coalescence+1"],"picked":"SKIP","floor":24.0},{"not_picked":["hermit:SprayPray","hermit:Glare"],"picked":"hermit:GhostlyPresence+1","floor":27.0},{"not_picked":["hermit:PistolWhip+1","hermit:LowProfile","hermit:Coalescence"],"picked":"SKIP","floor":29.0},{"not_picked":["hermit:Showdown","hermit:HighCaliber","hermit:Ricochet"],"picked":"SKIP","floor":30.0},{"not_picked":["hermit:Spite","hermit:BodyArmor","hermit:WideOpen"],"picked":"SKIP","floor":31.0},{"not_picked":["hermit:Magnum","hermit:RoundhouseKick"],"picked":"hermit:Dissolve","floor":33.0},{"not_picked":["hermit:Desperado+1","hermit:SprayPray+1","hermit:Glare+1"],"picked":"SKIP","floor":35.0},{"not_picked":["hermit:LowProfile","hermit:Dive","hermit:Manifest"],"picked":"SKIP","floor":38.0},{"not_picked":["hermit:Misfire","hermit:HoleUp","hermit:Shortfuse"],"picked":"SKIP","floor":39.0},{"not_picked":["hermit:Manifest","hermit:Deadeye"],"picked":"hermit:Reprieve","floor":40.0},{"not_picked":["hermit:Manifest","hermit:DeadMansHand"],"picked":"hermit:CalledShot+1","floor":42.0},{"not_picked":["hermit:Headshot","hermit:Vantage"],"picked":"hermit:Deadeye","floor":44.0},{"not_picked":["hermit:Spite+1","hermit:WideOpen","hermit:Gestalt"],"picked":"SKIP","floor":45.0},{"not_picked":["hermit:BigShot","hermit:LowProfile"],"picked":"hermit:FlashPowder+1","floor":46.0},{"not_picked":["hermit:Misfire","hermit:Dive","hermit:Snipe"],"picked":"SKIP","floor":48.0},{"not_picked":["hermit:Ricochet","hermit:ItchyTrigger"],"picked":"hermit:Quickdraw+1","floor":54.0}],"player_experience":2982790,"relics_obtained":[{"floor":6.0,"key":"HollowMod:LifeEnderRelic"},{"floor":7.0,"key":"Letter Opener"},{"floor":8.0,"key":"Pocketwatch"},{"floor":9.0,"key":"Bag of Marbles"},{"floor":12.0,"key":"Vajra"},{"floor":22.0,"key":"Runesmith:Nanobots"},{"floor":24.0,"key":"Guardian:PocketSentry"},{"floor":26.0,"key":"Oddly Smooth Stone"},{"floor":27.0,"key":"Unceasing Top"},{"floor":30.0,"key":"hermit:RyeStalk"},{"floor":40.0,"key":"Dream Catcher"},{"floor":40.0,"key":"Thread and Needle"},{"floor":46.0,"key":"Prayer Wheel"},{"floor":46.0,"key":"champ:DeflectingBracers"},{"floor":48.0,"key":"Omamori"},{"floor":48.0,"key":"CeramicFish"},{"floor":54.0,"key":"Torii"},{"floor":54.0,"key":"Whetstone"}],"event_choices":[{"damage_healed":0.0,"max_hp_gain":0.0,"max_hp_loss":0.0,"gold_gain":0.0,"event_name":"Accursed Blacksmith","player_choice":"Rummage","floor":2.0,"gold_loss":0.0,"damage_taken":0.0,"relics_obtained":["WarpedTongs"],"cards_obtained":["Pain"]},{"damage_healed":0.0,"max_hp_gain":0.0,"max_hp_loss":0.0,"gold_gain":0.0,"event_name":"Living Wall","player_choice":"Grow","floor":5.0,"gold_loss":0.0,"damage_taken":0.0,"cards_upgraded":["hermit:PistolWhip"]},{"damage_healed":0.0,"max_hp_gain":0.0,"max_hp_loss":0.0,"gold_gain":0.0,"event_name":"Big Fish","player_choice":"Box","floor":14.0,"gold_loss":0.0,"damage_taken":0.0,"relics_obtained":["hermit:Horseshoe"],"cards_obtained":["Regret"]},{"damage_healed":0.0,"max_hp_gain":0.0,"max_hp_loss":0.0,"gold_gain":0.0,"event_name":"The Library","player_choice":"Read","floor":21.0,"gold_loss":0.0,"damage_taken":0.0,"cards_obtained":["hermit:FatalDesire"]},{"damage_healed":0.0,"max_hp_gain":0.0,"max_hp_loss":0.0,"gold_gain":0.0,"event_name":"Addict","player_choice":"Stole Relic","floor":25.0,"gold_loss":0.0,"damage_taken":0.0,"relics_obtained":["Smiling Mask"],"cards_obtained":["Shame"]},{"damage_healed":0.0,"max_hp_gain":0.0,"max_hp_loss":0.0,"gold_gain":0.0,"event_name":"WeMeetAgain","player_choice":"Gave Potion","floor":37.0,"gold_loss":0.0,"damage_taken":0.0,"relics_obtained":["Boot"]}],"is_beta":false,"boss_relics":[{"not_picked":["Coffee Dripper","theSenshi:MoonKaleidoScopeRelic"],"picked":"sneckomod:SneckoTalon"},{"not_picked":["SacredBark","hermit:DentedPlate"],"picked":"Black Star"}],"items_purged_floors":[4,20,36,47],"is_endless":false,"potions_floor_spawned":[8,11,12,13,16,18,30,31,35,40,42,45,48],"ascension_level":13}}