{"host":"l84l8xigz5v5foa2","time":1611810356,"event":{"mods":["2.2 Compatiblity","AchievementEnabler","BaseMod","Better Note","Better Vampires","Colored Map","DeckTracker","Downfall","Gremlin Skip","Highlight Path","Keyboard Shortcuts","Minty Spire (QoL Compilation)","Permanent Neow","Quick Restart","Relic Filter","Relic Stats","StSLib","SuperFastMode","Transform Curses","Unknown Chances"],"gold_per_floor":[99,110,110,110,110,124,124,124,156,156,171,171,171,10,30,30,30,30],"floor_reached":16,"language":"ENG","playtime":581,"items_purged":[],"score":108,"play_id":"37986041-596d-4abf-a400-45a7c5597719","local_time":"20210128140556","is_ascension_mode":true,"campfire_choices":[{"data":"sneckomod:TailWhip","floor":1.0,"key":"SMITH"},{"data":"sneckomod:UnknownDexterity","floor":8.0,"key":"SMITH"},{"data":"sneckomod:SoulExchange","floor":10.0,"key":"SMITH"},{"data":"sneckomod:WideSting","floor":12.0,"key":"SMITH"}],"circlet_count":0,"master_deck":["sneckomod:Strike","sneckomod:Strike","sneckomod:Defend","sneckomod:Defend","sneckomod:Defend","sneckomod:TailWhip+1","sneckomod:SnekBite","sneckomod:Unknown","sneckomod:Unknown","sneckomod:UnknownDexterity+1","sneckomod:SoulExchange+1","sneckomod:WideSting+1","sneckomod:QuickMove","sneckomod:UnknownDraw"],"relics":["sneckomod:SneckoSoul","champ:DeflectingBracers","Unceasing Top","Pear","White Beast Statue","Ancient Tea Set","OrangePellets"],"acts_visited":["Exordium"],"potions_floor_usage":[],"damage_taken":[{"damage":1.0,"enemies":"Small Slimes","floor":2.0,"turns":3.0},{"damage":0.0,"enemies":"Jaw Worm","floor":6.0,"turns":2.0},{"damage":10.0,"enemies":"Gremlin Nob","floor":9.0,"turns":3.0},{"damage":0.0,"enemies":"2 Louse","floor":11.0,"turns":1.0},{"damage":0.0,"enemies":"downfall:FleeingMerchant","floor":14.0,"turns":4.0},{"damage":13.0,"enemies":"Large Slime","floor":15.0,"turns":3.0},{"damage":0,"enemies":"DF_ARCHETYPE_STREAMLINE","floor":16,"turns":1}],"seed_played":"4627703558028547712","potions_obtained":[{"floor":2.0,"key":"LiquidMemories"},{"floor":9.0,"key":"ColorlessPotion"},{"floor":11.0,"key":"BlessingOfTheForge"},{"floor":14.0,"key":"champ:CounterPotion"},{"floor":15.0,"key":"Fire Potion"}],"is_trial":false,"path_per_floor":["R","M","?","?","T","M","T","R","E","R","M","R","?","$","M","B"],"character_chosen":"THE_SNECKO","items_purchased":["OrangePellets"],"campfire_rested":0,"item_purchase_floors":[14],"current_hp_per_floor":[63,62,62,44,54,54,54,54,44,44,44,44,44,44,31,31,31,31],"gold":30,"neow_bonus":"ONE_RARE_RELIC","is_daily":false,"chose_seed":false,"campfire_upgraded":4,"win_rate":0.0,"timestamp":1611810356,"path_taken":["R","M","?","?","?","M","T","R","E","R","M","R","?","?","M","BOSS"],"items_purchased_type":["Relic"],"build_version":"2020-12-22","purchased_purges":0,"victory":false,"max_hp_per_floor":[90,90,90,90,100,100,100,100,100,100,100,100,100,100,100,100,100,100],"relic_stats":{"OrangePellets":[0],"counters":[7,17],"obtain_stats":[{"OrangePellets":14,"Pear":5,"champ:DeflectingBracers":0,"sneckomod:SneckoSoul":0,"Ancient Tea Set":9,"Unceasing Top":4,"White Beast Statue":7},{"OrangePellets":5,"Pear":1,"champ:DeflectingBracers":0,"sneckomod:SneckoSoul":0,"Ancient Tea Set":3,"Unceasing Top":1,"White Beast Statue":2},{"OrangePellets":13,"Pear":3,"champ:DeflectingBracers":0,"sneckomod:SneckoSoul":0,"Ancient Tea Set":8,"Unceasing Top":3,"White Beast Statue":5}],"Unceasing Top":[2]},"card_choices":[{"not_picked":["sneckomod:UnknownClassRED","sneckomod:QuickMove","sneckomod:UnknownClassTHE_BRONZE_AUTOMATON"],"picked":"SKIP","floor":2.0},{"not_picked":["sneckomod:UnknownClassBLUE","sneckomod:Unknown1Cost"],"picked":"sneckomod:UnknownDexterity","floor":6.0},{"not_picked":["sneckomod:IronFang","sneckomod:QuickMove"],"picked":"sneckomod:SoulExchange","floor":9.0},{"not_picked":["sneckomod:UnknownExhaust","sneckomod:UnknownUncommonPower"],"picked":"sneckomod:WideSting","floor":11.0},{"not_picked":["sneckomod:MixItUp","sneckomod:SoulRoll"],"picked":"sneckomod:QuickMove","floor":14.0},{"not_picked":["sneckomod:RainOfDice","sneckomod:ImprovisedGuard"],"picked":"sneckomod:UnknownDraw","floor":15.0}],"player_experience":3467616,"relics_obtained":[{"floor":5.0,"key":"Pear"},{"floor":7.0,"key":"White Beast Statue"},{"floor":9.0,"key":"Ancient Tea Set"}],"event_choices":[{"cards_removed":["sneckomod:Strike"],"damage_healed":0.0,"max_hp_gain":0.0,"max_hp_loss":0.0,"gold_gain":0.0,"event_name":"The Cleric","player_choice":"Card Removal","floor":3.0,"gold_loss":0.0,"damage_taken":0.0},{"damage_healed":0.0,"max_hp_gain":0.0,"max_hp_loss":0.0,"gold_gain":0.0,"event_name":"Scrap Ooze","player_choice":"Success","floor":4.0,"gold_loss":0.0,"damage_taken":18.0,"relics_obtained":["Unceasing Top"]}],"is_beta":false,"boss_relics":[],"items_purged_floors":[],"is_endless":false,"potions_floor_spawned":[2,9,11,14,15],"killed_by":"DF_ARCHETYPE_STREAMLINE","ascension_level":2}}