{"host":"t75twhtg6c476ygg","time":1611871435,"event":{"mods":["AchievementEnabler","BaseMod","Colored Powertips","Minty Spire (QoL Compilation)","Quick Restart","Relic Stats","StSLib","SuperFastMode"],"gold_per_floor":[144,189,234,279,279,279,50,50,100,145,45,90,135,225,225,525,525,570,615,390,435,480,480,570,570,570,660,660,750,750,105,105,405,405,450,495,495,95,95,185,185,275,300,345,390,1,1,46,46,46],"floor_reached":51,"language":"ENG","playtime":2117,"items_purged":["Static Discharge"],"score":967,"play_id":"448d22db-67b7-450c-99dd-b6b0e01231de","local_time":"20210128220355","daily_mods":["Draft","Purple Cards","Midas"],"is_ascension_mode":false,"campfire_choices":[{"floor":6.0,"key":"REST"},{"floor":8.0,"key":"REST"},{"floor":15.0,"key":"DIG"},{"floor":23.0,"key":"DIG"},{"floor":25.0,"key":"DIG"},{"floor":30.0,"key":"DIG"},{"floor":32.0,"key":"DIG"},{"floor":41.0,"key":"DIG"},{"floor":47,"key":"DIG"},{"floor":49,"key":"DIG"}],"circlet_count":0,"master_deck":["EmptyFist+1","Gash+1","Conserve Battery+1","Consume+1","FollowUp+1","Beam Cell+1","FollowUp+1","Consecrate+1","Prostrate+1","Hologram+1","Halt+1","Scrape+1","TalkToTheHand+1","FearNoEvil+1","FlurryOfBlows+1","Meditate+1","LessonLearned+1","Doom and Gloom+1","LessonLearned+1","Buffer+1","Gash+1","Defragment+1","Consecrate+1","Core Surge+1","Consecrate+1","Creative AI+1","Capacitor","EmptyBody+1","Go for the Eyes+1"],"relics":["Cracked Core","Bag of Marbles","Sling","Regal Pillow","Shovel","Unceasing Top","Sundial","Eternal Feather","Inserter","Akabeko","StrikeDummy","Symbiotic Virus","DataDisk","Ornamental Fan","Bottled Flame","Molten Egg 2","Centennial Puzzle","Bag of Preparation","Whetstone","HornCleat","Mummified Hand","Fusion Hammer","Matryoshka","ClockworkSouvenir","Mercury Hourglass","Turnip","InkBottle","Vajra","Toy Ornithopter","Membership Card","Pen Nib","Oddly Smooth Stone","The Courier","Orichalcum"],"acts_visited":["Exordium","TheCity","TheBeyond"],"potions_floor_usage":[50,50],"damage_taken":[{"damage":0.0,"enemies":"Cultist","floor":1.0,"turns":3.0},{"damage":1.0,"enemies":"Jaw Worm","floor":2.0,"turns":2.0},{"damage":10.0,"enemies":"Small Slimes","floor":3.0,"turns":3.0},{"damage":7.0,"enemies":"3 Louse","floor":4.0,"turns":2.0},{"damage":3.0,"enemies":"2 Fungi Beasts","floor":10.0,"turns":3.0},{"damage":3.0,"enemies":"Exordium Thugs","floor":12.0,"turns":3.0},{"damage":4.0,"enemies":"Blue Slaver","floor":13.0,"turns":2.0},{"damage":12.0,"enemies":"Gremlin Nob","floor":14.0,"turns":3.0},{"damage":15.0,"enemies":"Slime Boss","floor":16.0,"turns":7.0},{"damage":12.0,"enemies":"2 Thieves","floor":18.0,"turns":3.0},{"damage":3.0,"enemies":"Chosen","floor":19.0,"turns":5.0},{"damage":14.0,"enemies":"Snecko","floor":21.0,"turns":4.0},{"damage":10.0,"enemies":"Sentry and Sphere","floor":22.0,"turns":4.0},{"damage":0.0,"enemies":"Book of Stabbing","floor":24.0,"turns":2.0},{"damage":23.0,"enemies":"Slavers","floor":27.0,"turns":4.0},{"damage":0.0,"enemies":"Gremlin Leader","floor":29.0,"turns":3.0},{"damage":12.0,"enemies":"Automaton","floor":33.0,"turns":6.0},{"damage":2.0,"enemies":"Orb Walker","floor":35.0,"turns":3.0},{"damage":0.0,"enemies":"3 Darklings","floor":36.0,"turns":3.0},{"damage":0.0,"enemies":"Nemesis","floor":40.0,"turns":3.0},{"damage":0,"enemies":"Giant Head","floor":42,"turns":4},{"damage":0,"enemies":"Jaw Worm Horde","floor":44,"turns":2},{"damage":6,"enemies":"Sphere and 2 Shapes","floor":45,"turns":4},{"damage":0,"enemies":"3 Darklings","floor":48,"turns":3},{"damage":44,"enemies":"Time Eater","floor":50,"turns":8}],"seed_played":"9192803745042345800","potions_obtained":[{"floor":2.0,"key":"GamblersBrew"},{"floor":3.0,"key":"Ancient Potion"},{"floor":13.0,"key":"AttackPotion"},{"floor":19.0,"key":"Dexterity Potion"},{"floor":27.0,"key":"FocusPotion"}],"is_trial":false,"path_per_floor":["M","M","M","M","?","R","$","R","T","M","$","M","M","E","R","B",null,"M","M","$","M","M","R","E","R","T","E","?","E","R","$","R","B",null,"M","M","?","$","?","E","R","E","T","M","M","$","R","M","R","B",null],"character_chosen":"DEFECT","items_purchased":["Sling","Meditate","Shovel","Unceasing Top","Akabeko","Bag of Preparation","Whetstone","Core Surge+1","ThirdEye","Consecrate+1","FairyPotion","Matryoshka","ClockworkSouvenir","Membership Card","Pen Nib","Oddly Smooth Stone","Capacitor","EmptyBody","Go for the Eyes+1"],"campfire_rested":2,"item_purchase_floors":[7,7,11,11,20,31,31,31,31,31,31,38,38,46,46,46,46,46,46],"current_hp_per_floor":[75,74,64,57,57,75,75,75,75,72,72,69,65,53,53,38,75,63,60,60,46,36,48,48,60,60,37,23,23,35,35,50,38,80,78,78,78,78,78,78,80,80,80,80,74,74,80,80,80,36],"gold":46,"neow_bonus":"","is_daily":true,"chose_seed":false,"campfire_upgraded":0,"win_rate":0.0,"timestamp":1611871435,"path_taken":["M","M","?","M","?","R","$","R","T","M","$","?","M","E","R","BOSS","M","M","$","M","M","R","E","R","T","E","?","E","R","$","R","BOSS","M","M","?","$","?","E","R","E","T","M","?","$","R","M","R","BOSS"],"items_purchased_type":["Relic","Card","Relic","Relic","Relic","Relic","Relic","Card","Card","Card","Potion","Relic","Relic","Relic","Relic","Relic","Card","Card","Card"],"build_version":"2020-12-22","purchased_purges":1,"victory":true,"max_hp_per_floor":[75,75,75,75,75,75,75,75,75,75,75,75,75,75,75,75,75,75,75,75,75,75,75,75,75,75,75,80,80,80,80,80,80,80,80,80,80,80,80,80,80,80,80,80,80,80,80,80,80,80],"relic_stats":{"Regal Pillow":0,"Inserter":[30],"counters":[25,89],"Eternal Feather":59,"Pen Nib":[4],"Bag of Preparation":[18],"Whetstone":["FollowUp","Consecrate"],"Orichalcum":[6],"Mercury Hourglass":[59],"Centennial Puzzle":[12],"Shovel":8,"Sundial":[8],"Ornamental Fan":[168],"Mummified Hand":[25],"Turnip":[5],"obtain_stats":[{"Regal Pillow":9,"Vajra":43,"Bag of Preparation":31,"Whetstone":31,"Sling":7,"ClockworkSouvenir":38,"Centennial Puzzle":30,"Shovel":11,"HornCleat":32,"Matryoshka":38,"Sundial":14,"Mummified Hand":34,"Fusion Hammer":34,"Cracked Core":0,"InkBottle":42,"Inserter":17,"Oddly Smooth Stone":46,"Eternal Feather":15,"Pen Nib":46,"The Courier":47,"Orichalcum":49,"Akabeko":20,"Mercury Hourglass":40,"DataDisk":25,"Bottled Flame":27,"Ornamental Fan":26,"Molten Egg 2":29,"Turnip":41,"Bag of Marbles":5,"Membership Card":46,"StrikeDummy":23,"Symbiotic Virus":24,"Unceasing Top":11,"Toy Ornithopter":43},{"Regal Pillow":4,"Vajra":21,"Bag of Preparation":16,"Whetstone":16,"Sling":4,"ClockworkSouvenir":19,"Centennial Puzzle":16,"Shovel":5,"HornCleat":16,"Matryoshka":19,"Sundial":8,"Mummified Hand":17,"Fusion Hammer":17,"Cracked Core":0,"InkBottle":21,"Inserter":9,"Oddly Smooth Stone":23,"Eternal Feather":8,"Pen Nib":23,"The Courier":23,"Orichalcum":24,"Akabeko":11,"Mercury Hourglass":20,"DataDisk":14,"Bottled Flame":15,"Ornamental Fan":14,"Molten Egg 2":16,"Turnip":20,"Bag of Marbles":4,"Membership Card":23,"StrikeDummy":13,"Symbiotic Virus":14,"Unceasing Top":5,"Toy Ornithopter":21},{"Regal Pillow":10,"Vajra":72,"Bag of Preparation":53,"Whetstone":53,"Sling":10,"ClockworkSouvenir":65,"Centennial Puzzle":53,"Shovel":13,"HornCleat":53,"Matryoshka":65,"Sundial":21,"Mummified Hand":59,"Fusion Hammer":59,"Cracked Core":0,"InkBottle":72,"Inserter":28,"Oddly Smooth Stone":78,"Eternal Feather":21,"Pen Nib":78,"The Courier":78,"Orichalcum":81,"Akabeko":36,"Mercury Hourglass":68,"DataDisk":46,"Bottled Flame":50,"Ornamental Fan":46,"Molten Egg 2":53,"Turnip":68,"Bag of Marbles":10,"Membership Card":78,"StrikeDummy":44,"Symbiotic Virus":46,"Unceasing Top":13,"Toy Ornithopter":72}],"Unceasing Top":[38],"InkBottle":[9],"Toy Ornithopter":0},"card_choices":[{"not_picked":["BattleHymn","FlyingSleeves"],"picked":"EmptyFist","floor":0.0},{"not_picked":["CutThroughFate","Worship"],"picked":"Static Discharge","floor":0.0},{"not_picked":["Halt","EmptyBody"],"picked":"Gash","floor":0.0},{"not_picked":["Redo","Rebound"],"picked":"Conserve Battery","floor":0.0},{"not_picked":["CutThroughFate","Hologram"],"picked":"Consume","floor":0.0},{"not_picked":["Turbo","PathToVictory"],"picked":"FollowUp","floor":0.0},{"not_picked":["CrushJoints","Cold Snap"],"picked":"Study","floor":0.0},{"not_picked":["Perseverance","Rebound"],"picked":"Beam Cell","floor":0.0},{"not_picked":["CrushJoints","Consume"],"picked":"FollowUp","floor":0.0},{"not_picked":["Rip and Tear","Ball Lightning"],"picked":"Consecrate","floor":0.0},{"not_picked":["PathToVictory","SashWhip"],"picked":"Prostrate","floor":0.0},{"not_picked":["InnerPeace","Coolheaded"],"picked":"Hologram","floor":0.0},{"not_picked":["EmptyFist","CrushJoints"],"picked":"Halt","floor":0.0},{"not_picked":["Self Repair","SandsOfTime"],"picked":"Scrape","floor":0.0},{"not_picked":["Collect","Turbo"],"picked":"TalkToTheHand","floor":0.0},{"not_picked":["Ball Lightning","Glacier","SashWhip"],"picked":"SKIP","floor":1.0},{"not_picked":["EmptyBody","WindmillStrike","Aggregate"],"picked":"SKIP","floor":2.0},{"not_picked":["Steam Power","Consume"],"picked":"FearNoEvil","floor":3.0},{"not_picked":["Rebound","EmptyBody"],"picked":"FlurryOfBlows","floor":4.0},{"not_picked":["Rip and Tear","Crescendo"],"picked":"Doom and Gloom","floor":10.0},{"not_picked":["Chaos","Perseverance","JustLucky"],"picked":"SKIP","floor":12.0},{"not_picked":["Protect","Rebound","EmptyBody"],"picked":"SKIP","floor":13.0},{"not_picked":["Wireheading","Streamline","Compile Driver"],"picked":"SKIP","floor":14.0},{"not_picked":["Alpha","Biased Cognition"],"picked":"Buffer","floor":16.0},{"not_picked":["Barrage","Compile Driver","Collect+1"],"picked":"SKIP","floor":18.0},{"not_picked":["Steam Power","Undo+1"],"picked":"Gash+1","floor":19.0},{"not_picked":["Barrage+1","Protect","Hologram"],"picked":"SKIP","floor":21.0},{"not_picked":["FlyingSleeves","Wireheading+1","Storm"],"picked":"SKIP","floor":22.0},{"not_picked":["Glacier+1","FollowUp"],"picked":"Defragment","floor":24.0},{"not_picked":["Conserve Battery","SashWhip"],"picked":"Consecrate","floor":27.0},{"not_picked":["Reprogram","PathToVictory+1","CrushJoints+1"],"picked":"SKIP","floor":29.0},{"not_picked":["Electrodynamics","ConjureBlade"],"picked":"Creative AI","floor":33.0},{"not_picked":["Sweeping Beam+1","ThirdEye+1","Prostrate"],"picked":"SKIP","floor":35.0},{"not_picked":["Rip and Tear+1","Redo","Genetic Algorithm+1"],"picked":"SKIP","floor":36.0},{"not_picked":["EmptyBody","Hello World+1","FTL+1"],"picked":"SKIP","floor":40.0},{"not_picked":["Redo","Meditate","Heatsinks+1"],"picked":"SKIP","floor":42},{"not_picked":["CarveReality+1","Chaos+1","Compile Driver+1"],"picked":"SKIP","floor":44},{"not_picked":["ThirdEye+1","Wallop+1","Rebound+1"],"picked":"SKIP","floor":45},{"not_picked":["ThirdEye","Halt","Barrage+1"],"picked":"SKIP","floor":48}],"player_experience":277430,"relics_obtained":[{"floor":9.0,"key":"Regal Pillow"},{"floor":14.0,"key":"Sundial"},{"floor":15.0,"key":"Eternal Feather"},{"floor":23.0,"key":"StrikeDummy"},{"floor":24.0,"key":"Symbiotic Virus"},{"floor":25.0,"key":"DataDisk"},{"floor":26.0,"key":"Ornamental Fan"},{"floor":27.0,"key":"Bottled Flame"},{"floor":29.0,"key":"Molten Egg 2"},{"floor":30.0,"key":"Centennial Puzzle"},{"floor":32.0,"key":"HornCleat"},{"floor":40.0,"key":"Mercury Hourglass"},{"floor":41.0,"key":"Turnip"},{"floor":42,"key":"InkBottle"},{"floor":43,"key":"Vajra"},{"floor":43,"key":"Toy Ornithopter"},{"floor":47,"key":"The Courier"},{"floor":49,"key":"Orichalcum"}],"event_choices":[{"cards_removed":["Study"],"damage_healed":0.0,"max_hp_gain":0.0,"max_hp_loss":0.0,"gold_gain":0.0,"event_name":"WeMeetAgain","player_choice":"Gave Card","floor":5.0,"gold_loss":0.0,"damage_taken":0.0,"relics_obtained":["Bag of Marbles"]},{"damage_healed":0.0,"max_hp_gain":5.0,"max_hp_loss":0.0,"gold_gain":0.0,"event_name":"Forgotten Altar","player_choice":"Shed Blood","floor":28.0,"gold_loss":0.0,"damage_taken":19.0},{"damage_healed":0.0,"max_hp_gain":0.0,"max_hp_loss":0.0,"gold_gain":0.0,"event_name":"SensoryStone","player_choice":"Memory 1","floor":37.0,"gold_loss":0.0,"damage_taken":0.0},{"damage_healed":0.0,"max_hp_gain":0.0,"max_hp_loss":0.0,"gold_gain":0.0,"event_name":"Upgrade Shrine","player_choice":"Upgraded","floor":39.0,"gold_loss":0.0,"damage_taken":0.0,"cards_upgraded":["FollowUp"]}],"is_beta":false,"boss_relics":[{"not_picked":["Runic Dome","Astrolabe"],"picked":"Inserter"},{"not_picked":["Calling Bell","Philosopher\u0027s Stone"],"picked":"Fusion Hammer"}],"items_purged_floors":[20],"is_endless":false,"potions_floor_spawned":[2,3,13,19,21,22,27,40,48],"ascension_level":0}}