{"host":"qsusua7l529r8z9k","time":1611844706,"event":{"mods":["BaseMod","Minty Spire (QoL Compilation)","Spicy Shops","StSLib"],"gold_per_floor":[114,114,132,112,126,126,156,156,156,182,195,195,120,45,45,122,122,141,141,154,75,0,35,35,45,45,78,78,78],"floor_reached":28,"language":"ZHS","playtime":756,"items_purged":["Strike_B"],"score":502,"play_id":"217c1b85-de4f-48cb-b194-568c6f0972ce","local_time":"20210128223826","is_ascension_mode":true,"campfire_choices":[{"data":"Dualcast","floor":6.0,"key":"SMITH"},{"data":"Zap","floor":8.0,"key":"SMITH"},{"data":"Turbo","floor":12.0,"key":"SMITH"},{"data":"Streamline","floor":15.0,"key":"SMITH"},{"floor":24.0,"key":"REST"}],"circlet_count":0,"master_deck":["AscendersBane","Zap+1","Dualcast+1","Cold Snap","Streamline+1","Turbo+1","Ball Lightning","Creative AI","Beam Cell","Rainbow","Heatsinks","Core Surge","Aggregate","Rainbow","Conserve Battery","Coolheaded","Stack+1","Reinforced Body"],"relics":["Cracked Core","NeowsBlessing","Cables","Toy Ornithopter","Vajra","Pandora\u0027s Box","Thread and Needle","Bottled Lightning","Boot"],"acts_visited":["Exordium","TheCity"],"potions_floor_usage":[],"damage_taken":[{"damage":0.0,"enemies":"Jaw Worm","floor":1.0,"turns":1.0},{"damage":0.0,"enemies":"Cultist","floor":3.0,"turns":1.0},{"damage":0.0,"enemies":"Small Slimes","floor":5.0,"turns":1.0},{"damage":33.0,"enemies":"Lagavulin","floor":7.0,"turns":8.0},{"damage":8.0,"enemies":"Gremlin Nob","floor":10.0,"turns":3.0},{"damage":9.0,"enemies":"Exordium Wildlife","floor":11.0,"turns":2.0},{"damage":22.0,"enemies":"Slime Boss","floor":16.0,"turns":6.0},{"damage":0.0,"enemies":"Chosen","floor":18.0,"turns":3.0},{"damage":26.0,"enemies":"Shell Parasite","floor":20.0,"turns":3.0},{"damage":27.0,"enemies":"Gremlin Leader","floor":23.0,"turns":5.0},{"damage":6.0,"enemies":"Snake Plant","floor":25.0,"turns":3.0},{"damage":26,"enemies":"Book of Stabbing","floor":27,"turns":5},{"damage":15,"enemies":"Shelled Parasite and Fungi","floor":28,"turns":1}],"seed_played":"-7997297219521612025","potions_obtained":[{"floor":1.0,"key":"Energy Potion"},{"floor":4.0,"key":"EntropicBrew"},{"floor":10.0,"key":"DuplicationPotion"},{"floor":16.0,"key":"Weak Potion"},{"floor":19.0,"key":"Swift Potion"},{"floor":20.0,"key":"PowerPotion"}],"is_trial":false,"path_per_floor":["M","?","M","?","M","R","E","R","T","E","M","R","?","$","R","B",null,"M","?","M","$","?","E","R","M","T","E","M"],"character_chosen":"DEFECT","items_purchased":["Conserve Battery"],"campfire_rested":1,"item_purchase_floors":[21],"current_hp_per_floor":[64,64,64,64,64,64,31,31,31,38,29,29,29,29,29,17,58,58,58,32,32,32,15,36,30,30,4,0,0],"gold":78,"neow_bonus":"THREE_ENEMY_KILL","is_daily":false,"chose_seed":false,"campfire_upgraded":4,"win_rate":0.0,"timestamp":1611844706,"path_taken":["M","?","?","?","M","R","E","R","T","E","?","R","?","?","R","BOSS","M","?","M","?","?","E","R","M","T","E","M"],"items_purchased_type":["Card"],"build_version":"2020-12-22","purchased_purges":1,"victory":false,"max_hp_per_floor":[71,71,71,71,71,71,71,71,71,71,71,71,71,71,71,71,71,71,71,71,71,71,71,71,71,71,71,71,71],"card_choices":[{"not_picked":["FTL","Force Field","Sweeping Beam"],"picked":"SKIP","floor":1.0},{"not_picked":["Beam Cell","Steam","Hologram"],"picked":"SKIP","floor":3.0},{"not_picked":["Steam","Hologram"],"picked":"Cold Snap","floor":5.0},{"not_picked":["Storm","FTL"],"picked":"Streamline","floor":7.0},{"not_picked":["Static Discharge","Compile Driver"],"picked":"Turbo","floor":10.0},{"not_picked":["Stack","Rainbow"],"picked":"Ball Lightning","floor":11.0},{"not_picked":["Multi-Cast","Core Surge"],"picked":"Creative AI","floor":16.0},{"not_picked":["Cold Snap","Stack","Compile Driver"],"picked":"SKIP","floor":18.0},{"not_picked":["Aggregate","Beam Cell","Barrage+1"],"picked":"SKIP","floor":20.0},{"not_picked":["Consume","Seek"],"picked":"Coolheaded","floor":23.0},{"not_picked":["Leap","Compile Driver"],"picked":"Stack+1","floor":25.0},{"not_picked":["Streamline","Barrage"],"picked":"Reinforced Body","floor":27}],"player_experience":532626,"relics_obtained":[{"floor":7.0,"key":"Cables"},{"floor":9.0,"key":"Toy Ornithopter"},{"floor":10.0,"key":"Vajra"},{"floor":23.0,"key":"Thread and Needle"},{"floor":26.0,"key":"Bottled Lightning"},{"floor":27,"key":"Boot"}],"event_choices":[{"damage_healed":0.0,"max_hp_gain":0.0,"max_hp_loss":0.0,"gold_gain":0.0,"event_name":"Wheel of Change","player_choice":"Cursed","floor":2.0,"gold_loss":0.0,"damage_taken":0.0,"cards_obtained":["Decay"]},{"damage_healed":0.0,"max_hp_gain":0.0,"max_hp_loss":0.0,"gold_gain":0.0,"event_name":"The Woman in Blue","player_choice":"Bought 1 Potion","floor":4.0,"gold_loss":0.0,"damage_taken":0.0},{"cards_removed":["Decay"],"damage_healed":0.0,"max_hp_gain":0.0,"max_hp_loss":0.0,"gold_gain":0.0,"event_name":"The Cleric","player_choice":"Card Removal","floor":13.0,"gold_loss":75.0,"damage_taken":0.0},{"damage_healed":0.0,"max_hp_gain":0.0,"max_hp_loss":0.0,"gold_gain":0.0,"event_name":"Lab","player_choice":"Got Potions","floor":19.0,"gold_loss":0.0,"damage_taken":0.0},{"cards_removed":["Sunder"],"damage_healed":0.0,"max_hp_gain":0.0,"max_hp_loss":0.0,"gold_gain":0.0,"event_name":"Beggar","player_choice":"Gave Gold","floor":22.0,"gold_loss":75.0,"damage_taken":0.0}],"is_beta":false,"boss_relics":[{"not_picked":["Velvet Choker","Sozu"],"picked":"Pandora\u0027s Box"}],"items_purged_floors":[14],"is_endless":false,"potions_floor_spawned":[1,10,11,16,20],"killed_by":"Shelled Parasite and Fungi","ascension_level":18}}