{"host":"j0e3xzyxe6w4yncp","time":1611847126,"event":{"mods":["2.2 Compatiblity","BaseMod","Colored Map","Colored Powertips","Downfall","Minty Spire (QoL Compilation)","Quick Restart","Shop Mod","StSLib"],"gold_per_floor":[99,115,22,35,35,20,20,39,39,71,71,89,89,114,128,128,128,128],"floor_reached":16,"language":"ENG","playtime":1226,"items_purged":[],"score":135,"play_id":"72ed72d0-3ca9-4448-be6c-1cb568c7c233","local_time":"20210128101846","is_ascension_mode":false,"campfire_choices":[{"floor":1.0,"key":"RECALL"},{"floor":9,"key":"REST"},{"floor":11,"key":"REST"},{"floor":13,"key":"REST"}],"circlet_count":0,"master_deck":["champ:Strike","champ:Strike","champ:Strike","champ:Strike","champ:Defend","champ:Defend","champ:Defend","champ:Defend","champ:Execute","champ:Taunt","champ:Haymaker","champ:RageSigil","champ:FaceSlap","champ:GutPunch","Regret","champ:Shatter","champ:ShieldSigil","champ:CheapShot","champ:EnGarde","champ:Backstep","champ:CalledShot","champ:SwordThrow","champ:EnGarde"],"relics":["Fusion Hammer","hexamod:BolsterEngine","Dream Catcher","Bottled Flame"],"acts_visited":["Exordium"],"potions_floor_usage":[3,10,14],"damage_taken":[{"damage":18.0,"enemies":"Jaw Worm","floor":2.0,"turns":3.0},{"damage":25,"enemies":"downfall:FleeingMerchant","floor":3,"turns":4},{"damage":22,"enemies":"Small Slimes","floor":4,"turns":3},{"damage":31,"enemies":"downfall:FleeingMerchant","floor":6,"turns":4},{"damage":10,"enemies":"2 Louse","floor":8,"turns":2},{"damage":71,"enemies":"3 Sentries","floor":10,"turns":7},{"damage":25,"enemies":"Blue Slaver","floor":12,"turns":3},{"damage":20,"enemies":"Gremlin Nob","floor":14,"turns":2},{"damage":36,"enemies":"Large Slime","floor":15,"turns":2},{"damage":101,"enemies":"DF_ARCHETYPE_STREAMLINE","floor":16,"turns":10}],"seed_played":"-7268404434575344506","potions_obtained":[{"floor":2.0,"key":"BlessingOfTheForge"},{"floor":8,"key":"SkillPotion"},{"floor":12,"key":"DistilledChaos"}],"is_trial":false,"path_per_floor":["R","M","$","M","?","$","T","M","R","E","R","M","R","E","M","B"],"character_chosen":"THE_CHAMP","items_purchased":["champ:FaceSlap"],"campfire_rested":3,"item_purchase_floors":[3],"current_hp_per_floor":[90,82,77,70,70,59,59,59,86,65,90,85,90,90,74,0,0,0],"gold":128,"neow_bonus":"BOSS_RELIC","is_daily":false,"chose_seed":false,"campfire_upgraded":0,"win_rate":0.0,"timestamp":1611847126,"path_taken":["R","M","$","M","?","$","T","M","R","E","R","M","R","E","M","BOSS"],"items_purchased_type":["Card"],"build_version":"2020-12-22","purchased_purges":0,"victory":false,"max_hp_per_floor":[90,90,90,90,90,90,90,90,90,90,90,90,90,90,90,90,90,90],"card_choices":[{"not_picked":["champ:BladeFlurry","champ:Lariat"],"picked":"champ:Haymaker","floor":2.0},{"not_picked":["champ:PerfectedStrike","champ:IgnorePain"],"picked":"champ:RageSigil","floor":3},{"not_picked":["champ:PreemptiveStrike","champ:CalledShot"],"picked":"champ:GutPunch","floor":4},{"not_picked":["champ:BladeFlurry","champ:DefensiveShout"],"picked":"champ:Shatter","floor":6},{"not_picked":["champ:PreciseThrust","champ:BerserkersShout"],"picked":"champ:ShieldSigil","floor":8},{"not_picked":["champ:TornadoPunch","champ:BerserkersShout"],"picked":"champ:CheapShot","floor":10},{"not_picked":["champ:BringItOn","champ:DefensiveStyle"],"picked":"champ:EnGarde","floor":11},{"not_picked":["champ:FancyFootwork","champ:Parry"],"picked":"champ:Backstep","floor":12},{"not_picked":["champ:Haymaker","champ:DefensiveStyle"],"picked":"champ:CalledShot","floor":13},{"not_picked":["champ:Lariat","champ:BringItOn"],"picked":"champ:SwordThrow","floor":14},{"not_picked":["champ:FlashCut","champ:BringItOn"],"picked":"champ:EnGarde","floor":15}],"player_experience":674303,"relics_obtained":[{"floor":10,"key":"Dream Catcher"},{"floor":14,"key":"Bottled Flame"}],"event_choices":[{"damage_healed":0,"gold_gain":0,"player_choice":"Box","damage_taken":0,"relics_obtained":["hexamod:BolsterEngine"],"max_hp_gain":0,"max_hp_loss":0,"event_name":"Big Fish","floor":5,"gold_loss":0,"cards_obtained":["Regret"]}],"is_beta":false,"boss_relics":[],"items_purged_floors":[],"is_endless":false,"potions_floor_spawned":[2,8,12],"killed_by":"DF_ARCHETYPE_STREAMLINE","ascension_level":0}}