{"host":"8o45mh5p3pp1o2mi","time":1611878305,"event":{"mods":["BaseMod","Bestiary","Better Match","Better Third Choice","BetterRewards","Dark Map","Downfall","Fox Events","Minty Spire (QoL Compilation)","Rare Cards Sparkle","Relic Stats","Replay The Spire","Shop Mod","StSLib","everything is the same but u backflip on backflip"],"gold_per_floor":[118,136,136,136,151,151,169,194,194,224,224,32,32,43,43,147,147,159,159,159],"floor_reached":19,"language":"ENG","playtime":1187,"items_purged":[],"score":332,"play_id":"c98b2ee3-b1d7-4162-aa4b-407aa8fd8864","local_time":"20210128235825","is_ascension_mode":true,"campfire_choices":[{"data":"Eruption","floor":6,"key":"SMITH"},{"data":"ForeignInfluence","floor":15,"key":"SMITH"}],"circlet_count":0,"master_deck":["Strike_P","Eruption+1","Vigilance","LikeWater","Halt","TalkToTheHand","Crescendo+1","Replay:Vibes","LikeWater","SpiritShield","ForeignInfluence+1","EmptyFist","Vengeance","SpiritShield","Languid","Replay:Hysterical Blindness","Indignation"],"relics":["PureWater","Chemical X","Iron Hammer","Orichalcum","Lee\u0027s Waffle","Pen Nib","Replay:Grab Bag","Philosopher\u0027s Stone","ReplayTheSpireMod:DimensionalGlitch","Kintsugi"],"acts_visited":["Exordium","TheCity"],"potions_floor_usage":[10,16,18,19],"damage_taken":[{"damage":0,"enemies":"2 Louse","floor":1,"turns":3},{"damage":5,"enemies":"Jaw Worm","floor":2,"turns":3},{"damage":7,"enemies":"Small Slimes","floor":5,"turns":2},{"damage":0,"enemies":"2 Fungi Beasts","floor":7,"turns":3},{"damage":1,"enemies":"Lagavulin","floor":8,"turns":7},{"damage":35,"enemies":"Replay:BlueRogue","floor":10,"turns":4},{"damage":3,"enemies":"Blue Slaver","floor":14,"turns":4},{"damage":12,"enemies":"Slime Boss","floor":16,"turns":7},{"damage":46,"enemies":"Spheric Guardian","floor":18,"turns":5},{"damage":53,"enemies":"Masked Bandits","floor":19,"turns":3}],"seed_played":"-5418193449452299654","potions_obtained":[{"floor":1,"key":"ColorlessPotion"},{"floor":10,"key":"Slimebound:ThreeZeroPotion"},{"floor":14,"key":"GamblersBrew"},{"floor":16,"key":"PowerPotion"}],"is_trial":false,"path_per_floor":["M","M","?","?","M","R","M","E","T","E","?","$","?","M","R","B",null,"M","?"],"character_chosen":"WATCHER","items_purchased":["Chemical X","LikeWater","Halt","Lee\u0027s Waffle","EmptyFist"],"campfire_rested":0,"item_purchase_floors":[0,0,0,12,12],"current_hp_per_floor":[72,67,53,46,39,39,39,38,38,3,3,79,72,69,69,57,79,33,0,0],"gold":159,"neow_bonus":"","is_daily":false,"chose_seed":false,"campfire_upgraded":2,"win_rate":0.0,"timestamp":1611878305,"path_taken":["M","M","?","?","M","R","M","E","T","E","?","$","?","?","R","BOSS","M","?"],"items_purchased_type":["Relic","Card","Card","Relic","Card"],"build_version":"2020-12-22","purchased_purges":0,"victory":false,"max_hp_per_floor":[72,72,72,72,72,72,72,72,72,72,72,79,79,79,79,79,79,79,79,79],"relic_stats":{"Lee\u0027s Waffle":76,"counters":[40,153],"Pen Nib":[3],"Chemical X":[1],"Orichalcum":[6],"obtain_stats":[{"Lantern":4,"downfall:HeartBlessingGreen":18,"Bottled Tornado":43,"Boot":46,"Replay:Ringing Soul":43,"Chameleon Ring":3,"HornCleat":24,"Strawberry":25,"Philosopher\u0027s Stone":17,"Iron Hammer":8,"Chemical X":0,"InkBottle":40,"Potion Belt":3,"Gremlin Food":41,"Lee\u0027s Waffle":12,"downfall:HeartBlessingRed":9,"ReplayTheSpireMod:Ring of Addiction":3,"Replay:Grab Bag":17,"Guardian:ModeShifter":0,"downfall:HeartsMalice":0,"Eternal Feather":13,"Pen Nib":13,"Orichalcum":10,"SlaversCollar":17,"sneckomod:BabySnecko":21,"CaptainsWheel":7,"Pondfish Scales":44,"Busted Crown":34,"MutagenicStrength":22,"ReplayTheSpireMod:TigerMarble":28,"Kintsugi":17,"ReplayTheSpireMod:DimensionalGlitch":17},{"Lantern":2,"downfall:HeartBlessingGreen":9,"Bottled Tornado":25,"Boot":27,"Replay:Ringing Soul":25,"Chameleon Ring":1,"HornCleat":13,"Strawberry":14,"Philosopher\u0027s Stone":38,"Iron Hammer":35,"Chemical X":30,"InkBottle":23,"Potion Belt":1,"Gremlin Food":23,"Lee\u0027s Waffle":36,"downfall:HeartBlessingRed":4,"ReplayTheSpireMod:Ring of Addiction":1,"Replay:Grab Bag":38,"Guardian:ModeShifter":0,"downfall:HeartsMalice":0,"Eternal Feather":7,"Pen Nib":36,"Orichalcum":36,"SlaversCollar":9,"sneckomod:BabySnecko":11,"CaptainsWheel":3,"Pondfish Scales":26,"Busted Crown":20,"MutagenicStrength":12,"ReplayTheSpireMod:TigerMarble":17,"Kintsugi":38,"ReplayTheSpireMod:DimensionalGlitch":38},{"Lantern":0,"downfall:HeartBlessingGreen":22,"Bottled Tornado":87,"Boot":96,"Replay:Ringing Soul":87,"Chameleon Ring":0,"HornCleat":45,"Strawberry":49,"Philosopher\u0027s Stone":145,"Iron Hammer":130,"Chemical X":112,"InkBottle":83,"Potion Belt":0,"Gremlin Food":83,"Lee\u0027s Waffle":134,"downfall:HeartBlessingRed":4,"ReplayTheSpireMod:Ring of Addiction":0,"Replay:Grab Bag":145,"Guardian:ModeShifter":0,"downfall:HeartsMalice":0,"Eternal Feather":14,"Pen Nib":134,"Orichalcum":134,"SlaversCollar":22,"sneckomod:BabySnecko":34,"CaptainsWheel":0,"Pondfish Scales":92,"Busted Crown":73,"MutagenicStrength":41,"ReplayTheSpireMod:TigerMarble":59,"Kintsugi":145,"ReplayTheSpireMod:DimensionalGlitch":145}]},"card_choices":[{"not_picked":["EmptyBody","JustLucky"],"picked":"TalkToTheHand","floor":1},{"not_picked":["Adaptation","EmptyBody"],"picked":"Crescendo","floor":2},{"not_picked":["JustLucky","Halt"],"picked":"Replay:Vibes","floor":5},{"not_picked":["PathToVictory","Replay:Cycle"],"picked":"LikeWater","floor":7},{"not_picked":["Replay:Vibes","WheelKick","WreathOfFlame"],"picked":"SKIP","floor":8},{"not_picked":["EmptyFist","PathToVictory"],"picked":"SpiritShield","floor":10},{"not_picked":["CrushJoints","Replay:BluntJabs"],"picked":"Vengeance","floor":14},{"not_picked":["Blasphemy","MasterReality"],"picked":"SpiritShield","floor":16},{"not_picked":["Nirvana+1","Replay:ManipulateFuture"],"picked":"Indignation","floor":18}],"player_experience":137867,"relics_obtained":[{"floor":8,"key":"Iron Hammer"},{"floor":10,"key":"Orichalcum"}],"event_choices":[{"damage_healed":67,"gold_gain":0,"player_choice":"Upgrade","damage_taken":14,"max_hp_gain":0,"max_hp_loss":72,"event_name":"betterThird:BetterShining","floor":3,"gold_loss":0,"cards_upgraded":["Crescendo","Strike_P"]},{"cards_removed":["Defend_P"],"damage_healed":0,"gold_gain":0,"player_choice":"Card Removal","damage_taken":7,"max_hp_gain":0,"max_hp_loss":0,"event_name":"Golden Wing","floor":4,"gold_loss":0},{"damage_healed":0,"gold_gain":0,"player_choice":"Relic ","damage_taken":7,"max_hp_gain":0,"max_hp_loss":0,"event_name":"betterThird:BetterScrap","floor":13,"gold_loss":0,"cards_obtained":["Thunder Strike"]},{"damage_healed":0,"gold_gain":0,"player_choice":"Fought Bandits","damage_taken":0,"max_hp_gain":0,"max_hp_loss":0,"event_name":"Masked Bandits","floor":19,"gold_loss":0}],"is_beta":false,"boss_relics":[{"not_picked":["Runic Dome","bronze:MakeshiftBattery"],"picked":"Replay:Grab Bag"},{"not_picked":["Painkiller Herb","Fusion Hammer"],"picked":"Philosopher\u0027s Stone"},{"not_picked":["Ectoplasm","Velvet Choker"],"picked":"ReplayTheSpireMod:DimensionalGlitch"},{"not_picked":["VioletLotus","Runic Pyramid"],"picked":"Kintsugi"}],"items_purged_floors":[],"is_endless":false,"potions_floor_spawned":[1,10,14,16],"killed_by":"Masked Bandits","ascension_level":4}}