{"host":"v3mpq6flurzldi5g","time":1611849346,"event":{"mods":["AchievementEnabler","BaseMod","Colored Powertips","Highlight Path","Minty Spire (QoL Compilation)","StSLib"],"gold_per_floor":[119,119,131,147,147,147,175,187,187,212,212,247,217,69,69,148,148,163,78,78,18,29,55,55,55,55],"floor_reached":25,"language":"ENG","playtime":1370,"items_purged":["Strike_G"],"score":416,"play_id":"ae504a0b-7e66-4c56-a6c4-f66fdba119ec","local_time":"20210128105546","is_ascension_mode":true,"campfire_choices":[{"floor":6.0,"key":"REST"},{"floor":11.0,"key":"REST"},{"floor":15.0,"key":"REST"},{"floor":24,"key":"REST"}],"circlet_count":0,"master_deck":["AscendersBane","Strike_G","Strike_G","Strike_G+1","Strike_G+1","Defend_G","Defend_G","Defend_G","Defend_G","Defend_G","Survivor","Neutralize","Poisoned Stab","Venomology","Terror","Infinite Blades","Prepared","Cloak And Dagger","Crippling Poison","Footwork","Envenom","Noxious Fumes","Blade Dance","Cloak And Dagger+1"],"relics":["Ring of the Snake","Pear","Peace Pipe","Thread and Needle","Whetstone","Ninja Scroll","Oddly Smooth Stone","Bag of Marbles"],"acts_visited":["Exordium","TheCity"],"potions_floor_usage":[23,23,23,25],"damage_taken":[{"damage":7.0,"enemies":"Jaw Worm","floor":1.0,"turns":6.0},{"damage":1.0,"enemies":"Cultist","floor":3.0,"turns":4.0},{"damage":3.0,"enemies":"2 Louse","floor":4.0,"turns":4.0},{"damage":15.0,"enemies":"Gremlin Nob","floor":7.0,"turns":4.0},{"damage":9.0,"enemies":"Blue Slaver","floor":8.0,"turns":4.0},{"damage":11.0,"enemies":"3 Sentries","floor":10.0,"turns":5.0},{"damage":13.0,"enemies":"Gremlin Nob","floor":12.0,"turns":4.0},{"damage":42.0,"enemies":"Slime Boss","floor":16.0,"turns":15.0},{"damage":13.0,"enemies":"Shell Parasite","floor":18.0,"turns":6.0},{"damage":9.0,"enemies":"2 Thieves","floor":21.0,"turns":4.0},{"damage":31.0,"enemies":"Cultist and Chosen","floor":22.0,"turns":9.0},{"damage":7,"enemies":"Gremlin Leader","floor":23,"turns":6},{"damage":47,"enemies":"Book of Stabbing","floor":25,"turns":6}],"seed_played":"6815850340017363466","potions_obtained":[{"floor":4.0,"key":"SteroidPotion"},{"floor":7.0,"key":"EntropicBrew"},{"floor":16.0,"key":"PowerPotion"},{"floor":23,"key":"Strength Potion"}],"is_trial":false,"path_per_floor":["M","?","M","M","?","R","E","M","T","E","R","E","?","$","R","B",null,"M","?","?","M","M","E","R","E"],"character_chosen":"THE_SILENT","items_purchased":["Footwork"],"campfire_rested":4,"item_purchase_floors":[14],"current_hp_per_floor":[63,63,62,59,44,70,55,46,46,35,61,48,48,48,74,32,73,60,60,60,51,20,13,39,0,0],"gold":55,"neow_bonus":"TEN_PERCENT_HP_BONUS","is_daily":false,"chose_seed":false,"campfire_upgraded":0,"win_rate":0.0,"timestamp":1611849346,"path_taken":["M","?","?","M","?","R","E","M","T","E","R","E","?","?","R","BOSS","M","?","?","M","M","E","R","E"],"items_purchased_type":["Card"],"build_version":"2020-12-22","purchased_purges":1,"victory":false,"max_hp_per_floor":[77,77,77,77,87,87,87,87,87,87,87,87,87,87,87,87,87,87,87,87,87,87,87,87,87,87],"card_choices":[{"not_picked":["Dodge and Roll","Bane"],"picked":"Poisoned Stab","floor":1.0},{"not_picked":["Tactician","Endless Agony"],"picked":"Terror","floor":3.0},{"not_picked":["Blur","Acrobatics"],"picked":"Infinite Blades","floor":4.0},{"not_picked":["Bullet Time","Outmaneuver","Reflex"],"picked":"SKIP","floor":7.0},{"not_picked":["Deflect","Skewer"],"picked":"Prepared","floor":8.0},{"not_picked":["Masterful Stab","Bane"],"picked":"Cloak And Dagger","floor":10.0},{"not_picked":["Expertise","Terror"],"picked":"Crippling Poison","floor":12.0},{"not_picked":["Phantasmal Killer","Unload"],"picked":"Envenom","floor":16.0},{"not_picked":["Backflip","All Out Attack"],"picked":"Noxious Fumes","floor":18.0},{"not_picked":["Backflip","Heel Hook"],"picked":"Blade Dance","floor":21.0},{"not_picked":["Flying Knee","Quick Slash","Flechettes"],"picked":"SKIP","floor":22.0},{"not_picked":["Deadly Poison","PiercingWail"],"picked":"Cloak And Dagger+1","floor":23}],"player_experience":1089688,"relics_obtained":[{"floor":7.0,"key":"Peace Pipe"},{"floor":9.0,"key":"Thread and Needle"},{"floor":10.0,"key":"Whetstone"},{"floor":12.0,"key":"Ninja Scroll"},{"floor":23,"key":"Bag of Marbles"}],"event_choices":[{"damage_healed":0.0,"max_hp_gain":0.0,"max_hp_loss":0.0,"gold_gain":0.0,"event_name":"Match and Keep!","player_choice":"1 cards matched","floor":2.0,"gold_loss":0.0,"damage_taken":0.0,"cards_obtained":["Venomology"]},{"damage_healed":0.0,"max_hp_gain":0.0,"max_hp_loss":0.0,"gold_gain":0.0,"event_name":"Scrap Ooze","player_choice":"Success","floor":5.0,"gold_loss":0.0,"damage_taken":25.0,"relics_obtained":["Pear"]},{"damage_healed":0.0,"max_hp_gain":0.0,"max_hp_loss":0.0,"gold_gain":0.0,"event_name":"World of Goop","player_choice":"Left Gold","floor":13.0,"gold_loss":30.0,"damage_taken":0.0},{"damage_healed":0.0,"max_hp_gain":0.0,"max_hp_loss":0.0,"gold_gain":0.0,"event_name":"Addict","player_choice":"Obtained Relic","floor":19.0,"gold_loss":85.0,"damage_taken":0.0,"relics_obtained":["Oddly Smooth Stone"]},{"damage_healed":0.0,"max_hp_gain":0.0,"max_hp_loss":0.0,"gold_gain":0.0,"event_name":"Vampires","player_choice":"Ignored","floor":20.0,"gold_loss":0.0,"damage_taken":0.0}],"is_beta":false,"boss_relics":[{"not_picked":["Pandora\u0027s Box","Coffee Dripper","Snecko Eye"]}],"items_purged_floors":[14],"is_endless":false,"potions_floor_spawned":[4,7,16,18,22,23],"killed_by":"Book of Stabbing","ascension_level":13}}