{"host":"Ian","time":1611843566,"event":{"mods":["BaseMod","Bestiary","Block Reminder","Colored Map","Highlight Path","Key Reminder","Minty Spire (QoL Compilation)","Relic Stats"],"gold_per_floor":[112,25,35,49,49,49,66,66,66,82,82,98,133,133,133,209,209,227,227,65,80,113,148,148,177,177,177,177,20,20,35,35,35,35],"floor_reached":33,"language":"ENG","playtime":1019,"items_purged":["Fire Breathing"],"score":566,"play_id":"b014d049-1707-439e-9393-be127fb00805","local_time":"20210128141926","is_ascension_mode":true,"campfire_choices":[{"floor":6,"key":"REST"},{"data":"Carnage","floor":8,"key":"SMITH"},{"floor":11,"key":"REST"},{"data":"Uppercut","floor":15,"key":"SMITH"},{"floor":24,"key":"REST"},{"floor":27,"key":"REST"},{"floor":32,"key":"REST"}],"circlet_count":0,"master_deck":["AscendersBane","Strike_R+1","Strike_R+1","Defend_R","Defend_R","Defend_R","Defend_R","Carnage+1","Double Tap","Uppercut+1","Bludgeon+1","Clothesline","Flame Barrier","Thunderclap","Shrug It Off","Good Instincts"],"relics":["Busted Crown","Peace Pipe","FossilizedHelix","Empty Cage","Red Mask","Ornamental Fan","keyreminder:keyreminder","Lantern","Question Card"],"acts_visited":["Exordium","TheCity"],"potions_floor_usage":[13,16],"damage_taken":[{"damage":12,"enemies":"Jaw Worm","floor":1,"turns":3},{"damage":3,"enemies":"2 Louse","floor":3,"turns":3},{"damage":0,"enemies":"Small Slimes","floor":4,"turns":2},{"damage":12,"enemies":"Exordium Thugs","floor":7,"turns":3},{"damage":4,"enemies":"Red Slaver","floor":10,"turns":2},{"damage":1,"enemies":"Looter","floor":12,"turns":2},{"damage":10,"enemies":"3 Sentries","floor":13,"turns":6},{"damage":15,"enemies":"Hexaghost","floor":16,"turns":5},{"damage":0,"enemies":"Spheric Guardian","floor":18,"turns":2},{"damage":8,"enemies":"2 Thieves","floor":21,"turns":3},{"damage":13,"enemies":"Masked Bandits","floor":22,"turns":3},{"damage":33,"enemies":"Slavers","floor":23,"turns":7},{"damage":13,"enemies":"Book of Stabbing","floor":25,"turns":4},{"damage":3,"enemies":"Centurion and Healer","floor":31,"turns":7},{"damage":47,"enemies":"Automaton","floor":33,"turns":8}],"seed_played":"2540024238944155470","potions_obtained":[{"floor":1,"key":"ColorlessPotion"},{"floor":3,"key":"Swift Potion"},{"floor":10,"key":"DistilledChaos"},{"floor":18,"key":"PowerPotion"}],"is_trial":false,"path_per_floor":["M","$","M","M","?","R","M","R","T","M","R","M","E","?","R","B",null,"M","?","$","M","?","E","R","E","T","R","?","$","?","M","R","B"],"character_chosen":"IRONCLAD","items_purchased":["Double Tap","Flame Barrier","Shrug It Off","Good Instincts"],"campfire_rested":5,"item_purchase_floors":[2,20,29,29],"current_hp_per_floor":[56,56,53,53,30,52,40,40,40,36,58,57,47,47,47,32,64,64,64,64,56,43,10,32,19,19,41,41,41,20,17,41,0,0],"gold":35,"neow_bonus":"BOSS_RELIC","is_daily":false,"chose_seed":false,"campfire_upgraded":2,"win_rate":0.0,"timestamp":1611843566,"path_taken":["M","$","M","M","?","R","M","R","T","M","R","M","E","?","R","BOSS","M","?","?","?","?","E","R","E","T","R","?","?","?","M","R","BOSS"],"items_purchased_type":["Card","Card","Card","Card"],"build_version":"2020-12-18","purchased_purges":1,"victory":false,"max_hp_per_floor":[75,75,75,75,75,75,75,75,75,75,75,75,75,75,75,75,75,75,75,75,75,75,75,75,75,75,75,75,75,80,80,80,80,80],"relic_stats":{"Peace Pipe":0,"Busted Crown":28,"counters":[15,60],"Ornamental Fan":[16],"Question Card":1,"obtain_stats":[{"Peace Pipe":9,"keyreminder:keyreminder":23,"Lantern":25,"Busted Crown":0,"Ornamental Fan":23,"Red Mask":22,"Empty Cage":17,"Question Card":26,"Burning Blood":0,"FossilizedHelix":13},{"Peace Pipe":4,"keyreminder:keyreminder":12,"Lantern":13,"Busted Crown":0,"Ornamental Fan":12,"Red Mask":11,"Empty Cage":8,"Question Card":13,"Burning Blood":0,"FossilizedHelix":7},{"Peace Pipe":11,"keyreminder:keyreminder":41,"Lantern":45,"Busted Crown":0,"Ornamental Fan":41,"Red Mask":34,"Empty Cage":26,"Question Card":45,"Burning Blood":0,"FossilizedHelix":21}]},"card_choices":[{"not_picked":[],"picked":"Carnage","floor":1},{"not_picked":["Perfected Strike"],"picked":"SKIP","floor":3},{"not_picked":["Flex"],"picked":"SKIP","floor":4},{"not_picked":["Anger"],"picked":"SKIP","floor":7},{"not_picked":[],"picked":"Uppercut","floor":10},{"not_picked":["Wild Strike"],"picked":"SKIP","floor":12},{"not_picked":[],"picked":"Bludgeon","floor":13},{"not_picked":["Intimidate"],"picked":"SKIP","floor":18},{"not_picked":[],"picked":"Thunderclap","floor":21},{"not_picked":["Clothesline+1"],"picked":"SKIP","floor":23},{"not_picked":["Reckless Charge+1"],"picked":"SKIP","floor":25},{"not_picked":["Havoc","Anger"],"picked":"SKIP","floor":31}],"player_experience":2703788,"relics_obtained":[{"floor":9,"key":"Peace Pipe"},{"floor":13,"key":"FossilizedHelix"},{"floor":22,"key":"Red Mask"},{"floor":23,"key":"Ornamental Fan"},{"floor":25,"key":"Lantern"},{"floor":26,"key":"Question Card"}],"event_choices":[{"damage_healed":0,"gold_gain":0,"player_choice":"Entered Light","damage_taken":23,"max_hp_gain":0,"max_hp_loss":0,"event_name":"Shining Light","floor":5,"gold_loss":0,"cards_upgraded":["Strike_R","Strike_R"]},{"damage_healed":0,"gold_gain":0,"player_choice":"Grow","damage_taken":0,"max_hp_gain":0,"max_hp_loss":0,"event_name":"Living Wall","floor":14,"gold_loss":0,"cards_upgraded":["Bludgeon"]},{"damage_healed":0,"gold_gain":0,"cards_transformed":["Bash","Strike_R"],"player_choice":"Became Test Subject","damage_taken":0,"max_hp_gain":0,"max_hp_loss":0,"event_name":"Drug Dealer","floor":19,"gold_loss":0,"cards_obtained":["Fire Breathing","Clothesline"]},{"damage_healed":0,"gold_gain":0,"player_choice":"Fought Bandits","damage_taken":0,"max_hp_gain":0,"max_hp_loss":0,"event_name":"Masked Bandits","floor":22,"gold_loss":0},{"damage_healed":0,"gold_gain":0,"player_choice":"Ignored","damage_taken":0,"max_hp_gain":0,"max_hp_loss":0,"event_name":"Vampires","floor":28,"gold_loss":0},{"damage_healed":0,"gold_gain":0,"player_choice":"Shed Blood","damage_taken":26,"max_hp_gain":5,"max_hp_loss":0,"event_name":"Forgotten Altar","floor":30,"gold_loss":0}],"is_beta":true,"boss_relics":[{"not_picked":["Velvet Choker","Sozu"],"picked":"Empty Cage"}],"items_purged_floors":[20],"is_endless":false,"potions_floor_spawned":[1,3,10,18],"killed_by":"Automaton","ascension_level":20}}