{"host":"e52c7hvho6xny3hd","time":1611817723,"event":{"mods":["AchievementEnabler","BaseMod","Colored Map","DeckTracker","Minty Spire (QoL Compilation)","Permanent Neow","StSLib"],"gold_per_floor":[119,137,153,153,27,27,40,50,131,131,147,147,147,147,147,147,147],"floor_reached":16,"language":"KOR","playtime":573,"items_purged":[],"score":179,"play_id":"4109457e-d534-4999-8e82-82e8999006fe","local_time":"20210128160843","is_ascension_mode":true,"campfire_choices":[{"data":"Body Slam","floor":6.0,"key":"SMITH"},{"data":"Feel No Pain","floor":10.0,"key":"SMITH"},{"data":"Disarm","floor":12.0,"key":"SMITH"},{"data":"Battle Trance","floor":15.0,"key":"SMITH"}],"circlet_count":0,"master_deck":["AscendersBane","Strike_R","Strike_R","Strike_R","Strike_R","Defend_R","Defend_R","Defend_R","Defend_R","Bash","Body Slam+1","Headbutt","Power Through","Sentinel","Feel No Pain+1","Power Through","Battle Trance+1","Disarm+1"],"relics":["Burning Blood","Bag of Marbles","Pear"],"acts_visited":["Exordium"],"potions_floor_usage":[16],"damage_taken":[{"damage":14.0,"enemies":"Jaw Worm","floor":1.0,"turns":6.0},{"damage":1.0,"enemies":"Cultist","floor":2.0,"turns":3.0},{"damage":6.0,"enemies":"2 Louse","floor":3.0,"turns":4.0},{"damage":1.0,"enemies":"Looter","floor":7.0,"turns":4.0},{"damage":4.0,"enemies":"Exordium Wildlife","floor":8.0,"turns":4.0},{"damage":0.0,"enemies":"2 Fungi Beasts","floor":11.0,"turns":3.0},{"damage":106,"enemies":"Hexaghost","floor":16,"turns":16}],"seed_played":"-2427854516903847889","potions_obtained":[{"floor":1.0,"key":"Regen Potion"}],"is_trial":false,"path_per_floor":["M","M","M","?","$","R","M","M","T","R","M","R","?","?","R","B"],"character_chosen":"IRONCLAD","items_purchased":["Feel No Pain","Power Through"],"campfire_rested":0,"item_purchase_floors":[5,5],"current_hp_per_floor":[60,65,65,65,65,65,70,72,82,82,85,85,90,90,90,0,0],"gold":147,"neow_bonus":"RANDOM_COMMON_RELIC","is_daily":false,"chose_seed":false,"campfire_upgraded":4,"win_rate":0.0,"timestamp":1611817723,"path_taken":["M","M","M","?","$","R","M","?","T","R","M","R","?","?","R","BOSS"],"items_purchased_type":["Card","Card"],"build_version":"2020-12-22","purchased_purges":0,"victory":false,"max_hp_per_floor":[75,75,75,75,75,75,75,75,85,85,85,85,90,90,90,90,90],"card_choices":[{"not_picked":["Uppercut","Fire Breathing"],"picked":"Body Slam","floor":1.0},{"not_picked":["Dark Embrace","Twin Strike"],"picked":"Headbutt","floor":2.0},{"not_picked":["Shrug It Off","Twin Strike"],"picked":"Power Through","floor":3.0},{"not_picked":["Sword Boomerang","Sentinel","Warcry"],"picked":"SKIP","floor":7.0},{"not_picked":["Fire Breathing","Thunderclap"],"picked":"Battle Trance","floor":8.0},{"not_picked":["Uppercut","Rage"],"picked":"Disarm","floor":11.0}],"player_experience":696822,"relics_obtained":[{"floor":9.0,"key":"Pear"}],"event_choices":[{"damage_healed":0.0,"max_hp_gain":0.0,"max_hp_loss":0.0,"gold_gain":0.0,"cards_transformed":["Strike_R"],"event_name":"Transmorgrifier","player_choice":"Transformed","floor":4.0,"gold_loss":0.0,"damage_taken":0.0,"cards_obtained":["Sentinel"]},{"damage_healed":0.0,"max_hp_gain":5.0,"max_hp_loss":0.0,"gold_gain":0.0,"event_name":"Big Fish","player_choice":"Donut","floor":13.0,"gold_loss":0.0,"damage_taken":0.0},{"damage_healed":0.0,"max_hp_gain":0.0,"max_hp_loss":0.0,"gold_gain":0.0,"event_name":"Liars Game","player_choice":"Ignored","floor":14.0,"gold_loss":0.0,"damage_taken":0.0}],"is_beta":false,"boss_relics":[],"items_purged_floors":[],"is_endless":false,"potions_floor_spawned":[1],"killed_by":"Hexaghost","ascension_level":19}}