{"host":"agdto6ifbg57aw9m","time":1611794393,"event":{"mods":["2.2 Compatiblity","Aspiration","BaseMod","BetterRewards","Duelist Mod","Friendly Minions","GifTheSpireLib","Halation","Infinite Spire","Minty Spire (QoL Compilation)","Replay The Spire","Spikes Relics","StSLib","Stuff the Spire","The Spell Scribe"],"gold_per_floor":[141,153,153,165,182,211,211,229,304,322,322,350,350,370,370,472,472,491,505,505,517,517,517,550,475,528,528,554,569,581,610,610,715,715,728,728,740,759,759,759,786,804,804,44,75,89,89,89,89,96],"floor_reached":51,"language":"ENG","playtime":5081,"items_purged":["theDuelist:Sparks","Regret"],"score":1234,"play_id":"a3b4687e-6a8c-47ee-b20d-041bd8b19939","local_time":"20210127193953","is_ascension_mode":true,"campfire_choices":[{"data":"theDuelist:DarkMagicianGirl","floor":7,"key":"SMITH"},{"data":"theDuelist:MillenniumGolem","floor":11,"key":"SMITH"},{"data":"theDuelist:DarkPaladin","floor":13,"key":"SMITH"},{"data":"theDuelist:Yami","floor":15,"key":"SMITH"},{"data":"infinitespire:Collect","floor":23,"key":"SMITH"},{"data":"theDuelist:IrisEarthMother","floor":27,"key":"SMITH"},{"data":"theDuelist:IcyCrevasse","floor":32,"key":"SMITH"},{"data":"theDuelist:HammerShot","floor":40,"key":"SMITH"},{"data":"theDuelist:GateGuardian","floor":47,"key":"SMITH"},{"data":"theDuelist:RainbowKuriboh","floor":49,"key":"SMITH"}],"circlet_count":0,"master_deck":["theDuelist:CastleWalls","theDuelist:DarkMagician","theDuelist:MysticalElf","theDuelist:MysticalElf","theDuelist:NeoMagic","theDuelist:NeoMagic","theDuelist:Sparks","theDuelist:Sparks","theDuelist:DarkPaladin+1","theDuelist:OnslaughtFireKings","Master of Strategy","theDuelist:DarkMagicianGirl+1","theDuelist:MillenniumGolem+1","theDuelist:HammerShot+1","theDuelist:InjectionFairy","theDuelist:OjamaYellow","theDuelist:OjamaBlack","theDuelist:Yami+1","theDuelist:IrisEarthMother+1","theDuelist:RainbowKuriboh+1","infinitespire:FutureSight","infinitespire:Collect+1","theDuelist:FrontierWiseman+1","theDuelist:InariFire","theDuelist:BlizzardPrincess+1","theDuelist:IcyCrevasse+1","theDuelist:FrontierWiseman+1","theDuelist:InariFire+1","theDuelist:RainbowDarkDragon+1","theDuelist:WitchBlackRose+1","theDuelist:Chewbone","theDuelist:MythicalBeast+1","theDuelist:RainbowMagician+1","theDuelist:PotDichotomy+1","theDuelist:GateGuardian+1","theDuelist:CosmoBrain+1","theDuelist:AncientElf+1"],"relics":["theDuelist:MillenniumPuzzle","theDuelist:CardPoolRelic","theDuelist:CardPoolBasicRelic","theDuelist:BoosterPackPoolRelic","theDuelist:CardPoolAddRelic","theDuelist:CardPoolMinusRelic","theDuelist:CardPoolSaveRelic","theDuelist:CardPoolOptionsRelic","theDuelist:CardRewardRelicH","Thread and Needle","StuffTheSpire:RedRose","theDuelist:DuelistTeaSet","Divine Protection","Question Card","Sandwich","aspiration:PoetsPen_weak","Strange Spoon","theDuelist:MetronomeRelicD","Regal Pillow","Tiny Chest","theDuelist:MillenniumPrayerbook","BranchBurnRelic","HoveringKite","halation:PinkSoulGem","Bronze Scales","StuffTheSpire:NeowsTribute","halation:SelfBoilingWater","halation:PeacePiece","infinitespire:SolderingIron","halation:QuantumPhysicsTextbook","SpikesRelics:ToyHorsey"],"acts_visited":["Exordium","TheCity","TheBeyond"],"potions_floor_usage":[6,8],"damage_taken":[{"damage":0,"enemies":"2 Louse","floor":1,"turns":2},{"damage":0,"enemies":"Small Slimes","floor":2,"turns":3},{"damage":3,"enemies":"Cultist","floor":4,"turns":3},{"damage":5,"enemies":"Large Slime","floor":5,"turns":7},{"damage":3,"enemies":"Lagavulin","floor":6,"turns":5},{"damage":3,"enemies":"Lots of Slimes","floor":8,"turns":3},{"damage":0,"enemies":"Blue Slaver","floor":10,"turns":3},{"damage":0,"enemies":"3 Sentries","floor":12,"turns":4},{"damage":0,"enemies":"Gremlin Gang","floor":14,"turns":3},{"damage":24,"enemies":"Hexaghost","floor":16,"turns":8},{"damage":0,"enemies":"Spheric Guardian","floor":18,"turns":3},{"damage":0,"enemies":"Shell Parasite","floor":19,"turns":2},{"damage":0,"enemies":"Cultist and Chosen","floor":21,"turns":3},{"damage":0,"enemies":"Slavers","floor":24,"turns":3},{"damage":8,"enemies":"Gremlin Leader","floor":28,"turns":3},{"damage":0,"enemies":"Centurion and Healer","floor":29,"turns":6},{"damage":0,"enemies":"Snake Plant","floor":30,"turns":3},{"damage":0,"enemies":"Book of Stabbing","floor":31,"turns":3},{"damage":8,"enemies":"Automaton","floor":33,"turns":8},{"damage":0,"enemies":"3 Shapes","floor":35,"turns":4},{"damage":2,"enemies":"3 Darklings","floor":37,"turns":3},{"damage":0,"enemies":"4 Shapes","floor":38,"turns":3},{"damage":20,"enemies":"Giant Head","floor":41,"turns":8},{"damage":0,"enemies":"Jaw Worm Horde","floor":42,"turns":4},{"damage":0,"enemies":"R_Hoarder","floor":45,"turns":6},{"damage":0,"enemies":"Spire Growth","floor":46,"turns":5},{"damage":0,"enemies":"Time Eater","floor":50,"turns":4}],"seed_played":"-3090148149494662033","potions_obtained":[{"floor":2,"key":"Languid Potion"},{"floor":6,"key":"theDuelist:SealedPack"},{"floor":10,"key":"Energy Potion"},{"floor":14,"key":"Dexterity Potion"},{"floor":18,"key":"SpeedPotion"}],"is_trial":false,"path_per_floor":["M","M","?","M","M","E","R","M","T","M","R","E","R","M","R","B",null,"M","M","AVR","M","?","R","E","?","T","R","E","M","M","E","R","B",null,"M","?","M","M","?","R","E","M","T","$","E","M","R","T","R","B",null],"character_chosen":"THE_DUELIST","items_purchased":["theDuelist:CardRewardRelicH","halation:SelfBoilingWater","halation:PeacePiece","infinitespire:SolderingIron","theDuelist:GateGuardian"],"campfire_rested":0,"item_purchase_floors":[0,44,44,44,44],"current_hp_per_floor":[80,80,80,77,72,69,69,66,66,70,70,74,74,78,78,66,80,80,80,80,80,74,74,74,74,74,74,66,75,75,80,80,77,80,80,80,78,78,78,78,60,60,60,60,64,68,68,68,68,80],"gold":96,"neow_bonus":"","is_daily":false,"chose_seed":false,"campfire_upgraded":10,"win_rate":0.0,"timestamp":1611794393,"path_taken":["M","M","?","M","M","E","R","M","T","M","R","E","R","M","R","BOSS","M","M","AVR","M","?","R","E","?","T","R","E","M","M","E","R","BOSS","M","?","M","M","?","R","E","M","T","$","E","?","R","?","R","BOSS"],"items_purchased_type":["Relic","Relic","Relic","Relic","Card"],"build_version":"2020-12-22","purchased_purges":2,"victory":true,"max_hp_per_floor":[80,80,80,80,80,80,80,80,80,80,80,80,80,80,80,80,80,80,80,80,80,80,80,80,80,80,80,80,80,80,80,80,80,80,80,80,80,80,80,80,80,80,80,80,80,80,80,80,80,80],"card_choices":[{"not_picked":["theDuelist:SpellShatteringArrow","theDuelist:InjectionFairy","theDuelist:ExodiaRL","theDuelist:Ojamatch"],"picked":"theDuelist:OnslaughtFireKings","floor":1},{"not_picked":["Forethought","HandOfGreed","Secret Weapon"],"picked":"Master of Strategy","floor":2},{"not_picked":["theDuelist:BlizzardWarrior","theDuelist:BlueDragonSummoner","theDuelist:CallAtlanteans","theDuelist:DarkMagician"],"picked":"theDuelist:DarkMagicianGirl","floor":4},{"not_picked":["theDuelist:BigFire","theDuelist:PowerWall","theDuelist:MagicalStone","theDuelist:GraniteLoyalist"],"picked":"theDuelist:MillenniumGolem","floor":5},{"not_picked":["theDuelist:MillenniumGolem","theDuelist:MudragonSwamp","theDuelist:PowerGiant","theDuelist:EvilswarmHeliotrope"],"picked":"theDuelist:HammerShot","floor":6},{"not_picked":["theDuelist:BlizzardWarrior","theDuelist:SangaThunder","theDuelist:DarkMagician","theDuelist:SkilledDarkMagician"],"picked":"theDuelist:InjectionFairy","floor":8},{"not_picked":["theDuelist:SpellShatteringArrow","theDuelist:ExodiaRL","theDuelist:PowerKaishin","theDuelist:ExodiaLL"],"picked":"theDuelist:OjamaYellow","floor":10},{"not_picked":["theDuelist:Mudballman","theDuelist:LordD","theDuelist:InvitationDarkSleep","theDuelist:OjamaTrio"],"picked":"theDuelist:OjamaBlack","floor":12},{"not_picked":["theDuelist:MagiciansRod","theDuelist:InariFire","theDuelist:VoidExpansion"],"picked":"theDuelist:Yami","floor":14},{"not_picked":["theDuelist:OjamaBlue","theDuelist:ExodiaNecross","theDuelist:GrandSpellbookTower","theDuelist:SangaWater"],"picked":"theDuelist:IrisEarthMother","floor":16},{"not_picked":["theDuelist:RainbowDarkDragon","theDuelist:IrisEarthMother","theDuelist:RainbowMagician","theDuelist:RainbowOverdragon"],"picked":"theDuelist:RainbowKuriboh","floor":18},{"not_picked":["theDuelist:ExodiaNecross+1","theDuelist:LegendaryExodia","theDuelist:ExodiaRL","theDuelist:ExodiaLL+1","theDuelist:ExodiaLA"],"picked":"SKIP","floor":19},{"not_picked":["theDuelist:SpellShatteringArrow","theDuelist:Illusionist","theDuelist:DarkHorizon+1","theDuelist:BlizzardPrincess"],"picked":"theDuelist:FrontierWiseman+1","floor":21},{"not_picked":["theDuelist:SangaThunder","theDuelist:NeoMagic+1","theDuelist:MysticalElf","theDuelist:DarkMagicianGirl"],"picked":"theDuelist:InariFire","floor":24},{"not_picked":["theDuelist:BlizzardWarrior+1","theDuelist:InjectionFairy","theDuelist:CosmicHorrorGangiel","theDuelist:SpellShatteringArrow"],"picked":"theDuelist:BlizzardPrincess","floor":28},{"not_picked":["theDuelist:MythicalBeast","theDuelist:CosmoBrain","theDuelist:LegendaryFlameLord","theDuelist:MagiciansRobe"],"picked":"theDuelist:IcyCrevasse","floor":29},{"not_picked":["theDuelist:BlackPendant","theDuelist:GilfordLegend","theDuelist:PotDichotomy","theDuelist:PreventRat"],"picked":"theDuelist:FrontierWiseman+1","floor":30},{"not_picked":["theDuelist:MagiciansRod","theDuelist:VoidExpansion","theDuelist:MindAir"],"picked":"theDuelist:InariFire+1","floor":31},{"not_picked":["theDuelist:OjamaRed","theDuelist:ExodiaNecross","theDuelist:IrisEarthMother","theDuelist:GrandSpellbookTower"],"picked":"theDuelist:RainbowDarkDragon+1","floor":33},{"not_picked":["theDuelist:OjamaCountry","theDuelist:AltarTribute+1","theDuelist:AncientElf+1","theDuelist:SpiritHarp+1"],"picked":"theDuelist:WitchBlackRose+1","floor":35},{"not_picked":["theDuelist:NeoMagic+1","theDuelist:DoomShaman+1","theDuelist:RainbowDarkDragon+1","theDuelist:ExodiaLL+1"],"picked":"theDuelist:Chewbone","floor":37},{"not_picked":["theDuelist:MillenniumGolem+1","theDuelist:LordD+1","theDuelist:TimeWizard","theDuelist:SangaThunder"],"picked":"theDuelist:MythicalBeast+1","floor":38},{"not_picked":["theDuelist:RainbowDarkDragon+1","theDuelist:IrisEarthMother+1","theDuelist:RainbowOverdragon+1"],"picked":"theDuelist:RainbowMagician+1","floor":41},{"not_picked":["theDuelist:FrontierWiseman","theDuelist:BattleOx","theDuelist:GilfordLegend+1","theDuelist:BlackPendant"],"picked":"theDuelist:PotDichotomy+1","floor":42},{"not_picked":["theDuelist:BlizzardWarrior+1","theDuelist:ExodiaLL","theDuelist:InjectionFairy","theDuelist:LegendaryExodia+1"],"picked":"theDuelist:CosmoBrain+1","floor":45},{"not_picked":["theDuelist:ExodiaRA","theDuelist:SangaThunder+1","theDuelist:GeminiElf","theDuelist:Illusionist+1"],"picked":"theDuelist:AncientElf+1","floor":46}],"player_experience":540613,"relics_obtained":[{"floor":6,"key":"theDuelist:DuelistTeaSet"},{"floor":9,"key":"Divine Protection"},{"floor":12,"key":"Question Card"},{"floor":24,"key":"Regal Pillow"},{"floor":26,"key":"Tiny Chest"},{"floor":28,"key":"Dead Branch"},{"floor":31,"key":"theDuelist:MillenniumPrayerbook"},{"floor":41,"key":"Bronze Scales"},{"floor":43,"key":"StuffTheSpire:NeowsTribute"},{"floor":45,"key":"halation:QuantumPhysicsTextbook"},{"floor":48,"key":"SpikesRelics:ToyHorsey"}],"event_choices":[{"damage_healed":0,"gold_gain":0,"player_choice":"Dig - random Duelist relic","duelist":true,"damage_taken":0,"max_hp_gain":0,"max_hp_loss":0,"event_name":"Aknamkanon\u0027s Tomb","floor":22,"gold_loss":0},{"cards_removed":["theDuelist:CastleWalls"],"damage_healed":0,"gold_gain":0,"player_choice":"Gave Gold","damage_taken":0,"max_hp_gain":0,"max_hp_loss":0,"event_name":"Beggar","floor":25,"gold_loss":75},{"damage_healed":0,"gold_gain":0,"player_choice":"Forge","damage_taken":0,"max_hp_gain":0,"max_hp_loss":0,"event_name":"Accursed Blacksmith","floor":39,"gold_loss":0,"cards_upgraded":["theDuelist:BlizzardPrincess"]}],"is_beta":false,"boss_relics":[{"not_picked":["Sozu","Empty Cage"],"picked":"Sandwich"},{"not_picked":["Runic Pyramid","theDuelist:MillenniumKey"],"picked":"HoveringKite"}],"items_purged_floors":[0,20],"is_endless":false,"potions_floor_spawned":[2,6,10,14,18,29,30,31,35,38,42],"ascension_level":1}}