{"host":"vyjryxuuuxkt43k4","time":1611802122,"event":{"mods":["AchievementEnabler","BaseMod","Colored Map","DeckTracker","Keyboard Shortcuts","Minty Spire (QoL Compilation)","Permanent Neow","Quick Restart","Rare Cards Sparkle","StSLib","SuperFastMode","everything is the same but u backflip on backflip"],"gold_per_floor":[367,384,159,177,189,189,202,212,212,212,240,253,264,293,293,368,368,380,380,380],"floor_reached":19,"language":"KOR","playtime":1190,"items_purged":["Regret"],"score":366,"play_id":"243beabc-a773-44d3-a4aa-6021011bf2fa","local_time":"20210128114842","is_ascension_mode":true,"campfire_choices":[{"data":"Immolate","floor":6.0,"key":"SMITH"},{"data":"Burning Pact","floor":10.0,"key":"SMITH"},{"data":"Inflame","floor":15.0,"key":"SMITH"}],"circlet_count":0,"master_deck":["AscendersBane","Strike_R","Strike_R","Strike_R","Strike_R","Strike_R","Defend_R","Defend_R","Defend_R","Defend_R","Bash","Burning Pact+1","Shrug It Off","Feed","Immolate+1","Dropkick","Pommel Strike","Fiend Fire","Inflame+1","Ghostly Armor","Entrench","Exhume","Body Slam"],"relics":["Burning Blood","Bag of Preparation","Toy Ornithopter","Art of War","SacredBark"],"acts_visited":["Exordium","TheCity"],"potions_floor_usage":[16],"damage_taken":[{"damage":5.0,"enemies":"Cultist","floor":1.0,"turns":4.0},{"damage":13.0,"enemies":"Small Slimes","floor":2.0,"turns":5.0},{"damage":9.0,"enemies":"Jaw Worm","floor":4.0,"turns":5.0},{"damage":18.0,"enemies":"Looter","floor":5.0,"turns":4.0},{"damage":19.0,"enemies":"Exordium Thugs","floor":7.0,"turns":4.0},{"damage":1.0,"enemies":"2 Fungi Beasts","floor":8.0,"turns":3.0},{"damage":8.0,"enemies":"Gremlin Nob","floor":11.0,"turns":3.0},{"damage":11.0,"enemies":"Looter","floor":12.0,"turns":2.0},{"damage":14.0,"enemies":"Large Slime","floor":13.0,"turns":4.0},{"damage":25.0,"enemies":"Lagavulin","floor":14.0,"turns":7.0},{"damage":66,"enemies":"The Guardian","floor":16,"turns":10},{"damage":52,"enemies":"Spheric Guardian","floor":18,"turns":6},{"damage":25,"enemies":"Shell Parasite","floor":19,"turns":3}],"seed_played":"-1240078305379362807","potions_obtained":[{"floor":1.0,"key":"Block Potion"},{"floor":2.0,"key":"BloodPotion"},{"floor":5.0,"key":"BlessingOfTheForge"},{"floor":8.0,"key":"DistilledChaos"},{"floor":11.0,"key":"Strength Potion"},{"floor":14.0,"key":"FairyPotion"}],"is_trial":false,"path_per_floor":["M","M","$","M","M","R","M","M","T","R","E","M","M","E","R","B",null,"M","M"],"character_chosen":"IRONCLAD","items_purchased":["Feed"],"campfire_rested":0,"item_purchase_floors":[3],"current_hp_per_floor":[69,62,62,62,53,53,40,61,61,61,59,54,54,35,35,14,67,24,0,0],"gold":380,"neow_bonus":"TWO_FIFTY_GOLD","is_daily":false,"chose_seed":false,"campfire_upgraded":3,"win_rate":0.0,"timestamp":1611802122,"path_taken":["M","M","$","M","M","R","M","M","T","R","E","M","?","E","R","BOSS","M","M"],"items_purchased_type":["Card"],"build_version":"2020-12-22","purchased_purges":1,"victory":false,"max_hp_per_floor":[75,75,75,78,81,81,81,81,81,81,81,81,84,84,84,84,84,87,87,87],"card_choices":[{"not_picked":["True Grit","Anger"],"picked":"Burning Pact","floor":1.0},{"not_picked":["Dark Embrace","True Grit"],"picked":"Shrug It Off","floor":2.0},{"not_picked":["Dropkick","Pommel Strike"],"picked":"Immolate","floor":4.0},{"not_picked":["Hemokinesis","Flex"],"picked":"Dropkick","floor":5.0},{"not_picked":["True Grit","Metallicize"],"picked":"Pommel Strike","floor":7.0},{"not_picked":["Headbutt","Perfected Strike"],"picked":"Fiend Fire","floor":8.0},{"not_picked":["Thunderclap","Flex","Warcry"],"picked":"SKIP","floor":11.0},{"not_picked":["Entrench","Hemokinesis"],"picked":"Inflame","floor":12.0},{"not_picked":["Disarm","Pommel Strike"],"picked":"Ghostly Armor","floor":13.0},{"not_picked":["Heavy Blade","Pommel Strike"],"picked":"Entrench","floor":14.0},{"not_picked":["Fiend Fire","Juggernaut"],"picked":"Exhume","floor":16},{"not_picked":["True Grit","Perfected Strike"],"picked":"Body Slam","floor":18}],"player_experience":433593,"relics_obtained":[{"floor":9.0,"key":"Bag of Preparation"},{"floor":11.0,"key":"Toy Ornithopter"},{"floor":14.0,"key":"Art of War"}],"event_choices":[],"is_beta":false,"boss_relics":[{"not_picked":["Runic Dome","SlaversCollar"],"picked":"SacredBark"}],"items_purged_floors":[3],"is_endless":false,"potions_floor_spawned":[1,2,5,8,11,14],"killed_by":"Shell Parasite","ascension_level":20}}