{"host":"vahfsrte3c21740v","time":1611872858,"event":{"mods":["AchievementEnabler","BaseMod","Bestiary","Better Note","Block Reminder","Colored Map","Colored Powertips","Highlight Path","Minty Spire (QoL Compilation)","Quick Restart","Rare Cards Sparkle","Relic Sorter","StSLib","everything is the same but u backflip on backflip"],"gold_per_floor":[119,119,44,61,61,93,93,126,138,150,181,193,205,234,246,354,366,398,410,347,370,396,408,436,483,495,524,96,131,98,114,114,217,217,229,229,88,102,115,115,129,154,154,154,165,165,180,194,194,194,194,194,36,67,67,67],"floor_reached":55,"language":"ENG","playtime":3785,"items_purged":["Defend_R","Strike_R"],"score":874,"play_id":"7766b613-2da6-4977-a98c-a267fb692097","local_time":"20210128222738","is_ascension_mode":true,"campfire_choices":[{"data":"Immolate","floor":7.0,"key":"SMITH"},{"data":"Bash","floor":12.0,"key":"SMITH"},{"data":"Shrug It Off","floor":15.0,"key":"SMITH"},{"data":"Feed","floor":23.0,"key":"SMITH"},{"data":"Searing Blow","floor":32.0,"key":"SMITH"},{"data":"1","floor":40.0,"key":"LIFT"},{"data":"Searing Blow+1","floor":44.0,"key":"SMITH"},{"floor":49.0,"key":"RECALL"},{"data":"Fire Breathing","floor":52.0,"key":"SMITH"}],"circlet_count":0,"master_deck":["Strike_R","Strike_R","Defend_R","Defend_R","Bash+1","Clothesline","Shrug It Off+1","Immolate+1","Clothesline","Feed+1","Searing Blow+2","Armaments","Violence+1","Fire Breathing+1","Double Tap+1","CurseOfTheBell","Fiend Fire","Metallicize+1","Whirlwind+1","Immolate","Sever Soul"],"relics":["Snecko Eye","InkBottle","Eternal Feather","MawBank","White Beast Statue","SacredBark","Champion Belt","Regal Pillow","PreservedInsect","Medical Kit","Art of War","Calling Bell","War Paint","Girya","Pear","Ornamental Fan","Bottled Lightning","Oddly Smooth Stone"],"acts_visited":["Exordium","TheCity","TheBeyond","TheEnding"],"potions_floor_usage":[55,55,55],"damage_taken":[{"damage":3.0,"enemies":"2 Louse","floor":1.0,"turns":4.0},{"damage":9.0,"enemies":"Small Slimes","floor":4.0,"turns":2.0},{"damage":8.0,"enemies":"Lagavulin","floor":6.0,"turns":6.0},{"damage":0.0,"enemies":"3 Sentries","floor":8.0,"turns":2.0},{"damage":0.0,"enemies":"Jaw Worm","floor":11.0,"turns":2.0},{"damage":0.0,"enemies":"Large Slime","floor":14.0,"turns":2.0},{"damage":2.0,"enemies":"Slime Boss","floor":16.0,"turns":4.0},{"damage":18.0,"enemies":"Shell Parasite","floor":18.0,"turns":6.0},{"damage":0.0,"enemies":"Spheric Guardian","floor":21.0,"turns":3.0},{"damage":0.0,"enemies":"Snecko","floor":22.0,"turns":4.0},{"damage":0.0,"enemies":"Centurion and Healer","floor":24.0,"turns":5.0},{"damage":25.0,"enemies":"Book of Stabbing","floor":25.0,"turns":4.0},{"damage":8.0,"enemies":"Snake Plant","floor":27.0,"turns":4.0},{"damage":0.0,"enemies":"Gremlin Leader","floor":29.0,"turns":2.0},{"damage":0.0,"enemies":"3 Cultists","floor":31.0,"turns":2.0},{"damage":45.0,"enemies":"Collector","floor":33.0,"turns":9.0},{"damage":4.0,"enemies":"3 Darklings","floor":35.0,"turns":3.0},{"damage":31.0,"enemies":"3 Shapes","floor":38.0,"turns":4.0},{"damage":6.0,"enemies":"3 Darklings","floor":39.0,"turns":2.0},{"damage":14.0,"enemies":"4 Shapes","floor":41.0,"turns":8.0},{"damage":32.0,"enemies":"Nemesis","floor":42.0,"turns":9.0},{"damage":0.0,"enemies":"Sphere and 2 Shapes","floor":45.0,"turns":2.0},{"damage":0.0,"enemies":"Transient","floor":47.0,"turns":5.0},{"damage":20.0,"enemies":"Maw","floor":48.0,"turns":7.0},{"damage":52.0,"enemies":"Donu and Deca","floor":50.0,"turns":8.0},{"damage":40.0,"enemies":"Shield and Spear","floor":54.0,"turns":5.0},{"damage":101,"enemies":"The Heart","floor":55,"turns":5}],"seed_played":"439589262392913470","potions_obtained":[{"floor":4.0,"key":"Dexterity Potion"},{"floor":6.0,"key":"Swift Potion"},{"floor":11.0,"key":"ColorlessPotion"},{"floor":14.0,"key":"LiquidBronze"},{"floor":16.0,"key":"Regen Potion"},{"floor":18.0,"key":"EssenceOfSteel"},{"floor":22.0,"key":"ColorlessPotion"},{"floor":24.0,"key":"SmokeBomb"},{"floor":25.0,"key":"Dexterity Potion"},{"floor":27.0,"key":"DuplicationPotion"},{"floor":33.0,"key":"HeartOfIron"},{"floor":35.0,"key":"SteroidPotion"},{"floor":39.0,"key":"SteroidPotion"},{"floor":45.0,"key":"LiquidBronze"},{"floor":47.0,"key":"Strength Potion"},{"floor":54.0,"key":"GamblersBrew"}],"is_trial":false,"path_per_floor":["M","?","$","M","?","E","R","E","T","T","M","R","?","M","R","B",null,"M","?","?","M","M","R","M","E","T","M","$","E","$","M","R","B",null,"M","?","$","M","M","R","M","E","T","R","M","?","M","M","R","B",null,"R","$","E","B"],"character_chosen":"IRONCLAD","items_purchased":["Violence","Medical Kit","Fire Breathing","Fiend Fire","Immolate"],"campfire_rested":0,"item_purchase_floors":[28,28,30,37,53],"current_hp_per_floor":[77,70,70,61,66,58,64,64,64,64,64,70,63,63,69,67,85,70,70,70,73,76,82,86,61,61,57,57,61,61,65,74,33,124,124,124,124,97,91,100,90,58,58,67,67,67,67,47,56,8,140,140,140,100,0,0],"gold":67,"neow_bonus":"BOSS_RELIC","is_daily":false,"chose_seed":false,"campfire_upgraded":7,"win_rate":0.0,"timestamp":1611872858,"path_taken":["M","?","$","M","?","E","R","E","T","?","M","R","?","M","R","BOSS","M","?","?","M","M","R","M","E","T","M","$","E","?","M","R","BOSS","M","?","$","M","M","R","M","E","T","R","M","?","M","M","R","BOSS","R","$","E","BOSS"],"items_purchased_type":["Card","Relic","Card","Card","Card"],"build_version":"2020-12-22","purchased_purges":2,"victory":false,"max_hp_per_floor":[80,80,80,80,85,85,85,85,85,85,85,85,85,85,85,85,85,88,88,88,91,94,94,98,98,98,102,102,106,106,110,110,114,124,128,128,128,132,132,132,136,136,136,136,136,136,136,136,136,140,140,140,140,140,140,140],"card_choices":[{"not_picked":["Fire Breathing","Feel No Pain"],"picked":"Clothesline","floor":1.0},{"not_picked":["Anger","Flex"],"picked":"Shrug It Off","floor":4.0},{"not_picked":["Havoc","True Grit"],"picked":"Immolate","floor":6.0},{"not_picked":["Sword Boomerang","Reckless Charge","Rampage"],"picked":"SKIP","floor":8.0},{"not_picked":["Headbutt","Body Slam","True Grit"],"picked":"SKIP","floor":11.0},{"not_picked":["Iron Wave","Havoc"],"picked":"Clothesline","floor":14.0},{"not_picked":["Offering","Corruption"],"picked":"Feed","floor":16.0},{"not_picked":["True Grit","Perfected Strike"],"picked":"Searing Blow","floor":18.0},{"not_picked":["Heavy Blade","Iron Wave"],"picked":"Armaments","floor":21.0},{"not_picked":["Bloodletting","Sword Boomerang","Havoc"],"picked":"SKIP","floor":22.0},{"not_picked":["Perfected Strike","Berserk","Inflame+1"],"picked":"SKIP","floor":24.0},{"not_picked":["Rampage+1","Anger","Thunderclap"],"picked":"SKIP","floor":25.0},{"not_picked":["Ghostly Armor","Flex","Headbutt"],"picked":"SKIP","floor":27.0},{"not_picked":["Offering","Heavy Blade","Flex"],"picked":"SKIP","floor":29.0},{"not_picked":["True Grit","Flex","Twin Strike"],"picked":"SKIP","floor":31.0},{"not_picked":["Feed","Fiend Fire"],"picked":"Double Tap","floor":33.0},{"not_picked":["Heavy Blade+1","Clash","Twin Strike"],"picked":"SKIP","floor":35.0},{"not_picked":["Perfected Strike+1","Second Wind","Iron Wave+1"],"picked":"SKIP","floor":38.0},{"not_picked":["Power Through","Blood for Blood+1"],"picked":"Metallicize+1","floor":39.0},{"not_picked":["Twin Strike+1","Havoc","Anger+1"],"picked":"SKIP","floor":41.0},{"not_picked":["Heavy Blade+1","Twin Strike+1","Havoc+1"],"picked":"SKIP","floor":42.0},{"not_picked":["Berserk","Searing Blow+1","Clothesline+1"],"picked":"SKIP","floor":45.0},{"not_picked":["Anger+1","Headbutt","Cleave"],"picked":"SKIP","floor":47.0},{"not_picked":["Cleave","Shrug It Off"],"picked":"Whirlwind+1","floor":48.0},{"not_picked":["Dark Embrace+1","Flex+1"],"picked":"Sever Soul","floor":54.0}],"player_experience":94883,"relics_obtained":[{"floor":6.0,"key":"Eternal Feather"},{"floor":8.0,"key":"MawBank"},{"floor":10.0,"key":"White Beast Statue"},{"floor":25.0,"key":"Regal Pillow"},{"floor":26.0,"key":"PreservedInsect"},{"floor":29.0,"key":"Art of War"},{"floor":34.0,"key":"War Paint"},{"floor":34.0,"key":"Girya"},{"floor":34.0,"key":"Pear"},{"floor":42.0,"key":"Ornamental Fan"},{"floor":43.0,"key":"Bottled Lightning"},{"floor":54.0,"key":"Oddly Smooth Stone"}],"event_choices":[{"damage_healed":0.0,"max_hp_gain":0.0,"max_hp_loss":0.0,"gold_gain":0.0,"event_name":"Scrap Ooze","player_choice":"Success","floor":2.0,"gold_loss":0.0,"damage_taken":7.0,"relics_obtained":["InkBottle"]},{"damage_healed":0.0,"max_hp_gain":5.0,"max_hp_loss":0.0,"gold_gain":0.0,"event_name":"Big Fish","player_choice":"Donut","floor":5.0,"gold_loss":0.0,"damage_taken":0.0},{"cards_removed":["Strike_R"],"damage_healed":0.0,"max_hp_gain":0.0,"max_hp_loss":0.0,"gold_gain":0.0,"event_name":"Golden Wing","player_choice":"Card Removal","floor":13.0,"gold_loss":0.0,"damage_taken":7.0},{"damage_healed":0.0,"max_hp_gain":0.0,"max_hp_loss":0.0,"gold_gain":0.0,"event_name":"The Mausoleum","player_choice":"Opened","floor":19.0,"gold_loss":0.0,"damage_taken":0.0,"relics_obtained":["Champion Belt"]},{"cards_removed":["Strike_R"],"damage_healed":0.0,"max_hp_gain":0.0,"max_hp_loss":0.0,"gold_gain":0.0,"event_name":"Beggar","player_choice":"Gave Gold","floor":20.0,"gold_loss":75.0,"damage_taken":0.0},{"damage_healed":0.0,"max_hp_gain":0.0,"max_hp_loss":0.0,"gold_gain":0.0,"event_name":"Tomb of Lord Red Mask","player_choice":"Ignored","floor":36.0,"gold_loss":0.0,"damage_taken":0.0},{"cards_removed":["Defend_R"],"damage_healed":0.0,"max_hp_gain":0.0,"max_hp_loss":0.0,"gold_gain":0.0,"event_name":"Falling","player_choice":"Removed Skill","floor":46.0,"gold_loss":0.0,"damage_taken":0.0}],"is_beta":false,"boss_relics":[{"not_picked":["Coffee Dripper","Black Star"],"picked":"SacredBark"},{"not_picked":["Astrolabe","Runic Pyramid"],"picked":"Calling Bell"}],"items_purged_floors":[3,28],"is_endless":false,"potions_floor_spawned":[4,6,11,14,16,18,21,22,24,25,27,29,31,33,35,38,39,41,42,45,47,48,54],"killed_by":"The Heart","ascension_level":2}}