{"host":"d744ndivyohnro60","time":1611797049,"event":{"mods":["BaseMod","Bestiary","Colored Powertips","Minty Spire (QoL Compilation)","Relic Stats"],"gold_per_floor":[119,119,119,294,318,318,318,318],"floor_reached":7,"language":"ENG","playtime":156,"items_purged":[],"score":45,"play_id":"3e65944d-c9bf-4c17-bf89-0381d67a42de","local_time":"20210127202409","is_ascension_mode":true,"campfire_choices":[{"data":"Zap","floor":6,"key":"SMITH"}],"circlet_count":0,"master_deck":["Strike_B","Strike_B","Strike_B","Strike_B","Defend_B","Defend_B","Defend_B","Defend_B","Zap+1","Dualcast","Compile Driver","Injury","Doubt","Leap"],"relics":["Cursed Key","Golden Idol","Cables"],"acts_visited":["Exordium"],"potions_floor_usage":[],"damage_taken":[{"damage":1,"enemies":"Cultist","floor":1,"turns":4},{"damage":0,"enemies":"2 Louse","floor":5,"turns":2},{"damage":93,"enemies":"Gremlin Nob","floor":7,"turns":5}],"seed_played":"-1327662771213599370","potions_obtained":[],"is_trial":false,"path_per_floor":["M","?","?","?","M","R","E"],"character_chosen":"DEFECT","items_purchased":[],"campfire_rested":0,"item_purchase_floors":[],"current_hp_per_floor":[74,74,62,62,62,62,0,0],"gold":318,"neow_bonus":"BOSS_RELIC","is_daily":false,"chose_seed":false,"campfire_upgraded":1,"win_rate":0.0,"timestamp":1611797049,"path_taken":["M","?","?","?","M","R","E"],"items_purchased_type":[],"build_version":"2020-12-22","purchased_purges":0,"victory":false,"max_hp_per_floor":[75,75,75,75,75,75,75,75],"relic_stats":{"counters":[3,11],"Golden Idol":5,"Cursed Key":0,"obtain_stats":[{"Golden Idol":2,"Cracked Core":0,"Cursed Key":0,"Cables":3},{"Golden Idol":1,"Cracked Core":0,"Cursed Key":0,"Cables":1},{"Golden Idol":4,"Cracked Core":0,"Cursed Key":0,"Cables":4}],"Cables":[4,4,0,0,0]},"card_choices":[{"not_picked":["Chaos","Blizzard"],"picked":"Compile Driver","floor":1},{"not_picked":["Hello World","Steam"],"picked":"Leap","floor":5}],"player_experience":153333,"relics_obtained":[],"event_choices":[{"damage_healed":0,"gold_gain":0,"player_choice":"Take Wound","damage_taken":0,"relics_obtained":["Golden Idol"],"max_hp_gain":0,"max_hp_loss":0,"event_name":"Golden Idol","floor":2,"gold_loss":0,"cards_obtained":["Injury"]},{"damage_healed":0,"gold_gain":0,"player_choice":"Success","damage_taken":12,"relics_obtained":["Cables"],"max_hp_gain":0,"max_hp_loss":0,"event_name":"Scrap Ooze","floor":3,"gold_loss":0},{"damage_healed":0,"gold_gain":175,"player_choice":"AGREE","damage_taken":0,"max_hp_gain":0,"max_hp_loss":0,"event_name":"Liars Game","floor":4,"gold_loss":0,"cards_obtained":["Doubt"]}],"is_beta":false,"boss_relics":[],"items_purged_floors":[],"is_endless":false,"potions_floor_spawned":[],"killed_by":"Gremlin Nob","ascension_level":3}}