{"host":"6a9c3xws62y7efyw","time":1611820275,"event":{"mods":["BaseMod","Colored Map","Minty Spire (QoL Compilation)","Relic Stats","StSLib"],"gold_per_floor":[110,110,26,26,44,70,90,90,90,121,131,131,158,183,183,261,261,274,189,74,74,87,121,121,140,187,187,218,234,250,260,260,337,337,353,353,353,367,385,416,428,455,455,465,518,537,568,579,579,579,579,579,579,16,46,46],"floor_reached":57,"language":"ENG","playtime":4512,"items_purged":["Strike_B"],"score":2933,"play_id":"4a55d1d4-8cfc-4eb1-83c8-8068eeb49dbc","local_time":"20210127235115","is_ascension_mode":true,"campfire_choices":[{"data":"Zap","floor":8.0,"key":"SMITH"},{"data":"1","floor":12.0,"key":"LIFT"},{"data":"2","floor":15.0,"key":"LIFT"},{"data":"3","floor":24.0,"key":"LIFT"},{"data":"Biased Cognition","floor":27.0,"key":"SMITH"},{"data":"Defragment","floor":32.0,"key":"SMITH"},{"floor":49.0,"key":"RECALL"},{"floor":53.0,"key":"REST"}],"circlet_count":0,"master_deck":["AscendersBane","Strike_B","Strike_B","Strike_B","Defend_B","Defend_B","Defend_B","Defend_B","Zap+1","Dualcast","All For One","Ball Lightning","Coolheaded","Gash","Biased Cognition+1","Steam","Loop+1","Chill","Biased Cognition","Compile Driver","Doom and Gloom","Coolheaded","Gash","Steam","Gash","Echo Form","Defragment+1","Coolheaded","Echo Form","Hologram","Coolheaded","Gash","Go for the Eyes+1","Consume","Steam Power","Turbo+1","Hologram","Coolheaded"],"relics":["Cracked Core","NeowsBlessing","Girya","MealTicket","Gambling Chip","Meat on the Bone","Odd Mushroom","Ginger","Inserter","CaptainsWheel","Gremlin Horn","Pen Nib","Toy Ornithopter","Fusion Hammer","Nunchaku","Singing Bowl","Lizard Tail","Boot","Cables","HornCleat","Akabeko"],"acts_visited":["Exordium","TheCity","TheBeyond","TheEnding"],"potions_floor_usage":[56],"damage_taken":[{"damage":0.0,"enemies":"Small Slimes","floor":1.0,"turns":1.0},{"damage":0.0,"enemies":"2 Louse","floor":5.0,"turns":1.0},{"damage":0.0,"enemies":"Lagavulin","floor":6.0,"turns":1.0},{"damage":1.0,"enemies":"Cultist","floor":7.0,"turns":3.0},{"damage":11.0,"enemies":"Gremlin Nob","floor":10.0,"turns":3.0},{"damage":0.0,"enemies":"2 Fungi Beasts","floor":11.0,"turns":2.0},{"damage":0.0,"enemies":"The Mushroom Lair","floor":13.0,"turns":2.0},{"damage":0.0,"enemies":"Lagavulin","floor":14.0,"turns":5.0},{"damage":12.0,"enemies":"The Guardian","floor":16.0,"turns":8.0},{"damage":11.0,"enemies":"Shell Parasite","floor":18.0,"turns":4.0},{"damage":1.0,"enemies":"Chosen","floor":22.0,"turns":3.0},{"damage":21.0,"enemies":"Slavers","floor":23.0,"turns":6.0},{"damage":0.0,"enemies":"Centurion and Healer","floor":25.0,"turns":5.0},{"damage":9.0,"enemies":"Book of Stabbing","floor":28.0,"turns":4.0},{"damage":0.0,"enemies":"3 Cultists","floor":29.0,"turns":4.0},{"damage":13.0,"enemies":"Snake Plant","floor":30.0,"turns":2.0},{"damage":9.0,"enemies":"Centurion and Healer","floor":31.0,"turns":6.0},{"damage":18.0,"enemies":"Champ","floor":33.0,"turns":11.0},{"damage":10.0,"enemies":"3 Shapes","floor":35.0,"turns":3.0},{"damage":0.0,"enemies":"Orb Walker","floor":38.0,"turns":4.0},{"damage":15.0,"enemies":"Jaw Worm Horde","floor":39.0,"turns":3.0},{"damage":17.0,"enemies":"Giant Head","floor":40.0,"turns":6.0},{"damage":29.0,"enemies":"Writhing Mass","floor":41.0,"turns":6.0},{"damage":11.0,"enemies":"Reptomancer","floor":42.0,"turns":5.0},{"damage":0.0,"enemies":"Transient","floor":44.0,"turns":6.0},{"damage":9.0,"enemies":"2 Orb Walkers","floor":45.0,"turns":5.0},{"damage":0.0,"enemies":"Spire Growth","floor":46.0,"turns":4.0},{"damage":13.0,"enemies":"Giant Head","floor":47.0,"turns":4.0},{"damage":2.0,"enemies":"4 Shapes","floor":48.0,"turns":3.0},{"damage":41.0,"enemies":"Time Eater","floor":50.0,"turns":11.0},{"damage":13.0,"enemies":"Donu and Deca","floor":51.0,"turns":8.0},{"damage":41.0,"enemies":"Shield and Spear","floor":55.0,"turns":8.0},{"damage":75,"enemies":"The Heart","floor":56,"turns":11}],"seed_played":"7600299751497909669","potions_obtained":[{"floor":6.0,"key":"ColorlessPotion"},{"floor":11.0,"key":"Explosive Potion"},{"floor":14.0,"key":"PotionOfCapacity"},{"floor":22.0,"key":"ColorlessPotion"},{"floor":29.0,"key":"FearPotion"},{"floor":30.0,"key":"Strength Potion"},{"floor":33.0,"key":"EssenceOfDarkness"},{"floor":35.0,"key":"DuplicationPotion"},{"floor":40.0,"key":"Regen Potion"},{"floor":46.0,"key":"AttackPotion"},{"floor":47.0,"key":"Ancient Potion"}],"is_trial":false,"path_per_floor":["M","?","$","?","M","E","M","R","T","E","M","R","?","E","R","B",null,"M","?","$","?","M","E","R","M","T","R","E","M","M","M","R","B",null,"M","?","?","M","M","E","M","E","T","M","?","M","E","M","R","B","B",null,"R","$","E","B",null],"character_chosen":"DEFECT","items_purchased":["All For One","Doom and Gloom","Cables","HornCleat"],"campfire_rested":1,"item_purchase_floors":[3,20,54,54],"current_hp_per_floor":[64,69,69,69,69,69,68,68,68,57,57,57,57,57,57,45,68,57,57,72,72,71,50,50,50,50,50,41,41,45,48,48,42,68,58,58,58,58,43,38,41,42,42,42,47,47,39,51,51,22,26,64,76,76,47,27],"gold":46,"neow_bonus":"THREE_ENEMY_KILL","is_daily":false,"chose_seed":false,"campfire_upgraded":3,"win_rate":0.0,"timestamp":1611820275,"path_taken":["M","?","$","?","M","E","?","R","T","E","M","R","?","E","R","BOSS","M","?","$","?","M","E","R","M","T","R","E","?","M","?","R","BOSS","M","?","?","M","M","E","M","E","T","M","?","M","E","M","R","BOSS","BOSS","R","$","E","BOSS"],"items_purchased_type":["Card","Card","Relic","Relic"],"build_version":"2020-12-22","purchased_purges":1,"victory":true,"max_hp_per_floor":[71,76,76,76,76,76,76,76,76,76,76,76,76,76,76,76,76,76,76,76,76,76,76,76,76,76,76,76,76,76,76,76,76,76,76,72,72,72,72,72,72,72,72,72,74,74,74,76,76,76,76,76,76,76,76,76],"relic_stats":{"Inserter":[66],"Gremlin Horn":[20,20],"Singing Bowl":4,"counters":[33,157],"Pen Nib":[31],"Ginger":[15],"Boot":[4],"Cables":[17,6,11,0,0],"Nunchaku":[21],"Lizard Tail":38,"Gambling Chip":[108],"MealTicket":15,"obtain_stats":[{"Girya":4,"Inserter":17,"NeowsBlessing":0,"Gremlin Horn":23,"Singing Bowl":42,"Pen Nib":26,"Ginger":14,"Odd Mushroom":13,"Boot":47,"Akabeko":55,"Cables":54,"CaptainsWheel":19,"Nunchaku":40,"Lizard Tail":45,"HornCleat":54,"Gambling Chip":9,"MealTicket":6,"Fusion Hammer":34,"Cracked Core":0,"Toy Ornithopter":28,"Meat on the Bone":10},{"Girya":1,"Inserter":9,"NeowsBlessing":0,"Gremlin Horn":12,"Singing Bowl":24,"Pen Nib":13,"Ginger":8,"Odd Mushroom":7,"Boot":28,"Akabeko":32,"Cables":31,"CaptainsWheel":10,"Nunchaku":22,"Lizard Tail":26,"HornCleat":31,"Gambling Chip":4,"MealTicket":3,"Fusion Hammer":18,"Cracked Core":0,"Toy Ornithopter":14,"Meat on the Bone":5},{"Girya":1,"Inserter":26,"NeowsBlessing":0,"Gremlin Horn":38,"Singing Bowl":97,"Pen Nib":43,"Ginger":18,"Odd Mushroom":13,"Boot":116,"Akabeko":146,"Cables":138,"CaptainsWheel":30,"Nunchaku":86,"Lizard Tail":108,"HornCleat":138,"Gambling Chip":6,"MealTicket":3,"Fusion Hammer":70,"Cracked Core":0,"Toy Ornithopter":47,"Meat on the Bone":9}],"Toy Ornithopter":25,"Meat on the Bone":144},"card_choices":[{"not_picked":["Steam","Hello World"],"picked":"Coolheaded","floor":1.0},{"not_picked":["Redo","Recycle"],"picked":"Ball Lightning","floor":5.0},{"not_picked":["Compile Driver","Barrage"],"picked":"Coolheaded","floor":6.0},{"not_picked":["Heatsinks","BootSequence"],"picked":"Gash","floor":7.0},{"not_picked":["Barrage","Conserve Battery"],"picked":"Biased Cognition","floor":10.0},{"not_picked":["Streamline","Consume"],"picked":"Steam","floor":11.0},{"not_picked":["Cold Snap","Sweeping Beam"],"picked":"Loop","floor":13.0},{"not_picked":["Barrage","Consume"],"picked":"Chill","floor":14.0},{"not_picked":["Multi-Cast","Meteor Strike"],"picked":"Biased Cognition","floor":16.0},{"not_picked":["Leap+1","Rebound"],"picked":"Compile Driver","floor":18.0},{"not_picked":["Recycle","Compile Driver"],"picked":"Coolheaded","floor":22.0},{"not_picked":["Fusion","Compile Driver"],"picked":"Gash","floor":23.0},{"not_picked":["Melter","Heatsinks"],"picked":"Steam","floor":25.0},{"not_picked":["Sweeping Beam","Steam"],"picked":"Gash","floor":28.0},{"not_picked":["Conserve Battery","Cold Snap"],"picked":"Echo Form","floor":29.0},{"not_picked":["Steam","Beam Cell"],"picked":"Defragment","floor":30.0},{"not_picked":["Barrage","Leap"],"picked":"Coolheaded","floor":31.0},{"not_picked":["Amplify","Reboot"],"picked":"Echo Form","floor":33.0},{"not_picked":["Ball Lightning","Consume"],"picked":"Hologram","floor":35.0},{"not_picked":["Darkness+1","Static Discharge"],"picked":"Coolheaded","floor":38.0},{"not_picked":["Reprogram","Genetic Algorithm","Rip and Tear"],"picked":"SKIP","floor":39.0},{"not_picked":["Scrape","Redo"],"picked":"Gash","floor":40.0},{"not_picked":["White Noise","Hologram"],"picked":"Go for the Eyes+1","floor":41.0},{"not_picked":["Sweeping Beam","Blizzard+1"],"picked":"Consume","floor":42.0},{"not_picked":["Gash","Double Energy"],"picked":"Steam Power","floor":44.0},{"not_picked":["Beam Cell","White Noise","Heatsinks"],"picked":"Singing Bowl","floor":45.0},{"not_picked":["Heatsinks","Reprogram"],"picked":"Turbo+1","floor":46.0},{"not_picked":["Reboot","Turbo"],"picked":"Hologram","floor":47.0},{"not_picked":["Double Energy+1","Leap","Aggregate"],"picked":"Singing Bowl","floor":48.0},{"not_picked":["Barrage","Hologram"],"picked":"Coolheaded","floor":55.0}],"player_experience":1433774,"relics_obtained":[{"floor":6.0,"key":"MealTicket"},{"floor":9.0,"key":"Gambling Chip"},{"floor":10.0,"key":"Meat on the Bone"},{"floor":13.0,"key":"Odd Mushroom"},{"floor":14.0,"key":"Ginger"},{"floor":23.0,"key":"Gremlin Horn"},{"floor":26.0,"key":"Pen Nib"},{"floor":28.0,"key":"Toy Ornithopter"},{"floor":40.0,"key":"Nunchaku"},{"floor":42.0,"key":"Singing Bowl"},{"floor":45.0,"key":"Lizard Tail"},{"floor":47.0,"key":"Boot"},{"floor":55.0,"key":"Akabeko"}],"event_choices":[{"damage_healed":0.0,"max_hp_gain":5.0,"max_hp_loss":0.0,"gold_gain":0.0,"event_name":"Big Fish","player_choice":"Donut","floor":2.0,"gold_loss":0.0,"damage_taken":0.0},{"cards_removed":["Coolheaded"],"damage_healed":0.0,"max_hp_gain":0.0,"max_hp_loss":0.0,"gold_gain":0.0,"event_name":"WeMeetAgain","player_choice":"Gave Card","floor":4.0,"gold_loss":0.0,"damage_taken":0.0,"relics_obtained":["Girya"]},{"damage_healed":0.0,"max_hp_gain":0.0,"max_hp_loss":0.0,"gold_gain":0.0,"event_name":"Mushrooms","player_choice":"Fought Mushrooms","floor":13.0,"gold_loss":0.0,"damage_taken":0.0},{"damage_healed":0.0,"max_hp_gain":0.0,"max_hp_loss":0.0,"gold_gain":0.0,"event_name":"Addict","player_choice":"Obtained Relic","floor":19.0,"gold_loss":85.0,"damage_taken":0.0,"relics_obtained":["CaptainsWheel"]},{"damage_healed":0.0,"max_hp_gain":0.0,"max_hp_loss":0.0,"gold_gain":0.0,"event_name":"Accursed Blacksmith","player_choice":"Forge","floor":21.0,"gold_loss":0.0,"damage_taken":0.0,"cards_upgraded":["Loop"]},{"damage_healed":0.0,"max_hp_gain":0.0,"max_hp_loss":4.0,"gold_gain":0.0,"event_name":"Winding Halls","player_choice":"Max HP","floor":36.0,"gold_loss":0.0,"damage_taken":0.0},{"damage_healed":0.0,"max_hp_gain":0.0,"max_hp_loss":0.0,"gold_gain":0.0,"event_name":"Tomb of Lord Red Mask","player_choice":"Ignored","floor":37.0,"gold_loss":0.0,"damage_taken":0.0},{"damage_healed":0.0,"max_hp_gain":0.0,"max_hp_loss":0.0,"gold_gain":0.0,"event_name":"Mysterious Sphere","player_choice":"Fight","floor":45.0,"gold_loss":0.0,"damage_taken":0.0}],"is_beta":false,"boss_relics":[{"not_picked":["Astrolabe","Sozu"],"picked":"Inserter"},{"not_picked":["Velvet Choker","SacredBark"],"picked":"Fusion Hammer"}],"items_purged_floors":[20],"is_endless":false,"potions_floor_spawned":[6,11,14,22,29,30,33,35,39,40,46,47],"ascension_level":20}}