{"host":"w01zow3jg16g8jdh","time":1611847069,"event":{"mods":["AchievementEnabler","BaseMod","DeckTracker","Keyboard Shortcuts","Minty Spire (QoL Compilation)","Permanent Neow","StSLib","SuperFastMode"],"gold_per_floor":[118,118,134,59,59,77,77,111,111,111,122,137,62,74,74,145,145,165,185,185,135,35,70,70,96,96,116,116,135,135,145,145,216,216,231,277,227,227,237,237,269,269,269,269,269,281,293,321,321,321,321,321,321,0,0,0],"floor_reached":55,"language":"KOR","playtime":1619,"items_purged":["Strike_G","Defend_G","Distraction"],"score":1930,"play_id":"64bd616e-0790-4dc0-89c5-9635109842db","local_time":"20210129001749","is_ascension_mode":true,"campfire_choices":[{"data":"Phantasmal Killer","floor":7.0,"key":"SMITH"},{"data":"Neutralize","floor":10.0,"key":"SMITH"},{"floor":15.0,"key":"REST"},{"data":"Glass Knife","floor":24.0,"key":"SMITH"},{"data":"Acrobatics","floor":28.0,"key":"SMITH"},{"floor":30.0,"key":"REST"},{"data":"Underhanded Strike","floor":32.0,"key":"SMITH"},{"data":"Cloak And Dagger","floor":40.0,"key":"SMITH"},{"data":"Adrenaline","floor":42.0,"key":"SMITH"},{"floor":49.0,"key":"RECALL"},{"data":"PiercingWail","floor":53.0,"key":"SMITH"}],"circlet_count":0,"master_deck":["AscendersBane","Survivor","Neutralize+1","Phantasmal Killer+1","PiercingWail+1","PiercingWail","Backstab+1","Dagger Throw","Backflip","Glass Knife+1","Acrobatics+1","Underhanded Strike+1","RitualDagger","Adrenaline+1","Infinite Blades+1","Footwork+1","Dodge and Roll","Cloak And Dagger+1","Well Laid Plans+1","A Thousand Cuts+1","Terror+1","After Image+1","Accuracy+1"],"relics":["Ring of the Snake","Gremlin Horn","White Beast Statue","SlaversCollar","Smiling Mask","Vajra","Frozen Egg 2","Pandora\u0027s Box","StoneCalendar","Tough Bandages","Ice Cream","Shuriken"],"acts_visited":["Exordium","TheCity","TheBeyond","TheEnding"],"potions_floor_usage":[],"damage_taken":[{"damage":4.0,"enemies":"Jaw Worm","floor":1.0,"turns":4.0},{"damage":0.0,"enemies":"2 Louse","floor":3.0,"turns":4.0},{"damage":0.0,"enemies":"Cultist","floor":6.0,"turns":4.0},{"damage":36.0,"enemies":"Gremlin Nob","floor":8.0,"turns":5.0},{"damage":0.0,"enemies":"3 Louse","floor":11.0,"turns":4.0},{"damage":0.0,"enemies":"Blue Slaver","floor":12.0,"turns":5.0},{"damage":1.0,"enemies":"2 Fungi Beasts","floor":14.0,"turns":4.0},{"damage":29.0,"enemies":"Hexaghost","floor":16.0,"turns":11.0},{"damage":7.0,"enemies":"Chosen","floor":18.0,"turns":7.0},{"damage":8.0,"enemies":"Shell Parasite","floor":19.0,"turns":5.0},{"damage":0.0,"enemies":"Gremlin Leader","floor":23.0,"turns":4.0},{"damage":15.0,"enemies":"Book of Stabbing","floor":25.0,"turns":4.0},{"damage":0.0,"enemies":"3 Cultists","floor":27.0,"turns":4.0},{"damage":6.0,"enemies":"Centurion and Healer","floor":29.0,"turns":5.0},{"damage":0.0,"enemies":"Chosen and Byrds","floor":31.0,"turns":3.0},{"damage":4.0,"enemies":"Collector","floor":33.0,"turns":6.0},{"damage":1.0,"enemies":"3 Shapes","floor":35.0,"turns":5.0},{"damage":42.0,"enemies":"2 Orb Walkers","floor":36.0,"turns":4.0},{"damage":8.0,"enemies":"Orb Walker","floor":39.0,"turns":3.0},{"damage":16.0,"enemies":"Reptomancer","floor":41.0,"turns":6.0},{"damage":0.0,"enemies":"Jaw Worm Horde","floor":46.0,"turns":3.0},{"damage":0.0,"enemies":"Transient","floor":47.0,"turns":6.0},{"damage":4.0,"enemies":"Giant Head","floor":48.0,"turns":5.0},{"damage":6.0,"enemies":"Donu and Deca","floor":50.0,"turns":8.0},{"damage":7.0,"enemies":"Time Eater","floor":51.0,"turns":10.0},{"damage":50,"enemies":"Shield and Spear","floor":55,"turns":2}],"seed_played":"-5759512182513254457","potions_obtained":[{"floor":3.0,"key":"GhostInAJar"},{"floor":8.0,"key":"DuplicationPotion"},{"floor":11.0,"key":"ColorlessPotion"},{"floor":12.0,"key":"CunningPotion"},{"floor":14.0,"key":"CunningPotion"},{"floor":16.0,"key":"Block Potion"},{"floor":18.0,"key":"SteroidPotion"},{"floor":19.0,"key":"DistilledChaos"},{"floor":23.0,"key":"ColorlessPotion"},{"floor":25.0,"key":"Regen Potion"},{"floor":27.0,"key":"Fruit Juice"},{"floor":29.0,"key":"Ancient Potion"},{"floor":31.0,"key":"DistilledChaos"},{"floor":33.0,"key":"Block Potion"},{"floor":35.0,"key":"EssenceOfSteel"},{"floor":36.0,"key":"SteroidPotion"},{"floor":39.0,"key":"Regen Potion"},{"floor":41.0,"key":"Dexterity Potion"},{"floor":46.0,"key":"Block Potion"},{"floor":48.0,"key":"SmokeBomb"}],"is_trial":false,"path_per_floor":["M","?","M","?","$","M","R","E","T","R","M","M","$","M","R","B",null,"M","M","?","?","$","E","R","E","T","M","R","M","R","M","R","B",null,"M","?","$","?","M","R","E","R","T","?","?","M","M","E","R","B","B",null,"R","$","E"],"character_chosen":"THE_SILENT","items_purchased":["Shuriken","Accuracy+1"],"campfire_rested":2,"item_purchase_floors":[54,54],"current_hp_per_floor":[55,55,55,55,55,55,55,19,19,19,19,19,19,18,37,8,52,45,37,31,31,31,31,31,16,16,16,21,15,36,36,36,47,65,64,22,22,58,50,50,34,34,34,34,34,39,39,35,35,29,22,49,49,49,0,0],"gold":0,"neow_bonus":"ONE_RANDOM_RARE_CARD","is_daily":false,"chose_seed":false,"campfire_upgraded":8,"win_rate":0.0,"timestamp":1611847069,"path_taken":["M","?","M","?","?","?","R","E","T","R","M","M","$","M","R","BOSS","M","M","?","?","$","E","R","E","T","M","R","?","R","M","R","BOSS","M","?","$","?","M","R","E","R","T","?","?","M","M","E","R","BOSS","BOSS","R","$","E"],"items_purchased_type":["Relic","Card"],"build_version":"2020-12-22","purchased_purges":3,"victory":false,"max_hp_per_floor":[66,66,66,66,66,66,66,66,66,66,66,66,66,66,66,66,66,66,66,66,66,66,66,66,66,66,66,71,71,71,71,71,71,71,71,71,71,58,58,58,58,58,58,58,58,58,58,58,58,58,58,58,58,58,58,58],"card_choices":[{"not_picked":["Dodge and Roll","Slice"],"picked":"PiercingWail","floor":1.0},{"not_picked":["Bane","Prepared","Catalyst"],"picked":"SKIP","floor":3.0},{"not_picked":["Leg Sweep","Quick Slash"],"picked":"PiercingWail","floor":6.0},{"not_picked":["Backflip","Deflect"],"picked":"Backstab","floor":8.0},{"not_picked":["Choke","Deflect","Leg Sweep"],"picked":"SKIP","floor":11.0},{"not_picked":["Terror","Predator"],"picked":"Dagger Throw","floor":12.0},{"not_picked":["Poisoned Stab","Bane"],"picked":"Backflip","floor":14.0},{"not_picked":["Envenom","Unload"],"picked":"Glass Knife","floor":16.0},{"not_picked":["Sucker Punch","Dagger Spray"],"picked":"Acrobatics","floor":18.0},{"not_picked":["Dagger Throw","Deflect"],"picked":"Underhanded Strike","floor":19.0},{"not_picked":["Caltrops","Deadly Poison","Phantasmal Killer"],"picked":"SKIP","floor":23.0},{"not_picked":["Blade Dance","Dagger Spray","Quick Slash"],"picked":"SKIP","floor":25.0},{"not_picked":["Dagger Spray","Bane","Choke"],"picked":"SKIP","floor":27.0},{"not_picked":["Masterful Stab","Flying Knee","Bane"],"picked":"SKIP","floor":29.0},{"not_picked":["Doppelganger","Dagger Throw","Flying Knee"],"picked":"SKIP","floor":31.0},{"not_picked":["Malaise","Burst"],"picked":"Adrenaline","floor":33.0},{"not_picked":["Expertise","Endless Agony+1","Dagger Spray"],"picked":"SKIP","floor":35.0},{"not_picked":["Choke","Deflect"],"picked":"Well Laid Plans+1","floor":39.0},{"not_picked":["Well Laid Plans+1","Slice","Outmaneuver+1"],"picked":"SKIP","floor":41.0},{"not_picked":["Endless Agony","Storm of Steel","PiercingWail"],"picked":"SKIP","floor":46.0},{"not_picked":["Heel Hook","Prepared"],"picked":"Terror+1","floor":47.0},{"not_picked":["Sucker Punch","Backstab+1"],"picked":"After Image+1","floor":48.0}],"player_experience":325524,"relics_obtained":[{"floor":8.0,"key":"Gremlin Horn"},{"floor":9.0,"key":"White Beast Statue"},{"floor":23.0,"key":"Smiling Mask"},{"floor":25.0,"key":"Vajra"},{"floor":26.0,"key":"Frozen Egg 2"},{"floor":36.0,"key":"StoneCalendar"},{"floor":41.0,"key":"Tough Bandages"},{"floor":48.0,"key":"Ice Cream"}],"event_choices":[{"damage_healed":0.0,"max_hp_gain":0.0,"max_hp_loss":0.0,"gold_gain":0.0,"event_name":"Liars Game","player_choice":"Ignored","floor":2.0,"gold_loss":0.0,"damage_taken":0.0},{"cards_removed":["Defend_G"],"damage_healed":0.0,"max_hp_gain":0.0,"max_hp_loss":0.0,"gold_gain":0.0,"event_name":"The Cleric","player_choice":"Card Removal","floor":4.0,"gold_loss":75.0,"damage_taken":0.0},{"damage_healed":0.0,"max_hp_gain":0.0,"max_hp_loss":0.0,"gold_gain":0.0,"event_name":"Nest","player_choice":"Joined the Cult","floor":20.0,"gold_loss":0.0,"damage_taken":6.0,"cards_obtained":["RitualDagger"]},{"damage_healed":0.0,"max_hp_gain":0.0,"max_hp_loss":0.0,"gold_gain":0.0,"event_name":"Designer","player_choice":"Upgraded Two","floor":21.0,"gold_loss":50.0,"damage_taken":0.0,"cards_upgraded":["Backstab","Strike_G"]},{"damage_healed":0.0,"max_hp_gain":0.0,"max_hp_loss":0.0,"gold_gain":0.0,"event_name":"Mysterious Sphere","player_choice":"Fight","floor":36.0,"gold_loss":0.0,"damage_taken":0.0},{"damage_healed":58.0,"max_hp_gain":0.0,"max_hp_loss":13.0,"gold_gain":0.0,"event_name":"The Moai Head","player_choice":"Heal","floor":38.0,"gold_loss":0.0,"damage_taken":0.0},{"cards_removed":["Endless Agony"],"damage_healed":0.0,"max_hp_gain":0.0,"max_hp_loss":0.0,"gold_gain":0.0,"event_name":"Falling","player_choice":"Removed Attack","floor":44.0,"gold_loss":0.0,"damage_taken":0.0},{"damage_healed":0.0,"max_hp_gain":0.0,"max_hp_loss":0.0,"gold_gain":0.0,"cards_transformed":["Corpse Explosion"],"event_name":"Transmorgrifier","player_choice":"Transformed","floor":45.0,"gold_loss":0.0,"damage_taken":0.0,"cards_obtained":["A Thousand Cuts"]}],"is_beta":false,"boss_relics":[{"not_picked":["Snecko Eye","Runic Pyramid"],"picked":"SlaversCollar"},{"not_picked":["Busted Crown","Calling Bell"],"picked":"Pandora\u0027s Box"}],"items_purged_floors":[13,22,37],"is_endless":false,"potions_floor_spawned":[3,8,11,12,14,16,18,19,23,25,27,29,31,33,35,36,39,41,46,47,48],"killed_by":"Shield and Spear","ascension_level":20}}