{"host":"sckme7d1fomdxamv","time":1611800771,"event":{"mods":["Act Like it!","BaseMod","Downfall","Friendly Minions","Gensokyo","Kiyohime（清姬）","Marisa（F雨　魔理沙）","Minty Spire (QoL Compilation)","READ ME - Guardian Mod","Remilia（蕾米莉亚）","Replay The Spire","Shop Mod","StSLib","The Bug Knight","The Hierophant","The Servant 0.9.4"],"gold_per_floor":[99,144,198,14,14,50,50,50,50,50,146,188,293,332,380,380,380],"floor_reached":16,"language":"ZHS","playtime":661,"items_purged":[],"score":354,"play_id":"abf90eab-fcbd-49e8-ba3d-af4ee0c15559","local_time":"20210128102611","daily_mods":["DeadlyEvents","Binary","Cursed Run","Elite Swarm","Lethality","Midas","Night Terrors","Terminal","Uncertain Future","downfall:WorldOfGoo","downfall:Hexed","downfall:Enraging","downfall:ExchangeController","Binary"],"is_ascension_mode":true,"campfire_choices":[{"floor":1,"key":"REST"},{"floor":8,"key":"REST"}],"circlet_count":5,"master_deck":["AscendersBane","HollowMod:NailStrikeStart","HollowMod:NailStrikeStart","HollowMod:NailStrikeStart","HollowMod:NailStrikeStart","HollowMod:QuickDashStart","HollowMod:QuickDashStart","HollowMod:QuickDashStart","HollowMod:QuickDashStart","HollowMod:FocusHealStart","HollowMod:PogoStrike","HollowMod:GreatSlash","HollowMod:CoiledNail","Normality","HollowMod:DescendingDark+1"],"relics":["Cursed Key","Darkstone Periapt","Du-Vu Doll","Busted Crown","Velvet Choker","downfall:NeowBlessing_Player","bronze:MakeshiftBattery","Medical Kit","bronze:DonusWashers","bronze:DecasWashers","bronze:BronzeIdol","Circlet"],"acts_visited":["Gensokyo:Gensokyo"],"potions_floor_usage":[],"damage_taken":[{"damage":0,"enemies":"Gensokyo:Gryphon","floor":2,"turns":2},{"damage":9,"enemies":"Gensokyo:2_Kodama","floor":3,"turns":3},{"damage":7,"enemies":"downfall:FleeingMerchant","floor":4,"turns":4},{"damage":0,"enemies":"Gensokyo:3_Fairies","floor":6,"turns":2},{"damage":0,"enemies":"Gensokyo:Cirno","floor":11,"turns":2},{"damage":0,"enemies":"Gensokyo:LivingMonolith","floor":12,"turns":1},{"damage":0,"enemies":"Gensokyo:Mamizou","floor":13,"turns":3},{"damage":4,"enemies":"Gensokyo:Gryphon_and_Rabbit","floor":14,"turns":2},{"damage":0,"enemies":"Gensokyo:Kitsune","floor":15,"turns":1},{"damage":162,"enemies":"WA_ARCHETYPE_RETAIN","floor":16,"turns":10}],"seed_played":"-6607621457730329418","potions_obtained":[{"floor":11,"key":"Explosive Potion"},{"floor":13,"key":"AttackPotion"},{"floor":14,"key":"Milkshake"}],"is_trial":true,"path_per_floor":["R","M","M","$","?","M","T","R","?","?","E","M","E","M","M","B"],"character_chosen":"THE_BUGKNIGHT","items_purchased":["HollowMod:GreatSlash","HollowMod:CoiledNail"],"campfire_rested":2,"item_purchase_floors":[4,4],"current_hp_per_floor":[194,193,184,177,163,163,169,188,159,158,157,156,155,151,151,0,0],"gold":380,"neow_bonus":"","is_daily":false,"chose_seed":false,"campfire_upgraded":0,"win_rate":0.0,"timestamp":1611800771,"path_taken":["R","M","M","$","?","M","T","R","?","?","E","?","E","M","M","BOSS"],"items_purchased_type":["Card","Card"],"build_version":"2020-12-22","purchased_purges":0,"victory":false,"max_hp_per_floor":[194,193,192,191,190,189,194,188,159,158,157,156,155,154,153,153,153],"card_choices":[],"player_experience":229487,"relics_obtained":[{"floor":7,"key":"Circlet"},{"floor":11,"key":"Circlet"},{"floor":13,"key":"Circlet"}],"event_choices":[],"is_beta":false,"boss_relics":[],"items_purged_floors":[],"is_endless":false,"potions_floor_spawned":[11,13,14],"killed_by":"WA_ARCHETYPE_RETAIN","ascension_level":20}}