{"host":"sav7uxregyirlf69","time":1611833085,"event":{"mods":["AchievementEnabler","BaseMod","Colored Map","DeckTracker","Keyboard Shortcuts","Minty Spire (QoL Compilation)","READ ME - Guardian Mod","StSLib","SuperFastMode"],"gold_per_floor":[112,112,72,82,6,35,54,72,72,72,83,118,136,148,148,220,220,230,249,174,264,264,264],"floor_reached":22,"language":"KOR","playtime":376,"items_purged":[],"score":446,"play_id":"fd779ffc-04f9-4d72-9009-869abce97317","local_time":"20210128202445","is_ascension_mode":true,"campfire_choices":[{"data":"Catalyst","floor":15.0,"key":"SMITH"}],"circlet_count":0,"master_deck":["AscendersBane","Strike_G","Strike_G","Defend_G","Defend_G","Defend_G","Defend_G","Defend_G","Survivor","Neutralize","Dagger Throw","Bouncing Flask","Crippling Poison","Flying Knee","Dash","Dagger Spray","All Out Attack","Catalyst+1","Burst","PiercingWail"],"relics":["Ring of the Snake","NeowsBlessing","Toy Ornithopter","Regal Pillow","Frozen Egg 2","Runic Pyramid"],"acts_visited":["Exordium","TheCity"],"potions_floor_usage":[16],"damage_taken":[{"damage":0.0,"enemies":"Jaw Worm","floor":1.0,"turns":1.0},{"damage":0.0,"enemies":"Cultist","floor":4.0,"turns":1.0},{"damage":0.0,"enemies":"3 Sentries","floor":6.0,"turns":1.0},{"damage":1.0,"enemies":"Small Slimes","floor":7.0,"turns":3.0},{"damage":0.0,"enemies":"Looter","floor":8.0,"turns":4.0},{"damage":1.0,"enemies":"2 Fungi Beasts","floor":11.0,"turns":4.0},{"damage":22.0,"enemies":"Lagavulin","floor":12.0,"turns":5.0},{"damage":0.0,"enemies":"Red Slaver","floor":13.0,"turns":4.0},{"damage":7.0,"enemies":"3 Louse","floor":14.0,"turns":2.0},{"damage":23,"enemies":"Slime Boss","floor":16,"turns":4},{"damage":12,"enemies":"3 Byrds","floor":18,"turns":5},{"damage":16,"enemies":"Chosen","floor":19,"turns":6},{"damage":14,"enemies":"Centurion and Healer","floor":22,"turns":5}],"seed_played":"5189473638063081265","potions_obtained":[{"floor":3.0,"key":"GamblersBrew"},{"floor":3.0,"key":"ColorlessPotion"},{"floor":7.0,"key":"Energy Potion"},{"floor":13.0,"key":"PowerPotion"},{"floor":14.0,"key":"DuplicationPotion"},{"floor":19,"key":"GhostInAJar"}],"is_trial":false,"path_per_floor":["M","?","?","M","$","E","M","M","T","?","M","E","M","M","R","B",null,"M","M","?","?","M"],"character_chosen":"THE_SILENT","items_purchased":["Crippling Poison"],"campfire_rested":0,"item_purchase_floors":[5],"current_hp_per_floor":[59,52,52,52,52,52,51,51,51,51,50,33,33,26,26,8,52,40,24,24,12,0,0],"gold":264,"neow_bonus":"THREE_ENEMY_KILL","is_daily":false,"chose_seed":false,"campfire_upgraded":1,"win_rate":0.0,"timestamp":1611833085,"path_taken":["M","?","?","M","$","E","M","?","T","?","M","E","?","?","R","BOSS","M","M","?","?","?"],"items_purchased_type":["Card"],"build_version":"2020-12-22","purchased_purges":0,"victory":false,"max_hp_per_floor":[66,66,66,66,66,66,66,66,66,66,66,66,66,66,66,66,66,66,66,66,66,66,66],"card_choices":[{"not_picked":["Underhanded Strike","Acrobatics"],"picked":"Dagger Throw","floor":1.0},{"not_picked":["Deadly Poison","Reflex"],"picked":"Bouncing Flask","floor":4.0},{"not_picked":["Prepared","Outmaneuver"],"picked":"Flying Knee","floor":6.0},{"not_picked":["Dagger Spray","Cloak And Dagger"],"picked":"Dash","floor":7.0},{"not_picked":["Endless Agony","Dash","Expertise"],"picked":"SKIP","floor":8.0},{"not_picked":["Bane","PiercingWail"],"picked":"Dagger Spray","floor":11.0},{"not_picked":["Deflect","Dagger Throw"],"picked":"All Out Attack","floor":12.0},{"not_picked":["Underhanded Strike","Bouncing Flask","Infinite Blades+1"],"picked":"SKIP","floor":13.0},{"not_picked":["Choke","Dagger Spray"],"picked":"Catalyst","floor":14.0},{"not_picked":["Night Terror","Bullet Time"],"picked":"Burst","floor":16},{"not_picked":["Deadly Poison","Dagger Spray"],"picked":"PiercingWail","floor":18},{"not_picked":["Dagger Throw","Dodge and Roll","Slice"],"picked":"SKIP","floor":19}],"player_experience":1420296,"relics_obtained":[{"floor":6.0,"key":"Toy Ornithopter"},{"floor":9.0,"key":"Regal Pillow"},{"floor":12.0,"key":"Frozen Egg 2"}],"event_choices":[{"cards_removed":["Strike_G"],"damage_healed":0.0,"max_hp_gain":0.0,"max_hp_loss":0.0,"gold_gain":0.0,"event_name":"Golden Wing","player_choice":"Card Removal","floor":2.0,"gold_loss":0.0,"damage_taken":7.0},{"damage_healed":0.0,"max_hp_gain":0.0,"max_hp_loss":0.0,"gold_gain":0.0,"event_name":"The Woman in Blue","player_choice":"Bought 3 Potions","floor":3.0,"gold_loss":0.0,"damage_taken":0.0},{"cards_removed":["Strike_G"],"damage_healed":0.0,"max_hp_gain":0.0,"max_hp_loss":0.0,"gold_gain":0.0,"event_name":"Bonfire Elementals","player_choice":"Offered Basic","floor":10.0,"gold_loss":0.0,"damage_taken":0.0},{"cards_removed":["Strike_G"],"damage_healed":0,"gold_gain":0,"player_choice":"Gave Gold","damage_taken":0,"max_hp_gain":0,"max_hp_loss":0,"event_name":"Beggar","floor":20,"gold_loss":75},{"damage_healed":0,"gold_gain":90,"player_choice":"GOLD ","damage_taken":12,"max_hp_gain":0,"max_hp_loss":0,"event_name":"Knowing Skull","floor":21,"potions_obtained":[],"gold_loss":0,"cards_obtained":[]}],"is_beta":false,"boss_relics":[{"not_picked":["Coffee Dripper","Ectoplasm"],"picked":"Runic Pyramid"}],"items_purged_floors":[],"is_endless":false,"potions_floor_spawned":[7,11,13,14,19],"killed_by":"Centurion and Healer","ascension_level":20}}