{"host":"9kesdg97wkrx2bva","time":1611872008,"event":{"mods":["AchievementEnabler","BaseMod","Colored Map","GifTheSpireLib","Infinite Spire","Minty Spire (QoL Compilation)","Replay The Spire","StSLib"],"gold_per_floor":[12,27,27,27,2,2,2,2,2,33,33,33,33,51,51,145,145,165,4,4,24,24,24,24,24,24],"floor_reached":25,"language":"ENG","playtime":554,"items_purged":["Strike_B"],"score":409,"play_id":"bd51cfcd-d66b-4319-a9c5-06df0da5b38d","local_time":"20210128161328","is_ascension_mode":true,"campfire_choices":[{"data":"Zap","floor":6,"key":"SMITH"},{"data":"Dualcast","floor":8,"key":"SMITH"},{"floor":11,"key":"REST"},{"floor":15,"key":"REST"},{"data":"Barrage","floor":24,"key":"SMITH"}],"circlet_count":0,"master_deck":["AscendersBane","Strike_B","Strike_B","Defend_B","Defend_B","Defend_B","Defend_B","Dualcast+1","Echo Form","Cold Snap","Scrape","Sweeping Beam","Chaos+1","Deadly Poison+1","Rebound","Rainbow+1","Barrage+1","Capacitor","Barrage"],"relics":["Golden Idol","infinitespire:Broken Mirror","Mummified Hand","Ring of the Snake","Sozu"],"acts_visited":["Exordium","TheCity"],"potions_floor_usage":[16,23],"damage_taken":[{"damage":13,"enemies":"2 Louse","floor":1,"turns":3},{"damage":7,"enemies":"Jaw Worm","floor":2,"turns":3},{"damage":40,"enemies":"3 Sentries","floor":10,"turns":7},{"damage":7,"enemies":"Small Slimes","floor":14,"turns":4},{"damage":8,"enemies":"Hexaghost","floor":16,"turns":6},{"damage":19,"enemies":"Spheric Guardian","floor":18,"turns":4},{"damage":12,"enemies":"3 Byrds","floor":21,"turns":4},{"damage":0,"enemies":"Nightmare","floor":23,"turns":1},{"damage":25,"enemies":"Slavers","floor":25,"turns":1}],"seed_played":"-7538685226290331669","potions_obtained":[{"floor":2,"key":"SmokeBomb"},{"floor":10,"key":"PowerPotion"}],"is_trial":false,"path_per_floor":["M","M","?","?","$","R","$","R","T","E","R","?","?","M","R","B",null,"M","$","?","M","?","NM","R","E"],"character_chosen":"DEFECT","items_purchased":["Sweeping Beam","Capacitor"],"campfire_rested":2,"item_purchase_floors":[5,19],"current_hp_per_floor":[51,44,44,44,44,44,44,44,44,4,23,23,23,16,35,27,55,36,36,36,24,24,24,24,0,0],"gold":24,"neow_bonus":"THREE_RARE_CARDS","is_daily":false,"chose_seed":false,"campfire_upgraded":3,"win_rate":0.0,"timestamp":1611872008,"path_taken":["M","M","?","?","?","R","?","R","T","E","R","?","?","M","R","BOSS","M","$","?","?","?","NM","R","E"],"items_purchased_type":["Card","Card"],"build_version":"2020-12-22","purchased_purges":1,"victory":false,"max_hp_per_floor":[71,71,64,64,64,64,64,64,64,64,64,64,64,64,64,64,64,64,64,64,64,64,64,64,64,64],"card_choices":[{"not_picked":["Machine Learning","Amplify"],"picked":"Echo Form","floor":0},{"not_picked":["Redo","Hello World"],"picked":"Cold Snap","floor":1},{"not_picked":["Conserve Battery","Mirror Shield"],"picked":"Scrape","floor":2},{"not_picked":["BasicCrystalCard","Steam Power"],"picked":"Chaos","floor":10},{"not_picked":["Leap","Beam Cell"],"picked":"Rebound","floor":14},{"not_picked":["ReplayTheSpireMod:Fabricate Wheel","Fission"],"picked":"Rainbow","floor":16},{"not_picked":["Sweeping Beam","BasicCrystalCard"],"picked":"Barrage","floor":18},{"not_picked":["Sweeping Beam+1","Auto Shields"],"picked":"Barrage","floor":21}],"player_experience":981102,"relics_obtained":[{"floor":9,"key":"infinitespire:Broken Mirror"},{"floor":10,"key":"Mummified Hand"}],"event_choices":[{"damage_healed":0,"gold_gain":0,"player_choice":"Lose Max HP","damage_taken":0,"relics_obtained":["Golden Idol"],"max_hp_gain":0,"max_hp_loss":7,"event_name":"Golden Idol","floor":3,"gold_loss":0},{"damage_healed":0,"gold_gain":0,"player_choice":"Forge","damage_taken":0,"max_hp_gain":0,"max_hp_loss":0,"event_name":"Accursed Blacksmith","floor":13,"gold_loss":0,"cards_upgraded":["Chaos"]},{"damage_healed":0,"gold_gain":0,"player_choice":"Upgraded","damage_taken":0,"max_hp_gain":0,"max_hp_loss":0,"event_name":"Upgrade Shrine","floor":20,"gold_loss":0,"cards_upgraded":["Rainbow"]},{"damage_healed":0,"gold_gain":0,"player_choice":"Got Potions","damage_taken":0,"max_hp_gain":0,"max_hp_loss":0,"event_name":"Lab","floor":22,"gold_loss":0}],"is_beta":false,"boss_relics":[{"not_picked":["Inserter","Snecko Heart"],"picked":"Sozu"}],"items_purged_floors":[19],"is_endless":false,"potions_floor_spawned":[2,10,21,23],"killed_by":"Slavers","ascension_level":18}}