{"host":"oz0i1fpezyhy8r2h","time":1611831569,"event":{"mods":["ATMod(∞¢Ë™Mod)","Act Like it!","Arknights The Spire","BaseMod","KinomotoSakuraMod(ƒæ÷Æ±æ”£)","Minty Spire (QoL Compilation)","Reimu£®≤©¿ˆ¡È√Œ£©","Remilia£®¿Ÿ√◊¿Ú—«£©","StSLib","The Bug Knight","°æ“≈ŒÔø®≈∆°øREMEMod"],"gold_per_floor":[118,118,130,146,166,166,192,192,192,206,234,248,276,276,276,381,381,393,413,269,284,297,327,327,370,411,525,525,525,525,574,574,694,694,723,723,723,754,754,802,318,360,360,401,401,442,507,120,120,120,120,120,120,166,166],"floor_reached":56,"language":"ZHS","playtime":2520,"items_purged":["ats:Strike V","ats:Defend","ats:Strike C"],"score":1775,"play_id":"5ae5c7ca-b2d6-41e2-b594-ee710bfeb0a4","local_time":"20210128185929","is_ascension_mode":true,"campfire_choices":[{"data":"ats:Thermite Blade","floor":6.0,"key":"SMITH"},{"data":"ats:Emotion Absorption","floor":8.0,"key":"SMITH"},{"data":"ats:Guard Mode","floor":15.0,"key":"SMITH"},{"data":"ats:Thermite Blade","floor":24.0,"key":"SMITH"},{"data":"1","floor":30.0,"key":"LIFT"},{"data":"ats:Durian","floor":32.0,"key":"SMITH"},{"floor":45,"key":"RECALL"},{"data":"ats:Serious Mode","floor":49,"key":"SMITH"},{"data":"ats:Apocalypse","floor":52,"key":"SMITH"}],"circlet_count":0,"master_deck":["ats:Armor Crushing Shot","ats:Emotion Absorption+1","ats:Thermite Blade+1","ats:Guard Mode+1","ats:Hook Shot","ats:Apocalypse+1","ats:Curse Doll","ats:Durian+1","ats:Thermite Blade+1","ats:Serious Mode+1","ats:Steam Pump+1","ats:Neurotoxin+1","ats:Very Hot Blade+1","ats:Chain Hook+1","ats:Soul Absorption","ats:Thermite Blade+1"],"relics":["ats:Sanity","AT_ATBox","REME_ComplimentaryCards","AT_TimeSand","ats:Originium","Letter Opener","Mummified Hand","Pen Nib","Blood Vial","PureWhite:ReiMu","Busted Crown","ats:Gyao","Girya","Ancient Tea Set","Boot","Astrolabe","HornCleat","ats:Industrial Water Cannon","Torii","White Beast Statue","Gambling Chip","Anchor","FossilizedHelix","AT_BellowingDragoncrestRing","REME_PuzzleBoxRelic"],"acts_visited":["Exordium","TheCity","TheBeyond","TheEnding"],"potions_floor_usage":[55,55,55],"damage_taken":[{"damage":0.0,"enemies":"Cultist","floor":1.0,"turns":2.0},{"damage":0.0,"enemies":"2 Louse","floor":3.0,"turns":3.0},{"damage":12.0,"enemies":"Jaw Worm","floor":4.0,"turns":3.0},{"damage":5.0,"enemies":"Looter","floor":5.0,"turns":3.0},{"damage":15.0,"enemies":"3 Sentries","floor":7.0,"turns":6.0},{"damage":5.0,"enemies":"3 Louse","floor":10.0,"turns":4.0},{"damage":13.0,"enemies":"Lagavulin","floor":11.0,"turns":6.0},{"damage":3.0,"enemies":"Blue Slaver","floor":12.0,"turns":3.0},{"damage":6.0,"enemies":"3 Sentries","floor":13.0,"turns":6.0},{"damage":30.0,"enemies":"The Guardian","floor":16.0,"turns":6.0},{"damage":4.0,"enemies":"2 Thieves","floor":18.0,"turns":4.0},{"damage":0.0,"enemies":"Spheric Guardian","floor":19.0,"turns":2.0},{"damage":8.0,"enemies":"Snecko","floor":21.0,"turns":4.0},{"damage":15.0,"enemies":"Centurion and Healer","floor":22.0,"turns":3.0},{"damage":0.0,"enemies":"Gremlin Leader","floor":23.0,"turns":4.0},{"damage":13.0,"enemies":"Book of Stabbing","floor":25.0,"turns":3.0},{"damage":23.0,"enemies":"Slavers","floor":31.0,"turns":2.0},{"damage":18.0,"enemies":"Champ","floor":33.0,"turns":4.0},{"damage":1.0,"enemies":"Orb Walker","floor":35.0,"turns":2.0},{"damage":16,"enemies":"3 Shapes","floor":38,"turns":3},{"damage":15,"enemies":"Giant Head","floor":40,"turns":3},{"damage":15,"enemies":"Nemesis","floor":42,"turns":3},{"damage":0,"enemies":"Giant Head","floor":44,"turns":4},{"damage":0,"enemies":"Reptomancer","floor":46,"turns":3},{"damage":3,"enemies":"Mind Bloom Boss Battle","floor":47,"turns":4},{"damage":0,"enemies":"Awakened One","floor":50,"turns":5},{"damage":0,"enemies":"Shield and Spear","floor":54,"turns":3},{"damage":64,"enemies":"The Heart","floor":55,"turns":6}],"seed_played":"-1349195965921169665","potions_obtained":[{"floor":1.0,"key":"AttackPotion"},{"floor":3.0,"key":"DuplicationPotion"},{"floor":11.0,"key":"DistilledChaos"},{"floor":13.0,"key":"FearPotion"},{"floor":21.0,"key":"Energy Potion"},{"floor":31.0,"key":"Block Potion"},{"floor":42,"key":"SteroidPotion"}],"is_trial":false,"path_per_floor":["M","T","M","M","M","R","E","R","T","M","E","M","E","?","R","B",null,"M","M","$","M","M","E","R","E","T","?","?","?","R","E","R","B",null,"M","?","?","M","?","E","$","E","T","E","R","E","?","$","R","B",null,"R","$","E","B",null],"character_chosen":"DOCTOR_CLASS","items_purchased":["ats:Thermite Blade","ats:Soul Absorption","Torii","AT_BellowingDragoncrestRing"],"campfire_rested":0,"item_purchase_floors":[20,41,41,48],"current_hp_per_floor":[72,72,72,60,55,55,40,40,40,45,47,49,53,46,46,38,72,68,72,72,67,57,69,69,64,64,64,64,64,64,48,48,37,72,71,71,71,56,56,48,48,45,45,57,57,64,72,72,72,72,72,72,72,72,22],"gold":166,"neow_bonus":"TRANSFORM_CARD","is_daily":false,"chose_seed":false,"campfire_upgraded":7,"win_rate":0.0,"timestamp":1611831569,"path_taken":["M","?","M","M","M","R","E","R","T","M","E","M","E","?","R","BOSS","M","M","$","M","M","E","R","E","T","?","?","?","R","E","R","BOSS","M","?","?","?","?","E","?","E","T","E","R","E","?","$","R","BOSS","R","$","E","BOSS"],"items_purchased_type":["Card","Card","Relic","Relic"],"build_version":"2020-12-22","purchased_purges":3,"victory":true,"max_hp_per_floor":[72,72,72,72,72,72,72,72,72,72,72,72,72,72,72,72,72,72,72,72,72,72,72,72,72,72,72,72,72,72,72,72,72,72,72,72,72,72,72,72,72,72,72,72,72,72,72,72,72,72,72,72,72,72,72],"card_choices":[{"not_picked":["ats:Explosion Area Strengthen","ats:Hammer On","ats:Neurotoxin"],"picked":"SKIP","floor":1.0},{"not_picked":["ats:Leaping Hammer","ats:Absolute Focus"],"picked":"ats:Guard Mode","floor":3.0},{"not_picked":["ats:Rapid Magazine","ats:Literary Storm","ats:Healing Drone"],"picked":"SKIP","floor":4.0},{"not_picked":["ats:Blood Oath","ats:Roar Of Ursus"],"picked":"ats:Hook Shot","floor":5.0},{"not_picked":["ats:Charging Defense","ats:Beaten Up"],"picked":"ats:Apocalypse","floor":7.0},{"not_picked":["ats:Blood Oath","ats:Apocalypse","ats:Red Shift"],"picked":"SKIP","floor":10.0},{"not_picked":["ats:Closed Bolt Burst Fire","ats:Consecutive Shot Auto"],"picked":"ats:Curse Doll","floor":11.0},{"not_picked":["ats:Healing Drone","ats:Absolute Focus","ats:Assault Order"],"picked":"SKIP","floor":12.0},{"not_picked":["ats:Revitalization","ats:Guard Mode","ats:Assault Order"],"picked":"SKIP","floor":13.0},{"not_picked":["ats:True Silver Slash","ats:Ambush"],"picked":"ats:Durian","floor":16.0},{"not_picked":["ats:Song Of Battle"],"picked":"SKIP","floor":18.0},{"not_picked":["ats:Absolute Focus+1"],"picked":"SKIP","floor":19.0},{"not_picked":["ats:Assault Order"],"picked":"SKIP","floor":21.0},{"not_picked":["ats:Ignite+1"],"picked":"SKIP","floor":22.0},{"not_picked":["ats:Volcano"],"picked":"SKIP","floor":23.0},{"not_picked":["ats:Consecutive Shot Auto"],"picked":"SKIP","floor":25.0},{"not_picked":[],"picked":"ats:Serious Mode","floor":31.0},{"not_picked":["ats:Powerful Strike+1"],"picked":"SKIP","floor":35.0},{"not_picked":[],"picked":"ats:Chain Hook+1","floor":38},{"not_picked":["ats:Revitalization+1"],"picked":"SKIP","floor":40},{"not_picked":["ats:Part Time Job+1"],"picked":"SKIP","floor":42},{"not_picked":[],"picked":"ats:Thermite Blade+1","floor":44},{"not_picked":["ats:Healing Strengthening+1"],"picked":"SKIP","floor":46},{"not_picked":["ats:Flexible Camouflage+1"],"picked":"SKIP","floor":54}],"player_experience":167383,"relics_obtained":[{"floor":2.0,"key":"AT_TimeSand"},{"floor":7.0,"key":"ats:Originium"},{"floor":7.0,"key":"Letter Opener"},{"floor":9.0,"key":"Mummified Hand"},{"floor":11.0,"key":"ats:Originium"},{"floor":11.0,"key":"Pen Nib"},{"floor":13.0,"key":"ats:Originium"},{"floor":13.0,"key":"Blood Vial"},{"floor":23.0,"key":"ats:Originium"},{"floor":23.0,"key":"ats:Gyao"},{"floor":25.0,"key":"Girya"},{"floor":26.0,"key":"Ancient Tea Set"},{"floor":31.0,"key":"Boot"},{"floor":40,"key":"ats:Industrial Water Cannon"},{"floor":42,"key":"White Beast Statue"},{"floor":44,"key":"Gambling Chip"},{"floor":46,"key":"Anchor"},{"floor":47,"key":"FossilizedHelix"},{"floor":54,"key":"REME_PuzzleBoxRelic"}],"event_choices":[{"damage_healed":0.0,"max_hp_gain":0.0,"max_hp_loss":0.0,"gold_gain":0.0,"event_name":"Scrap Ooze","player_choice":"Success","floor":14.0,"gold_loss":0.0,"damage_taken":7.0,"relics_obtained":["PureWhite:ReiMu"]},{"damage_healed":0.0,"max_hp_gain":0.0,"max_hp_loss":0.0,"gold_gain":99.0,"event_name":"Nest","player_choice":"Stole From Cult","floor":27.0,"gold_loss":0.0,"damage_taken":0.0},{"damage_healed":0.0,"max_hp_gain":0.0,"max_hp_loss":0.0,"gold_gain":0.0,"event_name":"Ghosts","player_choice":"Ignored","floor":28.0,"gold_loss":0.0,"damage_taken":0.0},{"cards_removed":["ats:Defend"],"damage_healed":0.0,"max_hp_gain":0.0,"max_hp_loss":0.0,"gold_gain":0.0,"event_name":"Falling","player_choice":"Removed Skill","floor":36.0,"gold_loss":0.0,"damage_taken":0.0},{"damage_healed":0,"gold_gain":0,"player_choice":"Bought 0 Potions","damage_taken":0,"max_hp_gain":0,"max_hp_loss":0,"event_name":"The Woman in Blue","floor":37,"gold_loss":0},{"damage_healed":0,"gold_gain":0,"player_choice":"Gave Potion","damage_taken":0,"relics_obtained":["HornCleat"],"max_hp_gain":0,"max_hp_loss":0,"event_name":"WeMeetAgain","floor":39,"gold_loss":0},{"damage_healed":0,"gold_gain":0,"player_choice":"Fight","damage_taken":0,"max_hp_gain":0,"max_hp_loss":0,"event_name":"MindBloom","floor":47,"gold_loss":0}],"is_beta":false,"boss_relics":[{"not_picked":["Velvet Choker","REME_DemonsWealth"],"picked":"Busted Crown"},{"not_picked":["ats:Omniscience","AT_MortalBlade"],"picked":"Astrolabe"}],"items_purged_floors":[20,41,48],"is_endless":false,"potions_floor_spawned":[1,3,11,13,16,18,21,22,31,42,44,46,47,54],"ascension_level":3}}