{"host":"um23g10jpdkr4iyw","time":1611814964,"event":{"mods":["AchievementEnabler","BaseMod","Better Third Choice","BetterRewards","Colored Powertips","Highlight Path","Minty Spire (QoL Compilation)","Quick Restart","Rare Cards Sparkle","Replay The Spire","StSLib"],"gold_per_floor":[111,131,143,163,183,213,213,233,257,287,287,387,407,261,261,360,360,378,378,390,400,417,443,290,290,290,290,318,338,338,370,370,468,468,480,254,254,300,316,316,316,344,371,371,371,371,371,391,391,391,391],"floor_reached":50,"language":"ENG","playtime":4732,"items_purged":["Pain"],"score":883,"play_id":"f1e4e3a0-dea1-4b8b-a945-1f1afe27cf91","local_time":"20210127222244","is_ascension_mode":true,"campfire_choices":[{"floor":7,"key":"REST"},{"floor":15,"key":"REST"},{"floor":25,"key":"REST"},{"floor":30,"key":"REST"},{"data":"Streamline","floor":32,"key":"SMITH"},{"floor":40,"key":"RECALL"},{"floor":45,"key":"REST"},{"floor":49,"key":"REST"}],"circlet_count":0,"master_deck":["Strike_B","Strike_B","Strike_B","Strike_B","Defend_B","Defend_B","Defend_B","Defend_B","Zap","Dualcast","Hello World","Melter","Capacitor","Cold Snap+1","Lockon","Lockon+1","Glacier","BootSequence","Ball Lightning","Streamline+1","Barrage","Undo","Stack","Coolheaded","Static Discharge","ReplayTheSpireMod:Omega Cannon","Tempest+1","Conserve Battery+1","Reinforced Body+1","Self Repair","Aggregate","Hologram+1","Rebound+1","Panic Button+1","Mirror Shield","Sunder","Crystallizer+1","Doubt","Writhe","Injury","Enlightenment"],"relics":["Cracked Core","ReplayTheSpireMod:TigerMarble","Anchor","DollysMirror","ClockworkSouvenir","Orichalcum","Pet Ghost","Odd Mushroom","Bag of Marbles","Blood Vial","Oddly Smooth Stone","Cursed Key","Dream Catcher","Whetstone","Chameleon Ring","Lantern","Boot","Pen Nib","Velvet Choker","Replay:Multitool","Nunchaku","ReplayTheSpireMod:Ninjato"],"acts_visited":["Exordium","TheCity","TheBeyond"],"potions_floor_usage":[10,18,29,31,33,39,44,50],"damage_taken":[{"damage":1,"enemies":"Cultist","floor":1,"turns":3},{"damage":0,"enemies":"Small Slimes","floor":2,"turns":2},{"damage":0,"enemies":"2 Louse","floor":3,"turns":2},{"damage":0,"enemies":"Red Slaver","floor":4,"turns":3},{"damage":0,"enemies":"Large Slime","floor":5,"turns":3},{"damage":27,"enemies":"Lagavulin","floor":6,"turns":7},{"damage":7,"enemies":"The Mushroom Lair","floor":8,"turns":4},{"damage":0,"enemies":"Gremlin Nob","floor":10,"turns":3},{"damage":6,"enemies":"Exordium Wildlife","floor":13,"turns":3},{"damage":9,"enemies":"Slime Boss","floor":16,"turns":9},{"damage":3,"enemies":"3 Byrds","floor":18,"turns":5},{"damage":16,"enemies":"2 Thieves","floor":20,"turns":4},{"damage":11,"enemies":"Shelled Parasite and Fungi","floor":21,"turns":5},{"damage":7,"enemies":"Snecko","floor":22,"turns":3},{"damage":6,"enemies":"Slavers","floor":23,"turns":5},{"damage":9,"enemies":"Replay:Snechameleon","floor":28,"turns":3},{"damage":13,"enemies":"3 Cultists","floor":29,"turns":4},{"damage":7,"enemies":"Gremlin Leader","floor":31,"turns":4},{"damage":61,"enemies":"Automaton","floor":33,"turns":9},{"damage":4,"enemies":"3 Shapes","floor":35,"turns":4},{"damage":15,"enemies":"2 Orb Walkers","floor":38,"turns":4},{"damage":17,"enemies":"3 Darklings","floor":39,"turns":4},{"damage":43,"enemies":"R_Hoarder","floor":42,"turns":6},{"damage":0,"enemies":"Jaw Worm Horde","floor":44,"turns":1},{"damage":19,"enemies":"Sphere and 2 Shapes","floor":48,"turns":10},{"damage":133,"enemies":"Awakened One","floor":50,"turns":12}],"seed_played":"-4211188573183543876","potions_obtained":[{"floor":2,"key":"Block Potion"},{"floor":3,"key":"FearPotion"},{"floor":6,"key":"LifebloodPotion"},{"floor":10,"key":"Elixir"},{"floor":13,"key":"ColorlessPotion"},{"floor":23,"key":"Strength Potion"},{"floor":38,"key":"Languid Potion"},{"floor":39,"key":"SmokeBomb"}],"is_trial":false,"path_per_floor":["M","M","M","M","M","E","R","?","T","E","?","?","M","$","R","B",null,"M","?","M","M","M","E","$","R","T","?","E","M","R","E","R","B",null,"M","$","?","?","M","R","?","E","T","M","R","T","?","M","R","B"],"character_chosen":"DEFECT","items_purchased":["Hello World","Melter","ReplayTheSpireMod:TigerMarble","Capacitor","Cold Snap","Anchor","Lockon","DollysMirror","ClockworkSouvenir","Glacier","Orichalcum","Oddly Smooth Stone","Whetstone","FairyPotion","Fire Potion"],"campfire_rested":6,"item_purchase_floors":[0,0,0,0,0,0,0,0,0,0,0,14,24,36,36],"current_hp_per_floor":[74,74,74,74,74,47,69,62,62,66,71,71,67,67,80,71,80,77,90,74,65,60,56,56,83,83,83,76,65,90,83,83,24,90,90,90,85,70,55,55,85,49,49,51,76,76,76,66,85,0,0],"gold":391,"neow_bonus":"","is_daily":false,"chose_seed":false,"campfire_upgraded":1,"win_rate":0.0,"timestamp":1611814964,"path_taken":["M","M","M","?","M","E","R","?","T","E","?","?","?","$","R","BOSS","M","?","M","M","?","E","$","R","T","?","E","M","R","E","R","BOSS","M","$","?","?","M","R","?","E","T","M","R","?","?","M","R","BOSS"],"items_purchased_type":["Card","Card","Relic","Card","Card","Relic","Card","Relic","Relic","Card","Relic","Relic","Relic","Potion","Potion"],"build_version":"2020-12-22","purchased_purges":1,"victory":false,"max_hp_per_floor":[75,75,75,75,75,75,75,75,75,75,80,80,80,80,80,80,80,80,90,90,90,90,90,90,90,90,90,90,90,90,90,90,90,90,90,90,85,85,85,85,85,85,85,85,85,85,85,85,85,85,85],"card_choices":[{"not_picked":["Hologram","Conserve Battery"],"picked":"BootSequence","floor":1},{"not_picked":["Leap","Beam Cell"],"picked":"Ball Lightning","floor":2},{"not_picked":["Cold Snap","Sweeping Beam"],"picked":"Streamline","floor":3},{"not_picked":["Cold Snap","Scrape"],"picked":"Barrage","floor":4},{"not_picked":["Crystallizer","Panic Button"],"picked":"Undo","floor":5},{"not_picked":["Glacier","Go for the Eyes"],"picked":"Rainbow","floor":6},{"not_picked":["Go for the Eyes","Gash"],"picked":"Stack","floor":8},{"not_picked":["Cold Snap","FIFO Queue"],"picked":"Coolheaded","floor":10},{"not_picked":["Auto Shields","Doom and Gloom"],"picked":"Static Discharge","floor":13},{"not_picked":["Machine Learning","Thunder Strike"],"picked":"ReplayTheSpireMod:Omega Cannon","floor":16},{"not_picked":["FTL+1","BootSequence"],"picked":"Tempest+1","floor":18},{"not_picked":["Coolheaded","Stack"],"picked":"Conserve Battery+1","floor":20},{"not_picked":["Turbo+1","Redo"],"picked":"Reinforced Body+1","floor":21},{"not_picked":["Streamline","Compile Driver"],"picked":"Self Repair","floor":22},{"not_picked":["Steam","Go for the Eyes+1"],"picked":"Aggregate","floor":23},{"not_picked":["ReplayGash","Aggregate"],"picked":"Hologram+1","floor":25},{"not_picked":["Barrage","Cold Snap+1"],"picked":"Rebound+1","floor":28},{"not_picked":["Hologram","Turbo","BasicCrystalCard"],"picked":"SKIP","floor":29},{"not_picked":["Streamline","Undo"],"picked":"Panic Button+1","floor":31},{"not_picked":["Core Surge","ReplayTheSpireMod:Omega Cannon"],"picked":"Mirror Shield","floor":33},{"not_picked":["Gash","Hologram+1"],"picked":"Sunder","floor":35},{"not_picked":["Steam+1","Chaos+1"],"picked":"Crystallizer+1","floor":38},{"not_picked":["Reinforced Body","Cold Snap","Genetic Algorithm"],"picked":"SKIP","floor":39},{"not_picked":["Ball Lightning+1","Rebound","Hello World"],"picked":"SKIP","floor":42},{"not_picked":["Finesse","Blind"],"picked":"Enlightenment","floor":47},{"not_picked":["Recycle","Core Surge","Beam Cell+1"],"picked":"SKIP","floor":48}],"player_experience":148424,"relics_obtained":[{"floor":6,"key":"Pet Ghost"},{"floor":8,"key":"Odd Mushroom"},{"floor":9,"key":"Bag of Marbles"},{"floor":10,"key":"Blood Vial"},{"floor":23,"key":"Dream Catcher"},{"floor":26,"key":"Chameleon Ring"},{"floor":27,"key":"Lantern"},{"floor":28,"key":"Boot"},{"floor":31,"key":"Pen Nib"},{"floor":38,"key":"Replay:Multitool"},{"floor":42,"key":"Nunchaku"},{"floor":46,"key":"ReplayTheSpireMod:Ninjato"}],"event_choices":[{"damage_healed":0,"gold_gain":0,"player_choice":"Fought Mushrooms","damage_taken":0,"max_hp_gain":0,"max_hp_loss":0,"event_name":"Mushrooms","floor":8,"gold_loss":0},{"damage_healed":0,"gold_gain":0,"player_choice":"Donut","damage_taken":0,"max_hp_gain":5,"max_hp_loss":0,"event_name":"Big Fish","floor":11,"gold_loss":0},{"damage_healed":0,"gold_gain":100,"player_choice":"Pray","damage_taken":0,"max_hp_gain":0,"max_hp_loss":0,"event_name":"Golden Shrine","floor":12,"gold_loss":0},{"cards_removed":["Rainbow"],"damage_healed":3,"gold_gain":0,"player_choice":"Offered Rare","damage_taken":0,"max_hp_gain":10,"max_hp_loss":0,"event_name":"Bonfire Elementals","floor":19,"gold_loss":0},{"damage_healed":0,"gold_gain":0,"player_choice":"Relic","damage_taken":0,"max_hp_gain":0,"max_hp_loss":0,"event_name":"Wheel of Change","floor":27,"gold_loss":0},{"damage_healed":0,"gold_gain":0,"player_choice":"Max HP","damage_taken":0,"max_hp_gain":0,"max_hp_loss":5,"event_name":"Winding Halls","floor":37,"gold_loss":0},{"damage_healed":0,"gold_gain":0,"player_choice":"Fight","damage_taken":0,"max_hp_gain":0,"max_hp_loss":0,"event_name":"Mysterious Sphere","floor":38,"gold_loss":0},{"damage_healed":30,"gold_gain":0,"player_choice":"Heal","damage_taken":0,"max_hp_gain":0,"max_hp_loss":0,"event_name":"MindBloom","floor":41,"gold_loss":0,"cards_obtained":["Doubt"]},{"damage_healed":0,"gold_gain":0,"player_choice":"Memory 1","damage_taken":0,"max_hp_gain":0,"max_hp_loss":0,"event_name":"SensoryStone","floor":47,"gold_loss":0}],"is_beta":false,"boss_relics":[{"not_picked":["Runic Dome","Pandora\u0027s Box"],"picked":"Cursed Key"},{"not_picked":["Replay:Bronze Core","FrozenCore"],"picked":"Velvet Choker"}],"items_purged_floors":[36],"is_endless":false,"potions_floor_spawned":[2,3,6,10,13,16,21,22,23,38,39],"killed_by":"Awakened One","ascension_level":4}}