{"host":"na09lpbrez4gbfiz","time":1611846251,"event":{"mods":["Act Like it!","BaseMod","BetterRewards","Colored Map","Colored Powertips","DeckTracker","Googly Eyes","Highlight Path","Minty Spire (QoL Compilation)","Quick Restart","Spicy Shops","StSLib","SuperFastMode","Synergy Search"],"gold_per_floor":[113,38,113,113,125,156,156,171,223,239,250,25,49,81,81,186,186,202,217,231,231,81,81,106,106,179,189,104,119,138,164,164,263,263,275,275,275,275,286,317,317,342,342,92,108,155,155,182,182,182],"floor_reached":51,"language":"ENG","playtime":1506,"items_purged":["Strike_R","Strike_R","Strike_R","Strike_R","Defend_R"],"score":1337,"play_id":"f30c476e-45f2-47fa-a5c1-525b33cdc2e3","local_time":"20210128160411","is_ascension_mode":true,"campfire_choices":[{"data":"Immolate","floor":7.0,"key":"SMITH"},{"floor":15,"key":"REST"},{"data":"True Grit","floor":23,"key":"SMITH"},{"data":"True Grit","floor":25,"key":"SMITH"},{"data":"Carnage","floor":32,"key":"SMITH"},{"data":"Bludgeon","floor":41,"key":"SMITH"},{"data":"Bash","floor":47,"key":"SMITH"},{"data":"1","floor":49,"key":"LIFT"}],"circlet_count":0,"master_deck":["AscendersBane","Strike_R","Defend_R","Defend_R","Defend_R","Bash+1","Immolate+1","True Grit+1","True Grit+1","Carnage+1","Reaper","Shrug It Off+1","Bludgeon+1","Madness","Madness","Flame Barrier+1"],"relics":["Snecko Eye","Omamori","Gremlin Horn","Anchor","Odd Mushroom","Dream Catcher","Velvet Choker","Ginger","Ornamental Fan","White Beast Statue","MealTicket","Eternal Feather","Busted Crown","Art of War","Pen Nib","Calipers","OrangePellets","Girya","StoneCalendar"],"acts_visited":["Exordium","TheCity","TheBeyond"],"potions_floor_usage":[16,27,31,33,33,42,50,50],"damage_taken":[{"damage":2.0,"enemies":"2 Louse","floor":1.0,"turns":3.0},{"damage":2.0,"enemies":"Jaw Worm","floor":5.0,"turns":3.0},{"damage":15.0,"enemies":"Lagavulin","floor":6.0,"turns":5.0},{"damage":0.0,"enemies":"Cultist","floor":8.0,"turns":2.0},{"damage":0.0,"enemies":"Large Slime","floor":10.0,"turns":3.0},{"damage":0,"enemies":"Exordium Thugs","floor":11,"turns":2},{"damage":0,"enemies":"The Mushroom Lair","floor":13,"turns":1},{"damage":0,"enemies":"3 Sentries","floor":14,"turns":4},{"damage":0,"enemies":"Slime Boss","floor":16,"turns":5},{"damage":0,"enemies":"2 Thieves","floor":18,"turns":2},{"damage":5,"enemies":"Shell Parasite","floor":19,"turns":3},{"damage":17,"enemies":"Snake Plant","floor":20,"turns":3},{"damage":0,"enemies":"Gremlin Leader","floor":24,"turns":4},{"damage":0,"enemies":"Snecko","floor":27,"turns":3},{"damage":0,"enemies":"Centurion and Healer","floor":29,"turns":4},{"damage":0,"enemies":"Cultist and Chosen","floor":30,"turns":4},{"damage":22,"enemies":"Book of Stabbing","floor":31,"turns":5},{"damage":29,"enemies":"Champ","floor":33,"turns":7},{"damage":2,"enemies":"3 Shapes","floor":35,"turns":1},{"damage":0,"enemies":"Orb Walker","floor":39,"turns":2},{"damage":11,"enemies":"Giant Head","floor":40,"turns":6},{"damage":2,"enemies":"Nemesis","floor":42,"turns":5},{"damage":0,"enemies":"4 Shapes","floor":45,"turns":3},{"damage":9,"enemies":"2 Orb Walkers","floor":46,"turns":4},{"damage":0,"enemies":"Reptomancer","floor":48,"turns":4},{"damage":71,"enemies":"Donu and Deca","floor":50,"turns":8}],"seed_played":"-706710913609465695","potions_obtained":[{"floor":1.0,"key":"SteroidPotion"},{"floor":5.0,"key":"Swift Potion"},{"floor":6.0,"key":"EssenceOfSteel"},{"floor":11,"key":"Fire Potion"},{"floor":14,"key":"LiquidBronze"},{"floor":16,"key":"DistilledChaos"},{"floor":19,"key":"CultistPotion"},{"floor":27,"key":"EssenceOfSteel"},{"floor":29,"key":"LiquidMemories"},{"floor":30,"key":"Energy Potion"},{"floor":31,"key":"SpeedPotion"},{"floor":33,"key":"Explosive Potion"},{"floor":35,"key":"DistilledChaos"},{"floor":42,"key":"Regen Potion"},{"floor":45,"key":"Block Potion"},{"floor":46,"key":"FairyPotion"}],"is_trial":false,"path_per_floor":["M","$","?","?","M","E","R","M","T","M","M","$","?","E","R","B",null,"M","M","M","?","$","R","E","R","T","M","?","M","M","E","R","B",null,"M","?","?","?","M","E","R","E","T","$","M","?","R","E","R","B",null],"character_chosen":"IRONCLAD","items_purchased":["OrangePellets"],"campfire_rested":1,"item_purchase_floors":[44],"current_hp_per_floor":[70,70,59,59,57,42,42,42,42,42,42,42,42,42,66,66,77,77,75,58,58,58,58,64,64,64,64,64,72,72,54,60,38,70,78,78,78,68,71,68,77,78,78,80,80,71,80,80,80,9],"gold":182,"neow_bonus":"BOSS_RELIC","is_daily":false,"chose_seed":false,"campfire_upgraded":6,"win_rate":0.0,"timestamp":1611846251,"path_taken":["M","$","?","?","M","E","R","?","T","M","M","$","?","E","R","BOSS","M","M","M","?","$","R","E","R","T","M","?","M","M","E","R","BOSS","M","?","?","?","?","E","R","E","T","$","M","?","R","E","R","BOSS"],"items_purchased_type":["Relic"],"build_version":"2020-12-22","purchased_purges":5,"victory":true,"max_hp_per_floor":[80,80,80,80,80,80,80,80,80,80,80,80,80,80,80,80,80,80,80,80,80,80,80,80,80,80,80,80,80,80,80,80,80,80,80,80,80,80,80,80,80,80,80,80,80,80,80,80,80,80],"card_choices":[{"not_picked":["Pommel Strike","Havoc"],"picked":"Rampage","floor":1.0},{"not_picked":["Clash","Berserk","Cleave"],"picked":"SKIP","floor":5.0},{"not_picked":["Whirlwind","Cleave"],"picked":"Immolate","floor":6.0},{"not_picked":["Clothesline","Warcry"],"picked":"True Grit","floor":8.0},{"not_picked":["Blood for Blood","Burning Pact","Warcry"],"picked":"SKIP","floor":10.0},{"not_picked":["Flex","Power Through","Body Slam"],"picked":"SKIP","floor":11},{"not_picked":["Clash","Clothesline"],"picked":"True Grit","floor":13},{"not_picked":["Flex","Bloodletting","Twin Strike"],"picked":"SKIP","floor":14},{"not_picked":["Reaper","Pommel Strike"],"picked":"Carnage","floor":15},{"not_picked":["Corruption","Exhume"],"picked":"Reaper","floor":16},{"not_picked":["Thunderclap","Bloodletting","Pummel"],"picked":"SKIP","floor":18},{"not_picked":["Pommel Strike+1","Wild Strike+1","Headbutt"],"picked":"SKIP","floor":19},{"not_picked":["Armaments","Sword Boomerang","Anger"],"picked":"SKIP","floor":20},{"not_picked":["Body Slam","Juggernaut","Dropkick"],"picked":"SKIP","floor":24},{"not_picked":["Ghostly Armor+1","Flex"],"picked":"Shrug It Off+1","floor":27},{"not_picked":["Iron Wave","Rampage","Ghostly Armor"],"picked":"SKIP","floor":29},{"not_picked":["Sever Soul","Intimidate","Armaments+1"],"picked":"SKIP","floor":30},{"not_picked":["Iron Wave+1","Anger+1","Headbutt"],"picked":"SKIP","floor":31},{"not_picked":["Fiend Fire","Juggernaut"],"picked":"Bludgeon","floor":33},{"not_picked":["Pommel Strike+1"],"picked":"SKIP","floor":35},{"not_picked":["Warcry"],"picked":"SKIP","floor":39},{"not_picked":["Perfected Strike+1"],"picked":"SKIP","floor":40},{"not_picked":[],"picked":"Flame Barrier+1","floor":42},{"not_picked":["Seeing Red"],"picked":"SKIP","floor":45},{"not_picked":["Disarm"],"picked":"SKIP","floor":48}],"player_experience":181596,"relics_obtained":[{"floor":6.0,"key":"Gremlin Horn"},{"floor":9.0,"key":"Anchor"},{"floor":13,"key":"Odd Mushroom"},{"floor":14,"key":"Dream Catcher"},{"floor":24,"key":"Ornamental Fan"},{"floor":26,"key":"White Beast Statue"},{"floor":31,"key":"Eternal Feather"},{"floor":40,"key":"Art of War"},{"floor":42,"key":"Pen Nib"},{"floor":43,"key":"Calipers"},{"floor":46,"key":"Girya"},{"floor":48,"key":"StoneCalendar"}],"event_choices":[{"damage_healed":0.0,"max_hp_gain":0.0,"max_hp_loss":0.0,"gold_gain":75.0,"event_name":"World of Goop","player_choice":"Gather Gold","floor":3.0,"gold_loss":0.0,"damage_taken":11.0},{"damage_healed":0.0,"max_hp_gain":0.0,"max_hp_loss":0.0,"gold_gain":0.0,"event_name":"WeMeetAgain","player_choice":"Gave Potion","floor":4.0,"gold_loss":0.0,"damage_taken":0.0,"relics_obtained":["Omamori"]},{"damage_healed":0,"gold_gain":0,"player_choice":"Fought Mushrooms","damage_taken":0,"max_hp_gain":0,"max_hp_loss":0,"event_name":"Mushrooms","floor":13,"gold_loss":0},{"damage_healed":0,"gold_gain":0,"player_choice":"Opened","damage_taken":0,"relics_obtained":["Ginger"],"max_hp_gain":0,"max_hp_loss":0,"event_name":"The Mausoleum","floor":21,"gold_loss":0},{"damage_healed":0,"gold_gain":0,"player_choice":"Obtained Relic","damage_taken":0,"relics_obtained":["MealTicket"],"max_hp_gain":0,"max_hp_loss":0,"event_name":"Addict","floor":28,"gold_loss":85},{"cards_removed":["Rampage"],"damage_healed":0,"gold_gain":0,"player_choice":"Removed Attack","damage_taken":0,"max_hp_gain":0,"max_hp_loss":0,"event_name":"Falling","floor":36,"gold_loss":0},{"damage_healed":0,"gold_gain":0,"player_choice":"Ignored","damage_taken":0,"max_hp_gain":0,"max_hp_loss":0,"event_name":"Tomb of Lord Red Mask","floor":37,"gold_loss":0},{"damage_healed":0,"gold_gain":0,"player_choice":"Embrace Madness","damage_taken":10,"max_hp_gain":0,"max_hp_loss":0,"event_name":"Winding Halls","floor":38,"gold_loss":0,"cards_obtained":["Madness","Madness"]},{"damage_healed":0,"gold_gain":0,"player_choice":"Fight","damage_taken":0,"max_hp_gain":0,"max_hp_loss":0,"event_name":"Mysterious Sphere","floor":46,"gold_loss":0}],"is_beta":false,"boss_relics":[{"not_picked":["Cursed Key","Fusion Hammer"],"picked":"Velvet Choker"},{"not_picked":["Sozu","Astrolabe"],"picked":"Busted Crown"}],"items_purged_floors":[2,12,12,22,44],"is_endless":false,"potions_floor_spawned":[1,5,6,11,14,16,19,24,27,29,30,31,33,35,39,40,42,45,46,48],"ascension_level":10}}