{"host":"6aycdg1azw3gf4o9","time":1611844468,"event":{"mods":["Act Like it!","Arknights The Spire","BaseMod","CapriCore","Gensokyo","Minty Spire (QoL Compilation)","READ ME - Guardian Mod","StSLib"],"gold_per_floor":[116,39,39,53,73,100,132,160,160,187,187,212,212,212,212,314,314,329,428,428,54,83,83,83,83,83,112,139,183,221,289,316,455,482,534,149,149,149,149,196,196,242,336,336,336,386,60,108,108,108],"floor_reached":51,"language":"ZHS","playtime":1790,"items_purged":["ats:Consecutive Shot Auto"],"score":1130,"play_id":"aeb85408-86dd-4e05-965d-68a6b7c26148","local_time":"20210128223428","daily_mods":["Draft","Heirloom","Flight","DeadlyEvents","Elite Swarm"],"is_ascension_mode":false,"campfire_choices":[{"data":"ats:Closed Bolt Burst Fire","floor":11,"key":"SMITH"},{"data":"ats:True Silver Slash","floor":13,"key":"SMITH"},{"data":"ats:Apocalypse","floor":15,"key":"SMITH"},{"data":"ats:Part Time Job","floor":23,"key":"SMITH"},{"data":"Regret","floor":24,"key":"PURGE"},{"data":"ats:Explosion Area Strengthen","floor":25,"key":"PURGE"},{"data":"ats:True Silver Slash","floor":32,"key":"SMITH"},{"data":"ats:Mental Burst","floor":41,"key":"SMITH"},{"data":"ats:Nebulous Foxfire","floor":44,"key":"SMITH"},{"data":"ats:Magnetic Hammer","floor":49,"key":"SMITH"}],"circlet_count":0,"master_deck":["ats:Apocalypse+1","ats:Counter Healing Mode","ats:Guard Mode","ats:Magnetic Hammer","ats:Hammer On","ats:Sashimi Platter","ats:Revitalization","ats:Leaping Hammer","ats:Automatic Cover","ats:Part Time Job+1","ats:Closed Bolt Burst Fire+1","ats:Mental Burst","ats:Echo Reverb","ats:True Silver Slash","ats:True Silver Slash+1","ats:Disruption Kick","ats:Calcification","ats:Shadow Assault","ats:Soul Rend+1","ats:Magnetic Hammer+1","ats:Nebulous Foxfire+1","ats:Dogmatic Field+1","ats:Wolf Pack","ats:Rat Pack","ats:Shadow Assault","ats:True Silver Slash+1","ats:Demon Strength+1","ats:Mental Burst+1","ats:True Silver Slash+1","ats:Shadow Assault","Panache+1"],"relics":["Snecko Eye","Turnip","Mummified Hand","ats:Originium","Bronze Scales","Frozen Egg 2","ats:Ability Aura","Vajra","Peace Pipe","Bottled Lightning","Black Star","StoneCalendar","Akabeko","Mercury Hourglass","Darkstone Periapt","Sundial","PreservedInsect","MawBank","Tiny Chest","Bag of Preparation","Kunai","ats:Gyao","Centennial Puzzle","ats:Military Tradition","Prayer Wheel","Philosopher\u0027s Stone","ats:Berate","ats:Cure","ats:Hidden Killer","Pantograph","Pear","Lizard Tail","Bottled Flame","Du-Vu Doll","Pen Nib","ats:Industrial Water Cannon","ats:Rhine Circuitry","Anchor","Shuriken"],"acts_visited":["Exordium","TheCity","TheBeyond"],"potions_floor_usage":[22,42],"damage_taken":[{"damage":0,"enemies":"2 Louse","floor":1,"turns":3},{"damage":4,"enemies":"Small Slimes","floor":4,"turns":2},{"damage":3,"enemies":"Cultist","floor":5,"turns":3},{"damage":12,"enemies":"3 Sentries","floor":6,"turns":3},{"damage":21,"enemies":"Lagavulin","floor":7,"turns":4},{"damage":27,"enemies":"3 Sentries","floor":8,"turns":3},{"damage":15,"enemies":"Lagavulin","floor":10,"turns":3},{"damage":4,"enemies":"3 Sentries","floor":12,"turns":3},{"damage":29,"enemies":"Slime Boss","floor":16,"turns":8},{"damage":0,"enemies":"Spheric Guardian","floor":18,"turns":2},{"damage":22,"enemies":"Slavers","floor":22,"turns":2},{"damage":8,"enemies":"Book of Stabbing","floor":27,"turns":3},{"damage":7,"enemies":"Slavers","floor":28,"turns":1},{"damage":0,"enemies":"Gremlin Leader","floor":29,"turns":2},{"damage":12,"enemies":"Book of Stabbing","floor":30,"turns":3},{"damage":0,"enemies":"Slavers","floor":31,"turns":1},{"damage":21,"enemies":"Champ","floor":33,"turns":6},{"damage":0,"enemies":"3 Darklings","floor":35,"turns":1},{"damage":0,"enemies":"Giant Head","floor":40,"turns":2},{"damage":0,"enemies":"Nemesis","floor":42,"turns":2},{"damage":0,"enemies":"Giant Head","floor":46,"turns":3},{"damage":0,"enemies":"Nemesis","floor":48,"turns":3},{"damage":10,"enemies":"Time Eater","floor":50,"turns":4}],"seed_played":"-5299686149552359084","potions_obtained":[{"floor":1,"key":"EssenceOfSteel"},{"floor":5,"key":"Weak Potion"},{"floor":10,"key":"LiquidMemories"},{"floor":18,"key":"Fire Potion"},{"floor":29,"key":"Explosive Potion"},{"floor":40,"key":"DistilledChaos"}],"is_trial":true,"path_per_floor":["M","$","?","M","M","E","E","E","T","E","R","E","R","?","R","B",null,"M","?","?","$","E","R","R","R","T","E","E","E","E","E","R","B",null,"M","$","?","?","?","E","R","E","T","R","T","E","$","E","R","B",null],"character_chosen":"DOCTOR_CLASS","items_purchased":["ats:Mental Burst","ats:Magnetic Hammer","StoneCalendar","ats:Mental Burst","ats:Berate","ats:Cure","ats:Rhine Circuitry","Panache+1"],"campfire_rested":0,"item_purchase_floors":[2,21,21,36,36,36,47,47],"current_hp_per_floor":[72,72,72,72,72,71,60,36,36,31,31,39,39,39,39,31,72,72,72,72,72,50,50,50,50,50,66,65,72,60,67,67,72,72,72,72,68,68,68,68,68,78,78,78,78,78,78,78,78,78],"gold":108,"neow_bonus":"","is_daily":false,"chose_seed":false,"campfire_upgraded":8,"win_rate":0.0,"timestamp":1611844468,"path_taken":["M","$","?","M","M","E","E","E","T","E","R","E","R","?","R","BOSS","M","?","?","$","?","R","R","R","T","E","E","E","E","E","R","BOSS","M","$","?","?","?","E","R","E","T","R","?","?","$","E","R","BOSS"],"items_purchased_type":["Card","Card","Relic","Card","Relic","Relic","Relic","Card"],"build_version":"2020-12-22","purchased_purges":1,"victory":true,"max_hp_per_floor":[72,72,72,72,72,72,72,72,72,72,72,72,72,72,72,72,72,72,72,72,72,72,72,72,72,72,72,72,72,72,72,72,72,72,72,72,68,68,68,68,68,78,78,78,78,78,78,78,78,78],"card_choices":[{"not_picked":["ats:Shadow Raid","ats:Defend Order"],"picked":"ats:Apocalypse","floor":0},{"not_picked":["ats:Directed Diagnosis","ats:Apocalypse"],"picked":"ats:Counter Healing Mode","floor":0},{"not_picked":["ats:Support Order","ats:Powerful Strike"],"picked":"ats:Guard Mode","floor":0},{"not_picked":["ats:Very Hot Blade","ats:Poison Spread"],"picked":"ats:Explosion Area Strengthen","floor":0},{"not_picked":["ats:Poison Spread","ats:Support Order"],"picked":"ats:Magnetic Hammer","floor":0},{"not_picked":["ats:Neurotoxin","ats:Poison Spread"],"picked":"ats:Ignite","floor":0},{"not_picked":["ats:Powerful Strike","ats:Ignite"],"picked":"ats:Hammer On","floor":0},{"not_picked":["ats:Very Hot Blade","ats:Shell Defense"],"picked":"ats:Sashimi Platter","floor":0},{"not_picked":["ats:Blood Oath","ats:Magnetic Hammer"],"picked":"ats:Consecutive Shot Auto","floor":0},{"not_picked":["ats:Very Hot Blade","ats:Guard Mode"],"picked":"ats:Revitalization","floor":0},{"not_picked":["ats:Flexible Camouflage","ats:Literary Storm"],"picked":"ats:Leaping Hammer","floor":0},{"not_picked":["ats:Poison Spread","ats:Burning Ground"],"picked":"ats:Leaping Hammer","floor":0},{"not_picked":["ats:Flexible Camouflage","ats:Blood Oath"],"picked":"ats:Automatic Cover","floor":0},{"not_picked":["ats:Ignite","ats:Flexible Camouflage"],"picked":"ats:Part Time Job","floor":0},{"not_picked":["ats:Explosion Area Strengthen","ats:Revitalization"],"picked":"ats:Closed Bolt Burst Fire","floor":0},{"not_picked":["ats:Powerful Strike","ats:Soul Absorption","ats:Thermite Blade"],"picked":"SKIP","floor":1},{"not_picked":["ats:Apocalypse","ats:Ignite","ats:Very Hot Blade"],"picked":"SKIP","floor":4},{"not_picked":["ats:Assault Order","ats:Revitalization","ats:Leaping Hammer"],"picked":"SKIP","floor":5},{"not_picked":["ats:Fractured Body","ats:True Silver Slash"],"picked":"ats:Echo Reverb","floor":6},{"not_picked":["ats:Echo Reverb","ats:Fractured Body"],"picked":"ats:True Silver Slash","floor":7},{"not_picked":["ats:Echo Reverb","ats:Volcano"],"picked":"ats:True Silver Slash","floor":8},{"not_picked":["ats:Echo Reverb","ats:Volcano"],"picked":"ats:Disruption Kick","floor":10},{"not_picked":["ats:Durian","ats:True Silver Slash"],"picked":"ats:Calcification","floor":12},{"not_picked":["ats:Durian","ats:Dogmatic Field+1"],"picked":"ats:Shadow Assault","floor":16},{"not_picked":["ats:Guardian Obelisk","ats:Assault Order","ats:Support Order+1"],"picked":"SKIP","floor":18},{"not_picked":["ats:Soul Rend+1","ats:Ambush+1"],"picked":"ats:Nebulous Foxfire","floor":22},{"not_picked":["ats:Volcano","ats:Disruption Kick"],"picked":"ats:Dogmatic Field+1","floor":27},{"not_picked":["ats:Dogmatic Field+1","ats:Calcification"],"picked":"ats:Wolf Pack","floor":28},{"not_picked":["ats:Nebulous Foxfire","ats:Durian"],"picked":"ats:Rat Pack","floor":29},{"not_picked":["ats:Durian","ats:Volcano"],"picked":"ats:Shadow Assault","floor":30},{"not_picked":["ats:Echo Reverb","ats:Rat Pack"],"picked":"ats:True Silver Slash","floor":31},{"not_picked":["ats:Flexible Camouflage+1","ats:Soul Absorption+1"],"picked":"ats:Demon Strength+1","floor":35},{"not_picked":["ats:Flexible Camouflage","ats:Blood Oath+1","ats:Overload"],"picked":"SKIP","floor":35},{"not_picked":["ats:Disruption Kick","ats:Dogmatic Field+1","ats:Wolf Pack"],"picked":"SKIP","floor":40},{"not_picked":["ats:Echo Reverb","ats:Calcification"],"picked":"ats:Shadow Assault","floor":42},{"not_picked":["ats:Roar Of Ursus+1","ats:Disruption Kick","ats:Ambush+1"],"picked":"SKIP","floor":46},{"not_picked":["ats:Echo Reverb","ats:Dogmatic Field+1","ats:Durian"],"picked":"SKIP","floor":48}],"player_experience":329276,"relics_obtained":[{"floor":6,"key":"ats:Originium"},{"floor":6,"key":"Bronze Scales"},{"floor":7,"key":"ats:Originium"},{"floor":7,"key":"Frozen Egg 2"},{"floor":8,"key":"ats:Originium"},{"floor":8,"key":"ats:Ability Aura"},{"floor":9,"key":"Vajra"},{"floor":10,"key":"ats:Originium"},{"floor":10,"key":"Peace Pipe"},{"floor":12,"key":"Bottled Lightning"},{"floor":22,"key":"Akabeko"},{"floor":22,"key":"Mercury Hourglass"},{"floor":26,"key":"Darkstone Periapt"},{"floor":27,"key":"Sundial"},{"floor":27,"key":"PreservedInsect"},{"floor":28,"key":"MawBank"},{"floor":28,"key":"Tiny Chest"},{"floor":29,"key":"Bag of Preparation"},{"floor":29,"key":"Kunai"},{"floor":30,"key":"ats:Gyao"},{"floor":30,"key":"Centennial Puzzle"},{"floor":31,"key":"ats:Military Tradition"},{"floor":31,"key":"Prayer Wheel"},{"floor":40,"key":"ats:Hidden Killer"},{"floor":40,"key":"Pantograph"},{"floor":42,"key":"Pear"},{"floor":42,"key":"Lizard Tail"},{"floor":43,"key":"Bottled Flame"},{"floor":45,"key":"Du-Vu Doll"},{"floor":46,"key":"Pen Nib"},{"floor":46,"key":"ats:Industrial Water Cannon"},{"floor":48,"key":"Anchor"},{"floor":48,"key":"Shuriken"}],"event_choices":[{"damage_healed":0,"gold_gain":0,"player_choice":"Box","damage_taken":0,"relics_obtained":["Mummified Hand"],"max_hp_gain":0,"max_hp_loss":0,"event_name":"Big Fish","floor":3,"gold_loss":0,"cards_obtained":["Regret"]},{"damage_healed":0,"gold_gain":0,"player_choice":"Ignored","damage_taken":0,"max_hp_gain":0,"max_hp_loss":0,"event_name":"Liars Game","floor":14,"gold_loss":0},{"damage_healed":0,"gold_gain":99,"player_choice":"Stole From Cult","damage_taken":0,"max_hp_gain":0,"max_hp_loss":0,"event_name":"Nest","floor":19,"gold_loss":0},{"damage_healed":0,"gold_gain":0,"cards_transformed":["ats:Ignite"],"player_choice":"Transformed","damage_taken":0,"max_hp_gain":0,"max_hp_loss":0,"event_name":"Transmorgrifier","floor":20,"gold_loss":0,"cards_obtained":["ats:Soul Rend"]},{"damage_healed":0,"gold_gain":0,"player_choice":"Max HP","damage_taken":0,"max_hp_gain":0,"max_hp_loss":4,"event_name":"Winding Halls","floor":37,"gold_loss":0},{"cards_removed":["ats:Leaping Hammer"],"damage_healed":0,"gold_gain":0,"player_choice":"Removed Attack","damage_taken":0,"max_hp_gain":0,"max_hp_loss":0,"event_name":"Falling","floor":38,"gold_loss":0},{"damage_healed":0,"gold_gain":0,"player_choice":"Copied","damage_taken":0,"max_hp_gain":0,"max_hp_loss":0,"event_name":"Duplicator","floor":39,"gold_loss":0,"cards_obtained":["ats:True Silver Slash"]}],"is_beta":false,"boss_relics":[{"not_picked":["SlaversCollar","Fusion Hammer"],"picked":"Black Star"},{"not_picked":["Calling Bell","Tiny House"],"picked":"Philosopher\u0027s Stone"}],"items_purged_floors":[36],"is_endless":false,"potions_floor_spawned":[1,5,10,12,16,18,29,30,33,40,42],"ascension_level":0}}