{"host":"40vzoph344nwp0en","time":1611847811,"event":{"mods":["2.2 Compatiblity","BaseMod","Bestiary","Challenge The Spire","Colored Map","GifTheSpireLib","Highlight Path","Infinite Spire","Minty Spire (QoL Compilation)","Potionbrewer","Relic Sorter","Reliquary","Replay The Spire","StSLib","SuperFastMode","TheSurvivalist"],"gold_per_floor":[100017,99007,99066,98179,98195,98195,98212,98232,98232,98265,98283,98303,97587,97605,97605,97706,97706,97723,97723,97723,97743,97658,97658,97658,97658,97736,97768,96987,97017,97035,97054,97054,97159,97159,97176,97191,97237,97254,97264,97264,97264,97278,97329,97329,97363,97373,96364,96375,96375,96480,96480,96489,96512,96523,95624,95627,95632,95632,95632,95632,95632,95656,95670,95137,95143,95151,95157,95157,95230,95230,95232,95237,94448,94460,94454,94454,94456,94448,94448,93485,93485,93485,93485,93487,93487,93557,93557,93557],"floor_reached":87,"language":"ENG","playtime":4784,"items_purged":["Strike_P","Strike_P","Eruption","Strike_P","Strike_P","Replay:BluntJabs","Brilliance","Worship","Brilliance","Brilliance+1"],"score":1957,"play_id":"38456ae7-2872-4888-94f3-130ef31b7726","local_time":"20210128083011","is_ascension_mode":false,"campfire_choices":[{"data":"Prostrate","floor":6,"key":"SMITH"},{"data":"JustLucky","floor":15,"key":"SMITH"},{"data":"infinitespire:Collect","floor":23,"key":"SMITH"},{"data":"Study","floor":25,"key":"SMITH"},{"data":"Mayhem","floor":32,"key":"SMITH"},{"data":"SignatureMove","floor":40,"key":"SMITH"},{"data":"Scrawl","floor":49,"key":"SMITH"},{"data":"BowlingBash","floor":58,"key":"SMITH"},{"data":"ThirdEye","floor":61,"key":"SMITH"},{"data":"Vigilance","floor":68,"key":"SMITH"},{"data":"Brilliance","floor":76,"key":"SMITH"},{"data":"ThirdEye","floor":83,"key":"SMITH"},{"data":"FollowUp","floor":85,"key":"SMITH"}],"circlet_count":1,"master_deck":["Defend_P","Defend_P+1","Defend_P","Defend_P+1","Vigilance+1","FlurryOfBlows","JustLucky+1","Consecrate+1","Consecrate+1","SignatureMove+1","Consecrate+1","Prostrate+1","ThirdEye+1","Consecrate+1","Study+1","Flash of Steel+1","Scrawl+1","LikeWater","infinitespire:Collect+1","LikeWater+1","Mayhem+1","LikeWater","LikeWater","ThirdEye+1","Sanctity+1","BowlingBash+1","Master of Strategy+1","Meditate","Prostrate","TalkToTheHand+1","Brilliance+1","FlyingSleeves+1","FlyingSleeves+1","ThirdEye+1","Pray","FollowUp+1","Alpha"],"relics":["PureWater","reliquary:MudwinsCradle","reliquary:IvoryTrinket","Replay:Mystery Machine","Tiny Chest","Unceasing Top","potionbrewer:BhaskarasWheel","Nunchaku","reliquary:IvoryTrinket","reliquary:PurpleTingedLeaf","Letter Opener","Orrery","Bag of Preparation","reliquary:BallBearing","Meat on the Bone","Frozen Eye","FossilizedHelix","potionbrewer:AlchemistFlask","reliquary:Boomerang","infinitespire:Broken Mirror","ReplayTheSpireMod:ShopPack","Ring of Chaos","SlaversCollar","Cauldron","infinitespire:Satchel","MutagenicStrength","HornCleat","Mirror","reliquary:Stiletto","Toolbox","Replay:Bottled Eggs","potionbrewer:RamsHorn","Vajra","Ice Cream","potionbrewer:BoosterPack","Replay:Bottled Steam","ReplayTheSpireMod:DimensionalGlitch","Art of War","Bottled Lightning","ClockworkSouvenir","ReplayTheSpireMod:TigerMarble","Strawberry","reliquary:RedCape","reliquary:BrokenClock","Juzu Bracelet","Du-Vu Doll","ReplayTheSpireMod:Ninjato","reliquary:Bookmark","Circlet","Durian","Empty Cage"],"acts_visited":["Exordium","TheCity","TheBeyond","Exordium","TheCity","TheBeyond"],"potions_floor_usage":[4,8,19,37,42,50,77],"damage_taken":[{"damage":6,"enemies":"Jaw Worm","floor":1,"turns":5},{"damage":0,"enemies":"2 Louse","floor":5,"turns":1},{"damage":0,"enemies":"Cultist","floor":7,"turns":2},{"damage":0,"enemies":"Exordium Thugs","floor":8,"turns":2},{"damage":0,"enemies":"3 Sentries","floor":10,"turns":4},{"damage":0,"enemies":"Large Slime","floor":11,"turns":2},{"damage":0,"enemies":"3 Louse","floor":12,"turns":2},{"damage":0,"enemies":"Blue Slaver","floor":14,"turns":2},{"damage":34,"enemies":"Hexaghost","floor":16,"turns":10},{"damage":0,"enemies":"2 Thieves","floor":18,"turns":2},{"damage":18,"enemies":"Shell Parasite","floor":21,"turns":3},{"damage":0,"enemies":"Book of Stabbing","floor":27,"turns":1},{"damage":0,"enemies":"Replay:Snechameleon","floor":29,"turns":3},{"damage":0,"enemies":"Snecko","floor":30,"turns":2},{"damage":14,"enemies":"Snake Plant","floor":31,"turns":2},{"damage":0,"enemies":"Collector","floor":33,"turns":6},{"damage":7,"enemies":"3 Darklings","floor":35,"turns":3},{"damage":7,"enemies":"3 Shapes","floor":36,"turns":3},{"damage":12,"enemies":"2 Orb Walkers","floor":37,"turns":3},{"damage":0,"enemies":"Maw","floor":38,"turns":7},{"damage":0,"enemies":"Jaw Worm Horde","floor":39,"turns":1},{"damage":0,"enemies":"Writhing Mass","floor":42,"turns":2},{"damage":9,"enemies":"Nightmare","floor":45,"turns":5},{"damage":0,"enemies":"4 Shapes","floor":46,"turns":1},{"damage":0,"enemies":"Maw","floor":48,"turns":5},{"damage":0,"enemies":"Donu and Deca","floor":50,"turns":6},{"damage":0,"enemies":"Small Slimes","floor":52,"turns":1},{"damage":0,"enemies":"Jaw Worm","floor":54,"turns":2},{"damage":0,"enemies":"Cultist","floor":56,"turns":3},{"damage":0,"enemies":"Gremlin Nob","floor":57,"turns":2},{"damage":0,"enemies":"3 Louse","floor":63,"turns":1},{"damage":0,"enemies":"Large Slime","floor":65,"turns":1},{"damage":0,"enemies":"Looter","floor":66,"turns":1},{"damage":0,"enemies":"Exordium Wildlife","floor":67,"turns":1},{"damage":0,"enemies":"Slime Boss","floor":69,"turns":4},{"damage":0,"enemies":"Chosen","floor":71,"turns":2},{"damage":0,"enemies":"Shell Parasite","floor":72,"turns":2},{"damage":0,"enemies":"Snecko","floor":74,"turns":1},{"damage":0,"enemies":"Snake Plant","floor":75,"turns":2},{"damage":0,"enemies":"Chosen and Byrds","floor":77,"turns":2},{"damage":0,"enemies":"Cultist and Chosen","floor":78,"turns":2},{"damage":0,"enemies":"Book of Stabbing","floor":84,"turns":2},{"damage":0,"enemies":"Collector","floor":86,"turns":2}],"seed_played":"2468404110302721947","potions_obtained":[{"floor":3,"key":"Fire Potion"},{"floor":3,"key":"potionbrewer:HastePotion"},{"floor":5,"key":"potionbrewer:ToxicPotion"},{"floor":8,"key":"FearPotion"},{"floor":19,"key":"Fruit Juice"},{"floor":19,"key":"potionbrewer:AcidPotion"},{"floor":19,"key":"LiquidMemories"},{"floor":30,"key":"Adrenaline Potion"},{"floor":38,"key":"ColorlessPotion"},{"floor":46,"key":"SpeedPotion"},{"floor":50,"key":"potionbrewer:InfectionPotion"},{"floor":74,"key":"Venom Potion"},{"floor":78,"key":"BottledMiracle"}],"is_trial":false,"path_per_floor":["M","$","?","$","M","R","M","M","T","E","M","M","$","M","R","B",null,"M","AVR","?","M","?","R","?","R","T","E","$","E","M","M","R","B",null,"M","M","?","M","M","R","?","M","T","T","NM","M","$","M","R","B",null,"M","T","M","$","M","E","R","PTL","PTL","R","T","M","$","M","M","M","R_BF","B",null,"M","M","$","M","M","R","M","M","T","$","?","?","R","E","R","B",null],"character_chosen":"WATCHER","items_purchased":["reliquary:PurpleTingedLeaf","Letter Opener","LessonLearned","JustLucky","potionbrewer:StunPotion","Orrery","Consecrate","reliquary:BallBearing","Meat on the Bone","Frozen Eye","potionbrewer:BlacksmithPotion","Replay:ManipulateFuture","reliquary:Boomerang","infinitespire:Broken Mirror","ReplayTheSpireMod:ShopPack","reliquary:Stiletto","Tiny Chest","Toolbox","Mayhem","Ice Cream","potionbrewer:BoosterPack","Brilliance","Replay:Bottled Steam","Bottled Lightning","Master of Strategy","Nunchaku","ClockworkSouvenir","Replay:Mystery Machine","Strawberry","reliquary:BrokenClock","reliquary:MudwinsCradle","Juzu Bracelet","Du-Vu Doll","ReplayTheSpireMod:Ninjato","reliquary:Bookmark"],"campfire_rested":0,"item_purchase_floors":[2,2,2,2,2,2,4,4,4,4,4,13,13,13,13,28,28,28,28,47,47,47,47,55,55,55,55,64,64,73,73,73,80,80,80],"current_hp_per_floor":[66,66,48,48,48,48,48,49,49,50,52,52,52,52,52,32,72,72,77,77,61,61,61,61,61,61,61,61,64,64,53,53,58,77,71,66,56,60,61,61,61,62,62,62,55,55,55,57,57,60,77,77,77,77,77,77,77,77,77,77,77,77,77,84,84,84,84,84,84,84,84,84,84,84,84,84,84,84,84,84,84,84,84,89,89,89,89,89],"gold":93557,"neow_bonus":"THREE_RARE_CARDS","is_daily":false,"chose_seed":false,"campfire_upgraded":13,"win_rate":0.0,"timestamp":1611847811,"path_taken":["M","$","?","$","M","R","M","M","T","E","M","?","$","M","R","BOSS","M","AVR","?","M","?","R","?","R","T","E","$","E","M","M","R","BOSS","M","M","?","M","M","R","?","M","T","?","NM","M","$","M","R","BOSS","M","?","?","$","M","E","R","PTL","PTL","R","T","M","$","M","M","M","R_BF","BOSS","M","M","$","M","M","R","M","M","T","$","?","?","R","E","R","BOSS"],"items_purchased_type":["Relic","Relic","Card","Card","Potion","Relic","Card","Relic","Relic","Relic","Potion","Card","Relic","Relic","Relic","Relic","Relic","Relic","Card","Relic","Relic","Card","Relic","Relic","Card","Relic","Relic","Relic","Relic","Relic","Relic","Relic","Relic","Relic","Relic"],"build_version":"2020-12-22","purchased_purges":10,"victory":false,"max_hp_per_floor":[72,72,72,72,72,72,72,72,72,72,72,72,72,72,72,72,72,72,77,77,77,77,77,77,77,77,77,77,77,77,77,77,77,77,77,77,77,77,77,77,77,77,77,77,77,77,77,77,77,77,77,77,77,77,77,77,77,77,77,77,77,77,77,84,84,84,84,84,84,84,84,84,84,84,84,84,84,84,84,84,84,84,84,89,89,89,89,89],"card_choices":[{"not_picked":["DeusExMachina","Vault"],"picked":"Brilliance","floor":0},{"not_picked":["Crescendo","CrushJoints"],"picked":"FlurryOfBlows","floor":1},{"not_picked":["Replay:DivineShield","BowlingBash"],"picked":"Consecrate","floor":2},{"not_picked":["Replay:DivineShield","EmptyMind"],"picked":"Consecrate","floor":2},{"not_picked":["BowlingBash","CutThroughFate"],"picked":"SignatureMove","floor":3},{"not_picked":["Halt","Crescendo"],"picked":"Prostrate","floor":5},{"not_picked":["WreathOfFlame","FlyingSleeves"],"picked":"ThirdEye","floor":7},{"not_picked":["ClearTheMind","Evaluate","Protect"],"picked":"SKIP","floor":8},{"not_picked":["ClearTheMind","Tantrum"],"picked":"Consecrate","floor":10},{"not_picked":["Replay:DivineShield","FollowUp"],"picked":"Study","floor":11},{"not_picked":["SashWhip","FollowUp","MasterReality"],"picked":"SKIP","floor":12},{"not_picked":["Enlightenment","Specialist"],"picked":"Flash of Steel","floor":13},{"not_picked":["ClearTheMind","CutThroughFate","Establishment"],"picked":"SKIP","floor":14},{"not_picked":["Replay:LoomingThreat","DevaForm"],"picked":"Scrawl","floor":16},{"not_picked":["Replay:Vibes","ClearTheMind"],"picked":"LikeWater","floor":18},{"not_picked":["Protect","FlyingSleeves"],"picked":"LikeWater","floor":21},{"not_picked":["EmptyFist","Replay:Cycle","WaveOfTheHand"],"picked":"SKIP","floor":27},{"not_picked":["Establishment","JustLucky","Replay:AtTheReady"],"picked":"SKIP","floor":29},{"not_picked":["CarveReality","Crescendo","FlurryOfBlows"],"picked":"SKIP","floor":30},{"not_picked":["JustLucky","Replay:AtTheReady","FlyingSleeves"],"picked":"SKIP","floor":31},{"not_picked":["SandsOfTime+1","ClearTheMind+1","Replay:AtTheReady+1"],"picked":"SKIP","floor":35},{"not_picked":["CrushJoints","WindmillStrike+1"],"picked":"LikeWater","floor":36},{"not_picked":["Weave","EmptyFist"],"picked":"Conclude+1","floor":38},{"not_picked":["CrushJoints","Consecrate","Fasting2"],"picked":"SKIP","floor":39},{"not_picked":["Vault","CutThroughFate","Consecrate"],"picked":"SKIP","floor":42},{"not_picked":["TalkToTheHand+1","Crescendo"],"picked":"LikeWater","floor":45},{"not_picked":["Replay:ManipulateFuture+1","JustLucky"],"picked":"Collect+1","floor":46},{"not_picked":["Replay:AtTheReady+1","Study","CarveReality"],"picked":"SKIP","floor":48},{"not_picked":["Replay:ManipulateFuture","SashWhip"],"picked":"BowlingBash","floor":52},{"not_picked":["EmptyFist","ClearTheMind","BowlingBash"],"picked":"SKIP","floor":54},{"not_picked":["Replay:ManipulateFuture","Replay:Hum","Study"],"picked":"SKIP","floor":56},{"not_picked":["Indignation","ThirdEye"],"picked":"Meditate","floor":57},{"not_picked":["Scrawl","Halt"],"picked":"Prostrate","floor":63},{"not_picked":["Evaluate","FlurryOfBlows"],"picked":"TalkToTheHand","floor":65},{"not_picked":["Perseverance","FlyingSleeves","MasterReality"],"picked":"SKIP","floor":66},{"not_picked":["FlyingSleeves","CrushJoints","Wallop"],"picked":"SKIP","floor":67},{"not_picked":["ConjureBlade","DeusExMachina"],"picked":"Brilliance","floor":69},{"not_picked":["JustLucky+1","Evaluate"],"picked":"FlyingSleeves","floor":71},{"not_picked":["ClearTheMind","Consecrate+1"],"picked":"FlyingSleeves+1","floor":72},{"not_picked":["EmptyBody+1","ReachHeaven","Consecrate"],"picked":"SKIP","floor":74},{"not_picked":["FlurryOfBlows","Sanctity","PathToVictory"],"picked":"SKIP","floor":75},{"not_picked":["Halt+1","JustLucky+1"],"picked":"ThirdEye","floor":77},{"not_picked":["Ragnarok","Replay:BluntJabs"],"picked":"Pray","floor":78},{"not_picked":["Crescendo+1","Halt+1"],"picked":"FollowUp","floor":84},{"not_picked":["Brilliance","DeusExMachina"],"picked":"Alpha","floor":86}],"player_experience":401932,"relics_obtained":[{"floor":3,"key":"Bag of Preparation"},{"floor":9,"key":"FossilizedHelix"},{"floor":10,"key":"potionbrewer:AlchemistFlask"},{"floor":26,"key":"HornCleat"},{"floor":27,"key":"Mirror"},{"floor":29,"key":"Replay:Bottled Eggs"},{"floor":37,"key":"Unceasing Top"},{"floor":44,"key":"potionbrewer:RamsHorn"},{"floor":45,"key":"Vajra"},{"floor":53,"key":"Art of War"},{"floor":57,"key":"ReplayTheSpireMod:TigerMarble"},{"floor":62,"key":"reliquary:IvoryTrinket"},{"floor":79,"key":"reliquary:SculptingSteel"},{"floor":84,"key":"Durian"}],"event_choices":[{"damage_healed":0,"gold_gain":0,"player_choice":"Obtained Relic","damage_taken":0,"relics_obtained":["infinitespire:Satchel"],"max_hp_gain":0,"max_hp_loss":0,"event_name":"Addict","floor":22,"gold_loss":85},{"damage_healed":0,"gold_gain":0,"player_choice":"Inject Mutagens","damage_taken":0,"relics_obtained":["MutagenicStrength"],"max_hp_gain":0,"max_hp_loss":0,"event_name":"Drug Dealer","floor":24,"gold_loss":0},{"damage_healed":0,"gold_gain":0,"player_choice":"Fight","damage_taken":0,"max_hp_gain":0,"max_hp_loss":0,"event_name":"Mysterious Sphere","floor":37,"gold_loss":0},{"damage_healed":0,"gold_gain":0,"player_choice":"Inject Mutagens","damage_taken":0,"relics_obtained":["Circlet"],"max_hp_gain":0,"max_hp_loss":0,"event_name":"Drug Dealer","floor":81,"gold_loss":0},{"damage_healed":0,"gold_gain":0,"player_choice":"Ignored","damage_taken":0,"max_hp_gain":0,"max_hp_loss":0,"event_name":"Ghosts","floor":82,"gold_loss":0}],"is_beta":false,"boss_relics":[{"not_picked":["Black Star","Tiny House"],"picked":"Ring of Chaos"},{"not_picked":["Honey Jar","reliquary:RedPaperclip"],"picked":"potionbrewer:BhaskarasWheel"},{"not_picked":["ReplayTheSpireMod:SealedPack","Astrolabe"],"picked":"ReplayTheSpireMod:DimensionalGlitch"},{"not_picked":["SacredBark","Runic Dome"],"picked":"reliquary:RedCape"},{"not_picked":["Abe\u0027s Treasure","Cursed Key"],"picked":"Empty Cage"}],"items_purged_floors":[2,4,13,19,28,47,55,64,73,80],"is_endless":true,"potions_floor_spawned":[5,8,10,14,27,30,31,36,38,39,46,48,50,52,63,69,72,74,78,86],"ascension_level":0}}