{"host":"ijtzdp8x8o2bpzki","time":1611863742,"event":{"mods":["AchievementEnabler","BaseMod","Colored Map","Colored Powertips","DeckTracker","Lobotomy","LobotomyExtend","Minty Spire (QoL Compilation)"],"gold_per_floor":[111,186,196,196,214,214,214,245,245,26,26,45,70,105,117,235,247,274,286,319,347,62,62,62,62],"floor_reached":24,"language":"ENG","playtime":1101,"items_purged":["Defend_R"],"score":206,"play_id":"40b60f14-c30b-497c-a8ca-1bbdc377f571","local_time":"20210128225542","is_ascension_mode":false,"campfire_choices":[{"data":"Rampage","floor":6,"key":"SMITH"},{"floor":11,"key":"REST"},{"floor":15,"key":"REST"},{"floor":23,"key":"REST"}],"circlet_count":0,"master_deck":["Strike_R","Strike_R","Strike_R","Strike_R","Strike_R","Defend_R","Defend_R","Defend_R","Bash","FairyFestival","Perfected Strike","SingingMachine","Rampage+1","Injury","Freischutz","Rampage","Funeral","Metallicize","Woodsman","Shrug It Off","OSAHOGD","Uppercut","MHz","Perfected Strike","Mercenary","Reaper","BigBadWolf","Rampage","MeltingLove","Thunderclap+1","PunishingBird","Metallicize+1"],"relics":["Burning Blood","CogitoBucket","LetterFromLob","Golden Idol","Letter Opener","Blood Vial","Bag of Marbles","MawBank","AdjustmentMirror","Busted Crown","Champion Belt"],"acts_visited":["Exordium","TheCity"],"potions_floor_usage":[16],"damage_taken":[{"damage":10,"enemies":"Cultist","floor":1,"turns":4},{"damage":13,"enemies":"2 Louse","floor":3,"turns":3},{"damage":6,"enemies":"Jaw Worm","floor":5,"turns":3},{"damage":35,"enemies":"3 Sentries","floor":8,"turns":8},{"damage":14,"enemies":"Looter","floor":12,"turns":3},{"damage":20,"enemies":"Lagavulin","floor":13,"turns":5},{"damage":34,"enemies":"Red Slaver","floor":14,"turns":3},{"damage":47,"enemies":"Slime Boss","floor":16,"turns":9},{"damage":11,"enemies":"2 Thieves","floor":18,"turns":3},{"damage":26,"enemies":"3 Byrds","floor":20,"turns":7},{"damage":44,"enemies":"Snake Plant","floor":21,"turns":6},{"damage":154,"enemies":"Snecko","floor":24,"turns":5}],"seed_played":"336231869357229931","potions_obtained":[{"floor":1,"key":"BloodPotion"},{"floor":8,"key":"Regen Potion"},{"floor":13,"key":"CultistPotion"},{"floor":16,"key":"PowerPotion"}],"is_trial":false,"path_per_floor":["M","?","M","?","M","R","?","E","T","$","R","M","E","M","R","B",null,"M","$","M","M","$","R","M"],"character_chosen":"IRONCLAD","items_purchased":["Bag of Marbles","Champion Belt"],"campfire_rested":3,"item_purchase_floors":[10,22],"current_hp_per_floor":[76,65,61,61,61,61,61,39,39,39,63,58,53,32,56,61,80,80,80,79,49,49,73,0,0],"gold":62,"neow_bonus":"","is_daily":false,"chose_seed":false,"campfire_upgraded":1,"win_rate":0.0,"timestamp":1611863742,"path_taken":["M","?","M","?","M","R","?","E","T","$","R","?","E","M","R","BOSS","M","$","M","M","$","R","M"],"items_purchased_type":["Relic","Relic"],"build_version":"2020-12-22","purchased_purges":1,"victory":false,"max_hp_per_floor":[80,80,80,80,80,80,80,80,80,80,80,80,80,80,80,80,80,80,80,80,80,80,80,80,80],"card_choices":[{"not_picked":["Murderer","SpiderBud"],"picked":"FairyFestival","floor":1},{"not_picked":["Pommel Strike","Intimidate"],"picked":"Perfected Strike","floor":1},{"not_picked":["SpiderBud","MeatLantern"],"picked":"SingingMachine","floor":3},{"not_picked":["Thunderclap","Anger"],"picked":"Rampage","floor":3},{"not_picked":["UniverseFragment","Laetitia"],"picked":"Freischutz","floor":5},{"not_picked":["Evolve","Dark Embrace"],"picked":"Rampage","floor":5},{"not_picked":["SpiderBud","UniverseFragment"],"picked":"Funeral","floor":8},{"not_picked":["Disarm","Rupture"],"picked":"Metallicize","floor":8},{"not_picked":["BigBird","Wellcheers"],"picked":"Woodsman","floor":12},{"not_picked":["Second Wind","Anger"],"picked":"Shrug It Off","floor":12},{"not_picked":["ShyLook","CrumblingArmor"],"picked":"OSAHOGD","floor":13},{"not_picked":["Carnage","Perfected Strike"],"picked":"Uppercut","floor":13},{"not_picked":["Murderer","CrumblingArmor"],"picked":"MHz","floor":14},{"not_picked":["Cleave","Havoc"],"picked":"Perfected Strike","floor":14},{"not_picked":["CrumblingArmor","RedShoes"],"picked":"Mercenary","floor":16},{"not_picked":["Berserk","Fiend Fire"],"picked":"Reaper","floor":16},{"not_picked":["Laetitia","HeroicMonk"],"picked":"BigBadWolf","floor":18},{"not_picked":[],"picked":"Rampage","floor":18},{"not_picked":["CherryBlossoms","BeautyBeast","Rudolta"],"picked":"Singing Bowl","floor":20},{"not_picked":["QueenBee","Porccubus"],"picked":"MeltingLove","floor":20},{"not_picked":[],"picked":"Thunderclap+1","floor":20},{"not_picked":["HappyTeddy","NakedNest"],"picked":"PunishingBird","floor":21},{"not_picked":[],"picked":"Metallicize+1","floor":21}],"player_experience":91348,"relics_obtained":[{"floor":1,"key":"LetterFromLob"},{"floor":8,"key":"Letter Opener"},{"floor":9,"key":"Blood Vial"},{"floor":13,"key":"MawBank"}],"event_choices":[{"damage_healed":0,"gold_gain":75,"player_choice":"Gather Gold","damage_taken":11,"max_hp_gain":0,"max_hp_loss":0,"event_name":"World of Goop","floor":2,"gold_loss":0},{"damage_healed":0,"gold_gain":0,"player_choice":"Take Wound","damage_taken":0,"relics_obtained":["Golden Idol"],"max_hp_gain":0,"max_hp_loss":0,"event_name":"Golden Idol","floor":4,"gold_loss":0,"cards_obtained":["Injury"]},{"damage_healed":0,"gold_gain":0,"player_choice":"Ignored","damage_taken":0,"max_hp_gain":0,"max_hp_loss":0,"event_name":"NoteForYourself","floor":7,"gold_loss":0}],"is_beta":false,"boss_relics":[{"not_picked":["Philosopher\u0027s Stone","Empty Cage"],"picked":"Busted Crown"}],"items_purged_floors":[10],"is_endless":false,"potions_floor_spawned":[1,8,13,16,18],"killed_by":"Snecko","ascension_level":0}}