{"host":"8d3fefv2347kqkpz","time":1611817809,"event":{"mods":["AchievementEnabler","Act Like it!","Aspiration","BaseMod","Better Vampires","Colored Map","Colored Powertips","Conspire","GifTheSpireLib","Highlight Path","Hubris","Mimic Mod","Minty Spire (QoL Compilation)","Quick Restart","Rare Cards Sparkle","Relic Stats","Replay The Spire","Spicy Shops","StSLib","The Jungle","Waifu the Spire"],"gold_per_floor":[119,184,184,202,202,231,78,78,151,177,177,195,227,227,227,324,324,334,318,334,334,334,334,52,52,52,62,89,89,105,105,105,209,209,229,229,15,15,115,115,131,131,131,131,144,159,159,159],"floor_reached":47,"language":"ZHS","playtime":1809,"items_purged":["Strike_G","Strike_G"],"score":484,"play_id":"8c18f170-3533-4da6-96f1-345f55b26b29","local_time":"20210128151009","is_ascension_mode":false,"campfire_choices":[{"data":"Envenom","floor":8.0,"key":"SMITH"},{"data":"ReplayTheSpireMod:Shiv Toss","floor":11.0,"key":"SMITH"},{"floor":15.0,"key":"REST"},{"floor":23.0,"key":"REST"},{"floor":25.0,"key":"REST"},{"floor":29.0,"key":"REST"},{"floor":32.0,"key":"REST"},{"data":"Envenom","floor":40,"key":"SMITH"},{"floor":42,"key":"REST"},{"data":"hubris:EnhanceAbility","floor":44,"key":"SMITH"}],"circlet_count":0,"master_deck":["Strike_G","Strike_G","Strike_G","Defend_G","Defend_G","Defend_G","Defend_G","Defend_G","Survivor","Neutralize","Envenom+1","Infinite Blades","conspire:DoublingDagger","Blade Dance","ReplayTheSpireMod:Shiv Toss+1","Leg Sweep","Blade Dance","Envenom+1","Footwork+1","hubris:EnhanceAbility+1","Finesse","hubris:Sniper","After Image","Blade Dance+1","ReplayTheSpireMod:Private Reserves","Footwork"],"relics":["Ring of the Snake","NeowsBlessing","Blue Candle","Orrery","Paper Crane","Quantum Egg","Letter Opener","hubris:ToyBattleship","hubris:HollowSoul","Replay:Baseball","ReplayTheSpireMod:ShopPack","Orichalcum","The Specimen","Black Star","Mercury Hourglass"],"acts_visited":["Exordium","TheCity","TheBeyond"],"potions_floor_usage":[41,41],"damage_taken":[{"damage":0.0,"enemies":"Jaw Worm","floor":1.0,"turns":1.0},{"damage":0.0,"enemies":"Small Slimes","floor":4.0,"turns":1.0},{"damage":0.0,"enemies":"3 Sentries","floor":6.0,"turns":1.0},{"damage":10.0,"enemies":"Gremlin Nob","floor":10.0,"turns":5.0},{"damage":0.0,"enemies":"Cultist","floor":12.0,"turns":3.0},{"damage":21.0,"enemies":"Lagavulin","floor":13.0,"turns":8.0},{"damage":1.0,"enemies":"Fading Forest","floor":16.0,"turns":11.0},{"damage":12.0,"enemies":"Chosen","floor":18.0,"turns":5.0},{"damage":8.0,"enemies":"2 Thieves","floor":19.0,"turns":4.0},{"damage":25.0,"enemies":"Snecko","floor":20.0,"turns":5.0},{"damage":6.0,"enemies":"Centurion and Healer","floor":27.0,"turns":5.0},{"damage":11.0,"enemies":"Book of Stabbing","floor":28.0,"turns":4.0},{"damage":22.0,"enemies":"Shelled Parasite and Fungi","floor":30.0,"turns":6.0},{"damage":64.0,"enemies":"Collector","floor":33.0,"turns":9.0},{"damage":16,"enemies":"3 Shapes","floor":35,"turns":9},{"damage":17,"enemies":"3 Darklings","floor":41,"turns":5},{"damage":25,"enemies":"Jaw Worm Horde","floor":45,"turns":5},{"damage":26,"enemies":"Spire Growth","floor":46,"turns":5},{"damage":19,"enemies":"3 Darklings","floor":47,"turns":2}],"seed_played":"-2967742817995464265","potions_obtained":[{"floor":2.0,"key":"Ancient Potion"},{"floor":2.0,"key":"Flashbang"},{"floor":2.0,"key":"EssenceOfSteel"},{"floor":13.0,"key":"DuplicationPotion"},{"floor":16.0,"key":"PowerPotion"},{"floor":27.0,"key":"Fruit Juice"},{"floor":28.0,"key":"AttackPotion"},{"floor":35,"key":"Explosive Potion"},{"floor":41,"key":"Fruit Juice"},{"floor":46,"key":"Energy Potion"}],"is_trial":false,"path_per_floor":["M","?","?","M","MIM","E","$","R","T","E","R","M","E","?","R","B",null,"M","M","M","?","?","R","$","R","T","M","E","R","M","?","R","B",null,"M","?","$","?","?","R","M","R","T","R","M","M","M"],"character_chosen":"THE_SILENT","items_purchased":["Orrery","Replay:Baseball","ReplayTheSpireMod:ShopPack","Footwork"],"campfire_rested":6,"item_purchase_floors":[7,24,24,37],"current_hp_per_floor":[70,70,70,70,70,70,70,70,70,60,60,60,39,39,60,70,70,58,50,25,25,25,46,46,67,67,66,55,75,53,53,75,11,75,59,59,59,59,59,59,47,71,71,71,46,20,0,0],"gold":159,"neow_bonus":"THREE_ENEMY_KILL","is_daily":false,"chose_seed":false,"campfire_upgraded":4,"win_rate":0.0,"timestamp":1611817809,"path_taken":["M","?","?","?","?","E","$","R","T","E","R","M","E","?","R","BOSS","M","M","?","?","?","R","$","R","T","M","E","R","M","?","R","BOSS","M","?","$","?","?","R","M","R","T","R","M","?","M"],"items_purchased_type":["Relic","Relic","Relic","Card"],"build_version":"2020-12-22","purchased_purges":2,"victory":false,"max_hp_per_floor":[70,70,70,70,70,70,70,70,70,70,70,70,70,70,70,70,70,70,70,70,70,70,70,70,70,70,75,75,75,75,75,75,75,75,75,75,75,75,75,75,80,80,80,80,80,80,80,80],"relic_stats":{"counters":[19,97],"Blue Candle":[0],"Black Star":0,"Letter Opener":[171],"Orichalcum":[42],"obtain_stats":[{"NeowsBlessing":0,"The Specimen":28,"Blue Candle":6,"Quantum Egg":10,"hubris:HollowSoul":17,"Letter Opener":13,"Paper Crane":9,"Orichalcum":26,"Mercury Hourglass":43,"Replay:Baseball":24,"Orrery":7,"hubris:ToyBattleship":14,"Black Star":34,"Ring of the Snake":0,"ReplayTheSpireMod:ShopPack":24},{"NeowsBlessing":0,"The Specimen":12,"Blue Candle":3,"Quantum Egg":4,"hubris:HollowSoul":7,"Letter Opener":6,"Paper Crane":3,"Orichalcum":10,"Mercury Hourglass":16,"Replay:Baseball":10,"Orrery":3,"hubris:ToyBattleship":6,"Black Star":14,"Ring of the Snake":0,"ReplayTheSpireMod:ShopPack":10},{"NeowsBlessing":0,"The Specimen":53,"Blue Candle":3,"Quantum Egg":8,"hubris:HollowSoul":30,"Letter Opener":19,"Paper Crane":3,"Orichalcum":44,"Mercury Hourglass":82,"Replay:Baseball":44,"Orrery":3,"hubris:ToyBattleship":19,"Black Star":68,"Ring of the Snake":0,"ReplayTheSpireMod:ShopPack":44}],"Ring of the Snake":[40],"Mercury Hourglass":[51]},"card_choices":[{"not_picked":["Acrobatics","Deadly Poison"],"picked":"hubris:SlightOfHand","floor":1.0},{"not_picked":["hubris:SlightOfHand","Underhanded Strike","Blur"],"picked":"SKIP","floor":4.0},{"not_picked":["Slice","ReplayTheSpireMod:Necrosis"],"picked":"Envenom","floor":6.0},{"not_picked":["hubris:TrickCloak","Bane"],"picked":"Infinite Blades","floor":7.0},{"not_picked":["Dagger Spray","Cloak And Dagger"],"picked":"conspire:DoublingDagger","floor":7.0},{"not_picked":["Atom Bomb","Poisoned Stab"],"picked":"Blade Dance","floor":7.0},{"not_picked":["Replay:Bag of Tricks","Acrobatics"],"picked":"ReplayTheSpireMod:Shiv Toss","floor":7.0},{"not_picked":["Eviscerate","Endless Agony"],"picked":"Leg Sweep","floor":7.0},{"not_picked":["hubris:Counter","Caltrops","Masterful Stab"],"picked":"SKIP","floor":10.0},{"not_picked":["Choke","Sucker Punch"],"picked":"Blade Dance","floor":12.0},{"not_picked":["Dagger Throw","Backflip","Skewer"],"picked":"SKIP","floor":13.0},{"not_picked":["Wraith Form v2","ReplayTheSpireMod:Necrosis"],"picked":"Envenom","floor":16.0},{"not_picked":["Bane","Expertise","Underhanded Strike"],"picked":"SKIP","floor":18.0},{"not_picked":["Dagger Spray","Underhanded Strike","Distraction"],"picked":"SKIP","floor":19.0},{"not_picked":["Terror","Deadly Poison"],"picked":"Footwork+1","floor":20.0},{"not_picked":["Metamorphosis","Chrysalis"],"picked":"hubris:EnhanceAbility","floor":24.0},{"not_picked":["Specialist","Deep Breath"],"picked":"Finesse","floor":24.0},{"not_picked":["PiercingWail","Acrobatics","Reflex"],"picked":"SKIP","floor":27.0},{"not_picked":["Reflex","Riddle With Holes","hubris:SlightOfHand"],"picked":"SKIP","floor":28.0},{"not_picked":["Bane","Bouncing Flask"],"picked":"hubris:Sniper","floor":30.0},{"not_picked":["Phantasmal Killer","Malaise"],"picked":"After Image","floor":33.0},{"not_picked":["Distraction+1","Blur"],"picked":"Blade Dance+1","floor":35},{"not_picked":["Discovery","Replay:Parry"],"picked":"ReplayTheSpireMod:Private Reserves","floor":36},{"not_picked":["Backflip","Outmaneuver","hubris:SlightOfHand+1"],"picked":"SKIP","floor":41},{"not_picked":["Dagger Throw+1","Dagger Spray","PiercingWail+1"],"picked":"SKIP","floor":45},{"not_picked":["Blade Dance+1","Dagger Spray","Draining Mist+1"],"picked":"SKIP","floor":46}],"player_experience":213314,"relics_obtained":[{"floor":6.0,"key":"Blue Candle"},{"floor":9.0,"key":"Paper Crane"},{"floor":10.0,"key":"Quantum Egg"},{"floor":13.0,"key":"Letter Opener"},{"floor":26.0,"key":"Orichalcum"},{"floor":28.0,"key":"The Specimen"},{"floor":43,"key":"Mercury Hourglass"}],"event_choices":[{"cards_removed":["hubris:SlightOfHand"],"damage_healed":0.0,"max_hp_gain":0.0,"max_hp_loss":0.0,"gold_gain":0.0,"event_name":"NoteForYourself","player_choice":"Took Card","floor":3.0,"gold_loss":0.0,"damage_taken":0.0,"cards_obtained":["Neutralize"]},{"damage_healed":0.0,"max_hp_gain":0.0,"max_hp_loss":0.0,"gold_gain":0.0,"event_name":"WeMeetAgain","player_choice":"Gave Potion","floor":14.0,"gold_loss":0.0,"damage_taken":0.0,"relics_obtained":["hubris:ToyBattleship"]},{"damage_healed":0.0,"max_hp_gain":0.0,"max_hp_loss":0.0,"gold_gain":0.0,"event_name":"Vampires","player_choice":"Ignored","floor":21.0,"gold_loss":0.0,"damage_taken":0.0},{"damage_healed":0.0,"max_hp_gain":0.0,"max_hp_loss":0.0,"gold_gain":0.0,"event_name":"The Mausoleum","player_choice":"Ignored","floor":31.0,"gold_loss":0.0,"damage_taken":0.0},{"damage_healed":0,"gold_gain":0,"player_choice":"Memory 1","damage_taken":0,"max_hp_gain":0,"max_hp_loss":0,"event_name":"SensoryStone","floor":36,"gold_loss":0},{"cards_removed":["Neutralize"],"damage_healed":0,"gold_gain":0,"player_choice":"Removed Attack","damage_taken":0,"max_hp_gain":0,"max_hp_loss":0,"event_name":"Falling","floor":38,"gold_loss":0},{"damage_healed":0,"gold_gain":100,"player_choice":"Pray","damage_taken":0,"max_hp_gain":0,"max_hp_loss":0,"event_name":"Golden Shrine","floor":39,"gold_loss":0}],"is_beta":false,"boss_relics":[{"not_picked":["SacredBark","aspiration:PoetsPen_weak"],"picked":"hubris:HollowSoul"},{"not_picked":["Replay:Wanted Poster","Abe\u0027s Treasure"],"picked":"Black Star"}],"items_purged_floors":[24,37],"is_endless":false,"potions_floor_spawned":[4,13,16,19,27,28,33,35,41,46],"killed_by":"3 Darklings","ascension_level":0}}