{"host":"pgm1p3lvdjflie30","time":1611836019,"event":{"mods":["100% Spire Juice","ATMod(阿瑾Mod)","AchievementEnabler","Aspiration","Astrologer","Bard","BaseMod","Chen","Colored Map","Colored Powertips","Conspire","Dark Map","Decade(王小明)","Dota2Spire","Downfall","Energized Spire","Gremlin Mod","HololiveMod","KinomotoSakuraMod(木之本?)","LagranYue(拉格朗·月)","Mari Mod (Legacy)","Mari\u0027s V1 Patch","Minty Spire (QoL Compilation)","MostiFishMod","Nova Terra(?娃·泰拉)","Quarter Circle Forward PUNCH!","Reimu（博???）","Replay The Spire","SOS（斯巴?之子）","StSLib","TestMod","The Administrix","The Blackbeard","The Bug Knight","The Construct","The Cursed","The Dragon Tamer","The Gatherer","The Hierophant","The IronCluck","The Jungle","The Mystic","The Poker Player","The Runesmith","The Saiyan","The Senshi","The Showman","TheHeartMod","TheWitcher","Waifu the Spire","Warlord Emblem","Yakumo Yukari mod","Yuri Mod","Yuyuko","【功能Mod】混沌之?修复?丁","【?物卡牌】REMEMod","?留之物","篝火指南"],"gold_per_floor":[115,115,115,134,134,168,186,251,251,13,43,60,71,89,89,192,192,212,228,261,261,273,273,300,300,300,300,300,312,312,1311,1329,1347,483,588,588,604,604,604,615,58,58,83,83,83,95,126,143,0,33,33,33,33,7,7,38,38],"floor_reached":58,"language":"ZHS","playtime":2968,"items_purged":["yuri:yuriDefend"],"score":2062,"play_id":"0e70e672-7a82-419c-92b2-c3784caf97fa","local_time":"20210128201339","is_ascension_mode":false,"campfire_choices":[{"floor":15,"key":"RECALL"},{"data":"Bludgeon","floor":23,"key":"SMITH"},{"data":"yuri:WickedSlash","floor":27,"key":"SMITH"},{"data":"yuri:WickedSlash","floor":30,"key":"SMITH"},{"data":"yuri:SeeingDouble","floor":42,"key":"SMITH"},{"data":"yuri:SeeingDouble","floor":44,"key":"SMITH"},{"floor":51,"key":"REST"}],"circlet_count":0,"master_deck":["yuri:yuriStrike+1","yuri:yuriStrike+1","yuri:yuriStrike+1","yuri:yuriStrike+1","yuri:yuriStrike+1","yuri:yuriDefend+1","yuri:Oolong+1","yuri:yuriStab+1","AT_FamilyPortrait+1","Bludgeon+1","yuri:Spin+1","yuri:yuriQuickStrike+1","yuri:HeavierStrike+1","yuri:Stare+1","yuri:BlackTea+1","yuri:BookGreen+1","yuri:HoldBack+1","yuri:WickedSlash+1","yuri:GlitchedStrike+1","yuri:UnstableStrike+1","yuri:NoEscape+1","yuri:HeavierStrike+1","yuri:BookGreen+1","yuri:ArmBrace+1","yuri:WickedSlash+1","yuri:ThrowingKnives+1","yuri:ThrowingKnives+1","yuri:ThrowingKnives+1","yuri:ThrowingKnives+1","yuri:WickedSlash+1","yuri:Virus+1","yuri:WickedSlash+1","Mind Blast+1","yuri:Torment+1","yuri:WickedSlash+1","yuri:SeeingDouble+1","yuri:yuriStrike+1","yuri:yuriStrike+1","yuri:yuriStrike+1","yuri:yuriStrike+1","yuri:yuriStrike+1","yuri:yuriDefend+1","yuri:Oolong+1","yuri:yuriStab+1","AT_FamilyPortrait+1","Bludgeon+1","yuri:Spin+1","yuri:yuriQuickStrike+1","yuri:HeavierStrike+1","yuri:Stare+1","yuri:BlackTea+1","yuri:BookGreen+1","yuri:HoldBack+1","yuri:WickedSlash+1","yuri:GlitchedStrike+1","yuri:UnstableStrike+1","yuri:NoEscape+1","yuri:HeavierStrike+1","yuri:BookGreen+1","yuri:ArmBrace+1","yuri:WickedSlash+1","yuri:ThrowingKnives+1","yuri:ThrowingKnives+1","yuri:ThrowingKnives+1","yuri:ThrowingKnives+1","yuri:WickedSlash+1","yuri:Virus+1","yuri:WickedSlash+1","Mind Blast+1","yuri:Torment+1","yuri:WickedSlash+1","yuri:SeeingDouble+1","yuri:ThrowBook+1","yuri:WickedSlash+1","yuri:WickedSlash+1","yuri:AdaptiveAI+1","yuri:Spin+1","yuri:GrowingInsanity+1","yuri:RecklessStrike","yuri:GlitchedStrike+1"],"relics":["yuri:yuriKnife","AT_ATBox","DaveBox","testmod-TestBox","REME_ComplimentaryCards","LagranYue:RandomDrawCardRelic","testmod-Antiphasic","DianDianMeat","NeowsBlessing","SynthV:TestCard","Omamori","conspire:Flyswatter","MostiFishMod:AdaptiveDefenses","Runesmith:Nanobots","Red Mask","WarlordEmblem:MantleBaku","LagranYue:ReturningEmperorRelic","testmod-ObsoleteBoomerang","Ornamental Fan","Medical Kit","Replay:Grab Bag","LagranYue:ContractPerformanceRelic","energizedSpire:OgreHead","ShadowXiaoBlade","Dota2Spire:EyeOfSkadi","Toxic Egg 2","WarlordEmblem:MantleKazakus","Dota2Spire:MantaStyle","WarlordEmblem:OldTorch","Hololive_LightStick","ReplayTheSpireMod:Lightbulb","Dota2Spire:AssaultCuirass"],"acts_visited":["Exordium","TheCity","TheBeyond","TheEnding"],"potions_floor_usage":[8,12,16,20,24,29,35,38,38,46,57,57],"damage_taken":[{"damage":0,"enemies":"Cultist","floor":1,"turns":1},{"damage":0,"enemies":"Jaw Worm","floor":4,"turns":1},{"damage":0,"enemies":"Gremlin Nob","floor":6,"turns":1},{"damage":0,"enemies":"2 Louse","floor":7,"turns":2},{"damage":25,"enemies":"3 Sentries","floor":8,"turns":4},{"damage":1,"enemies":"Lagavulin","floor":11,"turns":3},{"damage":17,"enemies":"Exordium Thugs","floor":12,"turns":4},{"damage":12,"enemies":"Lots of Slimes","floor":13,"turns":3},{"damage":0,"enemies":"3 Louse","floor":14,"turns":1},{"damage":4,"enemies":"Slime Boss","floor":16,"turns":4},{"damage":0,"enemies":"Spheric Guardian","floor":18,"turns":1},{"damage":18,"enemies":"Snake Plant","floor":19,"turns":3},{"damage":10,"enemies":"Masked Bandits","floor":20,"turns":3},{"damage":11,"enemies":"Shelled Parasite and Fungi","floor":22,"turns":3},{"damage":3,"enemies":"Replay:Snechameleon","floor":24,"turns":3},{"damage":10,"enemies":"3 Cultists","floor":29,"turns":4},{"damage":25,"enemies":"Centurion and Healer","floor":32,"turns":4},{"damage":12,"enemies":"Snake Plant","floor":33,"turns":2},{"damage":20,"enemies":"Pondfish","floor":35,"turns":5},{"damage":0,"enemies":"Orb Walker","floor":37,"turns":1},{"damage":222,"enemies":"Orb Walker","floor":38,"turns":14},{"damage":3,"enemies":"3 Darklings","floor":40,"turns":2},{"damage":10,"enemies":"Nemesis","floor":43,"turns":3},{"damage":6,"enemies":"Jaw Worm Horde","floor":46,"turns":2},{"damage":2,"enemies":"R_Hoarder","floor":47,"turns":4},{"damage":2,"enemies":"Maw","floor":48,"turns":2},{"damage":0,"enemies":"Reptomancer","floor":50,"turns":2},{"damage":4,"enemies":"Donu and Deca","floor":52,"turns":3},{"damage":16,"enemies":"Shield and Spear","floor":56,"turns":3},{"damage":83,"enemies":"The Heart","floor":57,"turns":5}],"seed_played":"-205819680880358534","potions_obtained":[{"floor":4,"key":"REME_GoldPotion"},{"floor":11,"key":"Regen Potion"},{"floor":13,"key":"Milkshake"},{"floor":14,"key":"PanachePotion"},{"floor":16,"key":"Venom Potion"},{"floor":18,"key":"Venom Potion"},{"floor":22,"key":"Block Potion"},{"floor":29,"key":"Death Potion"},{"floor":32,"key":"Weak Potion"},{"floor":43,"key":"Energy Potion"},{"floor":46,"key":"Venom Potion"},{"floor":50,"key":"Guardian:BlockOnCardUsePotion"},{"floor":56,"key":"Dota2Spire:HealingSalve"}],"is_trial":false,"path_per_floor":["M","$","?","M","?","E","M","E","T","$","E","M","M","M","R","B",null,"M","M","?","?","M","R","E","PTL","PTL","R","T","M","R","?","M","M","R","B",null,"M","?","?","M","$","R","E","R","T","M","E","M","R","E","R","B",null,"R","$","E","B",null],"character_chosen":"YURI","items_purchased":["MostiFishMod:AdaptiveDefenses","yuri:BookGreen","Fire Potion","testmod-ObsoleteBoomerang","Ornamental Fan","Medical Kit","Mind Blast","Dota2Spire:EyeOfSkadi","Toxic Egg 2","Hololive_LightStick","yuri:RecklessStrike"],"campfire_rested":1,"item_purchase_floors":[10,10,10,34,34,34,34,41,41,49,54],"current_hp_per_floor":[83,83,83,86,86,90,95,80,80,87,98,123,125,136,136,148,200,216,215,244,244,256,256,273,273,273,273,273,303,303,303,308,319,343,348,405,431,458,2096,2157,2162,2162,2224,2224,2224,2284,2349,2415,2415,2484,2500,2496,2500,2570,2570,2625,2605],"gold":38,"neow_bonus":"THREE_ENEMY_KILL","is_daily":false,"chose_seed":false,"campfire_upgraded":5,"win_rate":0.0,"timestamp":1611836019,"path_taken":["M","?","?","?","?","E","M","E","T","?","E","M","M","M","R","BOSS","M","M","?","?","?","R","E","PTL","PTL","R","T","?","R","?","M","M","R","BOSS","M","?","?","?","$","R","E","R","T","M","E","?","R","E","R","BOSS","R","$","E","BOSS"],"items_purchased_type":["Relic","Card","Potion","Relic","Relic","Relic","Card","Relic","Relic","Relic","Card"],"build_version":"2020-12-22","purchased_purges":1,"victory":true,"max_hp_per_floor":[83,83,83,86,86,90,95,101,101,108,116,125,135,146,146,158,200,216,233,251,251,270,270,290,290,290,290,290,311,311,311,333,356,380,405,405,431,458,2096,2160,2165,2165,2230,2230,2230,2296,2363,2431,2431,2500,2500,2500,2500,2570,2570,2641,2641],"card_choices":[{"not_picked":["yuri:yuriQuickStrike","yuri:GlitchedStrike"],"picked":"yuri:Spin","floor":1},{"not_picked":["yuri:TPose","yuri:Stare","yuri:Skip","yuri:Spin"],"picked":"yuri:yuriQuickStrike","floor":4},{"not_picked":["yuri:Stalk","yuri:ArmBrace","yuri:UntestedCode","yuri:SeeingDouble"],"picked":"yuri:HeavierStrike","floor":6},{"not_picked":["yuri:ReactiveMadness","yuri:MPose","yuri:ThornRemove","yuri:yuriQuickStrike"],"picked":"yuri:Stare","floor":7},{"not_picked":["yuri:DeepBreathing","yuri:InduceGlitch","yuri:Stalk","yuri:BookBlue"],"picked":"yuri:BlackTea","floor":8},{"not_picked":["yuri:Skip","yuri:UntestedCode","yuri:HeavierStrike","yuri:CorruptHitbox"],"picked":"yuri:HoldBack","floor":11},{"not_picked":["yuri:HoldBack","yuri:yuriHeavyStrike","yuri:ArmBrace","yuri:GreenTea"],"picked":"yuri:WickedSlash","floor":12},{"not_picked":["yuri:DebugCard","yuri:DeepBreathing","yuri:ThornRemove","yuri:DejaVu"],"picked":"yuri:GlitchedStrike","floor":13},{"not_picked":["yuri:GlitchedStrike","yuri:MPose","yuri:HeavierStrike","yuri:yuriQuickStrike"],"picked":"yuri:UnstableStrike","floor":14},{"not_picked":["yuri:MagneticKnives","yuri:JumpScare","yuri:RelentlessStrikes","yuri:MirrorInsanity"],"picked":"yuri:NoEscape","floor":16},{"not_picked":["yuri:yuriQuickStrike","yuri:MPose","yuri:GlitchedStrike+1","yuri:Stalk"],"picked":"yuri:WickedSlash","floor":18},{"not_picked":["yuri:ThrowBook+1","yuri:Skip","yuri:BlackTea","yuri:HeavierStrike"],"picked":"yuri:ThrowingKnives+1","floor":19},{"not_picked":["yuri:ArmBrace","yuri:Stalk+1","yuri:ThrowBook","yuri:RecklessStrike"],"picked":"yuri:ThrowingKnives+1","floor":20},{"not_picked":["yuri:SturdyUniform","yuri:Spin","yuri:MPose","yuri:Stalk+1"],"picked":"yuri:ThrowingKnives","floor":22},{"not_picked":["yuri:Skip","yuri:MPose","yuri:BrokenCode","yuri:Stalk"],"picked":"yuri:ThrowingKnives","floor":24},{"not_picked":["yuri:RecklessStrike","yuri:CalmingAura","yuri:MPose","yuri:yuriQuickStrike"],"picked":"yuri:WickedSlash","floor":29},{"not_picked":["yuri:Stalk+1","yuri:SelfHarm","yuri:RepairCode","yuri:Stare"],"picked":"yuri:Virus","floor":32},{"not_picked":["yuri:StealPen","yuri:Skip+1","yuri:ThrowingKnives","yuri:RepairCode+1"],"picked":"yuri:WickedSlash+1","floor":33},{"not_picked":["yuri:MagneticKnives","yuri:DuplicateCode","yuri:GhostForm","yuri:BlackTea"],"picked":"yuri:Torment","floor":35},{"not_picked":["yuri:InduceGlitch+1","yuri:yuriQuickStrike+1","yuri:CalmingAura+1","yuri:SelfHarm+1"],"picked":"yuri:WickedSlash","floor":37},{"not_picked":["yuri:Skip+1","yuri:TPose+1","yuri:GlitchedStrike","yuri:Stalk"],"picked":"yuri:SeeingDouble","floor":38},{"not_picked":["yuri:yuriQuickStrike+1","yuri:DejaVu+1","yuri:ReactiveMadness+1","yuri:GreenTea"],"picked":"yuri:ThrowBook+1","floor":40},{"not_picked":["yuri:RecklessStrike","yuri:Skip+1","yuri:CalmingAura+1","yuri:ExploitStrike"],"picked":"yuri:WickedSlash+1","floor":43},{"not_picked":["yuri:yuriHeavyStrike","yuri:MultiDip","yuri:Skip+1","yuri:CorruptHitbox+1"],"picked":"yuri:WickedSlash+1","floor":46},{"not_picked":["yuri:DebugCard+1","yuri:NerfBat","yuri:HeavierStrike","yuri:MPose+1"],"picked":"yuri:AdaptiveAI+1","floor":47},{"not_picked":["yuri:yuriQuickStrike","yuri:ArmBrace+1","yuri:StealPen","yuri:CorruptHitbox+1"],"picked":"yuri:Spin+1","floor":48},{"not_picked":["yuri:HoldBack+1","yuri:SelfHarm+1","yuri:Virus+1","yuri:GlitchedStrike"],"picked":"yuri:GrowingInsanity+1","floor":50},{"not_picked":["yuri:CalmingAura+1","yuri:DebugCard+1","yuri:ThrowingKnives+1","yuri:TPose+1"],"picked":"yuri:GlitchedStrike+1","floor":56}],"player_experience":290221,"relics_obtained":[{"floor":1,"key":"SynthV:TestCard"},{"floor":6,"key":"Omamori"},{"floor":8,"key":"conspire:Flyswatter"},{"floor":11,"key":"Runesmith:Nanobots"},{"floor":20,"key":"Red Mask"},{"floor":24,"key":"WarlordEmblem:MantleBaku"},{"floor":28,"key":"LagranYue:ReturningEmperorRelic"},{"floor":43,"key":"WarlordEmblem:MantleKazakus"},{"floor":45,"key":"Dota2Spire:MantaStyle"},{"floor":47,"key":"WarlordEmblem:OldTorch"},{"floor":50,"key":"ReplayTheSpireMod:Lightbulb"},{"floor":56,"key":"Dota2Spire:AssaultCuirass"}],"event_choices":[{"damage_healed":0,"gold_gain":0,"player_choice":"Forge","damage_taken":0,"max_hp_gain":0,"max_hp_loss":0,"event_name":"Accursed Blacksmith","floor":3,"gold_loss":0,"cards_upgraded":["yuri:Spin"]},{"damage_healed":0,"gold_gain":0,"player_choice":"Leave","damage_taken":0,"max_hp_gain":0,"max_hp_loss":0,"event_name":"conspire:Investor","floor":5,"gold_loss":0},{"damage_healed":0,"gold_gain":0,"player_choice":"Fought Bandits","damage_taken":0,"max_hp_gain":0,"max_hp_loss":0,"event_name":"Masked Bandits","floor":20,"gold_loss":0},{"damage_healed":0,"gold_gain":0,"player_choice":"Upgraded","damage_taken":0,"max_hp_gain":0,"max_hp_loss":0,"event_name":"Upgrade Shrine","floor":21,"gold_loss":0,"cards_upgraded":["yuri:NoEscape"]},{"damage_healed":0,"gold_gain":999,"player_choice":"Sell","damage_taken":0,"max_hp_gain":0,"max_hp_loss":0,"event_name":"恩洛斯的?子","floor":31,"relics_lost":["Astrolabe"],"gold_loss":0}],"is_beta":false,"boss_relics":[{"not_picked":["Cursed Key","conspire:SeveredTorchhead"],"picked":"Astrolabe"},{"not_picked":["aspiration:PoetsPen","energizedSpire:HugeHouse"],"picked":"Replay:Grab Bag"},{"not_picked":["energizedSpire:SpiderWeb","Velvet Choker"],"picked":"LagranYue:ContractPerformanceRelic"},{"not_picked":["Runic Dome","energizedSpire:RedRose"],"picked":"energizedSpire:OgreHead"},{"not_picked":["testmod-KeyOfTheVoid","qcfpunch:Killian_Engine_Alpha"],"picked":"ShadowXiaoBlade"}],"items_purged_floors":[34],"is_endless":false,"potions_floor_spawned":[4,11,13,14,16,18,22,29,32,33,38,43,46,50,56],"ascension_level":0}}