{"host":"pnjthw6sukprvbcr","time":1611860780,"event":{"mods":["AchievementEnabler","BaseMod","Block Reminder","Highlight Path","Minty Spire (QoL Compilation)","Relic Stats"],"gold_per_floor":[99,99,99,99,69,69,69,69,69,69,69,69,69,69,69,69,69,69,69,1,1,1,1,1,1,1,1,1,1,1,1,1,1,1,1,1,1,0,0,0,0,0,0,0,0,0,0,0,0,0,0,0,0,0,0,0],"floor_reached":55,"language":"ENG","playtime":6185,"items_purged":[],"score":759,"play_id":"42f6f9e4-080f-4a97-b382-81ff9cd984c3","local_time":"20210128140620","is_ascension_mode":false,"campfire_choices":[{"floor":7.0,"key":"REST"},{"data":"Well Laid Plans","floor":13.0,"key":"SMITH"},{"floor":15.0,"key":"RECALL"},{"floor":24.0,"key":"REST"},{"floor":28.0,"key":"REST"},{"floor":32.0,"key":"REST"},{"data":"Blade Dance","floor":40.0,"key":"SMITH"},{"floor":42.0,"key":"REST"},{"floor":47.0,"key":"REST"},{"data":"Flechettes","floor":49.0,"key":"SMITH"},{"data":"Storm of Steel","floor":52.0,"key":"SMITH"}],"circlet_count":0,"master_deck":["Strike_G","Strike_G","Defend_G","Defend_G","Defend_G","Survivor","Neutralize","Dagger Spray","Blade Dance+1","Storm of Steel+1","Acrobatics","Footwork","Escape Plan","Well Laid Plans+1","Adrenaline","Adrenaline+1","Adrenaline+1","Expertise+1","Infinite Blades","Infinite Blades","Dagger Throw+1","Poisoned Stab+1","Flechettes+1","Dash","Escape Plan+1","Prepared+1","Envenom","PiercingWail","Madness","Madness","Slice","Blade Dance+1","Eviscerate+1","Blade Dance+1","PiercingWail+1"],"relics":["Ectoplasm","White Beast Statue","Astrolabe","Ornamental Fan","Shuriken","Kunai","Bottled Flame","Regal Pillow","SlaversCollar","Red Mask","Potion Belt","Calipers","Centennial Puzzle"],"acts_visited":["Exordium","TheCity","TheBeyond","TheEnding"],"potions_floor_usage":[55,55,55],"damage_taken":[{"damage":0.0,"enemies":"2 Louse","floor":1.0,"turns":3.0},{"damage":1.0,"enemies":"Cultist","floor":2.0,"turns":5.0},{"damage":3.0,"enemies":"Jaw Worm","floor":4.0,"turns":3.0},{"damage":2.0,"enemies":"Looter","floor":5.0,"turns":3.0},{"damage":28.0,"enemies":"3 Sentries","floor":6.0,"turns":8.0},{"damage":0.0,"enemies":"Lots of Slimes","floor":11.0,"turns":3.0},{"damage":4.0,"enemies":"Blue Slaver","floor":12.0,"turns":4.0},{"damage":5.0,"enemies":"Gremlin Gang","floor":14.0,"turns":4.0},{"damage":26.0,"enemies":"Slime Boss","floor":16.0,"turns":10.0},{"damage":3.0,"enemies":"Chosen","floor":18.0,"turns":4.0},{"damage":0.0,"enemies":"3 Byrds","floor":21.0,"turns":4.0},{"damage":57.0,"enemies":"Slavers","floor":23.0,"turns":6.0},{"damage":0.0,"enemies":"Centurion and Healer","floor":27.0,"turns":4.0},{"damage":20.0,"enemies":"Gremlin Leader","floor":30.0,"turns":4.0},{"damage":16.0,"enemies":"Snake Plant","floor":31.0,"turns":3.0},{"damage":0.0,"enemies":"Champ","floor":33.0,"turns":7.0},{"damage":4.0,"enemies":"Orb Walker","floor":35.0,"turns":4.0},{"damage":12.0,"enemies":"3 Darklings","floor":37.0,"turns":5.0},{"damage":1.0,"enemies":"Maw","floor":39.0,"turns":5.0},{"damage":28.0,"enemies":"Jaw Worm Horde","floor":41.0,"turns":5.0},{"damage":21.0,"enemies":"Mind Bloom Boss Battle","floor":44.0,"turns":4.0},{"damage":0.0,"enemies":"4 Shapes","floor":46.0,"turns":4.0},{"damage":8.0,"enemies":"Writhing Mass","floor":48.0,"turns":6.0},{"damage":58.0,"enemies":"Awakened One","floor":50.0,"turns":9.0},{"damage":24.0,"enemies":"Shield and Spear","floor":54.0,"turns":5.0},{"damage":76,"enemies":"The Heart","floor":55,"turns":5}],"seed_played":"688530128975146287","potions_obtained":[{"floor":2.0,"key":"SkillPotion"},{"floor":4.0,"key":"LiquidBronze"},{"floor":6.0,"key":"Poison Potion"},{"floor":11.0,"key":"Fruit Juice"},{"floor":12.0,"key":"SkillPotion"},{"floor":16.0,"key":"Ancient Potion"},{"floor":18.0,"key":"CunningPotion"},{"floor":23.0,"key":"Fire Potion"},{"floor":27.0,"key":"SteroidPotion"},{"floor":30.0,"key":"Regen Potion"},{"floor":31.0,"key":"AttackPotion"},{"floor":33.0,"key":"SteroidPotion"},{"floor":35.0,"key":"Explosive Potion"},{"floor":37.0,"key":"DuplicationPotion"},{"floor":39.0,"key":"PowerPotion"},{"floor":44.0,"key":"Dexterity Potion"},{"floor":46.0,"key":"Ancient Potion"},{"floor":48.0,"key":"FairyPotion"},{"floor":54.0,"key":"GamblersBrew"}],"is_trial":false,"path_per_floor":["M","M","?","M","M","E","R","?","T","?","M","M","R","M","R","B",null,"M","?","$","M","?","E","R","?","T","M","R","T","E","M","R","B",null,"M","?","M","?","M","R","M","R","T","?","?","M","R","M","R","B",null,"R","$","E","B"],"character_chosen":"THE_SILENT","items_purchased":["Infinite Blades"],"campfire_rested":6,"item_purchase_floors":[20],"current_hp_per_floor":[70,69,69,66,64,36,57,57,57,57,57,58,58,53,53,27,75,72,75,75,75,75,18,40,40,40,40,62,62,42,38,75,75,75,71,62,50,50,49,49,21,58,58,37,37,37,74,66,66,8,75,75,75,51,0,0],"gold":0,"neow_bonus":"BOSS_RELIC","is_daily":false,"chose_seed":false,"campfire_upgraded":4,"win_rate":0.0,"timestamp":1611860780,"path_taken":["M","M","?","M","?","E","R","?","T","?","M","M","R","?","R","BOSS","M","?","$","?","?","E","R","?","T","M","R","?","E","M","R","BOSS","M","?","M","?","M","R","M","R","T","?","?","M","R","M","R","BOSS","R","$","E","BOSS"],"items_purchased_type":["Card"],"build_version":"2020-12-22","purchased_purges":0,"victory":false,"max_hp_per_floor":[70,70,70,70,70,70,70,70,70,70,70,75,75,75,75,75,75,75,75,75,75,75,75,75,75,75,75,75,75,75,75,75,75,75,75,75,75,75,75,75,75,75,75,75,75,75,75,75,75,75,75,75,75,75,75,75],"relic_stats":{"Regal Pillow":45,"Centennial Puzzle":[3],"counters":[26,127],"Ornamental Fan":[352],"Shuriken":[84],"Astrolabe":["Adrenaline","Adrenaline","Expertise"],"Ectoplasm":744,"Kunai":[84],"obtain_stats":[{"Potion Belt":43,"Regal Pillow":30,"Calipers":44,"Astrolabe":17,"White Beast Statue":6,"SlaversCollar":34,"Bottled Flame":29,"Centennial Puzzle":54,"Ornamental Fan":22,"Shuriken":23,"Ectoplasm":0,"Red Mask":38,"Kunai":26,"Ring of the Snake":0},{"Potion Belt":20,"Regal Pillow":14,"Calipers":21,"Astrolabe":9,"White Beast Statue":5,"SlaversCollar":16,"Bottled Flame":13,"Centennial Puzzle":25,"Ornamental Fan":11,"Shuriken":12,"Ectoplasm":0,"Red Mask":18,"Kunai":12,"Ring of the Snake":0},{"Potion Belt":94,"Regal Pillow":65,"Calipers":98,"Astrolabe":43,"White Beast Statue":22,"SlaversCollar":75,"Bottled Flame":61,"Centennial Puzzle":122,"Ornamental Fan":51,"Shuriken":57,"Ectoplasm":0,"Red Mask":84,"Kunai":57,"Ring of the Snake":0}]},"card_choices":[{"not_picked":["Bane","Endless Agony"],"picked":"Dagger Spray","floor":1.0},{"not_picked":["Accuracy","Dagger Spray"],"picked":"Blade Dance","floor":2.0},{"not_picked":["Expertise","Endless Agony"],"picked":"Acrobatics","floor":4.0},{"not_picked":["Sucker Punch","Slice"],"picked":"Footwork","floor":5.0},{"not_picked":["Catalyst","Bullet Time"],"picked":"Escape Plan","floor":6.0},{"not_picked":["Heel Hook","Blur"],"picked":"Noxious Fumes","floor":11.0},{"not_picked":["Underhanded Strike","Escape Plan"],"picked":"Well Laid Plans","floor":12.0},{"not_picked":["Escape Plan","Outmaneuver"],"picked":"Poisoned Stab","floor":14.0},{"not_picked":["Burst","Storm of Steel"],"picked":"Adrenaline","floor":16.0},{"not_picked":["Crippling Poison","Cloak And Dagger"],"picked":"Infinite Blades","floor":18.0},{"not_picked":["Deflect","Skewer"],"picked":"Dagger Throw+1","floor":21.0},{"not_picked":["Skewer+1","Flechettes+1"],"picked":"Poisoned Stab+1","floor":23.0},{"not_picked":["Sucker Punch","Masterful Stab","Bane"],"picked":"SKIP","floor":27.0},{"not_picked":["Night Terror","Deadly Poison+1"],"picked":"Escape Plan+1","floor":30.0},{"not_picked":["Blade Dance","Slice"],"picked":"Prepared+1","floor":31.0},{"not_picked":["Glass Knife","Corpse Explosion"],"picked":"Envenom","floor":33.0},{"not_picked":["Dodge and Roll+1","Dash"],"picked":"PiercingWail","floor":35.0},{"not_picked":["Sucker Punch","Endless Agony"],"picked":"Slice","floor":37.0},{"not_picked":["Crippling Poison+1","Dagger Throw+1"],"picked":"Blade Dance+1","floor":39.0},{"not_picked":["Riddle With Holes","Flying Knee","Quick Slash"],"picked":"SKIP","floor":41.0},{"not_picked":["Bane","PiercingWail"],"picked":"Eviscerate+1","floor":44.0},{"not_picked":["Slice","Cloak And Dagger"],"picked":"Blade Dance+1","floor":46.0},{"not_picked":["Terror+1","Prepared","Backflip"],"picked":"SKIP","floor":48.0},{"not_picked":["Tools of the Trade","Catalyst"],"picked":"PiercingWail+1","floor":54.0}],"player_experience":157927,"relics_obtained":[{"floor":6.0,"key":"White Beast Statue"},{"floor":23.0,"key":"Shuriken"},{"floor":26.0,"key":"Kunai"},{"floor":29.0,"key":"Bottled Flame"},{"floor":30.0,"key":"Regal Pillow"},{"floor":43.0,"key":"Potion Belt"},{"floor":44.0,"key":"Calipers"},{"floor":54.0,"key":"Centennial Puzzle"}],"event_choices":[{"damage_healed":0.0,"max_hp_gain":0.0,"max_hp_loss":0.0,"gold_gain":0.0,"cards_transformed":["Strike_G"],"event_name":"Transmorgrifier","player_choice":"Transformed","floor":3.0,"gold_loss":0.0,"damage_taken":0.0,"cards_obtained":["Storm of Steel"]},{"damage_healed":0.0,"max_hp_gain":0.0,"max_hp_loss":0.0,"gold_gain":0.0,"event_name":"Liars Game","player_choice":"Ignored","floor":8.0,"gold_loss":0.0,"damage_taken":0.0},{"damage_healed":0.0,"max_hp_gain":0.0,"max_hp_loss":0.0,"gold_gain":0.0,"event_name":"NoteForYourself","player_choice":"Ignored","floor":10.0,"gold_loss":0.0,"damage_taken":0.0},{"cards_removed":["Noxious Fumes"],"damage_healed":3.0,"max_hp_gain":0.0,"max_hp_loss":0.0,"gold_gain":0.0,"event_name":"Bonfire Elementals","player_choice":"Offered Uncommon","floor":19.0,"gold_loss":0.0,"damage_taken":0.0},{"damage_healed":0.0,"max_hp_gain":0.0,"max_hp_loss":0.0,"gold_gain":0.0,"event_name":"The Mausoleum","player_choice":"Opened","floor":22.0,"gold_loss":0.0,"damage_taken":0.0,"relics_obtained":["Ornamental Fan"]},{"damage_healed":0.0,"max_hp_gain":0.0,"max_hp_loss":0.0,"gold_gain":0.0,"cards_transformed":["Defend_G","Poisoned Stab"],"event_name":"Drug Dealer","player_choice":"Became Test Subject","floor":25.0,"gold_loss":0.0,"damage_taken":0.0,"cards_obtained":["Flechettes","Dash"]},{"damage_healed":0.0,"max_hp_gain":0.0,"max_hp_loss":0.0,"gold_gain":0.0,"event_name":"Winding Halls","player_choice":"Embrace Madness","floor":36.0,"gold_loss":0.0,"damage_taken":9.0,"cards_obtained":["Madness","Madness"]},{"damage_healed":0.0,"max_hp_gain":0.0,"max_hp_loss":0.0,"gold_gain":0.0,"event_name":"Tomb of Lord Red Mask","player_choice":"Paid","floor":38.0,"gold_loss":1.0,"damage_taken":0.0,"relics_obtained":["Red Mask"]},{"damage_healed":0.0,"max_hp_gain":0.0,"max_hp_loss":0.0,"gold_gain":0.0,"event_name":"MindBloom","player_choice":"Fight","floor":44.0,"gold_loss":0.0,"damage_taken":0.0},{"damage_healed":0.0,"max_hp_gain":0.0,"max_hp_loss":0.0,"gold_gain":0.0,"event_name":"Mysterious Sphere","player_choice":"Ignored","floor":45.0,"gold_loss":0.0,"damage_taken":0.0}],"is_beta":false,"boss_relics":[{"not_picked":["Philosopher\u0027s Stone","Velvet Choker"],"picked":"Astrolabe"},{"not_picked":["Coffee Dripper","Pandora\u0027s Box"],"picked":"SlaversCollar"}],"items_purged_floors":[],"is_endless":false,"potions_floor_spawned":[2,4,6,11,12,14,16,18,21,23,27,30,31,33,35,37,39,41,44,46,48,54],"killed_by":"The Heart","ascension_level":0}}