{"host":"6bsan6hkua32tfq7","time":1611851189,"event":{"mods":["BaseMod","Better Third Choice","Colored Map","Highlight Path","Minty Spire (QoL Compilation)","StSLib"],"gold_per_floor":[112,0,0,0,20,20,50,15,15,27,39,39,50,60,60,60,60],"floor_reached":16,"language":"ENG","playtime":278,"items_purged":["Defend_B"],"score":204,"play_id":"9ea26464-116d-4d05-8b1e-806d190ce77c","local_time":"20210128172629","is_ascension_mode":true,"campfire_choices":[{"data":"Sunder","floor":6.0,"key":"SMITH"},{"data":"Strike_B","floor":12,"key":"PURGE"},{"data":"Strike_B","floor":15,"key":"PURGE"}],"circlet_count":0,"master_deck":["AscendersBane","Strike_B","Strike_B","Defend_B","Defend_B","Zap","Dualcast","Finesse","Sweeping Beam","Sunder+1","Gash","Gash","Genetic Algorithm","Go for the Eyes"],"relics":["Cracked Core","Bottled Flame","Peace Pipe"],"acts_visited":["Exordium"],"potions_floor_usage":[16],"damage_taken":[{"damage":0.0,"enemies":"Cultist","floor":1.0,"turns":3.0},{"damage":6.0,"enemies":"Small Slimes","floor":5.0,"turns":2.0},{"damage":32.0,"enemies":"Gremlin Nob","floor":7.0,"turns":4.0},{"damage":0,"enemies":"2 Louse","floor":10,"turns":2},{"damage":14,"enemies":"Blue Slaver","floor":11,"turns":3},{"damage":19,"enemies":"Large Slime","floor":13,"turns":4},{"damage":8,"enemies":"Looter","floor":14,"turns":2},{"damage":30,"enemies":"The Guardian","floor":16,"turns":9}],"seed_played":"-3383315086365142302","potions_obtained":[{"floor":10,"key":"EssenceOfSteel"},{"floor":13,"key":"FairyPotion"}],"is_trial":false,"path_per_floor":["M","$","?","?","M","R","E","?","T","M","M","R","M","M","R","B"],"character_chosen":"DEFECT","items_purchased":["Sunder"],"campfire_rested":0,"item_purchase_floors":[2],"current_hp_per_floor":[64,64,69,62,56,56,24,43,43,43,29,29,10,2,2,0,0],"gold":60,"neow_bonus":"RANDOM_COLORLESS","is_daily":false,"chose_seed":false,"campfire_upgraded":1,"win_rate":0.0,"timestamp":1611851189,"path_taken":["M","?","?","?","M","R","E","?","T","M","M","R","M","M","R","BOSS"],"items_purchased_type":["Card"],"build_version":"2020-12-22","purchased_purges":1,"victory":false,"max_hp_per_floor":[71,71,76,76,76,76,76,76,76,76,76,76,76,76,76,76,76],"card_choices":[{"not_picked":["Forethought","Enlightenment"],"picked":"Finesse","floor":0.0},{"not_picked":["Stack","Cold Snap"],"picked":"Sweeping Beam","floor":1.0},{"not_picked":["Stack","Redo"],"picked":"Gash","floor":5.0},{"not_picked":["Lockon","Fission"],"picked":"Gash","floor":7},{"not_picked":["Compile Driver","FTL","Ball Lightning"],"picked":"SKIP","floor":10},{"not_picked":["Hologram","Streamline"],"picked":"Genetic Algorithm","floor":11},{"not_picked":["BootSequence","Redo"],"picked":"Go for the Eyes","floor":13},{"not_picked":["Capacitor","Rebound","Double Energy"],"picked":"SKIP","floor":14}],"player_experience":5327947,"relics_obtained":[{"floor":7,"key":"Bottled Flame"},{"floor":9,"key":"Peace Pipe"}],"event_choices":[{"damage_healed":0.0,"max_hp_gain":5.0,"max_hp_loss":0.0,"gold_gain":0.0,"event_name":"Big Fish","player_choice":"Donut","floor":3.0,"gold_loss":0.0,"damage_taken":0.0},{"cards_removed":["Defend_B"],"damage_healed":0.0,"max_hp_gain":0.0,"max_hp_loss":0.0,"gold_gain":0.0,"event_name":"Golden Wing","player_choice":"Card Removal","floor":4.0,"gold_loss":0.0,"damage_taken":7.0},{"damage_healed":19,"gold_gain":0,"player_choice":"Healed","damage_taken":0,"max_hp_gain":0,"max_hp_loss":0,"event_name":"The Cleric","floor":8,"gold_loss":35}],"is_beta":false,"boss_relics":[],"items_purged_floors":[2],"is_endless":false,"potions_floor_spawned":[10,13,14],"killed_by":"The Guardian","ascension_level":20}}