{"host":"7tvb1em0d2fx72q7","time":1611806961,"event":{"mods":["BaseMod","Challenge The Spire","Minty Spire (QoL Compilation)","StSLib","everything is the same but u backflip on backflip"],"gold_per_floor":[10,10,10,28,48,48,66,66,144,157,197,210,224,267,267,360,360,373,134,152,176,191,232,232,232,232,267,267,300,300,325,325,424,424,440,23,23,356,20,56,76,76,76],"floor_reached":42,"language":"ENG","playtime":3800,"items_purged":["Strike_P","Strike_P"],"score":1039,"play_id":"5ccb405f-ff23-4fe3-bd01-e93fc9abbb5d","local_time":"20210127230921","is_ascension_mode":true,"campfire_choices":[{"data":"SignatureMove","floor":6.0,"key":"SMITH"},{"data":"Wallop","floor":8.0,"key":"SMITH"},{"floor":15.0,"key":"REST"},{"floor":24.0,"key":"REST"},{"data":"EmptyBody","floor":28.0,"key":"SMITH"},{"data":"MentalFortress","floor":30.0,"key":"SMITH"},{"data":"Wallop","floor":32.0,"key":"SMITH"}],"circlet_count":0,"master_deck":["AscendersBane","Strike_P+1","Strike_P+1","Defend_P","Defend_P+1","Defend_P+1","Defend_P+1","Eruption+1","Vigilance","Meditate+1","SignatureMove+1","EmptyBody+1","Wallop+1","CutThroughFate","SpiritShield+1","Vengeance","Adaptation+1","Consecrate","LessonLearned","FearNoEvil+1","Tantrum","WaveOfTheHand+1","FlurryOfBlows","Wallop+1","MentalFortress+1","DevaForm","CutThroughFate+1","WheelKick","ThirdEye","Swift Strike","MentalFortress+1","Indignation","ClearTheMind"],"relics":["PureWater","Pocketwatch","TeardropLocket","Toy Ornithopter","Whetstone","Philosopher\u0027s Stone","Regal Pillow","WingedGreaves","Orichalcum","Nunchaku","Coffee Dripper","TheAbacus","DollysMirror","CeramicFish"],"acts_visited":["Exordium","TheCity","TheBeyond"],"potions_floor_usage":[35,42],"damage_taken":[{"damage":3.0,"enemies":"Small Slimes","floor":1.0,"turns":4.0},{"damage":0.0,"enemies":"Jaw Worm","floor":4.0,"turns":2.0},{"damage":0.0,"enemies":"Cultist","floor":5.0,"turns":2.0},{"damage":0.0,"enemies":"Gremlin Gang","floor":7.0,"turns":3.0},{"damage":1.0,"enemies":"Looter","floor":10.0,"turns":2.0},{"damage":11.0,"enemies":"Lagavulin","floor":11.0,"turns":6.0},{"damage":2.0,"enemies":"3 Louse","floor":12.0,"turns":4.0},{"damage":0.0,"enemies":"Large Slime","floor":13.0,"turns":2.0},{"damage":0.0,"enemies":"3 Sentries","floor":14.0,"turns":4.0},{"damage":1.0,"enemies":"The Guardian","floor":16.0,"turns":12.0},{"damage":0.0,"enemies":"2 Thieves","floor":18.0,"turns":1.0},{"damage":4.0,"enemies":"Shell Parasite","floor":20.0,"turns":3.0},{"damage":3.0,"enemies":"Centurion and Healer","floor":21.0,"turns":5.0},{"damage":5.0,"enemies":"Cultist and Chosen","floor":22.0,"turns":5.0},{"damage":50.0,"enemies":"Book of Stabbing","floor":23.0,"turns":7.0},{"damage":15.0,"enemies":"Slavers","floor":27.0,"turns":4.0},{"damage":8.0,"enemies":"Book of Stabbing","floor":29.0,"turns":6.0},{"damage":1.0,"enemies":"Chosen and Byrds","floor":31.0,"turns":7.0},{"damage":10.0,"enemies":"Champ","floor":33.0,"turns":10.0},{"damage":4,"enemies":"Orb Walker","floor":35,"turns":5},{"damage":1,"enemies":"Reptomancer","floor":40,"turns":5},{"damage":15,"enemies":"3 Darklings","floor":41,"turns":4},{"damage":51,"enemies":"Nemesis","floor":42,"turns":6}],"seed_played":"1832190496530445215","potions_obtained":[{"floor":1.0,"key":"BlessingOfTheForge"},{"floor":5.0,"key":"BottledMiracle"},{"floor":12.0,"key":"EntropicBrew"},{"floor":14.0,"key":"StancePotion"},{"floor":22.0,"key":"EssenceOfSteel"},{"floor":23.0,"key":"Energy Potion"},{"floor":31.0,"key":"DuplicationPotion"},{"floor":33.0,"key":"SkillPotion"}],"is_trial":false,"path_per_floor":["M","?","?","M","M","R","M","R","T","M","E","M","M","E","R","B",null,"M","$","M","M","M","E","R","?","T","E","R","E","R","M","R","B",null,"M","$","?","?","$","E","M","E"],"character_chosen":"WATCHER","items_purchased":["Tantrum","WaveOfTheHand","TheAbacus","WheelKick","ThirdEye","DollysMirror","StancePotion","Indignation"],"campfire_rested":2,"item_purchase_floors":[19,19,36,36,36,39,39,39],"current_hp_per_floor":[58,35,35,35,35,35,35,35,35,34,23,21,21,21,41,40,61,61,61,57,54,54,14,49,49,49,34,34,26,26,25,25,35,60,61,61,61,61,61,60,45,0,0],"gold":76,"neow_bonus":"ONE_RARE_RELIC","is_daily":false,"chose_seed":false,"campfire_upgraded":5,"win_rate":0.0,"timestamp":1611806961,"path_taken":["M","?","?","M","M","R","M","R","T","M","E","?","M","E","R","BOSS","M","$","M","M","?","E","R","?","T","E","R","E","R","M","R","BOSS","M","$","?","?","?","E","M","E"],"items_purchased_type":["Card","Card","Relic","Card","Card","Relic","Potion","Card"],"build_version":"2020-12-22","purchased_purges":2,"victory":false,"max_hp_per_floor":[68,68,68,68,68,68,68,68,68,68,68,68,68,68,68,68,68,68,68,68,68,68,68,68,68,68,68,68,68,68,68,68,68,68,68,68,68,68,68,68,68,68,68],"card_choices":[{"not_picked":["FollowUp","FlyingSleeves"],"picked":"Meditate","floor":1.0},{"not_picked":["WreathOfFlame","BowlingBash"],"picked":"SignatureMove","floor":4.0},{"not_picked":["BowlingBash","PathToVictory"],"picked":"EmptyBody","floor":5.0},{"not_picked":["Halt","Swivel"],"picked":"Wallop","floor":7.0},{"not_picked":["JustLucky","EmptyFist"],"picked":"CutThroughFate","floor":10.0},{"not_picked":["DeusExMachina","CrushJoints"],"picked":"SpiritShield","floor":11.0},{"not_picked":["CrushJoints","FollowUp"],"picked":"Vengeance","floor":12.0},{"not_picked":["Evaluate","SashWhip"],"picked":"Adaptation","floor":13.0},{"not_picked":["BowlingBash","SandsOfTime"],"picked":"Consecrate","floor":14.0},{"not_picked":["ConjureBlade","Blasphemy"],"picked":"LessonLearned","floor":16.0},{"not_picked":["Evaluate","FlyingSleeves"],"picked":"FearNoEvil+1","floor":18.0},{"not_picked":["FlyingSleeves","WindmillStrike","JustLucky"],"picked":"SKIP","floor":20.0},{"not_picked":["SashWhip","Protect"],"picked":"FlurryOfBlows","floor":21.0},{"not_picked":["LikeWater","WaveOfTheHand"],"picked":"Wallop","floor":22.0},{"not_picked":["Pray","CrushJoints","LikeWater"],"picked":"SKIP","floor":23.0},{"not_picked":["Adaptation","FlyingSleeves","Evaluate"],"picked":"SKIP","floor":27.0},{"not_picked":["Collect","EmptyBody"],"picked":"MentalFortress","floor":29.0},{"not_picked":["FollowUp","BowlingBash+1","Worship+1"],"picked":"SKIP","floor":31.0},{"not_picked":["Alpha","ConjureBlade"],"picked":"DevaForm","floor":33.0},{"not_picked":["WindmillStrike","ThirdEye"],"picked":"CutThroughFate+1","floor":35},{"not_picked":["Panacea","Magnetism"],"picked":"Swift Strike","floor":37},{"not_picked":["Nirvana+1","Collect+1"],"picked":"ClearTheMind","floor":40},{"not_picked":["FlyingSleeves+1","Prostrate","FollowUp"],"picked":"SKIP","floor":41}],"player_experience":1970898,"relics_obtained":[{"floor":9.0,"key":"TeardropLocket"},{"floor":11.0,"key":"Toy Ornithopter"},{"floor":14.0,"key":"Whetstone"},{"floor":23.0,"key":"Regal Pillow"},{"floor":26.0,"key":"WingedGreaves"},{"floor":27.0,"key":"Orichalcum"},{"floor":29.0,"key":"Nunchaku"},{"floor":40,"key":"CeramicFish"}],"event_choices":[{"damage_healed":0.0,"max_hp_gain":0.0,"max_hp_loss":0.0,"gold_gain":0.0,"event_name":"Golden Idol","player_choice":"Take Damage","floor":2.0,"gold_loss":0.0,"damage_taken":23.0,"relics_obtained":["Golden Idol"]},{"damage_healed":0.0,"max_hp_gain":0.0,"max_hp_loss":0.0,"gold_gain":0.0,"event_name":"Upgrade Shrine","player_choice":"Upgraded","floor":3.0,"gold_loss":0.0,"damage_taken":0.0,"cards_upgraded":["Eruption"]},{"damage_healed":0.0,"max_hp_gain":0.0,"max_hp_loss":0.0,"gold_gain":0.0,"event_name":"The Mausoleum","player_choice":"Ignored","floor":25.0,"gold_loss":0.0,"damage_taken":0.0},{"damage_healed":0,"gold_gain":0,"player_choice":"Memory 1","damage_taken":0,"max_hp_gain":0,"max_hp_loss":0,"event_name":"SensoryStone","floor":37,"gold_loss":0},{"damage_healed":0,"gold_gain":333,"player_choice":"Gave Idol","damage_taken":0,"max_hp_gain":0,"max_hp_loss":0,"event_name":"The Moai Head","floor":38,"relics_lost":["Golden Idol"],"gold_loss":0}],"is_beta":false,"boss_relics":[{"not_picked":["Snecko Eye","Runic Dome"],"picked":"Philosopher\u0027s Stone"},{"not_picked":["Calling Bell","Velvet Choker"],"picked":"Coffee Dripper"}],"items_purged_floors":[19,36],"is_endless":false,"potions_floor_spawned":[1,5,12,14,22,23,27,31,33],"killed_by":"Nemesis","ascension_level":17}}