{"host":"5tzvto3beate6p8b","time":1611843019,"event":{"mods":["BaseMod","Colored Map","Minty Spire (QoL Compilation)","StSLib","SuperFastMode"],"gold_per_floor":[125,68,97,125,148,148,192,214,214,261,273,305,343,380,392,489,501,539,575,587,118,138,138,181,181,181,204,204,247,247,267,267,267,267],"floor_reached":33,"language":"JPN","playtime":1600,"items_purged":["Strike_G"],"score":652,"play_id":"f5f0a95c-f57a-4438-9ee8-b4f93fc47d2c","local_time":"20210128231019","is_ascension_mode":true,"campfire_choices":[{"data":"Predator","floor":6.0,"key":"SMITH"},{"data":"Envenom","floor":11.0,"key":"SMITH"},{"data":"Blade Dance","floor":15.0,"key":"SMITH"},{"data":"After Image","floor":23.0,"key":"SMITH"},{"data":"Footwork","floor":25.0,"key":"SMITH"},{"floor":28.0,"key":"REST"},{"floor":32,"key":"REST"}],"circlet_count":0,"master_deck":["AscendersBane","Strike_G","Strike_G","Strike_G","Strike_G","Defend_G","Defend_G","Defend_G","Defend_G","Defend_G","Survivor","Neutralize","CurseOfTheBell","Deadly Poison","Leg Sweep","Predator+1","After Image+1","Backstab","Cloak And Dagger","Envenom+1","Choke","Blade Dance+1","Noxious Fumes","Envenom","Riddle With Holes","Crippling Poison","Footwork+1","Bane","Dagger Spray","Blade Dance+1","Blade Dance","Accuracy","Venomology+1","Backflip+1"],"relics":["Calling Bell","CeramicFish","Mercury Hourglass","CaptainsWheel","Potion Belt","MawBank","PreservedInsect","SlaversCollar","Pantograph","Bottled Tornado","Toxic Egg 2","Shuriken"],"acts_visited":["Exordium","TheCity"],"potions_floor_usage":[29,29,33,33,33],"damage_taken":[{"damage":1.0,"enemies":"Cultist","floor":1.0,"turns":4.0},{"damage":7.0,"enemies":"Jaw Worm","floor":3.0,"turns":3.0},{"damage":0.0,"enemies":"Small Slimes","floor":4.0,"turns":3.0},{"damage":6.0,"enemies":"Exordium Thugs","floor":5.0,"turns":5.0},{"damage":2.0,"enemies":"Lagavulin","floor":7.0,"turns":6.0},{"damage":3.0,"enemies":"Exordium Wildlife","floor":8.0,"turns":3.0},{"damage":1.0,"enemies":"3 Sentries","floor":10.0,"turns":5.0},{"damage":1.0,"enemies":"2 Fungi Beasts","floor":12.0,"turns":2.0},{"damage":6.0,"enemies":"Exordium Thugs","floor":13.0,"turns":3.0},{"damage":0.0,"enemies":"3 Louse","floor":14.0,"turns":2.0},{"damage":20.0,"enemies":"Hexaghost","floor":16.0,"turns":12.0},{"damage":1.0,"enemies":"3 Byrds","floor":18.0,"turns":5.0},{"damage":1.0,"enemies":"Spheric Guardian","floor":19.0,"turns":3.0},{"damage":6.0,"enemies":"Snake Plant","floor":22.0,"turns":5.0},{"damage":30.0,"enemies":"Slavers","floor":24.0,"turns":4.0},{"damage":14.0,"enemies":"Centurion and Healer","floor":27.0,"turns":7.0},{"damage":0,"enemies":"Gremlin Leader","floor":29,"turns":4},{"damage":23,"enemies":"Chosen and Byrds","floor":31,"turns":6},{"damage":79,"enemies":"Champ","floor":33,"turns":6}],"seed_played":"5493243284393854959","potions_obtained":[{"floor":1.0,"key":"DistilledChaos"},{"floor":10.0,"key":"AttackPotion"},{"floor":12.0,"key":"Fruit Juice"},{"floor":13.0,"key":"DuplicationPotion"},{"floor":16.0,"key":"Swift Potion"},{"floor":18.0,"key":"SkillPotion"},{"floor":19.0,"key":"FearPotion"},{"floor":29,"key":"SmokeBomb"},{"floor":31,"key":"Regen Potion"}],"is_trial":false,"path_per_floor":["M","$","M","M","M","R","E","M","T","E","R","M","M","M","R","B",null,"M","M","?","$","M","R","E","R","T","M","R","E","?","M","R","B"],"character_chosen":"THE_SILENT","items_purchased":["Fire Potion","Footwork","Bane","Dagger Spray","Pantograph"],"campfire_rested":2,"item_purchase_floors":[2,21,21,21,21],"current_hp_per_floor":[58,58,51,51,45,45,43,40,40,39,39,38,32,32,32,12,53,52,51,51,56,50,50,20,20,20,6,27,27,41,18,39,0,0],"gold":267,"neow_bonus":"BOSS_RELIC","is_daily":false,"chose_seed":false,"campfire_upgraded":5,"win_rate":0.0,"timestamp":1611843019,"path_taken":["M","$","M","M","M","R","E","?","T","E","R","M","M","M","R","BOSS","M","M","?","$","M","R","E","R","T","M","R","E","?","M","R","BOSS"],"items_purchased_type":["Potion","Card","Card","Card","Relic"],"build_version":"2020-12-22","purchased_purges":1,"victory":false,"max_hp_per_floor":[66,66,66,66,66,66,66,66,66,66,66,66,66,66,66,66,66,66,66,66,71,71,71,71,71,71,71,71,71,71,71,71,71,71],"card_choices":[{"not_picked":["Quick Slash","Bane"],"picked":"Deadly Poison","floor":1.0},{"not_picked":["Accuracy","Distraction"],"picked":"Leg Sweep","floor":3.0},{"not_picked":["Riddle With Holes","Bouncing Flask"],"picked":"Predator","floor":4.0},{"not_picked":["Escape Plan","Quick Slash"],"picked":"After Image","floor":5.0},{"not_picked":["Bane","Masterful Stab"],"picked":"Backstab","floor":7.0},{"not_picked":["Quick Slash","Dodge and Roll"],"picked":"Cloak And Dagger","floor":8.0},{"not_picked":["Calculated Gamble","Dagger Throw"],"picked":"Envenom","floor":10.0},{"not_picked":["Slice","Masterful Stab"],"picked":"Choke","floor":12.0},{"not_picked":["Sucker Punch","Prepared"],"picked":"Blade Dance","floor":13.0},{"not_picked":["Bouncing Flask","Deflect"],"picked":"Noxious Fumes","floor":14.0},{"not_picked":["Tools of the Trade","Bullet Time"],"picked":"Envenom","floor":16.0},{"not_picked":["Poisoned Stab","Tactician"],"picked":"Riddle With Holes","floor":18.0},{"not_picked":["Dodge and Roll","Outmaneuver"],"picked":"Crippling Poison","floor":19.0},{"not_picked":["Cloak And Dagger","Dagger Throw"],"picked":"Blade Dance+1","floor":22.0},{"not_picked":["Crippling Poison","Quick Slash"],"picked":"Blade Dance","floor":24.0},{"not_picked":["Flying Knee","Acrobatics+1"],"picked":"Accuracy","floor":27.0},{"not_picked":["Dagger Throw","Dagger Spray"],"picked":"Venomology+1","floor":29},{"not_picked":["Deadly Poison+1","Prepared+1"],"picked":"Backflip+1","floor":31}],"player_experience":678523,"relics_obtained":[{"floor":0.0,"key":"CeramicFish"},{"floor":0.0,"key":"Mercury Hourglass"},{"floor":0.0,"key":"CaptainsWheel"},{"floor":7.0,"key":"Potion Belt"},{"floor":9.0,"key":"MawBank"},{"floor":10.0,"key":"PreservedInsect"},{"floor":24.0,"key":"Bottled Tornado"},{"floor":26.0,"key":"Toxic Egg 2"},{"floor":29,"key":"Shuriken"}],"event_choices":[{"damage_healed":0.0,"max_hp_gain":0.0,"max_hp_loss":0.0,"gold_gain":0.0,"event_name":"The Mausoleum","player_choice":"Ignored","floor":20.0,"gold_loss":0.0,"damage_taken":0.0},{"damage_healed":14,"gold_gain":0,"player_choice":"Heal","damage_taken":0,"max_hp_gain":0,"max_hp_loss":0,"event_name":"The Library","floor":30,"gold_loss":0}],"is_beta":false,"boss_relics":[{"not_picked":["Astrolabe","Runic Dome"],"picked":"SlaversCollar"}],"items_purged_floors":[21],"is_endless":false,"potions_floor_spawned":[1,3,10,12,13,16,18,19,29,31],"killed_by":"Champ","ascension_level":20}}