{"host":"8zjx0dv38fth9tn1","time":1611793320,"event":{"mods":["BaseMod","Marisa????????","Minty Spire (QoL Compilation)"],"gold_per_floor":[109,19,30,30,30,40,56,56,106,118,118,118,118,193,193,313,313,328,328,328,328,253,253,253,286,286,286,286,305,74,90,90,90,90],"floor_reached":33,"language":"ENG","playtime":5368,"items_purged":[],"score":276,"play_id":"c57ba08a-3771-46a1-a75d-6c39a071b14b","local_time":"20210127192200","is_ascension_mode":false,"campfire_choices":[{"floor":8,"key":"REST"},{"data":"Backflip","floor":13,"key":"SMITH"},{"data":"PiercingWail","floor":15,"key":"SMITH"},{"floor":24,"key":"REST"},{"floor":27,"key":"REST"},{"floor":32,"key":"REST"}],"circlet_count":0,"master_deck":["Strike_G+1","Strike_G+1","Strike_G+1","Strike_G+1","Defend_G+1","Defend_G+1","Defend_G+1","Defend_G+1","Defend_G+1","Survivor","Neutralize","PiercingWail+1","Backflip+1","Well Laid Plans+1","Terror","Malaise","Dash","Sucker Punch","PiercingWail","Poisoned Stab","A Thousand Cuts","Backflip+1","RitualDagger","Backflip","Predator+1","Dodge and Roll+1","Venomology","Endless Agony","Flash of Steel","Reflex"],"relics":["Ring of the Snake","Juzu Bracelet","Bloody Idol","Lantern","SlaversCollar","PreservedInsect","Strawberry","Eternal Feather"],"acts_visited":["Exordium","TheCity"],"potions_floor_usage":[18,29,33],"damage_taken":[{"damage":0,"enemies":"Small Slimes","floor":1,"turns":3},{"damage":0,"enemies":"Cultist","floor":3,"turns":4},{"damage":6,"enemies":"Jaw Worm","floor":6,"turns":4},{"damage":4,"enemies":"2 Fungi Beasts","floor":7,"turns":6},{"damage":7,"enemies":"Looter","floor":10,"turns":5},{"damage":4,"enemies":"Lagavulin Event","floor":14,"turns":10},{"damage":11,"enemies":"Hexaghost","floor":16,"turns":13},{"damage":45,"enemies":"3 Byrds","floor":18,"turns":8},{"damage":20,"enemies":"2 Thieves","floor":22,"turns":5},{"damage":3,"enemies":"Gremlin Leader","floor":25,"turns":8},{"damage":57,"enemies":"3 Cultists","floor":29,"turns":8},{"damage":26,"enemies":"Snecko","floor":31,"turns":6},{"damage":85,"enemies":"Champ","floor":33,"turns":20}],"seed_played":"4579953684694780757","potions_obtained":[{"floor":3,"key":"ColorlessPotion"},{"floor":6,"key":"Weak Potion"},{"floor":16,"key":"Dexterity Potion"},{"floor":18,"key":"PowerPotion"},{"floor":21,"key":"EntropicBrew"},{"floor":21,"key":"FairyPotion"},{"floor":29,"key":"Fruit Juice"},{"floor":31,"key":"Block Potion"}],"is_trial":false,"path_per_floor":["M","$","M","?","?","M","M","R","T","M","?","?","R","?","R","B",null,"M","?","T","?","M","?","R","E","T","R","?","M","$","M","R","B"],"character_chosen":"THE_SILENT","items_purchased":["Backflip","Well Laid Plans","Venomology","Endless Agony","Flash of Steel"],"campfire_rested":4,"item_purchase_floors":[2,2,30,30,30],"current_hp_per_floor":[77,77,77,62,62,56,52,75,75,68,73,73,73,69,69,58,76,31,25,25,25,5,5,27,31,31,70,70,23,23,31,75,0,0],"gold":90,"neow_bonus":"TEN_PERCENT_HP_BONUS","is_daily":false,"chose_seed":false,"campfire_upgraded":2,"win_rate":0.0,"timestamp":1611793320,"path_taken":["M","$","M","?","?","?","M","R","T","M","?","?","R","?","R","BOSS","M","?","?","?","M","?","R","E","T","R","?","M","$","M","R","BOSS"],"items_purchased_type":["Card","Card","Card","Card","Card"],"build_version":"2020-12-22","purchased_purges":0,"victory":false,"max_hp_per_floor":[77,77,77,77,77,77,77,77,77,77,82,76,76,76,76,76,76,76,76,76,76,76,76,76,83,83,83,83,88,88,88,88,88,88],"card_choices":[{"not_picked":["Flying Knee","Well Laid Plans"],"picked":"PiercingWail","floor":1},{"not_picked":["Deadly Poison","Underhanded Strike"],"picked":"Terror","floor":3},{"not_picked":["Quick Slash","Dodge and Roll"],"picked":"Dash","floor":6},{"not_picked":["Riddle With Holes","Quick Slash"],"picked":"Sucker Punch","floor":7},{"not_picked":["Poisoned Stab","Prepared"],"picked":"PiercingWail","floor":10},{"not_picked":["Noxious Fumes","Finisher"],"picked":"Poisoned Stab","floor":14},{"not_picked":["Unload","Phantasmal Killer"],"picked":"A Thousand Cuts","floor":16},{"not_picked":["Slice","Acrobatics"],"picked":"Backflip+1","floor":18},{"not_picked":["Deadly Poison+1","Quick Slash+1"],"picked":"Backflip","floor":22},{"not_picked":["Terror","Unload"],"picked":"Predator+1","floor":25},{"not_picked":["Backflip","Outmaneuver"],"picked":"Dodge and Roll+1","floor":29},{"not_picked":["Sucker Punch+1","Dagger Spray+1"],"picked":"Reflex","floor":31}],"player_experience":4035,"relics_obtained":[{"floor":9,"key":"Juzu Bracelet"},{"floor":20,"key":"PreservedInsect"},{"floor":25,"key":"Strawberry"},{"floor":26,"key":"Eternal Feather"}],"event_choices":[{"damage_healed":0,"gold_gain":0,"player_choice":"Entered Light","damage_taken":15,"max_hp_gain":0,"max_hp_loss":0,"event_name":"Shining Light","floor":4,"gold_loss":0,"cards_upgraded":["Strike_G","Well Laid Plans"]},{"damage_healed":0,"gold_gain":0,"cards_transformed":["Strike_G"],"player_choice":"Transformed","damage_taken":0,"max_hp_gain":0,"max_hp_loss":0,"event_name":"Transmorgrifier","floor":5,"gold_loss":0,"cards_obtained":["Malaise"]},{"damage_healed":0,"gold_gain":0,"player_choice":"Donut","damage_taken":0,"max_hp_gain":5,"max_hp_loss":0,"event_name":"Big Fish","floor":11,"gold_loss":0},{"damage_healed":0,"gold_gain":0,"player_choice":"Lose Max HP","damage_taken":0,"relics_obtained":["Golden Idol"],"max_hp_gain":0,"max_hp_loss":6,"event_name":"Golden Idol","floor":12,"gold_loss":0},{"damage_healed":0,"gold_gain":0,"player_choice":"Searched \u00272\u0027 times","damage_taken":0,"relics_obtained":["Lantern"],"max_hp_gain":0,"max_hp_loss":0,"event_name":"Dead Adventurer","floor":14,"gold_loss":0},{"damage_healed":0,"gold_gain":0,"player_choice":"Joined the Cult","damage_taken":6,"max_hp_gain":0,"max_hp_loss":0,"event_name":"Nest","floor":19,"gold_loss":0,"cards_obtained":["RitualDagger"]},{"damage_healed":0,"gold_gain":0,"player_choice":"Got Potions","damage_taken":0,"max_hp_gain":0,"max_hp_loss":0,"event_name":"Lab","floor":21,"gold_loss":0},{"damage_healed":0,"gold_gain":0,"player_choice":"Simplicity","damage_taken":0,"max_hp_gain":0,"max_hp_loss":0,"event_name":"Back to Basics","floor":23,"gold_loss":0,"cards_upgraded":["Strike_G","Strike_G","Strike_G","Defend_G","Defend_G","Defend_G","Defend_G","Defend_G"]},{"damage_healed":0,"gold_gain":0,"player_choice":"Gave Idol","damage_taken":0,"relics_obtained":["Bloody Idol"],"max_hp_gain":0,"max_hp_loss":0,"event_name":"Forgotten Altar","floor":28,"relics_lost":["Golden Idol"],"gold_loss":0}],"is_beta":false,"boss_relics":[{"not_picked":["Calling Bell","Coffee Dripper"],"picked":"SlaversCollar"}],"items_purged_floors":[],"is_endless":false,"potions_floor_spawned":[3,6,16,18,29,31],"killed_by":"Champ","ascension_level":0}}