{"host":"lip44byzewa3adv8","time":1611843878,"event":{"mods":["BaseMod","Curses Come First","Minty Spire (QoL Compilation)","Relic Sorter","Relic Stats","StSLib","Synergy Search"],"gold_per_floor":[116,135,9,28,48,48,48,48,72,72,72,92,124,144,144,245,245,220,30,41,51,51,51,63,92,118,150,150,25,44,44,44,148,198,211,211,61,111,129,160,180,180,180,211,211,66,76,1,1,1],"floor_reached":51,"language":"ENG","playtime":4001,"items_purged":["Strike_R","Strike_R","Defend_R","Defend_R"],"score":1044,"play_id":"f6ef72c9-0903-4944-b42f-009f5a9ab983","local_time":"20210128092438","is_ascension_mode":true,"campfire_choices":[{"floor":6.0,"key":"REST"},{"floor":8.0,"key":"REST"},{"data":"True Grit","floor":11.0,"key":"SMITH"},{"data":"Shrug It Off","floor":15.0,"key":"SMITH"},{"floor":23.0,"key":"REST"},{"data":"True Grit","floor":32.0,"key":"SMITH"},{"data":"Burning Pact","floor":42.0,"key":"SMITH"},{"floor":49,"key":"REST"}],"circlet_count":0,"master_deck":["Defend_R","Defend_R","Bash+1","Fire Breathing","Dropkick+1","Shrug It Off+1","Disarm","True Grit+1","Shrug It Off","Thunderclap","Reaper","Flash of Steel","True Grit+1","Feed","Seeing Red","True Grit","Disarm","Barricade+1","Burning Pact+1","True Grit+1","Inflame+1","Bandage Up"],"relics":["Runic Pyramid","PreservedInsect","Happy Flower","Whetstone","SlaversCollar","Nilry\u0027s Codex","Letter Opener","Bronze Scales","Nunchaku","Tiny House","Unceasing Top","Pen Nib","Darkstone Periapt","Pocketwatch","Medical Kit","Strawberry"],"acts_visited":["Exordium","TheCity","TheBeyond"],"potions_floor_usage":[47,50,50],"damage_taken":[{"damage":2.0,"enemies":"Jaw Worm","floor":1.0,"turns":5.0},{"damage":4.0,"enemies":"2 Louse","floor":2.0,"turns":4.0},{"damage":2.0,"enemies":"Cultist","floor":4.0,"turns":4.0},{"damage":38.0,"enemies":"Exordium Thugs","floor":5.0,"turns":10.0},{"damage":16.0,"enemies":"Lots of Slimes","floor":12.0,"turns":7.0},{"damage":2.0,"enemies":"Lagavulin","floor":13.0,"turns":7.0},{"damage":0.0,"enemies":"Large Slime","floor":14.0,"turns":5.0},{"damage":0.0,"enemies":"Hexaghost","floor":16.0,"turns":10.0},{"damage":25.0,"enemies":"2 Thieves","floor":18.0,"turns":5.0},{"damage":0.0,"enemies":"3 Byrds","floor":20.0,"turns":6.0},{"damage":26.0,"enemies":"Cultist and Chosen","floor":21.0,"turns":8.0},{"damage":23.0,"enemies":"3 Cultists","floor":24.0,"turns":5.0},{"damage":49.0,"enemies":"Slavers","floor":25.0,"turns":5.0},{"damage":8.0,"enemies":"Gremlin Leader","floor":27.0,"turns":8.0},{"damage":15.0,"enemies":"Snecko","floor":30.0,"turns":5.0},{"damage":10.0,"enemies":"Champ","floor":33.0,"turns":7.0},{"damage":10.0,"enemies":"Orb Walker","floor":35.0,"turns":6.0},{"damage":19.0,"enemies":"Mind Bloom Boss Battle","floor":38.0,"turns":6.0},{"damage":24.0,"enemies":"3 Darklings","floor":39.0,"turns":4.0},{"damage":10.0,"enemies":"Reptomancer","floor":40.0,"turns":7.0},{"damage":30.0,"enemies":"Jaw Worm Horde","floor":41.0,"turns":6.0},{"damage":31.0,"enemies":"Nemesis","floor":44.0,"turns":9.0},{"damage":79,"enemies":"Transient","floor":47,"turns":5},{"damage":79,"enemies":"Donu and Deca","floor":50,"turns":7}],"seed_played":"-546224713550293602","potions_obtained":[{"floor":2.0,"key":"BloodPotion"},{"floor":4.0,"key":"SpeedPotion"},{"floor":16.0,"key":"SneckoOil"},{"floor":24.0,"key":"HeartOfIron"},{"floor":25.0,"key":"FearPotion"},{"floor":33.0,"key":"ElixirPotion"},{"floor":34.0,"key":"Dexterity Potion"}],"is_trial":false,"path_per_floor":["M","M","$","M","M","R","?","R","T","?","R","M","E","M","R","B",null,"M","$","M","M","?","R","M","E","T","E","?","$","M","$","R","B",null,"M","?","$","?","M","E","M","R","T","E","?","$","M","?","R","B",null],"character_chosen":"IRONCLAD","items_purchased":["Shrug It Off","Flash of Steel","Medical Kit"],"campfire_rested":4,"item_purchase_floors":[3,19,46],"current_hp_per_floor":[70,66,66,64,26,50,32,56,56,49,49,33,31,31,31,31,68,55,55,63,47,31,55,62,40,40,35,35,35,24,24,24,23,80,76,76,76,74,75,97,98,98,98,94,94,94,29,36,71,53],"gold":1,"neow_bonus":"BOSS_RELIC","is_daily":false,"chose_seed":false,"campfire_upgraded":4,"win_rate":0.0,"timestamp":1611843878,"path_taken":["M","M","$","M","M","R","?","R","T","?","R","M","E","M","R","BOSS","M","$","M","M","?","R","M","E","T","E","?","?","M","$","R","BOSS","M","?","$","?","M","E","M","R","T","E","?","$","M","?","R","BOSS"],"items_purchased_type":["Card","Card","Relic"],"build_version":"2020-12-22","purchased_purges":4,"victory":true,"max_hp_per_floor":[80,80,80,80,80,80,80,80,80,80,80,80,80,80,80,80,80,80,80,80,80,80,80,83,86,86,89,89,89,89,89,89,92,97,97,97,97,100,103,106,109,109,109,112,112,112,112,119,119,122],"relic_stats":{"Darkstone Periapt":0,"Happy Flower":[42],"counters":[24,151],"PreservedInsect":217,"Pen Nib":[6],"Whetstone":["Dropkick","Bash"],"Letter Opener":[220],"Medical Kit":[0],"Nunchaku":[14],"Bronze Scales":[174],"obtain_stats":[{"Darkstone Periapt":43,"Tiny House":34,"Happy Flower":9,"Nilry\u0027s Codex":22,"PreservedInsect":7,"Pen Nib":40,"Whetstone":13,"Letter Opener":25,"Medical Kit":46,"Burning Blood":0,"SlaversCollar":17,"Nunchaku":27,"Bronze Scales":26,"Strawberry":48,"Unceasing Top":38,"Runic Pyramid":0,"Pocketwatch":44},{"Darkstone Periapt":21,"Tiny House":16,"Happy Flower":4,"Nilry\u0027s Codex":11,"PreservedInsect":4,"Pen Nib":20,"Whetstone":6,"Letter Opener":13,"Medical Kit":22,"Burning Blood":0,"SlaversCollar":8,"Nunchaku":14,"Bronze Scales":13,"Strawberry":23,"Unceasing Top":18,"Runic Pyramid":0,"Pocketwatch":22},{"Darkstone Periapt":130,"Tiny House":101,"Happy Flower":23,"Nilry\u0027s Codex":71,"PreservedInsect":23,"Pen Nib":124,"Whetstone":37,"Letter Opener":81,"Medical Kit":139,"Burning Blood":0,"SlaversCollar":52,"Nunchaku":89,"Bronze Scales":81,"Strawberry":144,"Unceasing Top":113,"Runic Pyramid":0,"Pocketwatch":139}],"Unceasing Top":[2],"Pocketwatch":[0]},"card_choices":[{"not_picked":["Iron Wave","Clothesline"],"picked":"Fire Breathing","floor":1.0},{"not_picked":["Dark Embrace","Inflame"],"picked":"Dropkick","floor":2.0},{"not_picked":["Infernal Blade","Rampage"],"picked":"Disarm","floor":4.0},{"not_picked":["Pommel Strike","Shrug It Off"],"picked":"True Grit","floor":5.0},{"not_picked":["Combust","Evolve","Anger"],"picked":"SKIP","floor":12.0},{"not_picked":["Heavy Blade","Blood for Blood"],"picked":"Shrug It Off","floor":13.0},{"not_picked":["Twin Strike","Seeing Red"],"picked":"Thunderclap","floor":14.0},{"not_picked":["Double Tap","Barricade"],"picked":"Reaper","floor":16.0},{"not_picked":["Sword Boomerang+1","Clothesline+1","Clash"],"picked":"SKIP","floor":18.0},{"not_picked":["Thunderclap","Clothesline"],"picked":"True Grit","floor":20.0},{"not_picked":["Clash+1","Sword Boomerang+1"],"picked":"Feed","floor":21.0},{"not_picked":["Cleave","Feel No Pain"],"picked":"Seeing Red","floor":24.0},{"not_picked":["Dropkick","Spot Weakness"],"picked":"True Grit","floor":25.0},{"not_picked":["Bloodletting","Twin Strike+1"],"picked":"Disarm","floor":27.0},{"not_picked":["Seeing Red","Headbutt"],"picked":"True Grit+1","floor":30.0},{"not_picked":["Combust","Clothesline+1"],"picked":"Inflame+1","floor":35.0},{"not_picked":["Dramatic Entrance","Forethought"],"picked":"Bandage Up","floor":36.0},{"not_picked":["Sword Boomerang","Havoc+1","Reckless Charge+1"],"picked":"SKIP","floor":39.0},{"not_picked":["Impervious","Heavy Blade"],"picked":"Seeing Red+1","floor":40.0},{"not_picked":["Iron Wave+1","Armaments+1","Anger+1"],"picked":"SKIP","floor":41.0},{"not_picked":["Whirlwind","Bludgeon","Intimidate+1"],"picked":"SKIP","floor":44.0},{"not_picked":["Flex+1","Clothesline+1","Twin Strike+1"],"picked":"SKIP","floor":47}],"player_experience":770993,"relics_obtained":[{"floor":9.0,"key":"Happy Flower"},{"floor":13.0,"key":"Whetstone"},{"floor":22.0,"key":"Nilry\u0027s Codex"},{"floor":25.0,"key":"Letter Opener"},{"floor":26.0,"key":"Bronze Scales"},{"floor":27.0,"key":"Nunchaku"},{"floor":38.0,"key":"Unceasing Top"},{"floor":40.0,"key":"Pen Nib"},{"floor":43.0,"key":"Darkstone Periapt"},{"floor":44.0,"key":"Pocketwatch"}],"event_choices":[{"damage_healed":0.0,"max_hp_gain":0.0,"max_hp_loss":0.0,"gold_gain":0.0,"event_name":"Scrap Ooze","player_choice":"Success","floor":7.0,"gold_loss":0.0,"damage_taken":18.0,"relics_obtained":["PreservedInsect"]},{"cards_removed":["Strike_R"],"damage_healed":0.0,"max_hp_gain":0.0,"max_hp_loss":0.0,"gold_gain":0.0,"event_name":"Golden Wing","player_choice":"Card Removal","floor":10.0,"gold_loss":0.0,"damage_taken":7.0},{"damage_healed":0.0,"max_hp_gain":0.0,"max_hp_loss":0.0,"gold_gain":0.0,"event_name":"Cursed Tome","player_choice":"Obtained Book","floor":22.0,"gold_loss":0.0,"damage_taken":16.0},{"damage_healed":0.0,"max_hp_gain":0.0,"max_hp_loss":0.0,"gold_gain":0.0,"cards_transformed":["Strike_R","Strike_R"],"event_name":"Drug Dealer","player_choice":"Became Test Subject","floor":28.0,"gold_loss":0.0,"damage_taken":0.0,"cards_obtained":["Barricade","Burning Pact"]},{"damage_healed":0.0,"max_hp_gain":0.0,"max_hp_loss":0.0,"gold_gain":0.0,"event_name":"SensoryStone","player_choice":"Memory 1","floor":36.0,"gold_loss":0.0,"damage_taken":0.0},{"damage_healed":0.0,"max_hp_gain":0.0,"max_hp_loss":0.0,"gold_gain":0.0,"event_name":"MindBloom","player_choice":"Fight","floor":38.0,"gold_loss":0.0,"damage_taken":0.0},{"cards_removed":["Seeing Red"],"damage_healed":0.0,"max_hp_gain":0.0,"max_hp_loss":0.0,"gold_gain":0.0,"event_name":"Falling","player_choice":"Removed Skill","floor":45.0,"gold_loss":0.0,"damage_taken":0.0},{"damage_healed":0,"gold_gain":0,"player_choice":"Paid Gold","damage_taken":0,"relics_obtained":["Strawberry"],"max_hp_gain":0,"max_hp_loss":0,"event_name":"WeMeetAgain","floor":48,"gold_loss":75}],"is_beta":false,"boss_relics":[{"not_picked":["Cursed Key","Sozu"],"picked":"SlaversCollar"},{"not_picked":["SacredBark","Pandora\u0027s Box"],"picked":"Tiny House"}],"items_purged_floors":[3,19,29,37],"is_endless":false,"potions_floor_spawned":[2,4,16,24,25,27,33,35,39,41],"ascension_level":6}}