{"host":"g8iwl4xt8d9tko0g","time":1611823804,"event":{"mods":["AchievementEnabler","Bartender","BaseMod","Better Match","Better Sensory Stone","Better Skull","Block Reminder","Colored Map","Colored Powertips","Downfall","Energized Spire","Evolution","Googly Eyes","Halation","Highlight Path","Hubris","LagranYue(???·?)","Luminous","Magitek Elite","Marisa????????","Melee Mod","Minty Spire (QoL Compilation)","Reliquary","Replay The Spire","Shop Mod","Spire Arcade","StSLib","SuperFastMode","The Alterego","The Animator","The Bladedancer","The Marked","The Mystic","The Servant 0.9.4","The Wild Card","Transform Curses","Uncapped","everything is the same but u backflip on backflip"],"gold_per_floor":[118,118,135,135,135,135,148,162,237,249,265,300,300,313,313,415,415,433,50,67,67,67,67,85,85,110,154,169,94,106,126,126,225,225,235,235,252,252,101,116,116,116,169,169,25,55,71,71,71,71],"floor_reached":51,"language":"ENG","playtime":2258,"items_purged":["animator:Laby"],"score":721,"play_id":"0e7faf29-0fd7-4994-9ef5-c37f08602bbe","local_time":"20210128005004","is_ascension_mode":false,"campfire_choices":[{"data":"animator:Chung","floor":6,"key":"SMITH"},{"floor":13,"key":"RECALL"},{"floor":15,"key":"REST"},{"data":"animator:Raven","floor":23,"key":"SMITH"},{"floor":25,"key":"REST"},{"floor":32,"key":"REST"},{"floor":42,"key":"REST"},{"data":"animator:HigakiRinne","floor":44,"key":"SMITH"},{"data":"Pot Of Greed","floor":49,"key":"SMITH"}],"circlet_count":0,"master_deck":["animator:Mitsuba","animator:Shinoa","animator:Strike","animator:Strike","animator:Strike","animator:Defend","animator:Defend","animator:Defend","animator:Chung+1","animator:Raven+1","animator:Raven+1","animator:Add","animator:Ciel+1","animator:HigakiRinne+1","Pot Of Greed+1","Pot Of Greed","animator:Lu","Parasite"],"relics":["animator:LivingPicture","animator:TheMissingPiece","EVO:Axolotl","LagranYue:RandomDrawCardRelic","NeowsBlessing","Shuriken","halation:BottledLove","Mythril_Glove","energizedSpire:DeadBattery","Ice Cream","Choco_Feather","LagranYue:MagicReflectiveArmorRelic","MerchantsRug","Happy Flower","Grinning Jar"],"acts_visited":["Exordium","TheCity","TheBeyond"],"potions_floor_usage":[12,12,16,33,50,50],"damage_taken":[{"damage":0,"enemies":"Jaw Worm","floor":1,"turns":1},{"damage":0,"enemies":"Small Slimes","floor":3,"turns":1},{"damage":0,"enemies":"2 Louse","floor":7,"turns":1},{"damage":0,"enemies":"2 Fungi Beasts","floor":8,"turns":4},{"damage":1,"enemies":"Blue Slaver","floor":10,"turns":5},{"damage":0,"enemies":"Exordium Wildlife","floor":11,"turns":4},{"damage":0,"enemies":"Lagavulin","floor":12,"turns":5},{"damage":4,"enemies":"Red Slaver","floor":14,"turns":4},{"damage":39,"enemies":"The Guardian","floor":16,"turns":13},{"damage":0,"enemies":"Chosen","floor":18,"turns":3},{"damage":3,"enemies":"3 Byrds","floor":20,"turns":9},{"damage":8,"enemies":"3 Cultists","floor":24,"turns":6},{"damage":40,"enemies":"Book of Stabbing","floor":27,"turns":9},{"damage":6,"enemies":"Snecko","floor":28,"turns":5},{"damage":0,"enemies":"Centurion and Healer","floor":30,"turns":7},{"damage":0,"enemies":"Snake Plant","floor":31,"turns":4},{"damage":17,"enemies":"Champ","floor":33,"turns":16},{"damage":29,"enemies":"3 Darklings","floor":35,"turns":10},{"damage":7,"enemies":"3 Shapes","floor":37,"turns":5},{"damage":15,"enemies":"Sphere and 2 Shapes","floor":40,"turns":7},{"damage":0,"enemies":"Spire Growth","floor":46,"turns":6},{"damage":10,"enemies":"Writhing Mass","floor":47,"turns":6},{"damage":32,"enemies":"Time Eater","floor":50,"turns":13}],"seed_played":"4374443137320858860","potions_obtained":[{"floor":1,"key":"SpeedPotion"},{"floor":7,"key":"hexamod:SoulburnPotion"},{"floor":11,"key":"DistilledChaos"},{"floor":12,"key":"SpeedPotion"},{"floor":18,"key":"FearPotion"},{"floor":28,"key":"Dexterity Potion"},{"floor":33,"key":"Elixir"}],"is_trial":false,"path_per_floor":["M","?","M","?","?","R","M","M","T","M","M","E","R","M","R","B",null,"M","$","M","?","?","R","M","R","T","E","M","$","M","M","R","B",null,"M","?","M","?","$","M","?","R","T","R","$","M","M","$","R","B",null],"character_chosen":"THE_ANIMATOR","items_purchased":["animator:Laby","Ice Cream","MerchantsRug","Grinning Jar"],"campfire_rested":4,"item_purchase_floors":[19,19,39,45],"current_hp_per_floor":[66,54,54,54,54,54,54,54,54,53,53,53,53,49,66,27,66,66,66,63,63,63,63,55,66,66,26,20,20,20,20,39,22,66,38,38,31,59,59,44,37,54,54,54,54,54,44,44,44,12],"gold":71,"neow_bonus":"THREE_ENEMY_KILL","is_daily":false,"chose_seed":false,"campfire_upgraded":4,"win_rate":0.0,"timestamp":1611823804,"path_taken":["M","?","M","?","?","R","M","?","T","M","M","E","R","M","R","BOSS","M","$","M","?","?","R","M","R","T","E","M","?","M","?","R","BOSS","M","?","?","?","?","M","?","R","T","R","?","?","M","$","R","BOSS"],"items_purchased_type":["Card","Relic","Relic","Relic"],"build_version":"2020-12-22","purchased_purges":1,"victory":true,"max_hp_per_floor":[66,66,66,66,66,66,66,66,66,66,66,66,66,66,66,66,66,66,66,66,66,66,66,66,66,66,66,66,66,66,66,66,66,66,67,67,67,59,59,59,59,59,59,59,59,59,59,59,59,59],"card_choices":[{"not_picked":["animator:Sonic","animator:Verdia","animator:Tatsumaki"],"picked":"SKIP","floor":1},{"not_picked":["animator:Elsword","animator:Guy","animator:Yuuichirou"],"picked":"SKIP","floor":3},{"not_picked":["animator:CowGirl","animator:Chung","animator:Tet"],"picked":"SKIP","floor":7},{"not_picked":["animator:DolaStephanie","animator:Kazuma","animator:Witch"],"picked":"SKIP","floor":10},{"not_picked":["animator:DwarfShaman","animator:Chris","animator:Tet"],"picked":"SKIP","floor":11},{"not_picked":["animator:Spearman","animator:AcuraAkari","animator:Tet"],"picked":"SKIP","floor":12},{"not_picked":["animator:Mitsuba","animator:FielNirvalen","animator:Mitsurugi+1"],"picked":"SKIP","floor":18},{"not_picked":["animator:Mitsuba","animator:Gillette","animator:Megumin+1"],"picked":"SKIP","floor":20},{"not_picked":["animator:Mitsurugi","animator:Genos","animator:FielNirvalen"],"picked":"SKIP","floor":24},{"not_picked":["animator:Chung","animator:Laby"],"picked":"animator:Add","floor":27},{"not_picked":["animator:CrowleyEusford","animator:DolaRiku","animator:MumenRider"],"picked":"SKIP","floor":28},{"not_picked":["animator:Mitsurugi+1","animator:Ciel","animator:Shinoa"],"picked":"SKIP","floor":30},{"not_picked":["animator:Gillette","animator:Priestess","animator:DwarfShaman"],"picked":"SKIP","floor":31},{"not_picked":["animator:Chung","animator:Add"],"picked":"animator:Ciel","floor":35},{"not_picked":["animator:Mitsurugi","animator:KrulTepes","animator:CrowleyEusford+1"],"picked":"SKIP","floor":37},{"not_picked":["animator:ChaikaBohdan","animator:ChlammyZell+1","animator:HighElfArcher+1"],"picked":"SKIP","floor":40},{"not_picked":["animator:Yoichi","animator:Mikaela"],"picked":"animator:Lu","floor":46}],"player_experience":201155,"relics_obtained":[{"floor":9,"key":"halation:BottledLove"},{"floor":12,"key":"Mythril_Glove"},{"floor":27,"key":"LagranYue:MagicReflectiveArmorRelic"},{"floor":43,"key":"Happy Flower"}],"event_choices":[{"damage_healed":0,"gold_gain":0,"player_choice":"Success","damage_taken":12,"relics_obtained":["Shuriken"],"max_hp_gain":0,"max_hp_loss":0,"event_name":"Scrap Ooze","floor":2,"gold_loss":0},{"damage_healed":0,"gold_gain":0,"player_choice":"Read","damage_taken":0,"max_hp_gain":0,"max_hp_loss":0,"event_name":"The Library","floor":21,"gold_loss":0,"cards_obtained":["animator:Raven"]},{"damage_healed":0,"gold_gain":0,"player_choice":"Upgraded","damage_taken":0,"max_hp_gain":0,"max_hp_loss":0,"event_name":"Upgrade Shrine","floor":36,"gold_loss":0,"cards_upgraded":["animator:Ciel"]},{"damage_healed":59,"gold_gain":0,"player_choice":"Heal","damage_taken":0,"max_hp_gain":0,"max_hp_loss":8,"event_name":"The Moai Head","floor":38,"gold_loss":0},{"damage_healed":0,"gold_gain":0,"player_choice":"Embrace Madness","damage_taken":7,"max_hp_gain":0,"max_hp_loss":0,"event_name":"Winding Halls","floor":41,"gold_loss":0,"cards_obtained":["animator:HigakiRinne"]}],"is_beta":false,"boss_relics":[{"not_picked":["energizedSpire:EnergizedDie","SacredBark"],"picked":"energizedSpire:DeadBattery"},{"not_picked":["Replay:Ancient Bell","Replay:Wanted Poster","Coffee Dripper"]}],"items_purged_floors":[29],"is_endless":false,"potions_floor_spawned":[1,7,11,12,18,28,30,33,35,37],"ascension_level":0}}