{"host":"vyiqbz5w606ur92t","time":1611868649,"event":{"mods":["BaseMod","Downfall","Minty Spire (QoL Compilation)","StSLib"],"gold_per_floor":[99,112,212,8,27,27,27,27,40,25,59,77,36,91,103,103,103,103],"floor_reached":16,"language":"ENG","playtime":1474,"items_purged":["sneckomod:Strike"],"score":116,"play_id":"b5e2bd02-dceb-4e6c-8df6-9659174da6a6","local_time":"20210128211729","is_ascension_mode":true,"campfire_choices":[{"data":"sneckomod:MasterEye","floor":1,"key":"SMITH"},{"floor":6,"key":"RECALL"}],"circlet_count":0,"master_deck":["sneckomod:Defend","sneckomod:Defend","sneckomod:Defend","sneckomod:TailWhip","sneckomod:SnekBite","sneckomod:Unknown","sneckomod:Unknown","sneckomod:UnknownDexterity","sneckomod:MasterEye+1","sneckomod:CheapStock","sneckomod:WideSting","sneckomod:UnendingSupply","sneckomod:UnknownStrength","sneckomod:SoulRoll","sneckomod:SoulCleanse","sneckomod:QuickBite","sneckomod:CheapStock+1","sneckomod:PureSnecko","sneckomod:Unknown3Cost","sneckomod:Nope","sneckomod:QuickMove","sneckomod:DiceBlock"],"relics":["sneckomod:SneckoSoul","Toy Ornithopter","Frozen Egg 2","Ornamental Fan","sneckomod:ConfusingCodex"],"acts_visited":["Exordium"],"potions_floor_usage":[11,12,15,16],"damage_taken":[{"damage":8,"enemies":"Jaw Worm","floor":2,"turns":3},{"damage":4,"enemies":"downfall:FleeingMerchant","floor":4,"turns":4},{"damage":1,"enemies":"Cultist","floor":5,"turns":3},{"damage":4,"enemies":"Small Slimes","floor":9,"turns":4},{"damage":0,"enemies":"downfall:FleeingMerchant","floor":10,"turns":4},{"damage":8,"enemies":"3 Sentries","floor":11,"turns":2},{"damage":1,"enemies":"3 Louse","floor":12,"turns":2},{"damage":20,"enemies":"downfall:FleeingMerchant","floor":13,"turns":4},{"damage":28,"enemies":"Gremlin Nob","floor":14,"turns":4},{"damage":9,"enemies":"Blue Slaver","floor":15,"turns":3},{"damage":26,"enemies":"IC_STATUS_ARCHETYPE","floor":16,"turns":4}],"seed_played":"2886193649377903163","potions_obtained":[{"floor":5,"key":"DistilledChaos"},{"floor":9,"key":"Fruit Juice"},{"floor":9,"key":"hexamod:SoulburnPotion"},{"floor":11,"key":"SneckoOil"}],"is_trial":false,"path_per_floor":["R","M","?","$","M","R","T","T","M","$","E","M","$","E","M","B"],"character_chosen":"THE_SNECKO","items_purchased":["sneckomod:UnendingSupply","sneckomod:UnknownStrength","sneckomod:Nope"],"campfire_rested":0,"item_purchase_floors":[4,4,13],"current_hp_per_floor":[81,73,73,69,68,68,68,68,64,64,61,65,45,17,18,0,0,0],"gold":103,"neow_bonus":"TRANSFORM_TWO_CARDS","is_daily":false,"chose_seed":false,"campfire_upgraded":1,"win_rate":0.0,"timestamp":1611868649,"path_taken":["R","M","?","$","M","R","T","?","?","?","E","M","$","E","M","BOSS"],"items_purchased_type":["Card","Card","Card"],"build_version":"2020-12-22","purchased_purges":1,"victory":false,"max_hp_per_floor":[81,81,81,81,81,81,81,81,81,81,81,81,81,81,86,86,86,86],"card_choices":[{"not_picked":["sneckomod:UnknownCommonSkill","sneckomod:IronFang"],"picked":"sneckomod:CheapStock","floor":2},{"not_picked":["sneckomod:SoulDraw","sneckomod:Unknown1Cost"],"picked":"sneckomod:WideSting","floor":4},{"not_picked":["sneckomod:UnknownBlock","sneckomod:RainOfDice"],"picked":"sneckomod:SoulRoll","floor":5},{"not_picked":["sneckomod:Unknown1Cost","sneckomod:UnknownCommonAttack"],"picked":"sneckomod:SoulCleanse","floor":9},{"not_picked":["sneckomod:Unknown0Cost","sneckomod:IronFang"],"picked":"sneckomod:QuickBite","floor":10},{"not_picked":["sneckomod:UnknownUncommonSkill","sneckomod:DiceBlock"],"picked":"sneckomod:CheapStock+1","floor":11},{"not_picked":["sneckomod:SoulRoll","sneckomod:UnknownCommonSkill"],"picked":"sneckomod:PureSnecko","floor":12},{"not_picked":["sneckomod:SnakeSap","sneckomod:UnknownUncommonAttack"],"picked":"sneckomod:Unknown3Cost","floor":13},{"not_picked":["sneckomod:DiceCrush","sneckomod:UnknownDraw"],"picked":"sneckomod:QuickMove","floor":14},{"not_picked":["sneckomod:UnknownDexterity","sneckomod:QuickMove"],"picked":"sneckomod:DiceBlock","floor":15}],"player_experience":1176440,"relics_obtained":[{"floor":7,"key":"Toy Ornithopter"},{"floor":8,"key":"Frozen Egg 2"},{"floor":11,"key":"Ornamental Fan"},{"floor":14,"key":"sneckomod:ConfusingCodex"}],"event_choices":[],"is_beta":false,"boss_relics":[],"items_purged_floors":[4],"is_endless":false,"potions_floor_spawned":[5,9,11],"killed_by":"IC_STATUS_ARCHETYPE","ascension_level":1}}