{"host":"59ybwvz342rz5fw6","time":1611852867,"event":{"mods":["BaseMod","Colored Powertips","Minty Spire (QoL Compilation)","Relic Stats","RumiaBox-露米娅的神秘盒子","StSLib","Waifu the Spire","Yuyuko","[IsaacMod]以撒尖塔","simple","【功能Mod】混沌之环修复补丁","【功能Mod】聪明的最终Boss"],"gold_per_floor":[2090,2190,2285,2360,2450,2625,2625,2800,3055,3145,16,195,195,310,310,310,310],"floor_reached":16,"language":"ZHS","playtime":757,"items_purged":[],"score":453,"play_id":"d73fcda3-c3da-4d1b-abb4-852f4d6e3c10","local_time":"20210129005427","daily_mods":["SealedDeck","Diverse","Night Terrors"],"is_ascension_mode":true,"campfire_choices":[{"data":"Feel No Pain","floor":15,"key":"SMITH"},{"data":"Anger","floor":15,"key":"SMITH"},{"data":"Acrobatics","floor":15,"key":"SMITH"},{"data":"Wireheading","floor":15,"key":"SMITH"},{"data":"EmptyBody","floor":15,"key":"SMITH"},{"data":"Meditate","floor":15,"key":"SMITH"},{"data":"Noxious Fumes","floor":15,"key":"SMITH"},{"data":"Quick Slash","floor":15,"key":"SMITH"},{"floor":15,"key":"REST"}],"circlet_count":0,"master_deck":["AscendersBane","Meditate+1","Quick Slash","Acrobatics+1","Quick Slash+1","Anger+1","Wireheading+1","Noxious Fumes+1","EmptyBody+1","Reprogram","Feel No Pain+1"],"relics":["PureWater","Peace Pipe","Ginger","Turnip","Unceasing Top","Omamori","Ice Cream","The Courier","HushsDoor","GnawedLeaf","PokeGo","Golden Idol","TheBean","Bag of Preparation","Bronze Scales","Meat on the Bone","Damocles","BelialBook","Question Card","Ancient Tea Set","TeardropLocket","Chemical X","BlankCard","TungstenRod","Anchor","Oddly Smooth Stone","PreservedInsect","GuppysTail","Yang","Art of War","Bag of Marbles","Damaru","White Beast Statue","Smiling Mask","Blood Vial","DeadEye"],"acts_visited":["Exordium"],"potions_floor_usage":[3,3],"damage_taken":[{"damage":0,"enemies":"Cultist","floor":1,"turns":2},{"damage":5,"enemies":"Jaw Worm","floor":2,"turns":3},{"damage":2,"enemies":"Small Slimes","floor":3,"turns":3},{"damage":33,"enemies":"Gremlin Gang","floor":4,"turns":4},{"damage":26,"enemies":"Blue Slaver","floor":5,"turns":4},{"damage":0,"enemies":"3 Sentries","floor":6,"turns":2},{"damage":0,"enemies":"Gremlin Nob","floor":8,"turns":1},{"damage":0,"enemies":"Exordium Wildlife","floor":10,"turns":1},{"damage":0,"enemies":"Looter","floor":12,"turns":3},{"damage":0,"enemies":"3 Louse","floor":14,"turns":1},{"damage":2,"enemies":"The Guardian","floor":16,"turns":3}],"seed_played":"3974863220358355829","potions_obtained":[{"floor":2,"key":"EntropicBrew"},{"floor":10,"key":"DistilledChaos"},{"floor":12,"key":"SmokeBomb"},{"floor":14,"key":"Explosive Potion"}],"is_trial":true,"path_per_floor":["M","M","M","M","M","E","?","E","T","M","$","M","?","M","R","B"],"character_chosen":"WATCHER","items_purchased":["Bronze Scales","Meat on the Bone","Damocles","BelialBook","Question Card","Ancient Tea Set","TeardropLocket","Chemical X","BlankCard","TungstenRod","Anchor","Oddly Smooth Stone","PreservedInsect","GuppysTail","Yang","Art of War","Bag of Marbles","Damaru","White Beast Statue"],"campfire_rested":1,"item_purchase_floors":[11,11,11,11,11,11,11,11,11,11,11,11,11,11,11,11,11,11,11],"current_hp_per_floor":[61,56,54,21,20,20,20,20,20,20,20,32,32,46,63,0,0],"gold":310,"neow_bonus":"","is_daily":false,"chose_seed":false,"campfire_upgraded":8,"win_rate":0.0,"timestamp":1611852867,"path_taken":["M","M","M","?","M","E","?","E","T","M","$","M","?","M","R","BOSS"],"items_purchased_type":["Relic","Relic","Relic","Relic","Relic","Relic","Relic","Relic","Relic","Relic","Relic","Relic","Relic","Relic","Relic","Relic","Relic","Relic","Relic"],"build_version":"2020-12-22","purchased_purges":0,"victory":false,"max_hp_per_floor":[68,68,68,68,68,68,68,68,68,68,68,68,68,68,63,63,63],"relic_stats":{"counters":[11,27],"Golden Idol":21,"Yang":[10],"PreservedInsect":0,"Bag of Preparation":[8],"Ginger":[6],"Question Card":2,"Smiling Mask":0,"Peace Pipe":0,"Blood Vial":2,"Bronze Scales":[9],"Turnip":[1],"Art of War":[2],"Chemical X":[1],"obtain_stats":[{"Ice Cream":0,"Damocles":11,"GuppysTail":11,"GnawedLeaf":0,"Yang":11,"Bag of Preparation":9,"Ginger":0,"TeardropLocket":11,"DeadEye":14,"Ancient Tea Set":11,"Smiling Mask":12,"Blood Vial":13,"PokeGo":6,"TheBean":8,"Chemical X":11,"KeepersGift":0,"Golden Idol":7,"BelialBook":11,"Oddly Smooth Stone":11,"Damaru":11,"The Courier":0,"PreservedInsect":11,"Omamori":0,"Question Card":11,"White Beast Statue":11,"Peace Pipe":0,"Anchor":11,"Bronze Scales":11,"Turnip":0,"Art of War":11,"Bag of Marbles":11,"PureWater":0,"BlankCard":11,"HushsDoor":0,"Unceasing Top":0,"TungstenRod":11,"Meat on the Bone":11},{"Ice Cream":0,"Damocles":8,"GuppysTail":8,"GnawedLeaf":0,"Yang":8,"Bag of Preparation":7,"Ginger":0,"TeardropLocket":8,"DeadEye":10,"Ancient Tea Set":8,"Smiling Mask":9,"Blood Vial":9,"PokeGo":6,"TheBean":7,"Chemical X":8,"KeepersGift":0,"Golden Idol":6,"BelialBook":8,"Oddly Smooth Stone":8,"Damaru":8,"The Courier":0,"PreservedInsect":8,"Omamori":0,"Question Card":8,"White Beast Statue":8,"Peace Pipe":0,"Anchor":8,"Bronze Scales":8,"Turnip":0,"Art of War":8,"Bag of Marbles":8,"PureWater":0,"BlankCard":8,"HushsDoor":0,"Unceasing Top":0,"TungstenRod":8,"Meat on the Bone":8},{"Ice Cream":0,"Damocles":20,"GuppysTail":20,"GnawedLeaf":0,"Yang":20,"Bag of Preparation":19,"Ginger":0,"TeardropLocket":20,"DeadEye":24,"Ancient Tea Set":20,"Smiling Mask":23,"Blood Vial":23,"PokeGo":18,"TheBean":19,"Chemical X":20,"KeepersGift":0,"Golden Idol":18,"BelialBook":20,"Oddly Smooth Stone":20,"Damaru":20,"The Courier":0,"PreservedInsect":20,"Omamori":0,"Question Card":20,"White Beast Statue":20,"Peace Pipe":0,"Anchor":20,"Bronze Scales":20,"Turnip":0,"Art of War":20,"Bag of Marbles":20,"PureWater":0,"BlankCard":20,"HushsDoor":0,"Unceasing Top":0,"TungstenRod":20,"Meat on the Bone":20}],"Unceasing Top":[1],"TungstenRod":1,"Meat on the Bone":24},"card_choices":[{"not_picked":["Doom and Gloom","WaveOfTheHand","Dual Wield"],"picked":"SKIP","floor":1},{"not_picked":["Ball Lightning","Blood for Blood","WindmillStrike"],"picked":"SKIP","floor":2},{"not_picked":["Final of Final","Endless Agony"],"picked":"Feel No Pain","floor":3},{"not_picked":["Final of Final","FlyingSleeves","Deflect"],"picked":"SKIP","floor":4},{"not_picked":["Ball Lightning","Scenery of Papilio","SashWhip"],"picked":"SKIP","floor":5},{"not_picked":["Sweeping Beam","Meteor Strike","Outmaneuver"],"picked":"SKIP","floor":6},{"not_picked":["Sweeping Beam","Rebound","Chase The Sukhavati"],"picked":"SKIP","floor":8},{"not_picked":["Dancing Butterflies","Stack","Wireheading"],"picked":"SKIP","floor":10},{"not_picked":["Childlike","Halt","Linger over Flower"],"picked":"Bomb","floor":12},{"not_picked":["CrushJoints","Undo","Reprogram","Recycle"],"picked":"SKIP","floor":14}],"player_experience":59193,"relics_obtained":[{"floor":6,"key":"PokeGo"},{"floor":8,"key":"TheBean"},{"floor":9,"key":"Bag of Preparation"},{"floor":12,"key":"Smiling Mask"},{"floor":14,"key":"DeadEye"}],"event_choices":[{"damage_healed":0,"gold_gain":0,"player_choice":"Take Wound","damage_taken":0,"relics_obtained":["Golden Idol"],"max_hp_gain":0,"max_hp_loss":0,"event_name":"Golden Idol","floor":7,"gold_loss":0,"cards_obtained":["Injury"]},{"damage_healed":0,"gold_gain":0,"player_choice":"Box","damage_taken":0,"relics_obtained":["Blood Vial"],"max_hp_gain":0,"max_hp_loss":0,"event_name":"Big Fish","floor":13,"gold_loss":0,"cards_obtained":["Regret"]}],"is_beta":false,"boss_relics":[],"items_purged_floors":[],"is_endless":true,"potions_floor_spawned":[2,10,12,14],"killed_by":"The Guardian","ascension_level":15}}