{"host":"6q94iy5iz6612v89","time":1611806469,"event":{"mods":["2.2 Compatiblity","AchievementEnabler","BaseMod","Colored Map","DeckTracker","Keyboard Shortcuts","Marisa£¨Ùöéë¡¡Øª×âÞÞ£©","Minty Spire (QoL Compilation)","Permanent Neow","StSLib","SuperFastMode"],"gold_per_floor":[212,68,68,81,96,124,124,159,159,139,151,151,178,188,188,261,261,273,273,273,19,30,56,56,68,117,152,152,27,39,69,69,142,142,152,171,171,21,32,32,32,32,32,43,43,54,87,102,102,102,102,102,51,79,79],"floor_reached":56,"language":"KOR","playtime":1896,"items_purged":["Strike_MRS","Strike_MRS","ShootingEcho","ManaConvection"],"score":2058,"play_id":"5d035375-c9ff-4634-ba2e-9b95ab0ea452","local_time":"20210128130109","is_ascension_mode":true,"campfire_choices":[{"data":"MasterSpark","floor":7.0,"key":"SMITH"},{"data":"PowerUp","floor":12.0,"key":"SMITH"},{"data":"OortCloud","floor":15.0,"key":"SMITH"},{"data":"StarBarrage","floor":24.0,"key":"SMITH"},{"data":"MilkyWay","floor":28.0,"key":"SMITH"},{"floor":32.0,"key":"RECALL"},{"data":"EnergyFlow","floor":40.0,"key":"SMITH"},{"data":"6A","floor":41.0,"key":"SMITH"},{"data":"EarthLightRay","floor":42.0,"key":"SMITH"},{"data":"UltimateShortwave","floor":49.0,"key":"SMITH"},{"data":"GalacticHalo","floor":52.0,"key":"SMITH"}],"circlet_count":0,"master_deck":["AscendersBane","Defend_MRS+1","Defend_MRS","Defend_MRS","Defend_MRS+1","MasterSpark+1","UpSweep","StarBarrage+1","6A+1","PowerUp+1","EarthLightRay+1","MagicAbsorber","OortCloud+1","OrrerysSun","EscapeVelocity","MilkyWay+1","GasGiant","UltimateShortwave+1","EnergyFlow+1","AlicesGift+1","GalacticHalo+1"],"relics":["MiniHakkero","Meat on the Bone","TungstenRod","Calipers","White Beast Statue","Runic Dome","Medical Kit","WingedGreaves","War Paint","Akabeko","HandmadeGrimoire","SlaversCollar","Oddly Smooth Stone","Bag of Preparation"],"acts_visited":["Exordium","TheCity","TheBeyond","TheEnding"],"potions_floor_usage":[54,55],"damage_taken":[{"damage":0.0,"enemies":"Cultist","floor":1.0,"turns":3.0},{"damage":4.0,"enemies":"Small Slimes","floor":4.0,"turns":3.0},{"damage":0.0,"enemies":"Jaw Worm","floor":5.0,"turns":3.0},{"damage":24.0,"enemies":"Lagavulin","floor":6.0,"turns":7.0},{"damage":5.0,"enemies":"3 Sentries","floor":8.0,"turns":7.0},{"damage":2.0,"enemies":"3 Louse","floor":11.0,"turns":3.0},{"damage":18.0,"enemies":"Gremlin Nob","floor":13.0,"turns":4.0},{"damage":10.0,"enemies":"Exordium Wildlife","floor":14.0,"turns":4.0},{"damage":3.0,"enemies":"The Guardian","floor":16.0,"turns":10.0},{"damage":9.0,"enemies":"Shell Parasite","floor":18.0,"turns":4.0},{"damage":11.0,"enemies":"2 Thieves","floor":22.0,"turns":4.0},{"damage":18.0,"enemies":"Gremlin Leader","floor":23.0,"turns":7.0},{"damage":16.0,"enemies":"Centurion and Healer","floor":25.0,"turns":5.0},{"damage":17.0,"enemies":"Slavers","floor":27.0,"turns":6.0},{"damage":7.0,"enemies":"Snake Plant","floor":30.0,"turns":4.0},{"damage":9.0,"enemies":"Gremlin Leader","floor":31.0,"turns":7.0},{"damage":26.0,"enemies":"Collector","floor":33.0,"turns":9.0},{"damage":22.0,"enemies":"3 Darklings","floor":35.0,"turns":6.0},{"damage":2.0,"enemies":"Orb Walker","floor":36.0,"turns":4.0},{"damage":8.0,"enemies":"Maw","floor":39.0,"turns":6.0},{"damage":0.0,"enemies":"4 Shapes","floor":44.0,"turns":8.0},{"damage":3.0,"enemies":"3 Darklings","floor":46.0,"turns":8.0},{"damage":14.0,"enemies":"Nemesis","floor":47.0,"turns":5.0},{"damage":0.0,"enemies":"Maw","floor":48.0,"turns":5.0},{"damage":0.0,"enemies":"Donu and Deca","floor":50.0,"turns":7.0},{"damage":36,"enemies":"Shield and Spear","floor":54,"turns":5},{"damage":56,"enemies":"The Heart","floor":55,"turns":10}],"seed_played":"-1804095107377110580","potions_obtained":[{"floor":4.0,"key":"LiquidMemories"},{"floor":5.0,"key":"ShroomBrew"},{"floor":6.0,"key":"Energy Potion"},{"floor":10.0,"key":"DistilledChaos"},{"floor":14.0,"key":"ColorlessPotion"},{"floor":16.0,"key":"CultistPotion"},{"floor":18.0,"key":"SkillPotion"},{"floor":22.0,"key":"SpeedPotion"},{"floor":25.0,"key":"Explosive Potion"},{"floor":27.0,"key":"CultistPotion"},{"floor":30.0,"key":"AttackPotion"},{"floor":31.0,"key":"FearPotion"},{"floor":33.0,"key":"Explosive Potion"},{"floor":35.0,"key":"SpeedPotion"},{"floor":36.0,"key":"FairyPotion"},{"floor":47.0,"key":"DistilledChaos"},{"floor":54,"key":"Strength Potion"}],"is_trial":false,"path_per_floor":["M","$","?","M","M","E","R","E","T","?","M","R","E","M","R","B",null,"M","?","?","$","M","E","R","M","T","E","R","$","M","E","R","B",null,"M","M","?","$","M","R","R","R","T","M","$","M","E","M","R","B",null,"R","$","E","B",null],"character_chosen":"MARISA","items_purchased":["StarBarrage","Medical Kit","Block Potion"],"campfire_rested":0,"item_purchase_floors":[2,21,53],"current_hp_per_floor":[68,68,68,64,64,44,44,43,43,43,45,45,43,49,49,50,69,64,64,64,64,57,43,43,43,43,42,42,42,39,46,46,36,65,47,49,40,40,48,48,48,48,48,54,54,57,49,55,55,61,72,72,72,39,32],"gold":79,"neow_bonus":"HUNDRED_GOLD","is_daily":false,"chose_seed":false,"campfire_upgraded":10,"win_rate":0.0,"timestamp":1611806469,"path_taken":["M","$","?","?","M","E","R","E","T","?","?","R","E","M","R","BOSS","M","?","?","$","M","E","R","M","T","E","R","$","M","E","R","BOSS","M","M","?","$","M","R","R","R","T","M","$","M","E","M","R","BOSS","R","$","E","BOSS"],"items_purchased_type":["Card","Relic","Potion"],"build_version":"2020-12-22","purchased_purges":4,"victory":true,"max_hp_per_floor":[75,75,75,75,75,75,75,75,75,75,75,75,75,75,75,75,75,75,75,75,75,75,75,75,75,75,75,75,75,75,75,75,75,75,75,75,75,75,75,75,75,75,75,75,75,75,75,75,75,75,75,75,75,75,75],"card_choices":[{"not_picked":["LuminesStrike","SporeBomb"],"picked":"ShootingEcho","floor":1.0},{"not_picked":["WitchLeyline","Acceleration"],"picked":"PowerUp","floor":4.0},{"not_picked":["StarBarrage","WitchLeyline"],"picked":"EarthLightRay","floor":5.0},{"not_picked":["PulseMagic","Orbital"],"picked":"MagicAbsorber","floor":6.0},{"not_picked":["WitchOfGreed","PowerUp","SporeBomb"],"picked":"SKIP","floor":8.0},{"not_picked":["NonDirectionalLaser","EscapeVelocity"],"picked":"OortCloud","floor":11.0},{"not_picked":["6A","PowerUp"],"picked":"OrrerysSun","floor":13.0},{"not_picked":["Singularity","GravityBeat","RefractionSpark"],"picked":"SKIP","floor":14.0},{"not_picked":["SatelliteIllusion","FinalSpark"],"picked":"EscapeVelocity","floor":16.0},{"not_picked":["IllusionStar","DoubleSpark"],"picked":"MilkyWay","floor":18.0},{"not_picked":["FairyDestructionRay","Acceleration"],"picked":"ManaConvection","floor":22.0},{"not_picked":["UnstableBomb","Acceleration","MysteriousBeam"],"picked":"SKIP","floor":23.0},{"not_picked":["IllusionStar","NonDirectionalLaser","PowerUp"],"picked":"SKIP","floor":25.0},{"not_picked":["MaximisePower","GrandCross"],"picked":"GasGiant","floor":27.0},{"not_picked":["OrrerysSun","NonDirectionalLaser+1","SporeBomb"],"picked":"SKIP","floor":30.0},{"not_picked":["NonDirectionalLaser","Singularity","OrrerysSun"],"picked":"SKIP","floor":31.0},{"not_picked":["NonDirectionalLaser","Singularity","OrrerysSun"],"picked":"SKIP","floor":31.0},{"not_picked":["CasketOfStar","FinalSpark"],"picked":"UltimateShortwave","floor":33.0},{"not_picked":["6A","ShootingEcho"],"picked":"EnergyFlow","floor":35.0},{"not_picked":["NonDirectionalLaser","6A","StarBarrage"],"picked":"SKIP","floor":36.0},{"not_picked":["PowerUp+1","Orbital","GravityBeat"],"picked":"SKIP","floor":39.0},{"not_picked":["ChargeUpSpray","WitchOfGreed+1","PowerUp"],"picked":"SKIP","floor":44.0},{"not_picked":["OneTimeOff","Acceleration"],"picked":"AlicesGift+1","floor":46.0},{"not_picked":["AbsoluteMagnitude","EnergyRecoil"],"picked":"GalacticHalo","floor":47.0},{"not_picked":["AsteroidBelt","DoubleSpark+1","LuminesStrike"],"picked":"SKIP","floor":48.0},{"not_picked":["ShootingEcho+1","MysteriousBeam","NonDirectionalLaser"],"picked":"SKIP","floor":54}],"player_experience":1508851,"relics_obtained":[{"floor":6.0,"key":"Meat on the Bone"},{"floor":8.0,"key":"TungstenRod"},{"floor":9.0,"key":"Calipers"},{"floor":13.0,"key":"White Beast Statue"},{"floor":23.0,"key":"WingedGreaves"},{"floor":26.0,"key":"War Paint"},{"floor":27.0,"key":"Akabeko"},{"floor":31.0,"key":"HandmadeGrimoire"},{"floor":47.0,"key":"Oddly Smooth Stone"},{"floor":54,"key":"Bag of Preparation"}],"event_choices":[{"damage_healed":0.0,"max_hp_gain":0.0,"max_hp_loss":0.0,"gold_gain":0.0,"cards_transformed":["Strike_MRS"],"event_name":"Transmorgrifier","player_choice":"Transformed","floor":3.0,"gold_loss":0.0,"damage_taken":0.0,"cards_obtained":["6A"]},{"damage_healed":0.0,"max_hp_gain":0.0,"max_hp_loss":0.0,"gold_gain":0.0,"event_name":"The Woman in Blue","player_choice":"Bought 1 Potion","floor":10.0,"gold_loss":0.0,"damage_taken":0.0},{"cards_removed":["Strike_MRS"],"damage_healed":0.0,"max_hp_gain":0.0,"max_hp_loss":0.0,"gold_gain":0.0,"event_name":"Back to Basics","player_choice":"Elegance","floor":19.0,"gold_loss":0.0,"damage_taken":0.0},{"damage_healed":0.0,"max_hp_gain":0.0,"max_hp_loss":0.0,"gold_gain":0.0,"event_name":"Cursed Tome","player_choice":"Ignored","floor":20.0,"gold_loss":0.0,"damage_taken":0.0},{"damage_healed":0.0,"max_hp_gain":0.0,"max_hp_loss":0.0,"gold_gain":0.0,"event_name":"SensoryStone","player_choice":"Memory 3","floor":37.0,"gold_loss":0.0,"damage_taken":10.0}],"is_beta":false,"boss_relics":[{"not_picked":["Pandora\u0027s Box","Runic Pyramid"],"picked":"Runic Dome"},{"not_picked":["RampagingMagicTools","Busted Crown"],"picked":"SlaversCollar"}],"items_purged_floors":[2,21,29,38],"is_endless":false,"potions_floor_spawned":[4,5,6,14,16,18,22,23,25,27,30,31,33,35,36,39,44,46,47,48,54],"ascension_level":13}}