{"host":"rylkjufw9dlhr07b","time":1611835793,"event":{"mods":["AchievementEnabler","BaseMod","Better Note","BetterRewards","Hubris","Minty Spire (QoL Compilation)","Quick Restart","StSLib"],"gold_per_floor":[117,130,147,31,57,87,87,106,161,174,174,190,190,209,209,310,310,320,320,320,338,338,353,353,353],"floor_reached":24,"language":"FRA","playtime":1464,"items_purged":[],"score":290,"play_id":"ed115052-9253-4612-afa3-d8ff0384e979","local_time":"20210128130953","is_ascension_mode":true,"campfire_choices":[{"data":"Perseverance","floor":7,"key":"SMITH"},{"floor":15,"key":"REST"}],"circlet_count":0,"master_deck":["Strike_P","Strike_P","Strike_P","Strike_P","Defend_P","Defend_P","Defend_P","Defend_P","Eruption","Vigilance","Wallop","PathToVictory","Study","Finesse","BowlingBash","Perseverance+1","BattleHymn","Consecrate","Prostrate","Prostrate","Brilliance","LikeWater","FollowUp","Protect"],"relics":["PureWater","Orichalcum","hubris:TenFootPole","Tiny Chest","Bottled Flame","hubris:TerracottaHorce","hubris:DisguiseKit"],"acts_visited":["Exordium","TheCity"],"potions_floor_usage":[10,16,16,18],"damage_taken":[{"damage":0,"enemies":"Cultist","floor":1,"turns":3},{"damage":0,"enemies":"Jaw Worm","floor":2,"turns":2},{"damage":0,"enemies":"2 Louse","floor":3,"turns":2},{"damage":20,"enemies":"3 Sentries","floor":6,"turns":7},{"damage":10,"enemies":"Exordium Wildlife","floor":8,"turns":6},{"damage":0,"enemies":"Lots of Slimes","floor":10,"turns":5},{"damage":1,"enemies":"Exordium Thugs","floor":12,"turns":4},{"damage":2,"enemies":"Looter","floor":14,"turns":5},{"damage":11,"enemies":"Hexaghost","floor":16,"turns":9},{"damage":13,"enemies":"3 Byrds","floor":18,"turns":4},{"damage":22,"enemies":"Chosen","floor":21,"turns":8},{"damage":29,"enemies":"Snake Plant","floor":23,"turns":5},{"damage":11,"enemies":"Centurion and Healer","floor":24,"turns":1}],"seed_played":"-6080002608769274812","potions_obtained":[{"floor":1,"key":"DistilledChaos"},{"floor":6,"key":"SteroidPotion"},{"floor":12,"key":"Dexterity Potion"},{"floor":16,"key":"SkillPotion"},{"floor":23,"key":"Fire Potion"}],"is_trial":false,"path_per_floor":["M","M","M","$","T","E","R","M","T","M","?","M","T","M","R","B",null,"M","T","?","M","?","M","M"],"character_chosen":"WATCHER","items_purchased":["Finesse","BowlingBash"],"campfire_rested":1,"item_purchase_floors":[4,4],"current_hp_per_floor":[72,72,72,72,72,52,52,42,42,42,45,44,44,42,66,55,75,62,62,62,40,40,11,0,0],"gold":353,"neow_bonus":"TEN_PERCENT_HP_BONUS","is_daily":false,"chose_seed":false,"campfire_upgraded":1,"win_rate":0.0,"timestamp":1611835793,"path_taken":["M","?","M","?","?","E","R","?","T","M","?","M","?","?","R","BOSS","M","?","?","M","?","M","M"],"items_purchased_type":["Card","Card"],"build_version":"2020-12-22","purchased_purges":0,"victory":false,"max_hp_per_floor":[79,79,79,79,79,79,79,79,79,79,82,82,82,82,82,82,82,82,82,82,82,82,82,82,82],"card_choices":[{"not_picked":["CutThroughFate","Consecrate"],"picked":"Wallop","floor":1},{"not_picked":["ThirdEye","SashWhip"],"picked":"PathToVictory","floor":2},{"not_picked":["FlyingSleeves","Consecrate"],"picked":"Study","floor":3},{"not_picked":["DeusExMachina","ClearTheMind"],"picked":"Perseverance","floor":6},{"not_picked":["CrushJoints","WheelKick"],"picked":"BattleHymn","floor":8},{"not_picked":["WheelKick","Meditate"],"picked":"Consecrate","floor":10},{"not_picked":["Conclude","Perseverance"],"picked":"Prostrate","floor":12},{"not_picked":["Halt","FlurryOfBlows"],"picked":"Prostrate","floor":14},{"not_picked":["Ragnarok","SpiritShield"],"picked":"Brilliance","floor":16},{"not_picked":["EmptyMind","Collect","Vengeance"],"picked":"SKIP","floor":18},{"not_picked":["SashWhip","WindmillStrike","Pommel Strike"],"picked":"FollowUp","floor":21},{"not_picked":["Consecrate","Halt","Body Slam"],"picked":"Protect","floor":23}],"player_experience":561153,"relics_obtained":[{"floor":5,"key":"Orichalcum"},{"floor":6,"key":"hubris:TenFootPole"},{"floor":9,"key":"Tiny Chest"},{"floor":13,"key":"Bottled Flame"},{"floor":19,"key":"hubris:DisguiseKit"}],"event_choices":[{"damage_healed":0,"gold_gain":0,"player_choice":"1 cards matched","damage_taken":0,"max_hp_gain":0,"max_hp_loss":0,"event_name":"Match and Keep!","floor":20,"gold_loss":0,"cards_obtained":["LikeWater"]},{"damage_healed":0,"gold_gain":0,"player_choice":"Ignored","damage_taken":0,"max_hp_gain":0,"max_hp_loss":0,"event_name":"betterNote:BetterNote","floor":22,"gold_loss":0,"cards_obtained":["Bane"]}],"is_beta":false,"boss_relics":[{"not_picked":["Pandora\u0027s Box","hubris:BlackHole"],"picked":"hubris:TerracottaHorce"}],"items_purged_floors":[],"is_endless":false,"potions_floor_spawned":[1,6,12,16,23],"killed_by":"Centurion and Healer","ascension_level":9}}