{"host":"a1xt9i3rspws3fph","time":1611847882,"event":{"mods":["2.2 Compatiblity","AchievementEnabler","BaseMod","Card Forge","Hero for Fun","HexUI Lib","Minty Spire (QoL Compilation)","StSLib","The Animator","The Hierophant","The Judge","The Marked"],"gold_per_floor":[130,32,32,45,64,64,64,84,136,136,136,151,191,203,203,313,313,327,327,327,343,85,115,115,214,238,268,299,55,55,55,55,156,156,172,19,72,72,90,90,128,143,143,243,260,260,277,18,18,18],"floor_reached":51,"language":"ENG","playtime":4169,"items_purged":[],"score":788,"play_id":"da791819-3711-4bbd-932a-9d124f344de9","local_time":"20210128163122","is_ascension_mode":false,"campfire_choices":[{"data":"animator:RoyMustang","floor":6.0,"key":"SMITH"},{"data":"animator:Shalltear","floor":11.0,"key":"SMITH"},{"data":"animator:KyokoSakura","floor":15.0,"key":"SMITH"},{"data":"animator:Ainz","floor":24.0,"key":"SMITH"},{"data":"animator:Verdia","floor":30.0,"key":"SMITH"},{"data":"animator:GoblinSlayer","floor":32.0,"key":"SMITH"},{"data":"animator:GoblinSlayer","floor":40,"key":"SMITH"},{"data":"animator:Boros","floor":46,"key":"SMITH"},{"floor":49,"key":"REST"}],"circlet_count":0,"master_deck":["animator:Strike_Konosuba+1","animator:Defend_Konosuba","animator:KyokoSakura+1","animator:Strike_Kancolle","animator:Strike_HitsugiNoChaika","animator:Strike_TenSura+1","animator:Defend_FullmetalAlchemist","animator:Defend_MadokaMagica","animator:Defend_AccelWorld","animator:RoyMustang+1","animator:Shalltear+1","animator:NarberalGamma","animator:DwarfShaman","animator:Witch","animator:SilverFang","animator:Ainz+1","animator:Verdia+1","animator:ElricEdward+1","animator:GoblinSlayer+1","animator:Darkness","animator:Sebas","animator:GoblinSlayer+1","animator:DwarfShaman","animator:GuildGirl","animator:HighElfArcher","animator:Cirno","animator:Cocytus+1","animator:Boros+1","animator:Priestess","animator:PandorasActor+1","animator:Geryuganshoop","animator:CowGirl","animator:Melzalgald"],"relics":["animator:VividPicture","animator:TheMissingPiece","Hammer of Thor","Seething Fire","Anvil of the Gods","NeowsBlessing","Potion Belt","PreservedInsect","Whetstone","Lantern","Lantern","Lantern","Lantern","Lantern","Lantern","Lantern","Bottled Tornado","Mummified Hand","Bag of Preparation","Akabeko","Paper Crane","Shuriken","animator:RacePiece","Bag of Marbles","animator:WornHelmet","Vajra"],"acts_visited":["Exordium","TheCity","TheBeyond"],"potions_floor_usage":[50,50,50],"damage_taken":[{"damage":0.0,"enemies":"2 Louse","floor":1.0,"turns":1.0},{"damage":0.0,"enemies":"Small Slimes","floor":4.0,"turns":1.0},{"damage":0.0,"enemies":"Jaw Worm","floor":5.0,"turns":1.0},{"damage":15.0,"enemies":"Large Slime","floor":8.0,"turns":8.0},{"damage":5.0,"enemies":"Looter","floor":12.0,"turns":4.0},{"damage":23.0,"enemies":"Lagavulin","floor":13.0,"turns":6.0},{"damage":6.0,"enemies":"2 Fungi Beasts","floor":14.0,"turns":4.0},{"damage":27.0,"enemies":"Slime Boss","floor":16.0,"turns":10.0},{"damage":18.0,"enemies":"Shell Parasite","floor":18.0,"turns":7.0},{"damage":8.0,"enemies":"3 Byrds","floor":21.0,"turns":3.0},{"damage":6.0,"enemies":"animator:HornedBat","floor":23.0,"turns":7.0},{"damage":0.0,"enemies":"Centurion and Healer","floor":27.0,"turns":2.0},{"damage":0.0,"enemies":"Gremlin Leader","floor":28.0,"turns":4.0},{"damage":42.0,"enemies":"Champ","floor":33.0,"turns":10.0},{"damage":4.0,"enemies":"Orb Walker","floor":35.0,"turns":3.0},{"damage":8.0,"enemies":"2 Orb Walkers","floor":37.0,"turns":3.0},{"damage":0,"enemies":"3 Shapes","floor":39,"turns":1},{"damage":0,"enemies":"Giant Head","floor":41,"turns":6},{"damage":21,"enemies":"Sphere and 2 Shapes","floor":42,"turns":6},{"damage":1,"enemies":"3 Darklings","floor":45,"turns":4},{"damage":0,"enemies":"Jaw Worm Horde","floor":47,"turns":3},{"damage":44,"enemies":"Donu and Deca","floor":50,"turns":7}],"seed_played":"-4139305474730355596","potions_obtained":[{"floor":5.0,"key":"CultistPotion"},{"floor":8.0,"key":"LiquidMemories"},{"floor":13.0,"key":"SteroidPotion"},{"floor":16.0,"key":"SkillPotion"},{"floor":23.0,"key":"Dexterity Potion"},{"floor":28.0,"key":"LiquidMemories"}],"is_trial":false,"path_per_floor":["M","?","?","M","M","R","?","M","T","$","R","M","E","M","R","B",null,"M","?","?","M","$","E","R","?","T","M","E","$","R","?","R","B",null,"M","$","?","?","M","R","E","M","T","?","M","R","M","$","R","B",null],"character_chosen":"THE_ANIMATOR","items_purchased":["Mummified Hand","Shuriken","Bag of Marbles","animator:CowGirl","Vajra","animator:Melzalgald"],"campfire_rested":1,"item_purchase_floors":[22,29,36,48,48,48],"current_hp_per_floor":[66,66,59,61,61,61,61,48,48,48,48,45,22,60,60,35,66,48,48,48,40,40,36,36,36,36,36,38,38,38,38,38,26,66,62,62,54,54,54,54,54,33,33,33,32,32,32,32,51,7],"gold":18,"neow_bonus":"THREE_ENEMY_KILL","is_daily":false,"chose_seed":false,"campfire_upgraded":8,"win_rate":0.0,"timestamp":1611847882,"path_taken":["M","?","?","?","M","R","?","M","T","$","R","M","E","M","R","BOSS","M","?","?","M","$","E","R","?","T","M","E","$","R","?","R","BOSS","M","$","?","?","M","R","E","M","T","?","M","R","?","?","R","BOSS"],"items_purchased_type":["Relic","Relic","Relic","Card","Relic","Card"],"build_version":"2020-12-22","purchased_purges":0,"victory":true,"max_hp_per_floor":[66,66,66,66,66,66,66,66,66,66,66,66,66,66,66,66,66,66,66,66,66,66,66,66,66,66,66,66,66,66,66,66,66,66,66,66,66,66,66,66,66,66,66,66,66,66,66,66,66,66],"card_choices":[{"not_picked":["animator:Sloth","animator:Chris"],"picked":"animator:KyokoSakura","floor":1.0},{"not_picked":["animator:ElricAlphonse","animator:YuiTsuruno"],"picked":"animator:RoyMustang","floor":4.0},{"not_picked":["animator:GuildGirl","animator:SuzuneAmano"],"picked":"animator:Shalltear","floor":5.0},{"not_picked":["animator:Shalltear","animator:Demiurge"],"picked":"animator:NarberalGamma","floor":8.0},{"not_picked":["animator:Ciel","animator:Genos"],"picked":"animator:DwarfShaman","floor":12.0},{"not_picked":["animator:Verdia","animator:Sonic"],"picked":"animator:Witch","floor":13.0},{"not_picked":["animator:Kyubey","animator:Kazuma"],"picked":"animator:SilverFang","floor":14.0},{"not_picked":["animator:Wiz","animator:GoblinSlayer"],"picked":"animator:Ainz","floor":16.0},{"not_picked":["animator:Demiurge","animator:PandorasActor"],"picked":"animator:Entoma","floor":18.0},{"not_picked":["animator:Aisha","animator:Gluttony"],"picked":"animator:ElricEdward+1","floor":21.0},{"not_picked":["animator:Vanir","animator:Megumin"],"picked":"animator:GoblinSlayer","floor":23.0},{"not_picked":["animator:DwarfShaman","animator:WinryRockbell"],"picked":"animator:Darkness","floor":27.0},{"not_picked":["animator:PandorasActor","animator:Demiurge"],"picked":"animator:Sebas","floor":28.0},{"not_picked":["animator:Envy","animator:Elesis"],"picked":"animator:GoblinSlayer","floor":33.0},{"not_picked":["animator:Melzalgald","animator:Verdia","animator:Tatsumaki"],"picked":"SKIP","floor":35.0},{"not_picked":["animator:TanyaDegurechaff","animator:MamizouFutatsuiwa"],"picked":"animator:Cirno","floor":38},{"not_picked":["animator:Witch","animator:Spearman"],"picked":"animator:Cocytus+1","floor":39},{"not_picked":["animator:DwarfShaman","animator:Witch+1"],"picked":"animator:Boros","floor":41},{"not_picked":["animator:Spearman","animator:CowGirl"],"picked":"animator:Priestess","floor":42},{"not_picked":["animator:Tatsumaki","animator:WinryRockbell"],"picked":"animator:PandorasActor+1","floor":45},{"not_picked":["animator:Verdia","animator:Entoma"],"picked":"animator:Geryuganshoop","floor":47}],"player_experience":243982,"relics_obtained":[{"floor":9.0,"key":"PreservedInsect"},{"floor":13.0,"key":"Whetstone"},{"floor":23.0,"key":"Bag of Preparation"},{"floor":26.0,"key":"Akabeko"},{"floor":28.0,"key":"Paper Crane"},{"floor":41,"key":"animator:WornHelmet"}],"event_choices":[{"damage_healed":0.0,"max_hp_gain":0.0,"max_hp_loss":0.0,"gold_gain":0.0,"event_name":"Scrap Ooze","player_choice":"Success","floor":3.0,"gold_loss":0.0,"damage_taken":7.0,"relics_obtained":["Potion Belt"]},{"damage_healed":0.0,"max_hp_gain":0.0,"max_hp_loss":0.0,"gold_gain":0.0,"event_name":"Liars Game","player_choice":"Ignored","floor":7.0,"gold_loss":0.0,"damage_taken":0.0},{"damage_healed":0.0,"max_hp_gain":0.0,"max_hp_loss":0.0,"gold_gain":0.0,"event_name":"The Library","player_choice":"Read","floor":19.0,"gold_loss":0.0,"damage_taken":0.0,"cards_obtained":["animator:Verdia"]},{"damage_healed":0.0,"max_hp_gain":0.0,"max_hp_loss":0.0,"gold_gain":0.0,"event_name":"Vampires","player_choice":"Ignored","floor":20.0,"gold_loss":0.0,"damage_taken":0.0},{"damage_healed":0.0,"max_hp_gain":0.0,"max_hp_loss":0.0,"gold_gain":99.0,"event_name":"Nest","player_choice":"Stole From Cult","floor":25.0,"gold_loss":0.0,"damage_taken":0.0},{"damage_healed":0.0,"max_hp_gain":0.0,"max_hp_loss":0.0,"gold_gain":0.0,"event_name":"Mysterious Sphere","player_choice":"Fight","floor":37.0,"gold_loss":0.0,"damage_taken":0.0},{"damage_healed":0,"gold_gain":0,"player_choice":"Memory 1","damage_taken":0,"max_hp_gain":0,"max_hp_loss":0,"event_name":"SensoryStone","floor":38,"gold_loss":0},{"damage_healed":0,"gold_gain":100,"player_choice":"Pray","damage_taken":0,"max_hp_gain":0,"max_hp_loss":0,"event_name":"Golden Shrine","floor":44,"gold_loss":0}],"is_beta":false,"boss_relics":[{"not_picked":["SlaversCollar","Tiny House"],"picked":"animator:VividPicture"},{"not_picked":["Sozu","SacredBark"],"picked":"animator:RacePiece"}],"items_purged_floors":[],"is_endless":false,"potions_floor_spawned":[5,8,13,16,23,28,35,39,45],"ascension_level":0}}