{"host":"lzzv50t0ea3gz1kk","time":1611803758,"event":{"mods":["ATMod(∞¢Ë™Mod)","Act Like it!","Aspiration","BaseMod","Colored Powertips","Downfall","Gensokyo","Hallownest","Hermit","Marisa£®ÏF”Í°°ƒß¿Ì…≥£©","Minty Spire (QoL Compilation)","Reimu£®≤©¿ˆ¡È√Œ£©","Remilia£®¿Ÿ√◊¿Ú—«£©","StSLib","The Servant 0.9.4","Youmu£®ªÍ∆«—˝√Œ£©"],"gold_per_floor":[114,114,132,150,35,35,67,67,67,96,114,114,127,52,52,52,52],"floor_reached":16,"language":"ZHS","playtime":1044,"items_purged":["Strike_YM"],"score":110,"play_id":"b1a8112d-4983-4f2c-be1b-fc6ee197075a","local_time":"20210128111558","is_ascension_mode":false,"campfire_choices":[{"data":"AT_DrawKnifeCut","floor":6,"key":"SMITH"},{"floor":8,"key":"REST"},{"floor":12,"key":"REST"},{"floor":15,"key":"REST"}],"circlet_count":0,"master_deck":["Strike_YM","Strike_YM","Strike_YM","Defend_YM","Defend_YM","Defend_YM","Defend_YM","SlashOfPresentWorld","WheelOfPainOfLivingAndDead","AT_DrawKnifeCut+1","SwordExtraction","SanzenSekai","EchoesOfTheInclemencyOfAllBeings","ThoughtCuttingSword","SlashOfTheEternalFuture","MatsuyoiReflectingSatelliteSlash","HesitationCuttingSword"],"relics":["HalfPhantom","AT_ATBox","NeowsBlessing","AT_TimeSand","ChestCloth","Bag of Preparation","AT_RabadonDeathcap"],"acts_visited":["Gensokyo:Gensokyo"],"potions_floor_usage":[],"damage_taken":[{"damage":0,"enemies":"Gensokyo:Python","floor":1,"turns":1},{"damage":0,"enemies":"Gensokyo:3_Fairies","floor":3,"turns":2},{"damage":0,"enemies":"Gensokyo:Gryphon","floor":4,"turns":1},{"damage":51,"enemies":"Gensokyo:Aya","floor":7,"turns":9},{"damage":26,"enemies":"Gensokyo:Mamizou","floor":10,"turns":7},{"damage":14,"enemies":"Gensokyo:CorruptedTreant","floor":11,"turns":3},{"damage":3,"enemies":"Gensokyo:VengefulSpirit","floor":13,"turns":3},{"damage":25,"enemies":"Gensokyo:Kokoro","floor":16,"turns":11}],"seed_played":"-6050021110113139520","potions_obtained":[{"floor":3,"key":"DuplicationPotion"},{"floor":4,"key":"GrandPatriotsElixir:ReiMu"}],"is_trial":false,"path_per_floor":["M","?","M","M","COS","R","E","R","T","E","M","R","M","$","R","B"],"character_chosen":"YOUMU","items_purchased":[],"campfire_rested":3,"item_purchase_floors":[],"current_hp_per_floor":[75,75,75,75,75,75,24,46,46,20,6,28,25,25,47,22,22],"gold":52,"neow_bonus":"THREE_ENEMY_KILL","is_daily":false,"chose_seed":false,"campfire_upgraded":1,"win_rate":0.0,"timestamp":1611803758,"path_taken":["M","?","?","M","COS","R","E","R","T","E","M","R","M","$","R","BOSS"],"items_purchased_type":[],"build_version":"2020-12-22","purchased_purges":1,"victory":false,"max_hp_per_floor":[75,75,75,75,75,75,75,75,75,75,75,75,75,75,75,75,75],"card_choices":[{"not_picked":["SpiritCuttingSword","LifeCuttingSword"],"picked":"SwordExtraction","floor":1},{"not_picked":["FourBirthsSword","CrescentMoonSlash"],"picked":"SanzenSekai","floor":3},{"not_picked":["SpiritCuttingSword","SwordExtraction"],"picked":"EchoesOfTheInclemencyOfAllBeings","floor":4},{"not_picked":["SpiritCuttingSword","SwordExtraction"],"picked":"ThoughtCuttingSword","floor":7},{"not_picked":["WickedSoul","ReincarnationSword"],"picked":"SlashOfTheEternalFuture","floor":10},{"not_picked":["SwordOfBindingDesires","FlashingScatteredFlowers"],"picked":"MatsuyoiReflectingSatelliteSlash","floor":10},{"not_picked":["SlashOfDelusionalInnerEye","ThreeKonsSevenHakus"],"picked":"HesitationCuttingSword","floor":11},{"not_picked":["LifeCuttingSword","PhosphoricSlash","ThoughtCuttingSword"],"picked":"SKIP","floor":13}],"player_experience":444707,"relics_obtained":[{"floor":7,"key":"AT_TimeSand"},{"floor":9,"key":"ChestCloth"},{"floor":10,"key":"Bag of Preparation"}],"event_choices":[],"is_beta":false,"boss_relics":[],"items_purged_floors":[14],"is_endless":false,"potions_floor_spawned":[3,4],"killed_by":"Gensokyo:Kokoro","ascension_level":0}}