{"host":"ucx3368bquyf080x","time":1611796569,"event":{"mods":["BaseMod","Minty Spire (QoL Compilation)","Replay The Spire","StSLib","[IsaacMod]ÒÔÈö¼âËþ"],"gold_per_floor":[119,119,243,262,262,262,302,302,372,397,438,246,246,297,297,342,342],"floor_reached":16,"language":"ZHS","playtime":614,"items_purged":["Strike_G"],"score":197,"play_id":"a6287641-ee41-4319-a92d-b73b07aa897f","local_time":"20210128091609","is_ascension_mode":true,"campfire_choices":[{"data":"Adrenaline","floor":6,"key":"SMITH"},{"data":"Bane","floor":8,"key":"SMITH"},{"floor":15,"key":"REST"}],"circlet_count":0,"master_deck":["Strike_G","Strike_G","Strike_G","Strike_G","Defend_G","Defend_G","Defend_G","Defend_G","Defend_G","Survivor","Neutralize","Escape Plan","Bane+1","Adrenaline+1","Bane","Endless Agony","Noxious Fumes","Deadly Poison","ReplayTheSpireMod:Private Reserves","Languid","Caltrops"],"relics":["Ring of the Snake","HushsDoor","GuppysTail","NeowsBlessing","Golden Idol","Replay:Rubber Ducky","InkBottle","HornCleat","Ancient Tea Set","BargainBundle","Ring of Peace","ReplayTheSpireMod:Ring of Challenge","ReplayFunnel"],"acts_visited":["Exordium"],"potions_floor_usage":[12,14,16,16],"damage_taken":[{"damage":0,"enemies":"Jaw Worm","floor":1,"turns":1},{"damage":0,"enemies":"Small Slimes","floor":4,"turns":1},{"damage":0,"enemies":"Gremlin Nob","floor":7,"turns":1},{"damage":0,"enemies":"Cultist","floor":10,"turns":2},{"damage":11,"enemies":"Lagavulin","floor":11,"turns":6},{"damage":23,"enemies":"Replay:BlueRogue","floor":14,"turns":6},{"damage":46,"enemies":"Slime Boss","floor":16,"turns":6}],"seed_played":"-7601190695311447953","potions_obtained":[{"floor":11,"key":"Fruit Juice"}],"is_trial":false,"path_per_floor":["M","?","?","M","?","R","E","R","T","M","E","$","?","E","R","B"],"character_chosen":"THE_SILENT","items_purchased":["BargainBundle","Noxious Fumes","Deadly Poison","DistilledChaos","Fire Potion","SkillPotion","ReplayTheSpireMod:Private Reserves"],"campfire_rested":1,"item_purchase_floors":[12,12,12,12,12,12,12],"current_hp_per_floor":[63,46,46,46,46,46,46,46,46,46,35,40,40,17,39,0,0],"gold":342,"neow_bonus":"THREE_ENEMY_KILL","is_daily":false,"chose_seed":false,"campfire_upgraded":2,"win_rate":0.0,"timestamp":1611796569,"path_taken":["M","?","?","?","?","R","E","R","T","M","E","$","?","E","R","BOSS"],"items_purchased_type":["Relic","Card","Card","Potion","Potion","Potion","Card"],"build_version":"2020-12-22","purchased_purges":1,"victory":false,"max_hp_per_floor":[70,70,70,70,70,70,70,70,70,70,70,75,75,75,75,75,75],"card_choices":[{"not_picked":[],"picked":"Bomb","floor":0},{"not_picked":["Skewer","Reflex","Dodge and Roll"],"picked":"SKIP","floor":1},{"not_picked":["Setup","Hidden Blade"],"picked":"Escape Plan","floor":3},{"not_picked":["Catalyst","Replay:Poison Smokescreen"],"picked":"Bane","floor":3},{"not_picked":["Bane","Sneak Up"],"picked":"Adrenaline","floor":4},{"not_picked":["Predator","Draining Mist"],"picked":"Bane","floor":7},{"not_picked":["Acrobatics","Blade Dance"],"picked":"Endless Agony","floor":10},{"not_picked":["Sucker Punch","Well Laid Plans","Concentrate"],"picked":"SKIP","floor":11},{"not_picked":["Eviscerate","Flying Knee"],"picked":"Caltrops","floor":14}],"player_experience":618736,"relics_obtained":[{"floor":3,"key":"Replay:Rubber Ducky"},{"floor":7,"key":"InkBottle"},{"floor":9,"key":"HornCleat"},{"floor":11,"key":"Ancient Tea Set"},{"floor":13,"key":"Ring of Peace"},{"floor":13,"key":"ReplayTheSpireMod:Ring of Challenge"},{"floor":14,"key":"ReplayFunnel"}],"event_choices":[{"damage_healed":0,"gold_gain":0,"player_choice":"Take Damage","damage_taken":17,"relics_obtained":["Golden Idol"],"max_hp_gain":0,"max_hp_loss":0,"event_name":"Golden Idol","floor":2,"gold_loss":0},{"damage_healed":0,"gold_gain":0,"player_choice":"Ignored","damage_taken":0,"max_hp_gain":0,"max_hp_loss":0,"event_name":"Liars Game","floor":5,"gold_loss":0}],"is_beta":false,"boss_relics":[],"items_purged_floors":[12],"is_endless":false,"potions_floor_spawned":[11],"killed_by":"Slime Boss","ascension_level":8}}