{"host":"gop1q6bv59twswbp","time":1611809793,"event":{"mods":["AlwaysNeverKeys","BaseMod","Downfall","Hermit","Minty Spire (QoL Compilation)","Permanent Neow","Rare Cards Sparkle","StSLib","The Cursed"],"gold_per_floor":[0,10,10,20,31,31,81,81,81,81,93,121,21,33,46,142,142,42,57,57,57,57,42,69,84,84,84,84,84],"floor_reached":27,"language":"ENG","playtime":1595,"items_purged":[],"score":211,"play_id":"5a9a83aa-dfd1-4ff4-93b9-4ebf47635213","local_time":"20210127235633","is_ascension_mode":false,"campfire_choices":[{"data":"Apotheosis","floor":1,"key":"SMITH"},{"data":"champ:DefensiveShout","floor":6,"key":"SMITH"},{"data":"champ:Endure","floor":8,"key":"SMITH"},{"data":"champ:Execute","floor":10,"key":"SMITH"},{"data":"champ:StanceDance","floor":13,"key":"SMITH"},{"data":"champ:HoldFirm","floor":18,"key":"SMITH"},{"floor":26,"key":"REST"}],"circlet_count":0,"master_deck":["champ:Strike","champ:Strike+1","champ:Strike","champ:Strike","champ:Defend","champ:Defend","champ:Defend","champ:Defend","champ:Execute+1","champ:Taunt+1","Apotheosis+1","champ:DefensiveShout+1","champ:Duel+1","champ:Endure+1","champ:PreciseThrust","champ:StanceDance+1","champ:SetATrap","champ:AdrenalArmor","champ:HoldFirm+1","champ:Haymaker+1","champ:AdrenalArmor"],"relics":["champ:ChampionCrownUpgraded","champ:GladiatorsBookOfMartialProwess","downfall:HeartBlessingGreen","downfall:HeartBlessingRed","Nilry\u0027s Codex","downfall:RedIOU","Nunchaku"],"acts_visited":["Exordium","TheCity"],"potions_floor_usage":[11,12,27],"damage_taken":[{"damage":0,"enemies":"2 Louse","floor":2,"turns":3},{"damage":15,"enemies":"Cultist","floor":4,"turns":4},{"damage":10,"enemies":"Jaw Worm","floor":5,"turns":2},{"damage":0,"enemies":"3 Louse","floor":11,"turns":3},{"damage":2,"enemies":"Gremlin Nob","floor":12,"turns":4},{"damage":13,"enemies":"Red Slaver","floor":14,"turns":3},{"damage":26,"enemies":"Lots of Slimes","floor":15,"turns":5},{"damage":35,"enemies":"WA_ARCHETYPE_RETAIN","floor":16,"turns":11},{"damage":39,"enemies":"Spheric Guardian","floor":19,"turns":5},{"damage":35,"enemies":"downfall:FleeingMerchant","floor":23,"turns":4},{"damage":45,"enemies":"Shelled Parasite and Fungi","floor":25,"turns":5},{"damage":86,"enemies":"Slavers","floor":27,"turns":4}],"seed_played":"189813440629971345","potions_obtained":[{"floor":2,"key":"BlessingOfTheForge"},{"floor":4,"key":"LiquidMemories"},{"floor":5,"key":"DistilledChaos"},{"floor":15,"key":"Swift Potion"},{"floor":16,"key":"PowerPotion"},{"floor":19,"key":"champ:TechniquePotion"}],"is_trial":false,"path_per_floor":["R","M","?","M","M","R","T","R","?","R","M","E","R","M","M","B",null,"R","M","?","?","?","$","T","M","R","E"],"character_chosen":"THE_CHAMP","items_purchased":[],"campfire_rested":1,"item_purchase_floors":[],"current_hp_per_floor":[90,90,90,90,90,90,90,90,90,90,90,88,88,75,74,44,90,90,86,70,70,70,70,70,55,82,0,0,0],"gold":84,"neow_bonus":"RANDOM_COLORLESS_2","is_daily":false,"chose_seed":false,"campfire_upgraded":6,"win_rate":0.0,"timestamp":1611809793,"path_taken":["R","M","?","?","M","R","T","R","?","R","M","E","R","?","M","BOSS","R","M","?","?","?","$","T","M","R","E"],"items_purchased_type":[],"build_version":"2020-12-22","purchased_purges":0,"victory":false,"max_hp_per_floor":[90,90,90,90,90,90,90,90,90,90,90,90,90,90,90,90,90,90,90,90,90,90,90,90,90,90,90,90,90],"card_choices":[{"not_picked":["Sadistic Nature","Mayhem"],"picked":"Apotheosis","floor":0},{"not_picked":["champ:PreciseThrust","champ:Lariat"],"picked":"champ:DefensiveShout","floor":2},{"not_picked":["champ:GutPunch","champ:Backstep"],"picked":"champ:Duel","floor":4},{"not_picked":["champ:CrownThrow","champ:SetATrap"],"picked":"champ:Endure","floor":5},{"not_picked":["champ:FalseCounter","champ:ViciousMockery"],"picked":"champ:PreciseThrust","floor":11},{"not_picked":["champ:BringItOn","champ:PreciseThrust"],"picked":"champ:StanceDance","floor":12},{"not_picked":["champ:Duel","champ:FocusedBerserking"],"picked":"champ:SetATrap","floor":14},{"not_picked":["champ:CrookedStrike","champ:EnGarde"],"picked":"champ:AdrenalArmor","floor":15},{"not_picked":["champ:SwordThrow","champ:EnchantShield"],"picked":"champ:HoldFirm","floor":16},{"not_picked":["champ:Backstep+1","champ:TornadoPunch","champ:PerfectedStrike"],"picked":"SKIP","floor":19},{"not_picked":["champ:AdrenalArmor+1","champ:BladeFlurry"],"picked":"champ:Haymaker+1","floor":23},{"not_picked":["champ:StanceDance","champ:BerserkersShout"],"picked":"champ:AdrenalArmor","floor":25}],"player_experience":853647,"relics_obtained":[{"floor":7,"key":"Whetstone"},{"floor":12,"key":"champ:GladiatorsBookOfMartialProwess"},{"floor":20,"key":"Nilry\u0027s Codex"},{"floor":24,"key":"Nunchaku"}],"event_choices":[{"damage_healed":0,"gold_gain":0,"player_choice":"Forge","damage_taken":0,"max_hp_gain":0,"max_hp_loss":0,"event_name":"Accursed Blacksmith","floor":3,"gold_loss":0,"cards_upgraded":["champ:Taunt"]},{"damage_healed":0,"gold_gain":0,"player_choice":"Ignored","damage_taken":0,"max_hp_gain":0,"max_hp_loss":0,"event_name":"NoteForYourself","floor":9,"gold_loss":0}],"is_beta":false,"boss_relics":[{"not_picked":["Cursed Key","Astrolabe"],"picked":"champ:ChampionCrownUpgraded"}],"items_purged_floors":[],"is_endless":false,"potions_floor_spawned":[2,4,5,15,16,19],"killed_by":"Slavers","ascension_level":0}}