{"host":"cyiefo55v5hz1ih5","time":1611811058,"event":{"mods":["2.2 Compatiblity","AchievementEnabler","BaseMod","Downfall","GifTheSpireLib","Hubris","Minty Spire (QoL Compilation)","Replay The Spire","Spicy Shops","StSLib"],"gold_per_floor":[99,118,118,118,134,134,134,161,161,171,171,188,188,200,214,316,316,216,227,243,260,170,270,270,25,60,70,70,80,80,96,115,219,219,119,133,151,151,171,171,171,75,75,93,117,117,148,48,67,67,67,67],"floor_reached":50,"language":"ENG","playtime":3830,"items_purged":["downfall:Malfunctioning","bronze:Strike","bronze:Defend+1"],"score":521,"play_id":"f0e10849-164d-4e7b-ae41-43c3b9c2fbd0","local_time":"20210128001738","is_ascension_mode":false,"campfire_choices":[{"floor":1,"key":"DIG"},{"floor":6,"key":"RECALL"},{"data":"bronze:InfiniteBeams","floor":9,"key":"SMITH"},{"data":"bronze:MaxOutput","floor":18,"key":"SMITH"},{"data":"bronze:DonuBeam","floor":30,"key":"SMITH"},{"data":"bronze:DecaBeam","floor":35,"key":"SMITH"},{"data":"bronze:Separator","floor":40,"key":"SMITH"},{"data":"bronze:Replicate","floor":43,"key":"SMITH"},{"data":"bronze:Safeguard","floor":48,"key":"SMITH"}],"circlet_count":0,"master_deck":["bronze:Defend+1","bronze:Defend+1","bronze:Defend+1","bronze:Replicate+1","bronze:Goto+1","bronze:Separator+1","bronze:InfiniteBeams+1","bronze:Safeguard+1","bronze:MaxOutput+1","bronze:Assembly+1","bronze:Format+1","bronze:WhirlingStrike+1","bronze:Repair+1","bronze:DonuBeam+1","bronze:DecaBeam+1","bronze:Verify+1","bronze:Repulsor+1","bronze:Safeguard+1","bronze:ItsAFeature+1","bronze:BronzeArmor+1","bronze:AlphaBuild+1"],"relics":["bronze:PlatinumCore","Du-Vu Doll","Golden Egg","Guardian:PocketSentry","CultistMask","downfall:HeartBlessingRed","Replay:Bottled Eggs","MealTicket","hubris:ScarierMask","downfall:HeartBlessingBlue","champ:DuelingGlove","Counterbalance","Blue Doll","Meat on the Bone","downfall:HeartBlessingGreen"],"acts_visited":["Exordium","TheCity","TheBeyond"],"potions_floor_usage":[23,25,25,26,33,42,47,47],"damage_taken":[{"damage":3,"enemies":"2 Louse","floor":2,"turns":3},{"damage":0,"enemies":"Cultist","floor":5,"turns":3},{"damage":22,"enemies":"Gremlin Nob","floor":8,"turns":4},{"damage":0,"enemies":"Jaw Worm","floor":10,"turns":3},{"damage":3,"enemies":"Gremlin Gang","floor":12,"turns":3},{"damage":0,"enemies":"2 Fungi Beasts","floor":14,"turns":3},{"damage":9,"enemies":"Exordium Thugs","floor":15,"turns":3},{"damage":17,"enemies":"WA_ARCHETYPE_RETAIN","floor":16,"turns":6},{"damage":0,"enemies":"Shell Parasite","floor":19,"turns":3},{"damage":0,"enemies":"Spheric Guardian","floor":20,"turns":3},{"damage":9,"enemies":"Snake Plant","floor":21,"turns":4},{"damage":0,"enemies":"downfall:FleeingMerchant","floor":22,"turns":4},{"damage":17,"enemies":"downfall:FleeingMerchant","floor":23,"turns":6},{"damage":0,"enemies":"downfall:FleeingMerchant","floor":25,"turns":4},{"damage":7,"enemies":"Gremlin Leader","floor":26,"turns":5},{"damage":0,"enemies":"Shelled Parasite and Fungi","floor":27,"turns":5},{"damage":0,"enemies":"3 Cultists","floor":29,"turns":3},{"damage":0,"enemies":"Snake Plant","floor":31,"turns":3},{"damage":0,"enemies":"Shelled Parasite and Fungi","floor":32,"turns":2},{"damage":10,"enemies":"DF_ARCHETYPE_CLAW","floor":33,"turns":8},{"damage":12,"enemies":"3 Shapes","floor":36,"turns":5},{"damage":0,"enemies":"3 Darklings","floor":37,"turns":2},{"damage":12,"enemies":"Maw","floor":39,"turns":7},{"damage":8,"enemies":"downfall:FleeingMerchant","floor":42,"turns":3},{"damage":0,"enemies":"4 Shapes","floor":44,"turns":3},{"damage":9,"enemies":"Nemesis","floor":47,"turns":7},{"damage":13,"enemies":"Writhing Mass","floor":49,"turns":6},{"damage":80,"enemies":"SI_POISON_ARCHETYPE","floor":50,"turns":5}],"seed_played":"-344573212660119353","potions_obtained":[{"floor":8,"key":"Toxic Potion"},{"floor":10,"key":"GamblersBrew"},{"floor":15,"key":"Strength Potion"},{"floor":19,"key":"bronze:FreeFunctionsPotion"},{"floor":23,"key":"Dexterity Potion"},{"floor":29,"key":"sneckomod:MuddlingPotion"},{"floor":32,"key":"Flashbang"},{"floor":37,"key":"bronze:FreeFunctionsPotion"},{"floor":39,"key":"FearPotion"},{"floor":46,"key":"bronze:CleanCodePotion"},{"floor":46,"key":"GamblersBrew"},{"floor":46,"key":"Fire Potion"}],"is_trial":false,"path_per_floor":["R","M","?","?","M","R","T","E","R","M","?","M","?","M","M","B",null,"R","M","M","M","$","?","T","$","E","M","?","M","R","M","M","B",null,"R","M","M","?","M","R","T","$","R","M","?","?","E","R","M","B"],"character_chosen":"THE_AUTOMATON","items_purchased":["Replay:Bottled Eggs","Counterbalance"],"campfire_rested":0,"item_purchase_floors":[25,42],"current_hp_per_floor":[70,67,67,67,67,67,67,45,45,45,45,42,42,42,33,16,70,70,70,70,61,70,63,63,63,63,70,70,70,70,70,70,70,70,80,73,73,73,71,71,71,72,72,80,80,80,71,71,68,0,0,0],"gold":67,"neow_bonus":"UPGRADE_CARD","is_daily":false,"chose_seed":false,"campfire_upgraded":7,"win_rate":0.0,"timestamp":1611811058,"path_taken":["R","M","?","?","M","R","T","E","R","?","?","M","?","M","M","BOSS","R","M","M","?","$","?","T","?","E","M","?","M","R","?","M","BOSS","R","M","M","?","M","R","T","$","R","?","?","?","E","R","M","BOSS"],"items_purchased_type":["Relic","Relic"],"build_version":"2020-12-22","purchased_purges":3,"victory":false,"max_hp_per_floor":[70,70,70,70,70,70,70,70,70,70,70,70,70,70,70,70,70,70,70,70,70,70,70,70,70,70,70,70,70,70,70,70,70,70,80,80,80,80,80,80,80,80,80,80,80,80,80,80,80,80,80,80],"card_choices":[{"not_picked":["bronze:WildBeam","bronze:FineTuning","bronze:DelayedSlice"],"picked":"SKIP","floor":2},{"not_picked":["bronze:BitShift","bronze:Overheat"],"picked":"bronze:Separator","floor":5},{"not_picked":["bronze:Repulsor","bronze:BitShift"],"picked":"bronze:InfiniteBeams","floor":8},{"not_picked":["bronze:CutThrough","bronze:Shell"],"picked":"bronze:Safeguard","floor":10},{"not_picked":["bronze:BugBarrage","bronze:Deprecate"],"picked":"bronze:MaxOutput","floor":12},{"not_picked":["bronze:DelayedSlice","bronze:Overheat","bronze:Shield"],"picked":"SKIP","floor":14},{"not_picked":["bronze:Separator","bronze:MaxOutput"],"picked":"bronze:Assembly","floor":15},{"not_picked":["bronze:CleanCode","bronze:Verify"],"picked":"bronze:Format","floor":16},{"not_picked":["bronze:ForLoop+1","bronze:WildBeam+1"],"picked":"bronze:WhirlingStrike+1","floor":19},{"not_picked":["bronze:Frontload+1","bronze:FineTuning+1","bronze:DelayedGuard"],"picked":"SKIP","floor":20},{"not_picked":["bronze:NullPointer","bronze:Frontload"],"picked":"bronze:Repair+1","floor":21},{"not_picked":["bronze:Frontload+1","bronze:DelayedSlice","bronze:Separator"],"picked":"SKIP","floor":22},{"not_picked":[],"picked":"bronze:DonuBeam","floor":23},{"not_picked":[],"picked":"bronze:DecaBeam","floor":23},{"not_picked":["bronze:OilSpill","bronze:Branch+1","bronze:NullPointer+1"],"picked":"SKIP","floor":25},{"not_picked":["bronze:Allocate","bronze:FineTuning","bronze:MaxOutput"],"picked":"SKIP","floor":26},{"not_picked":["bronze:Branch","bronze:InfiniteBeams","bronze:WildBeam"],"picked":"SKIP","floor":27},{"not_picked":["bronze:Frontload","bronze:Return+1","bronze:WhirlingStrike"],"picked":"SKIP","floor":29},{"not_picked":["bronze:Repair","bronze:OilSpill","bronze:ItsAFeature"],"picked":"SKIP","floor":31},{"not_picked":["bronze:BitShift","bronze:ChildClass","bronze:WhirlingStrike"],"picked":"SKIP","floor":32},{"not_picked":["bronze:TinkerersToolbox","bronze:Hardcode"],"picked":"bronze:Verify","floor":33},{"not_picked":["bronze:Iterate+1","bronze:CutThrough+1"],"picked":"bronze:Repulsor+1","floor":36},{"not_picked":["bronze:Deprecate","bronze:MaxOutput+1","bronze:Allocate"],"picked":"SKIP","floor":37},{"not_picked":["bronze:CutThrough","bronze:Backtrace+1","bronze:Safeguard+1"],"picked":"SKIP","floor":39},{"not_picked":["bronze:CutThrough","bronze:Backtrace+1"],"picked":"bronze:Safeguard+1","floor":39},{"not_picked":["bronze:Turbo+1","bronze:Refactor+1"],"picked":"bronze:ItsAFeature+1","floor":42},{"not_picked":["bronze:Separator+1","bronze:Fortify+1"],"picked":"bronze:BronzeArmor+1","floor":44},{"not_picked":["bronze:Separator","bronze:Overheat"],"picked":"bronze:AlphaBuild","floor":47},{"not_picked":["bronze:Iterate+1","bronze:Turbo","bronze:Flail+1"],"picked":"SKIP","floor":49}],"player_experience":799706,"relics_obtained":[{"floor":1,"key":"Du-Vu Doll"},{"floor":7,"key":"Golden Egg"},{"floor":8,"key":"Guardian:PocketSentry"},{"floor":26,"key":"MealTicket"},{"floor":41,"key":"champ:DuelingGlove"},{"floor":45,"key":"Blue Doll"},{"floor":47,"key":"Meat on the Bone"}],"event_choices":[{"damage_healed":0,"gold_gain":0,"player_choice":"Trade","damage_taken":0,"relics_obtained":["CultistMask"],"max_hp_gain":0,"max_hp_loss":0,"event_name":"FaceTrader","floor":13,"gold_loss":0},{"damage_healed":0,"gold_gain":0,"player_choice":"Got Potions","damage_taken":0,"max_hp_gain":0,"max_hp_loss":0,"event_name":"Lab","floor":46,"gold_loss":0}],"is_beta":false,"boss_relics":[{"not_picked":["ChewingGum","hubris:Stopwatch"],"picked":"bronze:PlatinumCore"},{"not_picked":["bronze:MakeshiftBattery","Velvet Choker"],"picked":"hubris:ScarierMask"}],"items_purged_floors":[22,25,42],"is_endless":false,"potions_floor_spawned":[8,10,15,19,21,23,29,32,37,39],"killed_by":"SI_POISON_ARCHETYPE","ascension_level":0}}