{"host":"va904f3s24glxxej","time":1611837522,"event":{"mods":["AchievementEnabler","BaseMod","Colored Powertips","Downfall","Hubris","Minty Spire (QoL Compilation)","Replay The Spire","StSLib","The Necromancer"],"gold_per_floor":[99,99,199,299,299,334,334,344,32,57,79,64,64,98,113,218,218,118,137,147,32,32,32,32,32],"floor_reached":23,"language":"ENG","playtime":1172,"items_purged":["bronze:Strike","bronze:Defend"],"score":251,"play_id":"b062bafa-5327-4268-be9b-c12540620b00","local_time":"20210128123842","is_ascension_mode":true,"campfire_choices":[{"data":"bronze:Replicate","floor":1,"key":"SMITH"},{"floor":13,"key":"REST"},{"data":"bronze:Virus","floor":18,"key":"SMITH"}],"circlet_count":0,"master_deck":["bronze:Strike","bronze:Strike","bronze:Strike","bronze:Defend","bronze:Defend","bronze:Defend","bronze:Replicate+1","bronze:Goto","bronze:Terminator","bronze:InfiniteBeams","bronze:WhirlingStrike","bronze:Constructor","bronze:InfiniteBeams","bronze:Flail","bronze:Flail","bronze:Virus+1","bronze:ChosenStrike","bronze:Verify","bronze:NullPointer","bronze:HyperBeam"],"relics":["bronze:BronzeCore","downfall:HeartsMalice","Bronze Scales","Dream Catcher","Lee\u0027s Waffle","Calipers","Odd Mushroom","Meat on the Bone","hubris:ScarierMask","downfall:HeartBlessingGreen","downfall:KnowingSkull"],"acts_visited":["Exordium","TheCity"],"potions_floor_usage":[9,16,20,21],"damage_taken":[{"damage":0,"enemies":"Cultist","floor":2,"turns":1},{"damage":0,"enemies":"2 Louse","floor":5,"turns":1},{"damage":0,"enemies":"Gremlin Nob","floor":6,"turns":1},{"damage":7,"enemies":"Jaw Worm","floor":8,"turns":2},{"damage":10,"enemies":"downfall:FleeingMerchant","floor":9,"turns":4},{"damage":12,"enemies":"Replay:BlueRogue","floor":10,"turns":5},{"damage":18,"enemies":"The Mushroom Lair","floor":11,"turns":2},{"damage":5,"enemies":"downfall:FleeingMerchant","floor":12,"turns":4},{"damage":9,"enemies":"3 Sentries","floor":14,"turns":2},{"damage":0,"enemies":"Lots of Slimes","floor":15,"turns":1},{"damage":47,"enemies":"DF_ARCHETYPE_STREAMLINE","floor":16,"turns":8},{"damage":12,"enemies":"Chosen","floor":19,"turns":4},{"damage":38,"enemies":"Shell Parasite","floor":20,"turns":4},{"damage":9,"enemies":"downfall:FleeingMerchant","floor":21,"turns":4},{"damage":43,"enemies":"Book of Stabbing","floor":23,"turns":4}],"seed_played":"-5086126258016795870","potions_obtained":[{"floor":6,"key":"SpeedPotion"},{"floor":8,"key":"PowerPotion"},{"floor":14,"key":"SkillPotion"},{"floor":16,"key":"bronze:CleanCodePotion"},{"floor":19,"key":"hexamod:SoulburnPotion"}],"is_trial":false,"path_per_floor":["R","M","?","?","M","E","T","M","$","E","?","$","R","E","M","B",null,"R","M","M","$","?","E"],"character_chosen":"THE_AUTOMATON","items_purchased":["Lee\u0027s Waffle","bronze:InfiniteBeams"],"campfire_rested":1,"item_purchase_floors":[9,9],"current_hp_per_floor":[70,70,70,70,70,70,70,63,77,65,47,42,65,56,56,21,77,77,65,39,42,35,0,0,0],"gold":32,"neow_bonus":"THREE_ENEMY_KILL","is_daily":false,"chose_seed":false,"campfire_upgraded":2,"win_rate":0.0,"timestamp":1611837522,"path_taken":["R","?","?","?","?","E","T","M","$","E","?","?","R","E","M","BOSS","R","M","M","$","?","E"],"items_purchased_type":["Relic","Card"],"build_version":"2020-12-22","purchased_purges":2,"victory":false,"max_hp_per_floor":[70,70,70,70,70,70,70,70,77,77,77,77,77,77,77,77,77,77,77,77,77,77,77,77,77],"card_choices":[{"not_picked":["bronze:DelayedGuard","bronze:FollowUp"],"picked":"bronze:Terminator","floor":2},{"not_picked":["bronze:DelayedSlice","bronze:FineTuning"],"picked":"bronze:InfiniteBeams","floor":5},{"not_picked":["bronze:BugBarrage","bronze:BuggyMess"],"picked":"bronze:WhirlingStrike","floor":6},{"not_picked":["bronze:WildBeam","bronze:DelayedSlice"],"picked":"bronze:Constructor","floor":8},{"not_picked":["bronze:Shield","bronze:WhirlingStrike","bronze:Branch"],"picked":"SKIP","floor":9},{"not_picked":["bronze:Repulsor","bronze:ForceShield"],"picked":"bronze:Flail","floor":10},{"not_picked":["bronze:Repulsor","bronze:Refactor","bronze:ChildClass"],"picked":"SKIP","floor":12},{"not_picked":["bronze:Constructor","bronze:Shield"],"picked":"bronze:Flail","floor":13},{"not_picked":["bronze:Overheat","bronze:ClassDefault"],"picked":"bronze:Virus","floor":14},{"not_picked":["bronze:WildBeam","bronze:WhirlingStrike"],"picked":"bronze:ChosenStrike","floor":15},{"not_picked":["bronze:SpaghettiCode","bronze:FindAndReplace"],"picked":"bronze:Verify","floor":16},{"not_picked":["bronze:Frontload","bronze:ClassDefault+1","bronze:Constructor"],"picked":"SKIP","floor":19},{"not_picked":["bronze:Overload+1","bronze:BugBarrage"],"picked":"bronze:NullPointer","floor":20},{"not_picked":["bronze:Overheat","bronze:OilSpill"],"picked":"bronze:HyperBeam","floor":21}],"player_experience":773615,"relics_obtained":[{"floor":6,"key":"Bronze Scales"},{"floor":7,"key":"Dream Catcher"},{"floor":10,"key":"Calipers"},{"floor":11,"key":"Odd Mushroom"},{"floor":14,"key":"Meat on the Bone"}],"event_choices":[{"damage_healed":0,"gold_gain":0,"player_choice":"Fought Mushrooms","damage_taken":0,"max_hp_gain":0,"max_hp_loss":0,"event_name":"Mushrooms","floor":11,"gold_loss":0}],"is_beta":false,"boss_relics":[{"not_picked":["hubris:Stopwatch","hubris:RunicObelisk"],"picked":"hubris:ScarierMask"}],"items_purged_floors":[9,21],"is_endless":false,"potions_floor_spawned":[6,8,14,16,19],"killed_by":"Book of Stabbing","ascension_level":2}}