{"host":"h5acbxt0wmjo1kpm","time":1611813282,"event":{"mods":["2.2 Compatiblity","Act Like it!","AlwaysNeverKeys","Aspiration","Bard","Bartender","BaseMod","Better Third Choice","Colored Map","Downfall","Elementarium","Gensokyo","GifTheSpireLib","Hallownest","Marisa????????","Menagerie","Minty Spire (QoL Compilation)","Permanent Neow","Potionbrewer","Quick Restart","Relic Filter","Reliquary","Replay The Spire","Robot Space Explorer","RumiaBox-????????","Shade Mod","Spicy Shops","StSLib","Strawberry Spire","The Blackbeard","The Dragon Tamer","The Gatherer","The Hayseed","The Problem Sleuth","The Servant 0.9.4","Wandering Minibosses","Wide Potions"],"gold_per_floor":[99,113,130,141,153,153,180,190,115,151,151,164,67,106,206,206,206,206],"floor_reached":16,"language":"ENG","playtime":1464,"items_purged":[],"score":98,"play_id":"1c5ab8e2-71e9-41ff-8b12-aa24f0a76ad5","local_time":"20210127215442","is_ascension_mode":false,"campfire_choices":[{"data":"bronze:CloningBeam","floor":11,"key":"SMITH"}],"circlet_count":0,"master_deck":["bronze:Defend","bronze:Defend","bronze:Defend","bronze:Defend","bronze:Replicate","bronze:Goto","bronze:Iterate","bronze:Optimize","bronze:ChildClass","bronze:Repulsor","bronze:FineTuning","Finisher","Underhanded Strike","strawberrySpire:SideSwipe","bronze:FineTuning","Hallownest:skillGreenpathMap","bronze:CloningBeam+1","bronze:Overload","bronze:Assembly","bronze:MaxOutput+1","bronze:Branch","bronze:GetLatest"],"relics":["bronze:BronzeCore","NeowsBlessing","Omamori"],"acts_visited":["Hallownest:Greenpath"],"potions_floor_usage":[13,15,16],"damage_taken":[{"damage":0,"enemies":"Hallownest:2_MossCreeps","floor":2,"turns":1},{"damage":0,"enemies":"Hallownest:2_Tiktiks_and_1_Crawlid","floor":3,"turns":2},{"damage":0,"enemies":"2_ Uuma","floor":4,"turns":1},{"damage":3,"enemies":"Hallownest:Wandering_and_Horned","floor":5,"turns":5},{"damage":17,"enemies":"Hallownest:Guard_and_Warrior","floor":8,"turns":4},{"damage":0,"enemies":"Hallownest:monsterMossCharger","floor":10,"turns":5},{"damage":12,"enemies":"Hallownest:MossCreep_and_Mosskin","floor":12,"turns":5},{"damage":0,"enemies":"downfall:FleeingMerchant","floor":13,"turns":4},{"damage":11,"enemies":"Hallownest:Wandering_and_Horned","floor":14,"turns":5},{"damage":7,"enemies":"Hallownest:monsterMossCharger","floor":15,"turns":6},{"damage":23,"enemies":"SI_SHIV_ARCHETYPE","floor":16,"turns":3}],"seed_played":"-6855402090167046231","potions_obtained":[{"floor":4,"key":"hexamod:SoulburnPotion"},{"floor":12,"key":"hexamod:SoulburnPotion"},{"floor":14,"key":"BlessingOfTheForge"}],"is_trial":false,"path_per_floor":["R_BF","M","M","M","M","?","T","M","?","M","R","M","$","M","M","B"],"character_chosen":"THE_AUTOMATON","items_purchased":["bronze:MaxOutput+1"],"campfire_rested":0,"item_purchase_floors":[13],"current_hp_per_floor":[70,70,70,70,67,67,67,50,50,50,50,38,38,27,20,0,0,0],"gold":206,"neow_bonus":"THREE_ENEMY_KILL","is_daily":false,"chose_seed":false,"campfire_upgraded":1,"win_rate":0.0,"timestamp":1611813282,"path_taken":["R_BF","M","?","M","M","?","T","?","?","M","R","M","$","M","M","BOSS"],"items_purchased_type":["Card"],"build_version":"2020-12-22","purchased_purges":0,"victory":false,"max_hp_per_floor":[70,70,70,70,70,70,70,70,70,70,70,70,70,70,70,70,70,70],"card_choices":[{"not_picked":["bronze:Frontload","bronze:DelayedSlice"],"picked":"bronze:Optimize","floor":2},{"not_picked":["bronze:Frontload","bronze:NullPointer"],"picked":"bronze:ChildClass","floor":3},{"not_picked":["bronze:BuggyMess","bronze:DelayedSlice"],"picked":"bronze:Repulsor","floor":4},{"not_picked":["bronze:Overheat","bronze:Philosophize"],"picked":"bronze:FineTuning","floor":5},{"not_picked":["bronze:Frontload","bronze:BuggyMess"],"picked":"bronze:FineTuning","floor":8},{"not_picked":["bronze:WildBeam","bronze:Invalidate"],"picked":"bronze:CloningBeam","floor":10},{"not_picked":["bronze:OilSpill","bronze:BugBarrage"],"picked":"bronze:Overload","floor":12},{"not_picked":["bronze:Return","bronze:Optimize"],"picked":"bronze:Assembly","floor":13},{"not_picked":["bronze:Turbo","bronze:Overheat"],"picked":"bronze:Branch","floor":14},{"not_picked":["bronze:Invalidate","bronze:OilSpill"],"picked":"bronze:GetLatest","floor":15}],"player_experience":2629626,"relics_obtained":[{"floor":7,"key":"Omamori"}],"event_choices":[],"is_beta":false,"boss_relics":[],"items_purged_floors":[],"is_endless":false,"potions_floor_spawned":[4,10,12,14],"killed_by":"SI_SHIV_ARCHETYPE","ascension_level":0}}