{"host":"n9lc5i44t98l6pio","time":1611816054,"event":{"mods":["BaseMod","Curses Come First","Downfall","Minty Spire (QoL Compilation)","Replay The Spire","Say the Spire","StSLib"],"gold_per_floor":[99,111,128,128,128,28,28,70,70,105,51,43,28,28,41,148,148,148,173,203,203,319,323,323,323],"floor_reached":23,"language":"ENG","playtime":1170,"items_purged":[],"score":210,"play_id":"f6242561-45a8-475f-b24d-45a9080bb090","local_time":"20210128074054","is_ascension_mode":false,"campfire_choices":[{"floor":1.0,"key":"RECALL"},{"floor":6.0,"key":"REST"},{"floor":9.0,"key":"REST"},{"floor":18,"key":"DIG"}],"circlet_count":0,"master_deck":["hexamod:Strike+1","hexamod:Strike+1","hexamod:Strike","hexamod:Strike","hexamod:Defend","hexamod:Defend","hexamod:Defend+1","hexamod:Defend","hexamod:Sear+1","hexamod:Float+1","The Bomb+1","hexamod:SoulSteal","hexamod:GhostShield+1","hexamod:FifthSeal","hexamod:SixthSeal","hexamod:FlamesFromBeyond","hexamod:ThirdSeal","hexamod:SpectersWail","ReplayTheSpireMod:IOU","ReplayTheSpireMod:IOU","hexamod:Incineration","hexamod:GhostOfSpireFuture","PanicButton+1","hexamod:HauntingEcho","hexamod:Again","hexamod:FourthSeal","hexamod:ThirdSeal","hexamod:SecondSeal","hexamod:FirstSeal","hexamod:AdvancingGuard+1","hexamod:GhostOfSpirePresent+1","hexamod:SixthSeal","hexamod:ShieldOfDarkness","hexamod:FastForward","hexamod:TimeOfNeed","hexamod:BurningTouch+1","hexamod:SixthSeal","hexamod:SearingWound+1","hexamod:UnlimitedPower","hexamod:AdvancingGuard","hexamod:ShieldOfDarkness","hexamod:SkipABeat+1","hexamod:HeatMetal+1","hexamod:Firestarter"],"relics":["hexamod:SpiritBrand","Replay:Baseball","downfall:HeartBlessingRed","Pear","Calipers","Sundial","Replay:Wax Seal","BargainBundle","SacredBark","Replay:Bandana","Pondfish Scales","Kunai"],"acts_visited":["Exordium","TheCity"],"potions_floor_usage":[22,22],"damage_taken":[{"damage":5.0,"enemies":"Jaw Worm","floor":2.0,"turns":4.0},{"damage":10.0,"enemies":"Small Slimes","floor":3.0,"turns":3.0},{"damage":16.0,"enemies":"Lagavulin","floor":10.0,"turns":6.0},{"damage":0.0,"enemies":"downfall:FleeingMerchant","floor":11.0,"turns":4.0},{"damage":0.0,"enemies":"downfall:FleeingMerchant","floor":13.0,"turns":4.0},{"damage":9.0,"enemies":"2 Louse","floor":15.0,"turns":5.0},{"damage":50.0,"enemies":"SI_SHIV_ARCHETYPE","floor":16.0,"turns":10.0},{"damage":4,"enemies":"Shell Parasite","floor":19,"turns":5},{"damage":7,"enemies":"Centurion and Healer","floor":20,"turns":6},{"damage":46,"enemies":"DF_ARCHETYPE_STREAMLINE","floor":22,"turns":13},{"damage":37,"enemies":"Book of Stabbing","floor":23,"turns":4}],"seed_played":"7613175002935913952","potions_obtained":[{"floor":3.0,"key":"Adrenaline Potion"},{"floor":10.0,"key":"Milkshake"},{"floor":15.0,"key":"Energy Potion"},{"floor":20,"key":"Dexterity Potion"}],"is_trial":false,"path_per_floor":["R","M","M","?","?","R","T","?","R","E","$","?","$","?","M","B",null,"R","M","M","?","?","E"],"character_chosen":"THE_SPIRIT","items_purchased":["Replay:Wax Seal","BargainBundle","hexamod:Incineration","hexamod:GhostOfSpireFuture","Dexterity Potion","Adrenaline Potion","EssenceOfSteel","PanicButton","hexamod:HauntingEcho","hexamod:Again","hexamod:InspiringFlames"],"campfire_rested":2,"item_purchase_floors":[11,11,11,11,11,11,11,11,11,11,11],"current_hp_per_floor":[49,44,34,22,22,43,53,53,77,61,61,54,61,61,59,9,80,80,80,80,80,34,0,0,0],"gold":323,"neow_bonus":"RANDOM_COLORLESS_2","is_daily":false,"chose_seed":false,"campfire_upgraded":0,"win_rate":0.0,"timestamp":1611816054,"path_taken":["R","M","M","?","?","R","T","?","R","E","$","?","$","?","M","BOSS","R","M","M","?","?","E"],"items_purchased_type":["Relic","Relic","Card","Card","Potion","Potion","Potion","Card","Card","Card","Card"],"build_version":"2020-12-22","purchased_purges":0,"victory":false,"max_hp_per_floor":[70,70,70,70,70,70,80,80,80,80,80,80,80,80,80,80,80,80,80,80,80,80,80,80,80],"card_choices":[{"not_picked":["Chrysalis","Sadistic Nature"],"picked":"The Bomb","floor":0.0},{"not_picked":["hexamod:GhostShield","hexamod:RadiantFlame"],"picked":"hexamod:SoulSteal","floor":2.0},{"not_picked":["hexamod:NightmareStrike","hexamod:BacktrackSmack"],"picked":"hexamod:GhostShield","floor":3.0},{"not_picked":["hexamod:PhantomFireball","hexamod:FlamesFromBeyond"],"picked":"hexamod:FifthSeal","floor":8.0},{"not_picked":["hexamod:SecondSeal","hexamod:FirstSeal"],"picked":"hexamod:SixthSeal","floor":10.0},{"not_picked":["hexamod:ThermalTransfer","hexamod:Firestarter"],"picked":"hexamod:FlamesFromBeyond","floor":10.0},{"not_picked":["hexamod:SecondSeal","hexamod:FourthSeal"],"picked":"hexamod:ThirdSeal","floor":11.0},{"not_picked":["hexamod:InspiringFlames","hexamod:DynamicBlow"],"picked":"hexamod:SpectersWail","floor":11.0},{"not_picked":["hexamod:BacktrackSmack","hexamod:HauntingEcho"],"picked":"hexamod:AdvancingGuard","floor":13.0},{"not_picked":["hexamod:ChargedBarrage","hexamod:AdvancingGuard"],"picked":"hexamod:GhostOfSpirePresent","floor":13.0},{"not_picked":["hexamod:ThirdSeal","hexamod:SecondSeal"],"picked":"hexamod:SixthSeal","floor":13.0},{"not_picked":["hexamod:Haunt","hexamod:BacktrackSmack"],"picked":"hexamod:ShieldOfDarkness","floor":13.0},{"not_picked":["hexamod:ShieldOfDarkness","hexamod:Hexaguard"],"picked":"hexamod:FastForward","floor":15.0},{"not_picked":["hexamod:SpectersWail","hexamod:GhostShield"],"picked":"hexamod:TimeOfNeed","floor":15.0},{"not_picked":["hexamod:FastForward","hexamod:HauntingEcho"],"picked":"hexamod:BurningTouch","floor":15.0},{"not_picked":["hexamod:TurnItUp","hexamod:GiftsFromTheDead"],"picked":"hexamod:SixthSeal","floor":16.0},{"not_picked":["hexamod:TurnItUp","hexamod:TimeWarp"],"picked":"hexamod:SearingWound","floor":16.0},{"not_picked":["hexamod:FifthSeal","hexamod:SearingWound"],"picked":"hexamod:UnlimitedPower","floor":16.0},{"not_picked":["hexamod:InspiringFlames","hexamod:Haunt"],"picked":"hexamod:AdvancingGuard","floor":19},{"not_picked":["hexamod:EtherealExpedition+1","hexamod:GhostLash"],"picked":"hexamod:ShieldOfDarkness","floor":19},{"not_picked":["hexamod:NightmareGuise","hexamod:HeatCrush+1"],"picked":"hexamod:SkipABeat","floor":20},{"not_picked":["hexamod:SpectralAdrenaline+1","hexamod:Again"],"picked":"hexamod:HeatMetal+1","floor":20},{"not_picked":["hexamod:HeatMetal+1","hexamod:ShieldOfDarkness"],"picked":"hexamod:Firestarter","floor":22}],"player_experience":216109,"relics_obtained":[{"floor":7.0,"key":"Pear"},{"floor":8.0,"key":"Calipers"},{"floor":10.0,"key":"Sundial"},{"floor":18,"key":"Replay:Bandana"},{"floor":22,"key":"Pondfish Scales"},{"floor":22,"key":"Kunai"}],"event_choices":[{"damage_healed":0.0,"max_hp_gain":0.0,"max_hp_loss":0.0,"gold_gain":0.0,"event_name":"Scrap Ooze","player_choice":"Success","floor":4.0,"gold_loss":0.0,"damage_taken":12.0,"relics_obtained":["Replay:Baseball"]},{"damage_healed":0.0,"max_hp_gain":0.0,"max_hp_loss":0.0,"gold_gain":0.0,"event_name":"Living Wall","player_choice":"Grow","floor":5.0,"gold_loss":0.0,"damage_taken":0.0,"cards_upgraded":["The Bomb"]}],"is_beta":false,"boss_relics":[{"not_picked":["Replay:Grab Bag","Empty Cage"],"picked":"SacredBark"}],"items_purged_floors":[],"is_endless":false,"potions_floor_spawned":[3,10,20],"killed_by":"Book of Stabbing","ascension_level":0}}