{"host":"Mute","time":1611845002,"event":{"mods":["BaseMod","Colored Map","Downfall","Minty Spire (QoL Compilation)","StSLib"],"gold_per_floor":[99,117,128,145,163,163,163,163,181,216,216,243,259,277,292,391,391,391,404,169,269,301,301,325,325,340,340,353,387,418,446,456,557,557,557,567,782,792,819,853,876,576,610,610,628,655,655,705,724,724,724,751,322,322,322,322,322,322],"floor_reached":56,"language":"ENG","playtime":4767,"items_purged":["Slimebound:Strike_Slimebound","Slimebound:Defend_Slimebound","Slimebound:Strike_Slimebound"],"score":1235,"play_id":"e3a94196-d5c8-404b-a1c9-85173c28804b","local_time":"20210128094322","is_ascension_mode":true,"campfire_choices":[{"data":"Sadistic Nature","floor":1,"key":"SMITH"},{"data":"Slimebound:GoopSpray","floor":11,"key":"SMITH"},{"data":"Slimebound:CorrosiveSpit","floor":18,"key":"SMITH"},{"data":"Slimebound:AcidTongue","floor":23,"key":"SMITH"},{"data":"Slimebound:Defend_Slimebound","floor":25,"key":"SMITH"},{"floor":35,"key":"RECALL"},{"data":"Slimebound:GoopSpray","floor":42,"key":"SMITH"},{"data":"Slimebound:Recollect","floor":44,"key":"SMITH"},{"floor":54,"key":"REST"}],"circlet_count":0,"master_deck":["Slimebound:Strike_Slimebound","Slimebound:Tackle","Slimebound:Defend_Slimebound+1","Slimebound:Defend_Slimebound","Slimebound:Split","Slimebound:CorrosiveSpit+1","Sadistic Nature+1","Slimebound:RejuvenatingLick+1","Slimebound:GoopSpray+1","Slimebound:LeechingTouch","Slimebound:ItLooksTasty","Slimebound:HauntingLick","Slimebound:MegaLick+1","Slimebound:HauntingLick","Slimebound:ItLooksTasty","Slimebound:AcidTongue+1","Slimebound:Grow+1","Slimebound:LivingWall","Slimebound:GoopSpray+1","Slimebound:SplitMire+1","Slimebound:Recollect+1","Slimebound:GoopSpray+1","Slimebound:SpikyOuterGoop","Slimebound:GoopSpray"],"relics":["Slimebound:AbsorbEndCombat","WingedGreaves","Unceasing Top","Blood Vial","SlaversCollar","Sling","Slimebound:SlimedSkullRelic","Bottled Lightning","Red Mask","Ancient Tea Set","Regal Pillow","Pantograph","War Paint","Sozu","Bag of Marbles","Juzu Bracelet","downfall:HeartBlessingRed","downfall:HeartBlessingGreen","downfall:HeartBlessingBlue","Sundial","Akabeko","Dead Branch","Strawberry","Slimebound:AggressiveSlimeRelic","ClockworkSouvenir"],"acts_visited":["Exordium","TheCity","TheBeyond","TheEnding"],"potions_floor_usage":[12,16,30,31,56],"damage_taken":[{"damage":6,"enemies":"Jaw Worm","floor":2,"turns":3},{"damage":5,"enemies":"Small Slimes","floor":3,"turns":3},{"damage":0,"enemies":"2 Louse","floor":4,"turns":1},{"damage":2,"enemies":"Blue Slaver","floor":5,"turns":3},{"damage":14,"enemies":"Exordium Wildlife","floor":9,"turns":4},{"damage":0,"enemies":"Gremlin Nob","floor":10,"turns":3},{"damage":2,"enemies":"Lagavulin","floor":12,"turns":3},{"damage":7,"enemies":"2 Fungi Beasts","floor":13,"turns":3},{"damage":0,"enemies":"Large Slime","floor":14,"turns":3},{"damage":11,"enemies":"Exordium Wildlife","floor":15,"turns":2},{"damage":24,"enemies":"WA_ARCHETYPE_RETAIN","floor":16,"turns":5},{"damage":10,"enemies":"Spheric Guardian","floor":19,"turns":3},{"damage":0,"enemies":"downfall:FleeingMerchant","floor":20,"turns":4},{"damage":25,"enemies":"SI_SHIV_ARCHETYPE","floor":21,"turns":7},{"damage":10,"enemies":"Masked Bandits","floor":22,"turns":4},{"damage":0,"enemies":"Chosen","floor":26,"turns":2},{"damage":13,"enemies":"Sentry and Sphere","floor":28,"turns":4},{"damage":8,"enemies":"Slavers","floor":29,"turns":3},{"damage":3,"enemies":"Book of Stabbing","floor":30,"turns":2},{"damage":11,"enemies":"Slavers","floor":31,"turns":3},{"damage":0,"enemies":"3 Cultists","floor":32,"turns":3},{"damage":3,"enemies":"DF_ARCHETYPE_CLAW","floor":33,"turns":6},{"damage":0,"enemies":"3 Darklings","floor":36,"turns":4},{"damage":0,"enemies":"downfall:FleeingMerchant","floor":37,"turns":3},{"damage":4,"enemies":"Orb Walker","floor":38,"turns":3},{"damage":8,"enemies":"Reptomancer","floor":40,"turns":4},{"damage":0,"enemies":"Giant Head","floor":43,"turns":5},{"damage":0,"enemies":"Writhing Mass","floor":45,"turns":3},{"damage":18,"enemies":"Reptomancer","floor":46,"turns":4},{"damage":0,"enemies":"Reptomancer","floor":47,"turns":1},{"damage":0,"enemies":"Reptomancer","floor":48,"turns":3},{"damage":9,"enemies":"Maw","floor":49,"turns":5},{"damage":13,"enemies":"IC_BLOCK_ARCHETYPE","floor":50,"turns":4},{"damage":27,"enemies":"downfall:CharBossMerchant","floor":52,"turns":5},{"damage":22,"enemies":"downfall:NeowBoss","floor":55,"turns":13}],"seed_played":"-1053419385111763929","potions_obtained":[{"floor":9,"key":"LiquidMemories"},{"floor":10,"key":"EssenceOfSteel"},{"floor":13,"key":"Dexterity Potion"},{"floor":16,"key":"Explosive Potion"},{"floor":19,"key":"Weak Potion"},{"floor":30,"key":"Ancient Potion"},{"floor":31,"key":"DuplicationPotion"},{"floor":33,"key":"Slimebound:SlimedPotion"}],"is_trial":false,"path_per_floor":["R","M","M","M","M","?","T","?","M","E","R","E","M","M","M","B",null,"R","M","$","?","?","R","T","R","M","?","M","E","E","E","M","B",null,"R","M","?","M","T","E","T","R","E","R","M","E","?","?","M","B",null,"E","$","R","B","B"],"character_chosen":"SLIMEBOUND","items_purchased":["Sling","Slimebound:AggressiveSlimeRelic","ClockworkSouvenir"],"campfire_rested":1,"item_purchase_floors":[20,53,53],"current_hp_per_floor":[47,45,44,46,48,48,48,48,40,48,48,52,51,59,54,40,65,65,58,65,44,44,44,44,44,52,52,49,51,56,53,59,62,65,65,65,65,65,65,57,57,67,75,75,75,61,67,75,68,62,75,55,55,82,63,0,0,0],"gold":322,"neow_bonus":"RANDOM_COLORLESS_2","is_daily":false,"chose_seed":false,"campfire_upgraded":7,"win_rate":0.0,"timestamp":1611845002,"path_taken":["R","M","M","M","M","?","T","?","M","E","R","E","M","M","M","BOSS","R","M","$","?","?","R","T","R","?","?","M","E","E","E","M","BOSS","R","M","?","M","?","E","T","R","E","R","M","E","?","?","M","BOSS","E","$","R","BOSS","BOSS"],"items_purchased_type":["Relic","Relic","Relic"],"build_version":"2020-12-18","purchased_purges":3,"victory":false,"max_hp_per_floor":[65,65,65,65,65,65,65,65,65,65,65,65,65,65,65,65,65,65,65,65,65,65,65,65,65,65,65,65,65,65,65,65,65,65,65,65,65,65,65,65,65,75,75,75,75,75,75,75,75,75,75,82,82,82,82,82,82,82],"card_choices":[{"not_picked":["Apotheosis","Violence"],"picked":"Sadistic Nature","floor":0},{"not_picked":["Slimebound:RollThrough","Slimebound:GoopTackle"],"picked":"Slimebound:RejuvenatingLick","floor":2},{"not_picked":["Slimebound:ProtectTheBoss","Slimebound:LivingWall"],"picked":"Slimebound:GoopSpray","floor":3},{"not_picked":["Slimebound:Grow","Slimebound:PrepareCrush"],"picked":"Slimebound:LeechingTouch","floor":4},{"not_picked":["Slimebound:AcidTongue","Slimebound:HauntingLick"],"picked":"Slimebound:ItLooksTasty","floor":5},{"not_picked":["Slimebound:Grow","Slimebound:SlimeBarrage"],"picked":"Slimebound:HauntingLick","floor":9},{"not_picked":["Slimebound:BestDefense","Slimebound:Schlurp"],"picked":"Slimebound:MegaLick","floor":10},{"not_picked":["Slimebound:OneTwoCombo","Slimebound:CheckThePlaybook","Slimebound:LevelUp"],"picked":"SKIP","floor":12},{"not_picked":["Slimebound:SamplingLick","Slimebound:LivingWall"],"picked":"Slimebound:HauntingLick","floor":13},{"not_picked":["Slimebound:Dissolve","Slimebound:SplitLeeching","Slimebound:FinishingTackle"],"picked":"SKIP","floor":14},{"not_picked":["Slimebound:ProtectTheBoss","Slimebound:AcidTongue"],"picked":"Slimebound:ItLooksTasty","floor":15},{"not_picked":["Slimebound:ServeAndProtect","Slimebound:FinishingTackle+1","Slimebound:ComboTackle"],"picked":"SKIP","floor":19},{"not_picked":["Slimebound:SplitAcid","Slimebound:ItLooksTasty"],"picked":"Slimebound:AcidTongue","floor":20},{"not_picked":["Slimebound:ComboTackle","Slimebound:FinishingTackle+1"],"picked":"Slimebound:Grow+1","floor":21},{"not_picked":["Slimebound:HauntingLick","Slimebound:Repurpose"],"picked":"Slimebound:LivingWall","floor":26},{"not_picked":["Slimebound:Replication+1","Slimebound:MassFeed"],"picked":"Slimebound:GoopSpray","floor":28},{"not_picked":["Slimebound:LeechingTouch","Slimebound:FinishingTackle"],"picked":"Slimebound:SplitMire+1","floor":29},{"not_picked":["Slimebound:Prepare","Slimebound:ComboTackle","Slimebound:FormOfPuddle+1"],"picked":"SKIP","floor":30},{"not_picked":["Slimebound:ComboTackle","Slimebound:ItLooksTasty","Slimebound:SplitLeeching"],"picked":"SKIP","floor":31},{"not_picked":["Slimebound:Replication","Slimebound:GoopTackle","Slimebound:LivingWall"],"picked":"SKIP","floor":32},{"not_picked":["Slimebound:GoopSpray","Slimebound:SlimeSpikes","Slimebound:HauntingLick"],"picked":"SKIP","floor":36},{"not_picked":["Slimebound:BestDefense","Slimebound:AcidTongue+1","Slimebound:Dissolve"],"picked":"SKIP","floor":37},{"not_picked":["Slimebound:ViciousTackle+1","Slimebound:GoopTackle+1","Slimebound:SlimeSpikes+1"],"picked":"SKIP","floor":38},{"not_picked":["Slimebound:Equalize+1","Slimebound:DivideAndConquer","Slimebound:MegaLick"],"picked":"SKIP","floor":40},{"not_picked":["Slimebound:ItLooksTasty+1","Slimebound:LivingWall+1"],"picked":"Slimebound:Recollect","floor":43},{"not_picked":["Slimebound:SplitLeeching","Slimebound:LeechingTouch","Slimebound:ProtectTheBoss+1"],"picked":"SKIP","floor":45},{"not_picked":["Slimebound:Prepare","Slimebound:LeadByExample"],"picked":"Slimebound:GoopSpray+1","floor":46},{"not_picked":["Slimebound:Recollect+1","Slimebound:PressTheAttack+1"],"picked":"Slimebound:SpikyOuterGoop","floor":48},{"not_picked":["Slimebound:Equalize+1","Slimebound:PrepareCrush"],"picked":"Slimebound:GoopSpray","floor":49},{"not_picked":["Slimebound:DivideAndConquer+1","Slimebound:Repurpose","Slimebound:HauntingLick+1"],"picked":"SKIP","floor":52}],"player_experience":522799,"relics_obtained":[{"floor":7,"key":"WingedGreaves"},{"floor":10,"key":"Unceasing Top"},{"floor":12,"key":"Blood Vial"},{"floor":21,"key":"Slimebound:SlimedSkullRelic"},{"floor":21,"key":"Bottled Lightning"},{"floor":22,"key":"Red Mask"},{"floor":24,"key":"Ancient Tea Set"},{"floor":29,"key":"Regal Pillow"},{"floor":30,"key":"Pantograph"},{"floor":31,"key":"War Paint"},{"floor":40,"key":"Bag of Marbles"},{"floor":41,"key":"Juzu Bracelet"},{"floor":43,"key":"Sundial"},{"floor":46,"key":"Akabeko"},{"floor":48,"key":"Dead Branch"},{"floor":52,"key":"Strawberry"}],"event_choices":[{"cards_removed":["Slimebound:Defend_Slimebound"],"damage_healed":0,"gold_gain":0,"player_choice":"Card Removal","damage_taken":0,"max_hp_gain":0,"max_hp_loss":0,"event_name":"The Cleric","floor":8,"gold_loss":0},{"damage_healed":0,"gold_gain":0,"player_choice":"Fought Bandits","damage_taken":0,"max_hp_gain":0,"max_hp_loss":0,"event_name":"Masked Bandits","floor":22,"gold_loss":0},{"damage_healed":0,"gold_gain":0,"player_choice":"Ignored","damage_taken":0,"max_hp_gain":0,"max_hp_loss":0,"event_name":"Vampires","floor":27,"gold_loss":0}],"is_beta":true,"boss_relics":[{"not_picked":["Astrolabe","Calling Bell"],"picked":"SlaversCollar"},{"not_picked":["Snecko Eye","SacredBark"],"picked":"Sozu"}],"items_purged_floors":[20,37,53],"is_endless":false,"potions_floor_spawned":[9,10,13,16,19,21,28,30,31,33,38,40,46,47,48,52],"killed_by":"downfall:NeowBossFinal","ascension_level":1}}