{"host":"zk71suw73lg2r165","time":1611863555,"event":{"mods":["BaseMod","Colored Map","Minty Spire (QoL Compilation)","Permanent Neow","Relic Stats","StSLib"],"gold_per_floor":[113,128,142,162,181,207,207,240,240,274,274,49,49,49,49,128,128,140,157,157,175,175,175,204,204,204,204,214,214,214,231,231,304,304,318,318,343,343,353,353,353],"floor_reached":40,"language":"ENG","playtime":1555,"items_purged":["Strike_B"],"score":998,"play_id":"0fd8e976-2745-4293-991e-a46381de7182","local_time":"20210128145235","is_ascension_mode":true,"campfire_choices":[{"data":"Defragment","floor":7.0,"key":"SMITH"},{"floor":11.0,"key":"REST"},{"data":"Rainbow","floor":13.0,"key":"SMITH"},{"floor":15.0,"key":"REST"},{"floor":23.0,"key":"REST"},{"data":"Seek","floor":25.0,"key":"SMITH"},{"data":"Turbo","floor":27.0,"key":"SMITH"},{"data":"Steam Power","floor":30.0,"key":"SMITH"},{"floor":32.0,"key":"REST"}],"circlet_count":0,"master_deck":["AscendersBane","Defend_B","Defend_B","Defend_B","Defend_B","Zap","Dualcast","Conserve Battery","Tempest","Steam","Turbo+1","Defragment+1","Glacier+1","Rainbow+1","Ball Lightning","Compile Driver","Cold Snap","Echo Form","Multi-Cast+1","Stack+1","Coolheaded+1","Seek+1","Steam Power+1","Injury","Undo","Shame","Glacier","Amplify","CurseOfTheBell","Master of Strategy","Dark Shackles","Double Energy"],"relics":["Cracked Core","Matryoshka","Symbiotic Virus","Oddly Smooth Stone","Question Card","Ornamental Fan","Cursed Key","The Courier","War Paint","Vajra","Calling Bell","Pen Nib","Frozen Egg 2","Gambling Chip","Girya"],"acts_visited":["Exordium","TheCity","TheBeyond"],"potions_floor_usage":[],"damage_taken":[{"damage":4.0,"enemies":"2 Louse","floor":1.0,"turns":3.0},{"damage":3.0,"enemies":"Small Slimes","floor":2.0,"turns":4.0},{"damage":2.0,"enemies":"Jaw Worm","floor":3.0,"turns":3.0},{"damage":0.0,"enemies":"Gremlin Gang","floor":4.0,"turns":1.0},{"damage":29.0,"enemies":"Exordium Thugs","floor":5.0,"turns":6.0},{"damage":8.0,"enemies":"Lagavulin","floor":6.0,"turns":6.0},{"damage":10.0,"enemies":"3 Sentries","floor":8.0,"turns":7.0},{"damage":6.0,"enemies":"Lagavulin","floor":10.0,"turns":6.0},{"damage":0.0,"enemies":"Slime Boss","floor":16.0,"turns":6.0},{"damage":12.0,"enemies":"2 Thieves","floor":18.0,"turns":4.0},{"damage":11.0,"enemies":"3 Byrds","floor":19.0,"turns":3.0},{"damage":9.0,"enemies":"Centurion and Healer","floor":21.0,"turns":8.0},{"damage":0.0,"enemies":"Book of Stabbing","floor":24.0,"turns":5.0},{"damage":11.0,"enemies":"Sentry and Sphere","floor":28.0,"turns":4.0},{"damage":8.0,"enemies":"3 Cultists","floor":31.0,"turns":4.0},{"damage":10.0,"enemies":"Collector","floor":33.0,"turns":15.0},{"damage":2.0,"enemies":"3 Shapes","floor":35.0,"turns":4.0},{"damage":0.0,"enemies":"Mind Bloom Boss Battle","floor":37.0,"turns":7.0},{"damage":8.0,"enemies":"3 Darklings","floor":39.0,"turns":5.0},{"damage":20,"enemies":"Giant Head","floor":40,"turns":7}],"seed_played":"6413115256100061194","potions_obtained":[{"floor":3.0,"key":"AttackPotion"},{"floor":5.0,"key":"Swift Potion"},{"floor":6.0,"key":"Dexterity Potion"},{"floor":8.0,"key":"SpeedPotion"},{"floor":19.0,"key":"DistilledChaos"},{"floor":24.0,"key":"Swift Potion"},{"floor":33.0,"key":"Ancient Potion"}],"is_trial":false,"path_per_floor":["M","M","M","M","M","E","R","E","T","E","R","$","R","?","R","B",null,"M","M","?","M","?","R","E","R","T","R","M","T","R","M","R","B",null,"M","?","?","?","M","E"],"character_chosen":"DEFECT","items_purchased":["Echo Form"],"campfire_rested":4,"item_purchase_floors":[12],"current_hp_per_floor":[60,57,55,55,26,18,18,8,8,2,21,21,21,14,33,33,56,44,33,33,24,24,43,43,43,43,43,32,32,32,24,43,33,56,54,44,44,44,36,16,16],"gold":353,"neow_bonus":"TRANSFORM_TWO_CARDS","is_daily":false,"chose_seed":false,"campfire_upgraded":5,"win_rate":0.0,"timestamp":1611863555,"path_taken":["M","M","M","M","M","E","R","E","T","E","R","$","R","?","R","BOSS","M","M","?","M","?","R","E","R","T","R","M","?","R","?","R","BOSS","M","?","?","?","M","E"],"items_purchased_type":["Card"],"build_version":"2020-12-22","purchased_purges":1,"victory":false,"max_hp_per_floor":[64,64,64,64,64,64,64,64,64,64,64,64,64,64,64,64,64,64,64,64,64,64,64,64,64,64,64,64,64,64,64,64,64,64,64,64,64,64,64,64,64],"relic_stats":{"counters":[20,108],"Ornamental Fan":[20],"Gambling Chip":[7],"Pen Nib":[1],"War Paint":["Multi-Cast","Glacier"],"Question Card":16,"Cursed Key":2,"obtain_stats":[{"Girya":37,"Oddly Smooth Stone":9,"Vajra":26,"The Courier":24,"Pen Nib":34,"War Paint":26,"Frozen Egg 2":34,"Question Card":9,"Cursed Key":17,"Calling Bell":34,"Matryoshka":6,"Ornamental Fan":10,"Gambling Chip":34,"Cracked Core":0,"Symbiotic Virus":8},{"Girya":18,"Oddly Smooth Stone":7,"Vajra":13,"The Courier":13,"Pen Nib":16,"War Paint":13,"Frozen Egg 2":16,"Question Card":7,"Cursed Key":9,"Calling Bell":16,"Matryoshka":6,"Ornamental Fan":8,"Gambling Chip":16,"Cracked Core":0,"Symbiotic Virus":7},{"Girya":96,"Oddly Smooth Stone":30,"Vajra":62,"The Courier":62,"Pen Nib":85,"War Paint":62,"Frozen Egg 2":85,"Question Card":30,"Cursed Key":42,"Calling Bell":85,"Matryoshka":23,"Ornamental Fan":36,"Gambling Chip":85,"Cracked Core":0,"Symbiotic Virus":30}]},"card_choices":[{"not_picked":["Rebound","Stack"],"picked":"Steam","floor":1.0},{"not_picked":["Stack","Beam Cell"],"picked":"Turbo","floor":2.0},{"not_picked":["Leap","Redo"],"picked":"Defragment","floor":3.0},{"not_picked":["Heatsinks","Steam Power"],"picked":"Glacier","floor":4.0},{"not_picked":["Chaos","Streamline"],"picked":"Rainbow","floor":5.0},{"not_picked":["Coolheaded","Gash"],"picked":"Ball Lightning","floor":6.0},{"not_picked":["Chaos","Beam Cell"],"picked":"Compile Driver","floor":8.0},{"not_picked":["Hyperbeam","Ball Lightning","Skim"],"picked":"Cold Snap","floor":10.0},{"not_picked":["All For One","Reboot","Creative AI"],"picked":"Multi-Cast","floor":16.0},{"not_picked":["Cold Snap","Sweeping Beam","Skim"],"picked":"Stack+1","floor":18.0},{"not_picked":["Barrage","Redo","Auto Shields"],"picked":"Coolheaded+1","floor":19.0},{"not_picked":["Stack","Ball Lightning","Turbo","Beam Cell"],"picked":"SKIP","floor":21.0},{"not_picked":["Rebound","Fusion","Sweeping Beam"],"picked":"Steam Power","floor":24.0},{"not_picked":["Skim","Force Field","Chaos"],"picked":"Undo","floor":28.0},{"not_picked":["BootSequence","Reprogram","Hello World"],"picked":"Glacier","floor":31.0},{"not_picked":["All For One","Buffer","Multi-Cast"],"picked":"Amplify","floor":33.0},{"not_picked":["Rip and Tear+1","Storm+1","Coolheaded","Go for the Eyes"],"picked":"SKIP","floor":35.0},{"not_picked":["Mind Blast","Transmutation","Secret Weapon"],"picked":"Master of Strategy","floor":36.0},{"not_picked":["PanicButton","Thinking Ahead","Finesse"],"picked":"Dark Shackles","floor":36.0},{"not_picked":["Sweeping Beam","Cold Snap","Auto Shields+1"],"picked":"Double Energy","floor":37.0},{"not_picked":["Ball Lightning","Beam Cell+1","Coolheaded+1","Go for the Eyes"],"picked":"SKIP","floor":39.0}],"player_experience":1399808,"relics_obtained":[{"floor":6.0,"key":"Matryoshka"},{"floor":8.0,"key":"Symbiotic Virus"},{"floor":9.0,"key":"Oddly Smooth Stone"},{"floor":9.0,"key":"Question Card"},{"floor":10.0,"key":"Ornamental Fan"},{"floor":24.0,"key":"The Courier"},{"floor":26.0,"key":"War Paint"},{"floor":26.0,"key":"Vajra"},{"floor":34.0,"key":"Pen Nib"},{"floor":34.0,"key":"Frozen Egg 2"},{"floor":34.0,"key":"Gambling Chip"},{"floor":37.0,"key":"Girya"}],"event_choices":[{"cards_removed":["Strike_B"],"damage_healed":0.0,"max_hp_gain":0.0,"max_hp_loss":0.0,"gold_gain":0.0,"event_name":"Golden Wing","player_choice":"Card Removal","floor":14.0,"gold_loss":0.0,"damage_taken":7.0},{"damage_healed":0.0,"max_hp_gain":0.0,"max_hp_loss":0.0,"gold_gain":0.0,"event_name":"Vampires","player_choice":"Ignored","floor":20.0,"gold_loss":0.0,"damage_taken":0.0},{"damage_healed":0.0,"max_hp_gain":0.0,"max_hp_loss":0.0,"gold_gain":0.0,"event_name":"The Library","player_choice":"Read","floor":22.0,"gold_loss":0.0,"damage_taken":0.0,"cards_obtained":["Seek"]},{"damage_healed":0.0,"max_hp_gain":0.0,"max_hp_loss":0.0,"gold_gain":0.0,"event_name":"SensoryStone","player_choice":"Memory 3","floor":36.0,"gold_loss":0.0,"damage_taken":10.0},{"damage_healed":0.0,"max_hp_gain":0.0,"max_hp_loss":0.0,"gold_gain":0.0,"event_name":"MindBloom","player_choice":"Fight","floor":37.0,"gold_loss":0.0,"damage_taken":0.0},{"damage_healed":0.0,"max_hp_gain":0.0,"max_hp_loss":0.0,"gold_gain":0.0,"event_name":"Tomb of Lord Red Mask","player_choice":"Ignored","floor":38.0,"gold_loss":0.0,"damage_taken":0.0}],"is_beta":false,"boss_relics":[{"not_picked":["Black Star","Empty Cage"],"picked":"Cursed Key"},{"not_picked":["Tiny House","Velvet Choker"],"picked":"Calling Bell"}],"items_purged_floors":[12],"is_endless":false,"potions_floor_spawned":[3,5,6,8,19,24,33,35],"killed_by":"Giant Head","ascension_level":20}}