{"host":"mnpd8gh7cwxsn5kh","time":1611859483,"event":{"mods":["BaseMod","Block Reminder","Colored Map","Colored Powertips","Highlight Path","Minty Spire (QoL Compilation)","Relic Sorter","Relic Stats"],"gold_per_floor":[117,117,134,134,145,179,191,224,250,250,69,80,80,113,113,216,216,230,230,230,243,243,275,275,306,378,391,402,402,412,430,430,529,579,590,607,375,375,375,405,425,425,448,461,426,426,121,156,156,156],"floor_reached":51,"language":"ENG","playtime":4200,"items_purged":["Sentinel"],"score":908,"play_id":"496d162d-bc2d-46bc-8f61-39f2def1c0e4","local_time":"20210128194443","is_ascension_mode":true,"campfire_choices":[{"floor":15,"key":"DIG"},{"floor":24,"key":"REST"},{"data":"1","floor":32,"key":"LIFT"},{"data":"2","floor":42,"key":"LIFT"},{"data":"3","floor":49,"key":"LIFT"}],"circlet_count":0,"master_deck":["Strike_R+1","Strike_R+1","Strike_R+1","Strike_R+1","Strike_R+1","Defend_R+1","Defend_R+1","Defend_R+1","Defend_R+1","Bash+1","Armaments","Iron Wave","Offering","Seeing Red+1","Warcry","Clothesline+1","Bash","Flame Barrier","Fiend Fire","Carnage","Metallicize+1","Power Through","Dropkick+1","Cleave+1","Pummel+1","Dual Wield","Body Slam+1","Demon Form","Shrug It Off","Intimidate+1","Metallicize","Dramatic Entrance+1","Swift Strike+1","Noxious Fumes","Blind+1","Dropkick+1"],"relics":["Burning Blood","Shovel","Centennial Puzzle","Smiling Mask","Akabeko","Lee\u0027s Waffle","White Beast Statue","CaptainsWheel","SlaversCollar","Paper Frog","Girya","Molten Egg 2","Tiny House","PrismaticShard","Kunai","Whetstone","Red Skull","HandDrill","Charon\u0027s Ashes"],"acts_visited":["Exordium","TheCity","TheBeyond"],"potions_floor_usage":[6,6,23,27,28,30,31,33,33,33,36,40,40,40,48,50,50],"damage_taken":[{"damage":8,"enemies":"Jaw Worm","floor":1,"turns":4},{"damage":1,"enemies":"Cultist","floor":3,"turns":3},{"damage":1,"enemies":"Small Slimes","floor":5,"turns":3},{"damage":36,"enemies":"3 Sentries","floor":6,"turns":8},{"damage":1,"enemies":"2 Fungi Beasts","floor":7,"turns":4},{"damage":51,"enemies":"Lagavulin","floor":8,"turns":10},{"damage":12,"enemies":"Large Slime","floor":12,"turns":4},{"damage":31,"enemies":"3 Sentries","floor":14,"turns":9},{"damage":35,"enemies":"The Guardian","floor":16,"turns":11},{"damage":6,"enemies":"3 Byrds","floor":18,"turns":2},{"damage":4,"enemies":"Shell Parasite","floor":21,"turns":2},{"damage":118,"enemies":"Gremlin Leader","floor":23,"turns":10},{"damage":16,"enemies":"Slavers","floor":25,"turns":5},{"damage":6,"enemies":"Snecko","floor":27,"turns":4},{"damage":11,"enemies":"Sentry and Sphere","floor":28,"turns":7},{"damage":8,"enemies":"3 Cultists","floor":30,"turns":6},{"damage":9,"enemies":"Snake Plant","floor":31,"turns":2},{"damage":41,"enemies":"Automaton","floor":33,"turns":9},{"damage":8,"enemies":"3 Shapes","floor":35,"turns":4},{"damage":15,"enemies":"Orb Walker","floor":36,"turns":5},{"damage":23,"enemies":"Nemesis","floor":40,"turns":7},{"damage":18,"enemies":"Jaw Worm Horde","floor":41,"turns":5},{"damage":26,"enemies":"Spire Growth","floor":44,"turns":5},{"damage":11,"enemies":"Reptomancer","floor":48,"turns":5},{"damage":52,"enemies":"Time Eater","floor":50,"turns":10}],"seed_played":"-7319163784473715632","potions_obtained":[{"floor":0,"key":"Regen Potion"},{"floor":0,"key":"BlessingOfTheForge"},{"floor":0,"key":"ElixirPotion"},{"floor":3,"key":"GamblersBrew"},{"floor":12,"key":"SpeedPotion"},{"floor":14,"key":"SkillPotion"},{"floor":16,"key":"FairyPotion"},{"floor":18,"key":"Dexterity Potion"},{"floor":23,"key":"GamblersBrew"},{"floor":25,"key":"SpeedPotion"},{"floor":27,"key":"FearPotion"},{"floor":28,"key":"Dexterity Potion"},{"floor":30,"key":"FearPotion"},{"floor":31,"key":"Strength Potion"},{"floor":33,"key":"GamblersBrew"},{"floor":34,"key":"SkillPotion"},{"floor":35,"key":"Block Potion"},{"floor":36,"key":"FearPotion"},{"floor":40,"key":"BlessingOfTheForge"},{"floor":41,"key":"FearPotion"},{"floor":44,"key":"FearPotion"},{"floor":48,"key":"HeartOfIron"}],"is_trial":false,"path_per_floor":["M","?","M","?","M","E","M","E","T","?","$","M","?","E","R","B",null,"M","?","?","M","?","E","R","E","T","M","M","?","M","M","R","B",null,"M","M","$","?","?","E","M","R","T","M","$","?","$","E","R","B",null],"character_chosen":"IRONCLAD","items_purchased":["Lee\u0027s Waffle","Warcry","Metallicize","PrismaticShard","Dropkick+1","Red Skull","HandDrill"],"campfire_rested":1,"item_purchase_floors":[11,11,37,37,45,47,47],"current_hp_per_floor":[78,75,80,80,80,64,69,24,24,24,87,81,81,73,73,44,87,87,87,87,87,87,16,42,38,38,45,45,45,51,69,69,34,92,92,92,92,92,82,79,73,73,73,53,53,102,102,97,97,51],"gold":156,"neow_bonus":"THREE_SMALL_POTIONS","is_daily":false,"chose_seed":false,"campfire_upgraded":0,"win_rate":0.0,"timestamp":1611859483,"path_taken":["M","?","M","?","?","E","M","E","T","?","$","M","?","E","R","BOSS","M","?","?","M","?","E","R","E","T","M","M","?","M","M","R","BOSS","M","M","$","?","?","E","M","R","T","M","?","?","$","E","R","BOSS"],"items_purchased_type":["Relic","Card","Card","Relic","Card","Relic","Relic"],"build_version":"2020-12-22","purchased_purges":1,"victory":true,"max_hp_per_floor":[80,80,80,80,80,80,80,80,80,80,87,87,87,87,87,87,87,87,87,87,87,87,87,87,87,87,87,87,87,87,87,87,87,92,92,92,92,92,92,92,92,92,92,92,92,102,102,102,102,102],"relic_stats":{"Centennial Puzzle":[63],"Lee\u0027s Waffle":63,"Shovel":1,"counters":[25,144],"Charon\u0027s Ashes":[15],"HandDrill":[2],"Kunai":[8],"Whetstone":["Bash","Clothesline"],"Smiling Mask":25,"obtain_stats":[{"Girya":25,"Lee\u0027s Waffle":11,"Tiny House":34,"Charon\u0027s Ashes":48,"Whetstone":43,"Smiling Mask":8,"PrismaticShard":37,"Burning Blood":0,"Akabeko":9,"White Beast Statue":14,"SlaversCollar":17,"Centennial Puzzle":6,"CaptainsWheel":15,"Shovel":2,"Molten Egg 2":26,"HandDrill":47,"Kunai":40,"Red Skull":47,"Paper Frog":23},{"Girya":13,"Lee\u0027s Waffle":6,"Tiny House":18,"Charon\u0027s Ashes":24,"Whetstone":22,"Smiling Mask":6,"PrismaticShard":20,"Burning Blood":0,"Akabeko":6,"White Beast Statue":8,"SlaversCollar":9,"Centennial Puzzle":4,"CaptainsWheel":8,"Shovel":1,"Molten Egg 2":13,"HandDrill":23,"Kunai":21,"Red Skull":23,"Paper Frog":12},{"Girya":75,"Lee\u0027s Waffle":32,"Tiny House":103,"Charon\u0027s Ashes":134,"Whetstone":124,"Smiling Mask":32,"PrismaticShard":112,"Burning Blood":0,"Akabeko":32,"White Beast Statue":45,"SlaversCollar":56,"Centennial Puzzle":18,"CaptainsWheel":45,"Shovel":4,"Molten Egg 2":75,"HandDrill":129,"Kunai":119,"Red Skull":129,"Paper Frog":70}],"Burning Blood":134},"card_choices":[{"not_picked":["Flex","Wild Strike"],"picked":"Armaments","floor":1},{"not_picked":["Intimidate","Heavy Blade"],"picked":"Iron Wave","floor":3},{"not_picked":["Bloodletting","Twin Strike"],"picked":"Offering","floor":5},{"not_picked":["Pommel Strike","Dual Wield"],"picked":"Seeing Red","floor":6},{"not_picked":["Dark Embrace","Sever Soul"],"picked":"Sentinel","floor":7},{"not_picked":["Wild Strike","Flex"],"picked":"Reaper","floor":8},{"not_picked":["Pommel Strike","Flex"],"picked":"Clothesline","floor":12},{"not_picked":["Rage","Anger"],"picked":"Flame Barrier","floor":14},{"not_picked":["Offering","Double Tap"],"picked":"Fiend Fire","floor":16},{"not_picked":["Cleave","Warcry","Inflame"],"picked":"SKIP","floor":18},{"not_picked":["True Grit","Perfected Strike"],"picked":"Metallicize+1","floor":21},{"not_picked":["Hemokinesis","Havoc"],"picked":"Power Through","floor":23},{"not_picked":["Twin Strike","Wild Strike"],"picked":"Dropkick+1","floor":25},{"not_picked":["Wild Strike+1","Evolve"],"picked":"Cleave+1","floor":27},{"not_picked":["Anger+1","Inflame"],"picked":"Pummel+1","floor":28},{"not_picked":["Metallicize","Heavy Blade+1"],"picked":"Dual Wield","floor":30},{"not_picked":["Burning Pact","Infernal Blade"],"picked":"Body Slam+1","floor":31},{"not_picked":["Feed+1","Immolate+1"],"picked":"Demon Form","floor":33},{"not_picked":["Armaments","Warcry"],"picked":"Shrug It Off","floor":34},{"not_picked":["Thunderclap+1","Combust"],"picked":"Intimidate+1","floor":35},{"not_picked":["Fire Breathing+1","Perfected Strike+1","Cleave+1"],"picked":"SKIP","floor":36},{"not_picked":["Thinking Ahead","Panacea"],"picked":"Dramatic Entrance+1","floor":39},{"not_picked":["Purity","Transmutation"],"picked":"Swift Strike+1","floor":39},{"not_picked":["Finisher+1","Dagger Throw+1"],"picked":"Noxious Fumes","floor":40},{"not_picked":["Anger+1","Cleave+1","Bane+1"],"picked":"SKIP","floor":41},{"not_picked":["Jack Of All Trades","Blood for Blood+1"],"picked":"Blind+1","floor":44},{"not_picked":["Second Wind+1","FlurryOfBlows+1","Venomology"],"picked":"SKIP","floor":48}],"player_experience":141081,"relics_obtained":[{"floor":6,"key":"Centennial Puzzle"},{"floor":8,"key":"Smiling Mask"},{"floor":9,"key":"Akabeko"},{"floor":14,"key":"White Beast Statue"},{"floor":15,"key":"CaptainsWheel"},{"floor":23,"key":"Paper Frog"},{"floor":25,"key":"Girya"},{"floor":26,"key":"Molten Egg 2"},{"floor":40,"key":"Kunai"},{"floor":43,"key":"Whetstone"},{"floor":48,"key":"Charon\u0027s Ashes"}],"event_choices":[{"damage_healed":0,"gold_gain":0,"player_choice":"Success","damage_taken":3,"relics_obtained":["Shovel"],"max_hp_gain":0,"max_hp_loss":0,"event_name":"Scrap Ooze","floor":2,"gold_loss":0},{"damage_healed":0,"gold_gain":0,"player_choice":"Bought 0 Potions","damage_taken":0,"max_hp_gain":0,"max_hp_loss":0,"event_name":"The Woman in Blue","floor":4,"gold_loss":0},{"damage_healed":0,"gold_gain":0,"player_choice":"Grow","damage_taken":0,"max_hp_gain":0,"max_hp_loss":0,"event_name":"Living Wall","floor":10,"gold_loss":0,"cards_upgraded":["Seeing Red"]},{"damage_healed":0,"gold_gain":0,"player_choice":"1 cards matched","damage_taken":0,"max_hp_gain":0,"max_hp_loss":0,"event_name":"Match and Keep!","floor":13,"gold_loss":0,"cards_obtained":["Bash"]},{"damage_healed":0,"gold_gain":0,"player_choice":"Read","damage_taken":0,"max_hp_gain":0,"max_hp_loss":0,"event_name":"The Library","floor":19,"gold_loss":0,"cards_obtained":["Carnage"]},{"damage_healed":0,"gold_gain":0,"player_choice":"Simplicity","damage_taken":0,"max_hp_gain":0,"max_hp_loss":0,"event_name":"Back to Basics","floor":20,"gold_loss":0,"cards_upgraded":["Strike_R","Strike_R","Strike_R","Strike_R","Strike_R","Defend_R","Defend_R","Defend_R","Defend_R"]},{"damage_healed":0,"gold_gain":0,"player_choice":"Ignored","damage_taken":0,"max_hp_gain":0,"max_hp_loss":0,"event_name":"Vampires","floor":22,"gold_loss":0},{"damage_healed":0,"gold_gain":0,"player_choice":"Ignored","damage_taken":0,"max_hp_gain":0,"max_hp_loss":0,"event_name":"Cursed Tome","floor":29,"gold_loss":0},{"damage_healed":0,"gold_gain":0,"player_choice":"Ignored","damage_taken":0,"max_hp_gain":0,"max_hp_loss":0,"event_name":"Tomb of Lord Red Mask","floor":38,"gold_loss":0},{"damage_healed":0,"gold_gain":0,"player_choice":"Memory 3","damage_taken":10,"max_hp_gain":0,"max_hp_loss":0,"event_name":"SensoryStone","floor":39,"gold_loss":0},{"cards_removed":["Reaper"],"damage_healed":39,"gold_gain":0,"player_choice":"Offered Rare","damage_taken":0,"max_hp_gain":10,"max_hp_loss":0,"event_name":"Bonfire Elementals","floor":46,"gold_loss":0}],"is_beta":false,"boss_relics":[{"not_picked":["SacredBark","Black Star"],"picked":"SlaversCollar"},{"not_picked":["Empty Cage","Runic Pyramid"],"picked":"Tiny House"}],"items_purged_floors":[37],"is_endless":false,"potions_floor_spawned":[3,5,12,14,16,18,21,23,25,27,28,30,31,33,35,36,40,41,44,48],"ascension_level":4}}