{"host":"sian7qp8a9pc9xwd","time":1611814966,"event":{"mods":["BaseMod","Minty Spire (QoL Compilation)","StSLib","SuperFastMode"],"gold_per_floor":[118,118,136,209,229,245,245,255,255,255,266,296,296,371,371,448,448,460,51,69,69,86,86,186,221,221,221,232,265,285,303,303,382,382,398,412,426,426,50,50,50,84,107,107,120,140,140,156,156,156,156],"floor_reached":50,"language":"ENG","playtime":2237,"items_purged":["Strike_B","Strike_B"],"score":860,"play_id":"9885a01d-0075-4413-b9ee-279c2959b5a6","local_time":"20210128012246","is_ascension_mode":true,"campfire_choices":[{"data":"Dualcast","floor":7.0,"key":"SMITH"},{"data":"Coolheaded","floor":13.0,"key":"SMITH"},{"data":"Cold Snap","floor":15.0,"key":"SMITH"},{"data":"Chaos","floor":23.0,"key":"SMITH"},{"floor":27.0,"key":"REST"},{"data":"Defragment","floor":32.0,"key":"SMITH"},{"floor":40.0,"key":"REST"},{"floor":44.0,"key":"REST"},{"floor":47,"key":"REST"},{"floor":49,"key":"RECALL"}],"circlet_count":0,"master_deck":["AscendersBane","Strike_B","Strike_B","Defend_B","Defend_B","Defend_B+1","Defend_B","Zap+1","Dualcast+1","Conserve Battery+1","Ball Lightning","Cold Snap+1","Coolheaded+1","Echo Form","Defragment+1","Hologram+1","Chaos+1","Electrodynamics","Capacitor+1","Leap+1","Buffer","Ball Lightning","Thinking Ahead","Discovery","Consume"],"relics":["Cracked Core","NeowsBlessing","Mercury Hourglass","Dead Branch","Nuclear Battery","Meat on the Bone","Art of War","Blue Candle","War Paint","PreservedInsect","Fusion Hammer","Letter Opener"],"acts_visited":["Exordium","TheCity","TheBeyond"],"potions_floor_usage":[50],"damage_taken":[{"damage":0.0,"enemies":"Jaw Worm","floor":1.0,"turns":1.0},{"damage":0.0,"enemies":"2 Louse","floor":3.0,"turns":1.0},{"damage":0.0,"enemies":"Cultist","floor":5.0,"turns":1.0},{"damage":4.0,"enemies":"Blue Slaver","floor":6.0,"turns":3.0},{"damage":0.0,"enemies":"Large Slime","floor":8.0,"turns":4.0},{"damage":11.0,"enemies":"Looter","floor":11.0,"turns":2.0},{"damage":31.0,"enemies":"Hexaghost","floor":16.0,"turns":9.0},{"damage":17.0,"enemies":"Shell Parasite","floor":18.0,"turns":5.0},{"damage":8.0,"enemies":"Spheric Guardian","floor":20.0,"turns":3.0},{"damage":1.0,"enemies":"3 Cultists","floor":22.0,"turns":4.0},{"damage":24.0,"enemies":"Book of Stabbing","floor":25.0,"turns":5.0},{"damage":0.0,"enemies":"Sentry and Sphere","floor":28.0,"turns":3.0},{"damage":23.0,"enemies":"Gremlin Leader","floor":29.0,"turns":4.0},{"damage":21.0,"enemies":"Snake Plant","floor":30.0,"turns":3.0},{"damage":0.0,"enemies":"Snecko","floor":31.0,"turns":4.0},{"damage":27.0,"enemies":"Collector","floor":33.0,"turns":8.0},{"damage":4.0,"enemies":"3 Shapes","floor":35.0,"turns":3.0},{"damage":19.0,"enemies":"3 Darklings","floor":36.0,"turns":3.0},{"damage":13.0,"enemies":"Jaw Worm Horde","floor":37.0,"turns":4.0},{"damage":47.0,"enemies":"Nemesis","floor":42.0,"turns":7.0},{"damage":8.0,"enemies":"Transient","floor":45.0,"turns":5.0},{"damage":18,"enemies":"Maw","floor":46,"turns":7},{"damage":25,"enemies":"Spire Growth","floor":48,"turns":5},{"damage":56,"enemies":"Time Eater","floor":50,"turns":3}],"seed_played":"3796354599074363006","potions_obtained":[{"floor":1.0,"key":"EntropicBrew"},{"floor":5.0,"key":"AttackPotion"},{"floor":16.0,"key":"Dexterity Potion"},{"floor":22.0,"key":"SpeedPotion"},{"floor":31.0,"key":"FearPotion"},{"floor":35.0,"key":"FocusPotion"}],"is_trial":false,"path_per_floor":["M","?","M","T","M","M","R","M","T","?","M","?","R","?","R","B",null,"M","$","M","?","M","R","?","E","T","R","M","E","M","M","R","B",null,"M","M","M","?","$","R","$","E","T","R","M","M","R","M","R","B"],"character_chosen":"DEFECT","items_purchased":["Defragment","Meat on the Bone","Thinking Ahead","Discovery"],"campfire_rested":4,"item_purchase_floors":[19,19,39,39],"current_hp_per_floor":[64,64,64,64,64,60,60,60,60,60,49,49,49,38,38,7,55,38,38,42,42,41,41,41,29,29,50,50,39,30,42,42,27,60,56,37,36,36,36,57,57,22,22,43,47,41,62,37,37,0,0],"gold":156,"neow_bonus":"THREE_ENEMY_KILL","is_daily":false,"chose_seed":false,"campfire_upgraded":5,"win_rate":0.0,"timestamp":1611814966,"path_taken":["M","?","M","?","M","M","R","M","T","?","?","?","R","?","R","BOSS","M","$","M","?","M","R","?","E","T","R","M","E","M","M","R","BOSS","M","?","M","?","$","R","$","E","T","R","M","M","R","?","R","BOSS"],"items_purchased_type":["Card","Relic","Card","Card"],"build_version":"2020-12-22","purchased_purges":2,"victory":false,"max_hp_per_floor":[71,71,71,71,71,71,71,71,71,71,71,71,71,71,71,71,71,71,71,71,71,71,71,71,71,71,71,71,71,71,71,71,71,71,71,71,71,71,71,71,71,71,71,71,71,71,71,71,71,71,71],"card_choices":[{"not_picked":["Recycle","Barrage"],"picked":"Conserve Battery","floor":1.0},{"not_picked":["Static Discharge","Redo","Compile Driver"],"picked":"SKIP","floor":3.0},{"not_picked":["Darkness","Chaos"],"picked":"Ball Lightning","floor":5.0},{"not_picked":["Steam","Turbo","Hologram"],"picked":"SKIP","floor":6.0},{"not_picked":["Go for the Eyes","Leap"],"picked":"Cold Snap","floor":8.0},{"not_picked":["Hyperbeam","Sweeping Beam"],"picked":"Coolheaded","floor":11.0},{"not_picked":["Rainbow","All For One"],"picked":"Echo Form","floor":16.0},{"not_picked":["Barrage+1","Conserve Battery","Leap"],"picked":"SKIP","floor":18.0},{"not_picked":["Storm","Conserve Battery"],"picked":"Hologram+1","floor":20.0},{"not_picked":["Sweeping Beam","Steam"],"picked":"Chaos","floor":22.0},{"not_picked":["Coolheaded","Stack+1"],"picked":"Electrodynamics","floor":25.0},{"not_picked":["Stack","Static Discharge","Recycle+1"],"picked":"SKIP","floor":28.0},{"not_picked":["Steam+1","Genetic Algorithm","Skim"],"picked":"SKIP","floor":29.0},{"not_picked":["Leap","Streamline+1"],"picked":"Capacitor","floor":30.0},{"not_picked":["Capacitor","Barrage+1"],"picked":"Leap+1","floor":31.0},{"not_picked":["Core Surge","Multi-Cast"],"picked":"Buffer","floor":33.0},{"not_picked":["Leap","Sweeping Beam"],"picked":"Ball Lightning","floor":35.0},{"not_picked":["Sweeping Beam+1","Barrage","Conserve Battery+1"],"picked":"SKIP","floor":36.0},{"not_picked":["Reprogram","Rebound","Biased Cognition"],"picked":"SKIP","floor":37.0},{"not_picked":["Melter","Sweeping Beam+1","Capacitor"],"picked":"SKIP","floor":42.0},{"not_picked":["Streamline+1","Gash","Barrage"],"picked":"SKIP","floor":45.0},{"not_picked":["Rebound","Ball Lightning"],"picked":"Consume","floor":46},{"not_picked":["Double Energy","Turbo+1","Gash"],"picked":"SKIP","floor":48}],"player_experience":809587,"relics_obtained":[{"floor":4.0,"key":"Mercury Hourglass"},{"floor":9.0,"key":"Dead Branch"},{"floor":25.0,"key":"Blue Candle"},{"floor":26.0,"key":"War Paint"},{"floor":29.0,"key":"PreservedInsect"},{"floor":42.0,"key":"Letter Opener"}],"event_choices":[{"damage_healed":0.0,"max_hp_gain":0.0,"max_hp_loss":0.0,"gold_gain":0.0,"event_name":"Living Wall","player_choice":"Grow","floor":2.0,"gold_loss":0.0,"damage_taken":0.0,"cards_upgraded":["Zap"]},{"damage_healed":0.0,"max_hp_gain":0.0,"max_hp_loss":0.0,"gold_gain":0.0,"event_name":"The Woman in Blue","player_choice":"Bought 0 Potions","floor":10.0,"gold_loss":0.0,"damage_taken":0.0},{"damage_healed":0.0,"max_hp_gain":0.0,"max_hp_loss":0.0,"gold_gain":30.0,"event_name":"Dead Adventurer","player_choice":"Searched \u00271\u0027 times","floor":12.0,"gold_loss":0.0,"damage_taken":0.0},{"damage_healed":0.0,"max_hp_gain":0.0,"max_hp_loss":0.0,"gold_gain":75.0,"event_name":"World of Goop","player_choice":"Gather Gold","floor":14.0,"gold_loss":0.0,"damage_taken":11.0},{"damage_healed":0.0,"max_hp_gain":0.0,"max_hp_loss":0.0,"gold_gain":0.0,"event_name":"The Mausoleum","player_choice":"Opened","floor":21.0,"gold_loss":0.0,"damage_taken":0.0,"relics_obtained":["Art of War"]},{"damage_healed":0.0,"max_hp_gain":0.0,"max_hp_loss":0.0,"gold_gain":100.0,"event_name":"Golden Shrine","player_choice":"Pray","floor":24.0,"gold_loss":0.0,"damage_taken":0.0},{"damage_healed":0.0,"max_hp_gain":0.0,"max_hp_loss":0.0,"gold_gain":0.0,"event_name":"Accursed Blacksmith","player_choice":"Forge","floor":38.0,"gold_loss":0.0,"damage_taken":0.0,"cards_upgraded":["Capacitor"]}],"is_beta":false,"boss_relics":[{"not_picked":["Snecko Eye","SlaversCollar"],"picked":"Nuclear Battery"},{"not_picked":["Coffee Dripper","Pandora\u0027s Box"],"picked":"Fusion Hammer"}],"items_purged_floors":[19,39],"is_endless":false,"potions_floor_spawned":[1,5,16,20,22,31,35,36,45],"killed_by":"Time Eater","ascension_level":14}}