{"host":"e1pm3b7xpcm97e5w","time":1611865479,"event":{"mods":["BaseMod","Better Skull","Googly Eyes","Minty Spire (QoL Compilation)","Relic Stats","Shop Mod","Spicy Shops","StSLib"],"gold_per_floor":[361,373,393,393,248,248,278,278,278,40,40,40,40,53,53,182,182,196,214,214,139,139,139],"floor_reached":22,"language":"ENG","playtime":769,"items_purged":["Strike_P"],"score":291,"play_id":"8727cb91-6e0a-42e9-abcb-eac4440dd192","local_time":"20210128152439","is_ascension_mode":true,"campfire_choices":[{"data":"PathToVictory","floor":6.0,"key":"SMITH"},{"floor":11.0,"key":"DIG"},{"floor":15.0,"key":"REST"}],"circlet_count":0,"master_deck":["AscendersBane","Strike_P+1","Strike_P+1","Strike_P+1","Defend_P+1","Defend_P+1","Defend_P+1","Defend_P+1","Eruption+1","Vigilance","InnerPeace+1","MentalFortress","PathToVictory+1","LessonLearned+1","PathToVictory","Blasphemy","MentalFortress","Wallop"],"relics":["PureWater","Torii","Shovel","Shuriken","Oddly Smooth Stone","Golden Idol","Black Star"],"acts_visited":["Exordium","TheCity"],"potions_floor_usage":[],"damage_taken":[{"damage":6.0,"enemies":"2 Louse","floor":1.0,"turns":3.0},{"damage":0.0,"enemies":"Small Slimes","floor":2.0,"turns":2.0},{"damage":1.0,"enemies":"Jaw Worm","floor":3.0,"turns":5.0},{"damage":32.0,"enemies":"3 Sentries","floor":7.0,"turns":7.0},{"damage":16.0,"enemies":"2 Fungi Beasts","floor":14.0,"turns":5.0},{"damage":8.0,"enemies":"Hexaghost","floor":16.0,"turns":7.0},{"damage":6.0,"enemies":"Chosen","floor":18.0,"turns":4.0},{"damage":31.0,"enemies":"Spheric Guardian","floor":19.0,"turns":7.0},{"damage":61,"enemies":"3 Cultists","floor":22,"turns":6}],"seed_played":"3872435930524192399","potions_obtained":[{"floor":1.0,"key":"Weak Potion"},{"floor":7.0,"key":"Regen Potion"},{"floor":16.0,"key":"GamblersBrew"}],"is_trial":false,"path_per_floor":["M","M","M","?","$","R","E","?","T","$","R","?","?","M","R","B",null,"M","M","?","?","M"],"character_chosen":"WATCHER","items_purchased":["PathToVictory","Shuriken"],"campfire_rested":1,"item_purchase_floors":[5,10],"current_hp_per_floor":[41,41,40,40,40,40,8,32,32,32,32,32,32,16,36,43,61,55,24,24,24,0,0],"gold":139,"neow_bonus":"TWO_FIFTY_GOLD","is_daily":false,"chose_seed":false,"campfire_upgraded":1,"win_rate":0.0,"timestamp":1611865479,"path_taken":["M","M","M","?","$","R","E","?","T","$","R","?","?","M","R","BOSS","M","M","?","?","M"],"items_purchased_type":["Card","Relic"],"build_version":"2020-12-22","purchased_purges":1,"victory":false,"max_hp_per_floor":[72,72,72,72,72,72,72,72,72,72,72,72,67,67,67,67,67,67,67,67,67,67,67],"relic_stats":{"Shovel":1,"Torii":7,"counters":[9,46],"Shuriken":[3],"Golden Idol":36,"Black Star":0,"obtain_stats":[{"Shovel":9,"Torii":7,"Shuriken":10,"Golden Idol":13,"Oddly Smooth Stone":11,"Black Star":17,"PureWater":0},{"Shovel":4,"Torii":4,"Shuriken":4,"Golden Idol":4,"Oddly Smooth Stone":4,"Black Star":6,"PureWater":0},{"Shovel":17,"Torii":17,"Shuriken":17,"Golden Idol":17,"Oddly Smooth Stone":17,"Black Star":29,"PureWater":0}]},"card_choices":[{"not_picked":["Perseverance","CrushJoints"],"picked":"BowlingBash","floor":1.0},{"not_picked":["Collect","Evaluate"],"picked":"InnerPeace","floor":2.0},{"not_picked":["EmptyFist","Swivel"],"picked":"MentalFortress","floor":3.0},{"not_picked":["Study","Consecrate"],"picked":"LessonLearned","floor":7.0},{"not_picked":["CrushJoints","Halt"],"picked":"PathToVictory","floor":14.0},{"not_picked":["Judgement","Wish"],"picked":"Blasphemy","floor":16.0},{"not_picked":["EmptyFist+1","Evaluate"],"picked":"MentalFortress","floor":18.0},{"not_picked":["Prostrate","CrushJoints"],"picked":"Wallop","floor":19.0}],"player_experience":601624,"relics_obtained":[{"floor":7.0,"key":"Torii"},{"floor":9.0,"key":"Shovel"},{"floor":11.0,"key":"Oddly Smooth Stone"}],"event_choices":[{"damage_healed":0.0,"max_hp_gain":0.0,"max_hp_loss":0.0,"gold_gain":0.0,"event_name":"Scrap Ooze","player_choice":"Fled","floor":4.0,"gold_loss":0.0,"damage_taken":0.0},{"damage_healed":24.0,"max_hp_gain":0.0,"max_hp_loss":0.0,"gold_gain":0.0,"event_name":"Big Fish","player_choice":"Banana","floor":8.0,"gold_loss":0.0,"damage_taken":0.0},{"damage_healed":0.0,"max_hp_gain":0.0,"max_hp_loss":0.0,"gold_gain":0.0,"event_name":"Living Wall","player_choice":"Grow","floor":12.0,"gold_loss":0.0,"damage_taken":0.0,"cards_upgraded":["Eruption"]},{"damage_healed":0.0,"max_hp_gain":0.0,"max_hp_loss":5.0,"gold_gain":0.0,"event_name":"Golden Idol","player_choice":"Lose Max HP","floor":13.0,"gold_loss":0.0,"damage_taken":0.0,"relics_obtained":["Golden Idol"]},{"damage_healed":0.0,"max_hp_gain":0.0,"max_hp_loss":0.0,"gold_gain":0.0,"event_name":"Back to Basics","player_choice":"Simplicity","floor":20.0,"gold_loss":0.0,"damage_taken":0.0,"cards_upgraded":["Strike_P","Strike_P","Strike_P","Defend_P","Defend_P","Defend_P","Defend_P"]},{"cards_removed":["BowlingBash"],"damage_healed":0.0,"max_hp_gain":0.0,"max_hp_loss":0.0,"gold_gain":0.0,"event_name":"Beggar","player_choice":"Gave Gold","floor":21.0,"gold_loss":75.0,"damage_taken":0.0}],"is_beta":false,"boss_relics":[{"not_picked":["Astrolabe","Tiny House"],"picked":"Black Star"}],"items_purged_floors":[5],"is_endless":false,"potions_floor_spawned":[1,7,16],"killed_by":"3 Cultists","ascension_level":12}}