{"host":"1t0llcfp0lo7rmr4","time":1611838446,"event":{"mods":["AchievementEnabler","Aspiration","BaseMod","Beaked The Cultist","Colored Powertips","GifTheSpireLib","Hubris","Minty Spire (QoL Compilation)","Permanent Neow","Quick Restart","Relic Filter","Replay The Spire","StSLib","SuperFastMode","The Bladedancer","The Bug Knight","The Cursed","The Druid","The Elementalist","The Exalted","The Forsaken","The Judge","The Poker Player","The Runesmith","[IsaacMod]????"],"gold_per_floor":[114,133,143,163,189,214,214,232,257,257,272,297,314,314,314,414,414,354,375,375,123,141,141,161,196,196,546,228,261,261,284,284,385,385,410,186,246,246,296,296,340,340,386,420,466,530,530,591,591,615,615,615,234,290,302],"floor_reached":56,"language":"ENG","playtime":2801,"items_purged":[],"score":1402,"play_id":"26440535-8088-4eaf-87fa-8d94d199a0a9","local_time":"20210128235406","is_ascension_mode":true,"campfire_choices":[{"floor":7,"key":"REST"},{"floor":10,"key":"RECALL"},{"floor":15,"key":"REST"},{"floor":23,"key":"REST"},{"floor":30,"key":"REST"},{"floor":32,"key":"REST"},{"data":"TheCursedMod:OutForBlood","floor":40,"key":"SMITH"},{"data":"TheCursedMod:HellsGateOpen","floor":42,"key":"SMITH"},{"floor":47,"key":"REST"},{"data":"TheCursedMod:VoidForm","floor":49,"key":"SMITH"},{"data":"TheCursedMod:SpitefulPlan","floor":52,"key":"SMITH"}],"circlet_count":0,"master_deck":["TheCursedMod:Strike_TheCursed","TheCursedMod:Strike_TheCursed","TheCursedMod:Defend_TheCursed","TheCursedMod:Defend_TheCursed","TheCursedMod:Defend_TheCursed","TheCursedMod:CursedWand","TheCursedMod:CleanUpWorkshop","TheCursedMod:Dregs","TheCursedMod:SurpriseAttack","TheCursedMod:BlessingInDisguise","TheCursedMod:OutForBlood+1","TheCursedMod:ReleasedStrength+1","TheCursedMod:VoidForm+1","TheCursedMod:CursedArmor+1","hubris:Greed","TheCursedMod:Neurasthenia+1","TheCursedMod:CursedBoomerang","TheCursedMod:HellsGateOpen+1","TheCursedMod:FuryStrike","TheCursedMod:AshesToAshes+1","TheCursedMod:LuckyCharm+1","Amnesia","ReplayTheSpireMod:IOU","theForsaken:PlagueCurse","TheCursedMod:SpitefulPlan+1","TheCursedMod:Obscuration+1","ReplayTheSpireMod:Splinters","TheCursedMod:NeowsMight+1","TheCursedMod:CircleOfAbyss+1","hubris:Greed","TheCursedMod:CursedSpellbook+1","Looming Evil","TheCursedMod:Hemoplague+1","TheCursedMod:CursedMace+1","TheCursedMod:DemonicPact+1","TheCursedMod:HellfireBreathing","hubris:Greed","TheCursedMod:ReleasedKnowledge+1","TheCursedMod:DemonSword","Shame","TheCursedMod:VoidForm+1","TheCursedMod:ReleasedKnowledge+1","TheCursedMod:Evocation+1","hubris:DuctTapeCard"],"relics":["TheCursedMod:BlackMagic101","HushsDoor","SteamSale","aspiration:Nostalgia","Ring of the Snake","Toxic Egg 2","Ancient Tea Set","Gremlin Horn","TheCursedMod:FourLeafCloverCharm","Chaos","Replay:Wax Seal","HollowMod:PaleOreRelic","Bromod:ArcaneDeflection","DeadEye","Ring of Greed","Ring of Fangs","Old Coin","Tiny Chest","aspiration:HatOfInfinitePower","DeadEye","hubris:Potato","aspiration:RitualDagger","hubris:GlazedTorus","Vajra","PreservedInsect","Astrolabe","Replay:Bandana","Bromod:ArcanePulse","Bromod:ArcaneAegis","hubris:Teleporter","Akabeko","Centennial Puzzle","hubris:DuctTape"],"acts_visited":["Exordium","TheCity","TheBeyond","TheEnding"],"potions_floor_usage":[6,8,12,25,29,29,35,45,55,55],"damage_taken":[{"damage":3,"enemies":"Cultist","floor":1,"turns":5},{"damage":7,"enemies":"Small Slimes","floor":2,"turns":3},{"damage":0,"enemies":"Jaw Worm","floor":3,"turns":3},{"damage":2,"enemies":"Exordium Wildlife","floor":4,"turns":4},{"damage":40,"enemies":"Lagavulin","floor":6,"turns":11},{"damage":2,"enemies":"Looter","floor":8,"turns":3},{"damage":5,"enemies":"Large Slime","floor":11,"turns":5},{"damage":27,"enemies":"3 Sentries","floor":12,"turns":5},{"damage":1,"enemies":"Exordium Wildlife","floor":13,"turns":4},{"damage":10,"enemies":"The Guardian","floor":16,"turns":6},{"damage":9,"enemies":"2 Thieves","floor":18,"turns":4},{"damage":8,"enemies":"Shell Parasite","floor":19,"turns":4},{"damage":11,"enemies":"Snecko","floor":22,"turns":5},{"damage":24,"enemies":"Chosen and Byrds","floor":24,"turns":6},{"damage":38,"enemies":"Book of Stabbing","floor":25,"turns":5},{"damage":6,"enemies":"Gremlin Leader","floor":29,"turns":6},{"damage":0,"enemies":"3 Cultists","floor":31,"turns":3},{"damage":22,"enemies":"hubris:MusketHawk","floor":33,"turns":6},{"damage":6,"enemies":"3 Shapes","floor":35,"turns":5},{"damage":0,"enemies":"Mind Bloom Boss Battle","floor":37,"turns":2},{"damage":0,"enemies":"Reptomancer","floor":41,"turns":3},{"damage":0,"enemies":"Orb Walker","floor":44,"turns":2},{"damage":11,"enemies":"Jaw Worm Horde","floor":45,"turns":4},{"damage":0,"enemies":"R_Hoarder","floor":46,"turns":4},{"damage":0,"enemies":"Giant Head","floor":48,"turns":4},{"damage":0,"enemies":"Replay:Hell Engine","floor":50,"turns":6},{"damage":10,"enemies":"Shield and Spear","floor":54,"turns":2},{"damage":57,"enemies":"The Heart","floor":55,"turns":8}],"seed_played":"1568830210930086517","potions_obtained":[{"floor":1,"key":"SkillPotion"},{"floor":2,"key":"ColorlessPotion"},{"floor":3,"key":"BlessingOfTheForge"},{"floor":12,"key":"AttackPotion"},{"floor":22,"key":"Dexterity Potion"},{"floor":25,"key":"Swift Potion"},{"floor":29,"key":"Energy Potion"},{"floor":31,"key":"Energy Potion"},{"floor":33,"key":"Reflective Coating"},{"floor":37,"key":"Fire Potion"},{"floor":45,"key":"ColorlessPotion"}],"is_trial":false,"path_per_floor":["M","M","M","M","T","E","R","M","T","R","M","E","M","?","R","B",null,"M","M","?","$","M","R","M","E","T","?","$","E","R","M","R","B",null,"M","$","?","?","?","R","E","R","T","M","M","E","R","E","R","B",null,"R","$","E","B",null],"character_chosen":"THE_CURSED","items_purchased":["TheCursedMod:HellsGateOpen","Chaos","Replay:Wax Seal","HollowMod:PaleOreRelic","TheCursedMod:FuryStrike","aspiration:HatOfInfinitePower","DeadEye","TheCursedMod:SpitefulPlan","TheCursedMod:CircleOfAbyss+1","hubris:GlazedTorus","Vajra","hubris:Teleporter","Akabeko","Centennial Puzzle","TheCursedMod:ReleasedKnowledge+1","TheCursedMod:Evocation+1"],"campfire_rested":6,"item_purchase_floors":[21,21,21,21,21,28,28,28,34,36,36,53,53,53,53,53],"current_hp_per_floor":[72,65,65,63,63,23,45,43,43,43,38,11,10,10,32,22,75,66,58,58,58,47,69,45,7,7,7,7,1,23,23,45,23,71,65,65,65,65,65,65,65,65,65,65,54,54,71,71,71,71,71,71,71,61,4],"gold":302,"neow_bonus":"NOSTALGIA","is_daily":false,"chose_seed":false,"campfire_upgraded":4,"win_rate":0.0,"timestamp":1611838446,"path_taken":["M","?","M","M","?","E","R","M","T","R","M","E","M","?","R","BOSS","M","M","?","$","M","R","M","E","T","?","$","E","R","M","R","BOSS","M","$","?","?","?","R","E","R","T","M","M","E","R","E","R","BOSS","R","$","E","BOSS"],"items_purchased_type":["Card","Card","Relic","Relic","Card","Relic","Relic","Card","Card","Relic","Relic","Relic","Relic","Relic","Card","Card"],"build_version":"2020-12-22","purchased_purges":0,"victory":true,"max_hp_per_floor":[75,75,75,75,75,75,75,75,75,75,75,75,75,75,75,75,75,75,75,75,75,75,75,75,75,75,75,75,75,75,75,75,75,71,71,71,71,71,71,71,71,71,71,71,71,71,71,71,71,71,71,71,71,71,71],"card_choices":[{"not_picked":["TheCursedMod:CircleOfFlame","TheCursedMod:VitalStrike"],"picked":"TheCursedMod:SurpriseAttack","floor":1},{"not_picked":["TheCursedMod:VitalStrike","TheCursedMod:Obscuration","TheCursedMod:SurpriseAttack"],"picked":"SKIP","floor":2},{"not_picked":["TheCursedMod:CursedBlade","TheCursedMod:SpitefulStrike"],"picked":"TheCursedMod:BlessingInDisguise","floor":3},{"not_picked":["TheCursedMod:DoubleShield","TheCursedMod:SurpriseAttack"],"picked":"TheCursedMod:OutForBlood","floor":4},{"not_picked":["TheCursedMod:Obscuration+1","TheCursedMod:Hemoplague"],"picked":"TheCursedMod:ReleasedStrength+1","floor":6},{"not_picked":["TheCursedMod:Obscuration+1","TheCursedMod:SurpriseAttack"],"picked":"TheCursedMod:VitalStrike","floor":8},{"not_picked":["TheCursedMod:SpitefulStrike","TheCursedMod:CursedBlade"],"picked":"TheCursedMod:CursedBoomerang","floor":11},{"not_picked":["TheCursedMod:Stretching+1","TheCursedMod:Obscuration+1"],"picked":"TheCursedMod:VoidForm","floor":12},{"not_picked":["TheCursedMod:FleshFromBone+1","TheCursedMod:CursedAmulet+1"],"picked":"TheCursedMod:CursedArmor+1","floor":13},{"not_picked":["TheCursedMod:ParallelWorld+1","TheCursedMod:DarkBarrier+1"],"picked":"TheCursedMod:Neurasthenia+1","floor":16},{"not_picked":["TheCursedMod:RavingStaff","TheCursedMod:RapidMovement+1"],"picked":"TheCursedMod:CursedBoomerang","floor":18},{"not_picked":["TheCursedMod:BlessingInDisguise+1","TheCursedMod:CursedBoomerang","TheCursedMod:Wield"],"picked":"SKIP","floor":19},{"not_picked":["TheCursedMod:Wield","TheCursedMod:SpitefulStrike"],"picked":"TheCursedMod:AshesToAshes+1","floor":22},{"not_picked":["TheCursedMod:VitalStrike","TheCursedMod:CursedShiv","TheCursedMod:BlessingInDisguise+1"],"picked":"SKIP","floor":24},{"not_picked":["TheCursedMod:CursedMace","TheCursedMod:Stretching+1"],"picked":"TheCursedMod:LuckyCharm+1","floor":25},{"not_picked":["TheCursedMod:VitalStrike","TheCursedMod:SpreadPlague+1","TheCursedMod:FleshFromBone+1"],"picked":"SKIP","floor":29},{"not_picked":["TheCursedMod:CircleOfFlame+1","TheCursedMod:RapidMovement+1"],"picked":"TheCursedMod:Obscuration+1","floor":31},{"not_picked":["TheCursedMod:AntiAging+1","TheCursedMod:ShockAndAwe"],"picked":"TheCursedMod:NeowsMight+1","floor":33},{"not_picked":["TheCursedMod:SpitefulStrike+1","TheCursedMod:Stretching+1","TheCursedMod:Wield+1"],"picked":"SKIP","floor":35},{"not_picked":["TheCursedMod:SmokeScreen+1","TheCursedMod:AshesToAshes+1"],"picked":"TheCursedMod:CursedSpellbook+1","floor":37},{"not_picked":["TheCursedMod:SurpriseAttack","TheCursedMod:DoubleShield+1"],"picked":"TheCursedMod:HellfireBreathing","floor":41},{"not_picked":["TheCursedMod:SpitefulStrike+1","TheCursedMod:TacticalStrike+1","TheCursedMod:WearCloak+1"],"picked":"SKIP","floor":44},{"not_picked":["TheCursedMod:CircleOfCorruption+1","TheCursedMod:Hemoplague+1"],"picked":"TheCursedMod:ReleasedKnowledge+1","floor":45},{"not_picked":["TheCursedMod:WearCloak+1","TheCursedMod:CircleOfCorruption+1"],"picked":"TheCursedMod:DemonSword","floor":46},{"not_picked":["TheCursedMod:FleshFromBone+1","TheCursedMod:CircleOfCorruption+1"],"picked":"TheCursedMod:VoidForm","floor":48},{"not_picked":["TheCursedMod:CursedShiv+1","TheCursedMod:AshesToAshes+1","TheCursedMod:CircleOfCorruption+1"],"picked":"SKIP","floor":54},{"not_picked":["TheCursedMod:CursedShiv+1","TheCursedMod:AshesToAshes+1","TheCursedMod:CircleOfCorruption+1"],"picked":"SKIP","floor":54}],"player_experience":817709,"relics_obtained":[{"floor":6,"key":"Toxic Egg 2"},{"floor":9,"key":"Ancient Tea Set"},{"floor":12,"key":"Gremlin Horn"},{"floor":25,"key":"Bromod:ArcaneDeflection"},{"floor":26,"key":"DeadEye"},{"floor":27,"key":"Ring of Greed"},{"floor":27,"key":"Ring of Fangs"},{"floor":27,"key":"Old Coin"},{"floor":27,"key":"Tiny Chest"},{"floor":29,"key":"hubris:Potato"},{"floor":37,"key":"PreservedInsect"},{"floor":41,"key":"Astrolabe"},{"floor":43,"key":"Replay:Bandana"},{"floor":46,"key":"Bromod:ArcanePulse"},{"floor":48,"key":"Bromod:ArcaneAegis"},{"floor":54,"key":"hubris:DuctTape"}],"event_choices":[{"damage_healed":0,"gold_gain":0,"player_choice":"Grow","damage_taken":0,"max_hp_gain":0,"max_hp_loss":0,"event_name":"Living Wall","floor":14,"gold_loss":0,"cards_upgraded":["TheCursedMod:VoidForm"]},{"damage_healed":0,"gold_gain":0,"player_choice":"Ignored","damage_taken":0,"max_hp_gain":0,"max_hp_loss":0,"event_name":"Vampires","floor":20,"gold_loss":0},{"damage_healed":0,"gold_gain":0,"player_choice":"Fight","damage_taken":0,"max_hp_gain":0,"max_hp_loss":0,"event_name":"MindBloom","floor":37,"gold_loss":0}],"is_beta":false,"boss_relics":[{"not_picked":["TheCursedMod:BlackMagicAdvanced","hubris:ScarierMask"],"picked":"TheCursedMod:FourLeafCloverCharm"},{"not_picked":[]},{"not_picked":["Replay:Baseball","SatanicBible"],"picked":"aspiration:RitualDagger"},{"not_picked":[]}],"items_purged_floors":[],"is_endless":false,"potions_floor_spawned":[1,2,3,12,22,25,29,31,33,37,41,45,46],"ascension_level":1}}