{"host":"sav7uxregyirlf69","time":1611818547,"event":{"mods":["AchievementEnabler","BaseMod","Colored Map","DeckTracker","Keyboard Shortcuts","Minty Spire (QoL Compilation)","READ ME - Guardian Mod","StSLib","SuperFastMode"],"gold_per_floor":[109,109,126,137,3,3,15,15,15,15,33,47,79,91,91,91,91],"floor_reached":16,"language":"KOR","playtime":242,"items_purged":["Strike_G"],"score":208,"play_id":"51421dfd-9ee1-46ce-9b20-731c76f98736","local_time":"20210128162227","is_ascension_mode":true,"campfire_choices":[{"data":"Terror","floor":6,"key":"SMITH"},{"data":"Finisher","floor":8,"key":"SMITH"},{"data":"Well Laid Plans","floor":10,"key":"SMITH"},{"data":"Blade Dance","floor":15,"key":"SMITH"}],"circlet_count":0,"master_deck":["AscendersBane","Strike_G","Strike_G","Strike_G","Defend_G","Defend_G","Defend_G","Defend_G","Defend_G","Survivor","Neutralize","Terror+1","Blade Dance+1","Well Laid Plans+1","Dagger Throw","Finisher+1","Backstab"],"relics":["Ring of the Snake","NeowsBlessing","Frozen Egg 2","Thread and Needle"],"acts_visited":["Exordium"],"potions_floor_usage":[7,13],"damage_taken":[{"damage":0,"enemies":"Small Slimes","floor":1,"turns":1},{"damage":0,"enemies":"Cultist","floor":3,"turns":1},{"damage":0,"enemies":"Jaw Worm","floor":4,"turns":1},{"damage":1,"enemies":"Lots of Slimes","floor":7,"turns":3},{"damage":9,"enemies":"Blue Slaver","floor":11,"turns":3},{"damage":6,"enemies":"Exordium Wildlife","floor":12,"turns":3},{"damage":10,"enemies":"Lagavulin","floor":13,"turns":5},{"damage":0,"enemies":"3 Louse","floor":14,"turns":4},{"damage":36,"enemies":"Slime Boss","floor":16,"turns":7}],"seed_played":"1987146397973369440","potions_obtained":[{"floor":1,"key":"CunningPotion"},{"floor":4,"key":"DistilledChaos"},{"floor":11,"key":"Ancient Potion"}],"is_trial":false,"path_per_floor":["M","?","M","M","$","R","M","R","T","R","M","M","E","M","R","B"],"character_chosen":"THE_SILENT","items_purchased":["Dagger Throw"],"campfire_rested":0,"item_purchase_floors":[5],"current_hp_per_floor":[59,59,59,59,59,59,58,58,58,58,49,43,33,33,33,0,0],"gold":91,"neow_bonus":"THREE_ENEMY_KILL","is_daily":false,"chose_seed":false,"campfire_upgraded":4,"win_rate":0.0,"timestamp":1611818547,"path_taken":["M","?","?","M","$","R","M","R","T","R","M","M","E","?","R","BOSS"],"items_purchased_type":["Card"],"build_version":"2020-12-22","purchased_purges":1,"victory":false,"max_hp_per_floor":[66,66,66,66,66,66,66,66,66,66,66,66,66,66,66,66,66],"card_choices":[{"not_picked":["Footwork","Deadly Poison"],"picked":"Terror","floor":1},{"not_picked":["Poisoned Stab","Backflip"],"picked":"Blade Dance","floor":3},{"not_picked":["Quick Slash","Deadly Poison"],"picked":"Well Laid Plans","floor":4},{"not_picked":["Reflex","Blade Dance"],"picked":"Finisher","floor":7},{"not_picked":["All Out Attack","Slice","Setup"],"picked":"SKIP","floor":11},{"not_picked":["Blade Dance","Predator"],"picked":"Backstab","floor":12},{"not_picked":["Flying Knee","Dodge and Roll","Dagger Throw"],"picked":"SKIP","floor":13},{"not_picked":["Grand Finale","Dagger Throw","PiercingWail"],"picked":"SKIP","floor":14}],"player_experience":1414384,"relics_obtained":[{"floor":9,"key":"Frozen Egg 2"},{"floor":13,"key":"Thread and Needle"}],"event_choices":[{"cards_removed":["Strike_G"],"damage_healed":0,"gold_gain":0,"player_choice":"Offered Basic","damage_taken":0,"max_hp_gain":0,"max_hp_loss":0,"event_name":"Bonfire Elementals","floor":2,"gold_loss":0}],"is_beta":false,"boss_relics":[],"items_purged_floors":[5],"is_endless":false,"potions_floor_spawned":[1,4,11],"killed_by":"Slime Boss","ascension_level":20}}