{"host":"hlz9nytggqnehs39","time":1611793905,"event":{"mods":["BaseMod","Highlight Path","Minty Spire (QoL Compilation)","Relic Stats"],"gold_per_floor":[112,112,128,203,222,222,222],"floor_reached":6,"language":"ENG","playtime":400,"items_purged":[],"score":52,"play_id":"455a046a-e9b1-4c80-ac08-17c0cf866b61","local_time":"20210128013145","is_ascension_mode":true,"campfire_choices":[],"circlet_count":0,"master_deck":["Strike_B","Strike_B","Strike_B","Strike_B","Defend_B","Defend_B","Defend_B","Defend_B","Zap","Dualcast","Compile Driver","Leap","Undo"],"relics":["Snecko Eye","Golden Idol"],"acts_visited":["Exordium"],"potions_floor_usage":[],"damage_taken":[{"damage":9,"enemies":"Jaw Worm","floor":1,"turns":5},{"damage":0,"enemies":"Small Slimes","floor":3,"turns":3},{"damage":10,"enemies":"Cultist","floor":5,"turns":6},{"damage":25,"enemies":"Lagavulin","floor":6,"turns":8}],"seed_played":"-6354150084237833475","potions_obtained":[{"floor":3,"key":"LiquidBronze"}],"is_trial":false,"path_per_floor":["M","?","M","?","M","E"],"character_chosen":"DEFECT","items_purchased":[],"campfire_rested":0,"item_purchase_floors":[],"current_hp_per_floor":[59,41,41,30,20,0,0],"gold":222,"neow_bonus":"BOSS_RELIC","is_daily":false,"chose_seed":false,"campfire_upgraded":0,"win_rate":0.0,"timestamp":1611793905,"path_taken":["M","?","M","?","M","E"],"items_purchased_type":[],"build_version":"2020-12-22","purchased_purges":0,"victory":false,"max_hp_per_floor":[75,75,75,75,75,75,75],"relic_stats":{"counters":[4,22],"Golden Idol":7,"Snecko Eye":[38,32,36,47],"obtain_stats":[{"Golden Idol":2,"Snecko Eye":0,"Cracked Core":0},{"Golden Idol":1,"Snecko Eye":0,"Cracked Core":0},{"Golden Idol":5,"Snecko Eye":0,"Cracked Core":0}]},"card_choices":[{"not_picked":["Steam","Stack"],"picked":"Compile Driver","floor":1},{"not_picked":["Coolheaded","Go for the Eyes"],"picked":"Leap","floor":3},{"not_picked":["Beam Cell","Darkness"],"picked":"Undo","floor":5}],"player_experience":402714,"relics_obtained":[],"event_choices":[{"damage_healed":0,"gold_gain":0,"player_choice":"Take Damage","damage_taken":18,"relics_obtained":["Golden Idol"],"max_hp_gain":0,"max_hp_loss":0,"event_name":"Golden Idol","floor":2,"gold_loss":0},{"damage_healed":0,"gold_gain":75,"player_choice":"Gather Gold","damage_taken":11,"max_hp_gain":0,"max_hp_loss":0,"event_name":"World of Goop","floor":4,"gold_loss":0}],"is_beta":false,"boss_relics":[],"items_purged_floors":[],"is_endless":false,"potions_floor_spawned":[3],"killed_by":"Lagavulin","ascension_level":9}}