{"host":"7f01flv6y0vhl3vt","time":1611861112,"event":{"mods":["Act Like it!","BaseMod","Downfall","Minty Spire (QoL Compilation)","StSLib"],"gold_per_floor":[99,155,170,184,184,184,231,31,31,31,62,81,81,96,113,209,209,109,119,136,136,136,136],"floor_reached":21,"language":"ENG","playtime":9328,"items_purged":[],"score":204,"play_id":"40e448de-a5ed-460f-8e14-fb3b63d64c60","local_time":"20210128141152","is_ascension_mode":false,"campfire_choices":[{"floor":1.0,"key":"RECALL"},{"data":"sneckomod:UnknownRareSkill","floor":8.0,"key":"SMITH"},{"data":"sneckomod:Unknown","floor":10.0,"key":"SMITH"},{"floor":13.0,"key":"REST"},{"data":"sneckomod:SerpentMind","floor":18,"key":"SMITH"}],"circlet_count":0,"master_deck":["sneckomod:Strike","sneckomod:Strike","sneckomod:Defend+1","sneckomod:Defend","sneckomod:TailWhip","sneckomod:SnekBite","sneckomod:Unknown+1","sneckomod:IronFang","sneckomod:UnknownRareSkill+1","sneckomod:UnknownRareSkill+1","Guardian:Incinerate","sneckomod:SnakeSap","sneckomod:UnknownColorless","sneckomod:UnknownCommonSkill","sneckomod:UnknownCommonSkill","sneckomod:SerpentMind+1","Decay","sneckomod:DefensiveFlair+1","sneckomod:DangerNoodle+1","sneckomod:SoulDraw+1","sneckomod:Unknown1Cost"],"relics":["sneckomod:SneckoSoul","Toy Ornithopter","downfall:HeartBlessingBlue","downfall:HeartBlessingRed","Pear","Astrolabe","downfall:HeartBlessingGreen"],"acts_visited":["TheCity"],"potions_floor_usage":[19],"damage_taken":[{"damage":57.0,"enemies":"3 Sentries","floor":2.0,"turns":10.0},{"damage":1.0,"enemies":"Cultist","floor":3.0,"turns":3.0},{"damage":6.0,"enemies":"Small Slimes","floor":4.0,"turns":3.0},{"damage":26.0,"enemies":"3 Sentries","floor":11.0,"turns":7.0},{"damage":11.0,"enemies":"2 Louse","floor":12.0,"turns":4.0},{"damage":12.0,"enemies":"Red Slaver","floor":14.0,"turns":5.0},{"damage":2.0,"enemies":"2 Fungi Beasts","floor":15.0,"turns":3.0},{"damage":95.0,"enemies":"WA_ARCHETYPE_RETAIN","floor":16.0,"turns":12.0},{"damage":33,"enemies":"Shell Parasite","floor":19,"turns":7},{"damage":46,"enemies":"Snake Plant","floor":20,"turns":6},{"damage":42,"enemies":"Sentry and Sphere","floor":21,"turns":4}],"seed_played":"-7725496093086853335","potions_obtained":[{"floor":2.0,"key":"Strength Potion"},{"floor":3.0,"key":"GamblersBrew"},{"floor":4.0,"key":"LiquidMemories"},{"floor":12.0,"key":"Swift Potion"},{"floor":16.0,"key":"LiquidMemories"}],"is_trial":false,"path_per_floor":["R","?","M","M","?","?","T","R","?","R","E","M","R","M","M","B",null,"R","M","M","M"],"character_chosen":"THE_SNECKO","items_purchased":[],"campfire_rested":1,"item_purchase_floors":[],"current_hp_per_floor":[99,42,46,45,78,78,78,88,88,88,77,66,101,94,92,2,119,119,86,40,0,0,0],"gold":136,"neow_bonus":"TEN_PERCENT_HP_BONUS","is_daily":false,"chose_seed":false,"campfire_upgraded":3,"win_rate":0.0,"timestamp":1611861112,"path_taken":["R","?","M","M","?","?","T","R","?","R","E","M","R","?","M","BOSS","R","M","M","M"],"items_purchased_type":[],"build_version":"2020-12-22","purchased_purges":0,"victory":false,"max_hp_per_floor":[99,99,99,99,99,99,99,109,109,109,119,119,119,119,119,119,119,119,119,119,119,119,119],"card_choices":[{"not_picked":["sneckomod:SoulRoll","sneckomod:QuickMove"],"picked":"sneckomod:IronFang","floor":2.0},{"not_picked":["sneckomod:UnknownUncommonPower","sneckomod:UnknownClassGREEN"],"picked":"sneckomod:UnknownRareSkill","floor":3.0},{"not_picked":["sneckomod:QuickMove","sneckomod:DiceBlock"],"picked":"sneckomod:Memorize","floor":4.0},{"not_picked":["sneckomod:IronFang","sneckomod:QuickBite"],"picked":"sneckomod:SnakeSap","floor":11.0},{"not_picked":["sneckomod:SlitherStrike","sneckomod:UnknownStrike"],"picked":"sneckomod:UnknownColorless","floor":12.0},{"not_picked":["sneckomod:DiceCrush","sneckomod:Unknown1Cost"],"picked":"sneckomod:UnknownCommonSkill","floor":14.0},{"not_picked":["sneckomod:UnknownCommonAttack","sneckomod:SoulRoll"],"picked":"sneckomod:UnknownCommonSkill","floor":15.0},{"not_picked":["sneckomod:UnknownRareSkill","sneckomod:MorePower"],"picked":"sneckomod:SerpentMind","floor":16.0},{"not_picked":["sneckomod:RainOfDice","sneckomod:Unknown1Cost"],"picked":"sneckomod:SoulDraw+1","floor":19},{"not_picked":["sneckomod:DiceCrush","sneckomod:UnknownCommonAttack"],"picked":"sneckomod:Unknown1Cost","floor":20}],"player_experience":1469038,"relics_obtained":[{"floor":2.0,"key":"Toy Ornithopter"},{"floor":11.0,"key":"Pear"}],"event_choices":[{"damage_healed":33.0,"max_hp_gain":0.0,"max_hp_loss":0.0,"gold_gain":0.0,"event_name":"Big Fish","player_choice":"Banana","floor":5.0,"gold_loss":0.0,"damage_taken":0.0}],"is_beta":false,"boss_relics":[{"not_picked":["sneckomod:SneckoBoss","Fusion Hammer"],"picked":"Astrolabe"}],"items_purged_floors":[],"is_endless":false,"potions_floor_spawned":[2,3,4,12,16],"killed_by":"Sentry and Sphere","ascension_level":0}}