{"host":"uv5ws9rdk87e8i5k","time":1611856210,"event":{"mods":["AchievementEnabler","BaseMod","Colored Map","Minty Spire (QoL Compilation)","Permanent Neow","Quick Restart","StSLib","SuperFastMode","The Animator","The Cursed","The Hierophant","The Necromancer"],"gold_per_floor":[111,128,139,64,139,64,64,89,114,132,132,132],"floor_reached":11,"language":"ENG","playtime":176,"items_purged":["animator:Curse_Greed"],"score":128,"play_id":"9170e41e-7b3f-4e44-a3ce-9c7cb20146ca","local_time":"20210128115010","is_ascension_mode":true,"campfire_choices":[],"circlet_count":0,"master_deck":["AscendersBane","Strike_W","Strike_W","Defend_W","Defend_W","Defend_W","Defend_W","Negative_Energy_Arrows","Bone_Wall","Necrotic_Claws","Uncharnel"],"relics":["Vampire_Amulet","TungstenRod","Happy Flower","Lantern"],"acts_visited":["Exordium"],"potions_floor_usage":[11,11],"damage_taken":[{"damage":7,"enemies":"Jaw Worm","floor":1,"turns":6},{"damage":0,"enemies":"2 Louse","floor":2,"turns":3},{"damage":0,"enemies":"Cultist","floor":3,"turns":4},{"damage":47,"enemies":"Gremlin Nob","floor":8,"turns":5},{"damage":1,"enemies":"Looter","floor":10,"turns":4},{"damage":0,"enemies":"Lagavulin","floor":11,"turns":2}],"seed_played":"240389026658287686","potions_obtained":[{"floor":8,"key":"BlessingOfTheForge"},{"floor":10,"key":"BlessingOfTheForge"}],"is_trial":false,"path_per_floor":["M","M","M","$","?","?","?","E","T","M","E"],"character_chosen":"NECROMANCER","items_purchased":[],"campfire_rested":0,"item_purchase_floors":[],"current_hp_per_floor":[59,63,65,65,55,55,55,10,10,11,11,11],"gold":132,"neow_bonus":"ONE_RARE_RELIC","is_daily":false,"chose_seed":false,"campfire_upgraded":0,"win_rate":0.0,"timestamp":1611856210,"path_taken":["M","M","M","$","?","?","?","E","T","?","E"],"items_purchased_type":[],"build_version":"2020-12-22","purchased_purges":1,"victory":false,"max_hp_per_floor":[71,71,71,71,71,71,71,71,71,71,71,71],"card_choices":[{"not_picked":["Scare","Epidemic"],"picked":"Necrotic_Claws","floor":1},{"not_picked":["Death_Coil","Chill_Blood","Stop_Heart"],"picked":"SKIP","floor":2},{"not_picked":["Bones_to_Steel","Death_March_Dance"],"picked":"Uncharnel","floor":3},{"not_picked":["Toxic_Smoke_Screen","Chill_Blood","Whirlwind_of_Bones"],"picked":"SKIP","floor":8},{"not_picked":["Bone_Bullets","Negative_Energy_Shield","Whirlwind_of_Bones"],"picked":"SKIP","floor":10}],"player_experience":306783,"relics_obtained":[{"floor":8,"key":"Happy Flower"},{"floor":9,"key":"Lantern"}],"event_choices":[{"damage_healed":0,"gold_gain":75,"player_choice":"Gather Gold","damage_taken":11,"max_hp_gain":0,"max_hp_loss":0,"event_name":"World of Goop","floor":5,"gold_loss":0},{"cards_removed":["Strike_W"],"damage_healed":0,"gold_gain":0,"player_choice":"Card Removal","damage_taken":0,"max_hp_gain":0,"max_hp_loss":0,"event_name":"The Cleric","floor":6,"gold_loss":75},{"cards_removed":["Strike_W"],"damage_healed":0,"gold_gain":0,"player_choice":"Offered Basic","damage_taken":0,"max_hp_gain":0,"max_hp_loss":0,"event_name":"Bonfire Elementals","floor":7,"gold_loss":0}],"is_beta":false,"boss_relics":[],"items_purged_floors":[4],"is_endless":false,"potions_floor_spawned":[8,10],"killed_by":"Lagavulin","ascension_level":15}}