{"host":"yx5rao87132cy5xq","time":1611792849,"event":{"mods":["2.2 Compatiblity","AchievementEnabler","BaseMod","Bestiary","Colored Map","Colored Powertips","Minty Spire (QoL Compilation)","Quick Restart","Relic Stats","Slay-I","SuperFastMode"],"gold_per_floor":[117,130,130,176,188,188,215,227,251,251,251,279,299,334,334,431,431,446,459,49,65,65,97,97,114,114,39,73,93,124,134,134,134,134],"floor_reached":33,"language":"POL","playtime":2230,"items_purged":["Strike_R"],"score":507,"play_id":"3dbf1902-e0ff-4964-b07e-c60b2a31037b","local_time":"20210128011409","is_ascension_mode":true,"campfire_choices":[{"data":"Bash","floor":6.0,"key":"SMITH"},{"data":"Power Through","floor":10.0,"key":"SMITH"},{"data":"Shrug It Off","floor":15.0,"key":"SMITH"},{"data":"Havoc","floor":24.0,"key":"SMITH"},{"data":"Armaments","floor":32.0,"key":"SMITH"}],"circlet_count":0,"master_deck":["AscendersBane","Strike_R","Strike_R","Defend_R","Defend_R","Defend_R+1","Defend_R","Bash+1","Power Through+1","Pummel","Headbutt","Immolate","Reckless Charge","Inflame","True Grit+1","Shrug It Off+1","Wild Strike","Double Tap","Armaments+1","Shrug It Off","Havoc+1","Intimidate","Evolve","Pommel Strike","True Grit+1","Warcry+1","Havoc+1"],"relics":["Burning Blood","NeowsBlessing","Tiny Chest","Meat on the Bone","Bag of Preparation","The Courier","Calipers","Mark of Pain","Ancient Tea Set","Lee\u0027s Waffle","War Paint","Strawberry","Blood Vial","Akabeko","Art of War"],"acts_visited":["Exordium","TheCity"],"potions_floor_usage":[33],"damage_taken":[{"damage":0.0,"enemies":"Small Slimes","floor":1.0,"turns":1.0},{"damage":0.0,"enemies":"Jaw Worm","floor":2.0,"turns":1.0},{"damage":0.0,"enemies":"Cultist","floor":5.0,"turns":1.0},{"damage":20.0,"enemies":"Gremlin Nob","floor":7.0,"turns":4.0},{"damage":0.0,"enemies":"Looter","floor":8.0,"turns":2.0},{"damage":20.0,"enemies":"Lagavulin","floor":12.0,"turns":5.0},{"damage":0.0,"enemies":"Lots of Slimes","floor":13.0,"turns":1.0},{"damage":2.0,"enemies":"3 Sentries","floor":14.0,"turns":4.0},{"damage":53.0,"enemies":"Hexaghost","floor":16.0,"turns":11.0},{"damage":41.0,"enemies":"Shell Parasite","floor":18.0,"turns":6.0},{"damage":17.0,"enemies":"2 Thieves","floor":19.0,"turns":2.0},{"damage":18.0,"enemies":"Centurion and Healer","floor":21.0,"turns":6.0},{"damage":28.0,"enemies":"Slavers","floor":23.0,"turns":6.0},{"damage":21.0,"enemies":"3 Cultists","floor":25.0,"turns":6.0},{"damage":13.0,"enemies":"Book of Stabbing","floor":28.0,"turns":5.0},{"damage":23.0,"enemies":"Shelled Parasite and Fungi","floor":29.0,"turns":7.0},{"damage":8.0,"enemies":"Gremlin Leader","floor":30.0,"turns":6.0},{"damage":7.0,"enemies":"Cultist and Chosen","floor":31.0,"turns":3.0},{"damage":66,"enemies":"Collector","floor":33,"turns":16}],"seed_played":"9128583575592066834","potions_obtained":[{"floor":1.0,"key":"SteroidPotion"},{"floor":2.0,"key":"BlessingOfTheForge"},{"floor":13.0,"key":"Dexterity Potion"},{"floor":29.0,"key":"LiquidMemories"},{"floor":30.0,"key":"Strength Potion"}],"is_trial":false,"path_per_floor":["M","M","?","T","M","R","E","M","T","R","?","E","M","E","R","B",null,"M","M","$","M","T","E","R","M","T","?","E","M","E","M","R","B"],"character_chosen":"IRONCLAD","items_purchased":["Havoc","Intimidate","Ancient Tea Set","Lee\u0027s Waffle"],"campfire_rested":0,"item_purchase_floors":[20,20,20,20],"current_hp_per_floor":[78,80,80,80,80,80,66,72,72,72,72,58,64,68,68,33,68,45,46,87,75,75,60,60,57,57,57,64,61,61,62,62,0,0],"gold":134,"neow_bonus":"THREE_ENEMY_KILL","is_daily":false,"chose_seed":false,"campfire_upgraded":5,"win_rate":0.0,"timestamp":1611792849,"path_taken":["M","M","?","?","M","R","E","?","T","R","?","E","M","E","R","BOSS","M","?","$","M","?","E","R","?","T","?","E","M","E","M","R","BOSS"],"items_purchased_type":["Card","Card","Relic","Relic"],"build_version":"2020-12-22","purchased_purges":1,"victory":false,"max_hp_per_floor":[80,80,80,80,80,80,80,80,80,80,80,80,80,80,80,80,80,80,80,87,87,87,94,94,94,94,94,94,94,94,94,94,94,94],"relic_stats":{"Blood Vial":10,"Lee\u0027s Waffle":41,"counters":[19,93],"Tiny Chest":1,"Bag of Preparation":[28],"Art of War":[2],"War Paint":["Defend_R","True Grit"],"obtain_stats":[{"Lee\u0027s Waffle":20,"Calipers":14,"NeowsBlessing":0,"The Courier":12,"Bag of Preparation":9,"War Paint":22,"Ancient Tea Set":20,"Burning Blood":0,"Akabeko":28,"Blood Vial":26,"Strawberry":23,"Tiny Chest":4,"Mark of Pain":17,"Art of War":30,"Meat on the Bone":7},{"Lee\u0027s Waffle":11,"Calipers":8,"NeowsBlessing":0,"The Courier":6,"Bag of Preparation":5,"War Paint":12,"Ancient Tea Set":11,"Burning Blood":0,"Akabeko":15,"Blood Vial":14,"Strawberry":13,"Tiny Chest":2,"Mark of Pain":9,"Art of War":17,"Meat on the Bone":4},{"Lee\u0027s Waffle":38,"Calipers":19,"NeowsBlessing":0,"The Courier":14,"Bag of Preparation":9,"War Paint":44,"Ancient Tea Set":38,"Burning Blood":0,"Akabeko":61,"Blood Vial":56,"Strawberry":50,"Tiny Chest":2,"Mark of Pain":30,"Art of War":74,"Meat on the Bone":7}],"Burning Blood":98,"Meat on the Bone":72},"card_choices":[{"not_picked":["Feel No Pain","Clash"],"picked":"Power Through","floor":1.0},{"not_picked":["Whirlwind","Shrug It Off"],"picked":"Pummel","floor":2.0},{"not_picked":["Flex","Thunderclap"],"picked":"Headbutt","floor":5.0},{"not_picked":["Heavy Blade","Iron Wave"],"picked":"Immolate","floor":7.0},{"not_picked":["Sentinel","True Grit"],"picked":"Reckless Charge","floor":8.0},{"not_picked":["Cleave","Sword Boomerang"],"picked":"True Grit","floor":12.0},{"not_picked":["Sword Boomerang","Cleave"],"picked":"Shrug It Off","floor":13.0},{"not_picked":["Warcry","Iron Wave"],"picked":"Wild Strike","floor":14.0},{"not_picked":["Limit Break","Bludgeon"],"picked":"Double Tap","floor":16.0},{"not_picked":["Anger","Twin Strike"],"picked":"Armaments","floor":18.0},{"not_picked":["Disarm","Rage"],"picked":"Shrug It Off","floor":19.0},{"not_picked":["Flex","Armaments"],"picked":"Evolve","floor":21.0},{"not_picked":["Twin Strike","Thunderclap"],"picked":"Pommel Strike","floor":23.0},{"not_picked":["Perfected Strike","Twin Strike","Flex"],"picked":"SKIP","floor":25.0},{"not_picked":["Burning Pact","Anger+1"],"picked":"True Grit+1","floor":28.0},{"not_picked":["Twin Strike","Heavy Blade"],"picked":"Warcry+1","floor":29.0},{"not_picked":["Double Tap","Immolate","Clash"],"picked":"SKIP","floor":30.0},{"not_picked":["Clash","Pommel Strike"],"picked":"Havoc+1","floor":31.0}],"player_experience":853551,"relics_obtained":[{"floor":4.0,"key":"Tiny Chest"},{"floor":7.0,"key":"Meat on the Bone"},{"floor":9.0,"key":"Bag of Preparation"},{"floor":12.0,"key":"The Courier"},{"floor":14.0,"key":"Calipers"},{"floor":22.0,"key":"War Paint"},{"floor":23.0,"key":"Strawberry"},{"floor":26.0,"key":"Blood Vial"},{"floor":28.0,"key":"Akabeko"},{"floor":30.0,"key":"Art of War"}],"event_choices":[{"damage_healed":0.0,"max_hp_gain":0.0,"max_hp_loss":0.0,"gold_gain":0.0,"event_name":"The Cleric","player_choice":"Leave","floor":3.0,"gold_loss":0.0,"damage_taken":0.0},{"damage_healed":0.0,"max_hp_gain":0.0,"max_hp_loss":0.0,"gold_gain":0.0,"cards_transformed":["Strike_R"],"event_name":"Transmorgrifier","player_choice":"Transformed","floor":11.0,"gold_loss":0.0,"damage_taken":0.0,"cards_obtained":["Inflame"]},{"cards_removed":["Strike_R"],"damage_healed":0.0,"max_hp_gain":0.0,"max_hp_loss":0.0,"gold_gain":0.0,"event_name":"Beggar","player_choice":"Gave Gold","floor":27.0,"gold_loss":75.0,"damage_taken":0.0}],"is_beta":false,"boss_relics":[{"not_picked":["Black Star","Sozu"],"picked":"Mark of Pain"}],"items_purged_floors":[20],"is_endless":false,"potions_floor_spawned":[1,2,8,13,14,18,19,29,30],"killed_by":"Collector","ascension_level":11}}