{"host":"1gh1pdv85cipbjj7","time":1611793731,"event":{"mods":["BaseMod","Colored Map","Downfall","GifTheSpireLib","Infinite Spire","Minty Spire (QoL Compilation)","Permanent Neow","StSLib","The Jungle"],"gold_per_floor":[99,117,131,15,75,100,100,122,228,245,279,295,295,295,315,420,420,420,442,473,473,473,473,498,498,514,514,535,556,556,574,588,614,614,614],"floor_reached":33,"language":"ENG","playtime":3181,"items_purged":["champ:Strike"],"score":274,"play_id":"aecfa65c-0902-4b3c-b771-15e510a0f395","local_time":"20210127182851","is_ascension_mode":true,"campfire_choices":[{"data":"champ:Taunt","floor":1.0,"key":"SMITH"},{"floor":13.0,"key":"REST"},{"data":"champ:StanceDance","floor":18.0,"key":"SMITH"},{"data":"champ:StanceDance","floor":25.0,"key":"SMITH"},{"data":"champ:SteelEdge","floor":27.0,"key":"SMITH"},{"floor":30.0,"key":"REST"}],"circlet_count":0,"master_deck":["champ:Strike","champ:Strike","champ:Defend","champ:Defend","champ:Defend","champ:Defend","champ:Execute","champ:Taunt+1","champ:CheapShot","champ:GutPunch","champ:FaceSlap","champ:Circumvent","champ:StanceDance+1","champ:Haymaker","champ:FlashCut","champ:RecklessLeap","champ:EnGarde","champ:CheapShot","champ:IronFortress","champ:ShieldWall","champ:StanceDance+1","champ:PreciseThrust","champ:TornadoPunch","champ:SkillfulDodge","champ:SteelEdge+1","champ:CalledShot+1","champ:StanceDance+1","champ:FalseCounter+1","champ:BringItOn+1","champ:IronFortress+1"],"relics":["champ:ChampionCrownUpgraded","Pantograph","Dream Catcher","infinitespire:Midas Blood","Champion Belt","Art of War","Toxic Egg 2","Orrery","Omamori"],"acts_visited":["Exordium","TheCity"],"potions_floor_usage":[33,33,33],"damage_taken":[{"damage":11.0,"enemies":"Cultist","floor":2.0,"turns":5.0},{"damage":1.0,"enemies":"2 Louse","floor":3.0,"turns":3.0},{"damage":15.0,"enemies":"downfall:FleeingMerchant","floor":4.0,"turns":5.0},{"damage":22.0,"enemies":"Lagavulin Event","floor":5.0,"turns":6.0},{"damage":16.0,"enemies":"Lagavulin","floor":6.0,"turns":6.0},{"damage":2.0,"enemies":"Small Slimes","floor":8.0,"turns":2.0},{"damage":39.0,"enemies":"Small Slimes","floor":9.0,"turns":3.0},{"damage":15.0,"enemies":"3 Louse","floor":10.0,"turns":3.0},{"damage":17.0,"enemies":"Gremlin Nob","floor":11.0,"turns":5.0},{"damage":0.0,"enemies":"Blue Slaver","floor":12.0,"turns":4.0},{"damage":22.0,"enemies":"Exordium Wildlife","floor":15.0,"turns":8.0},{"damage":40.0,"enemies":"WA_ARCHETYPE_RETAIN","floor":16.0,"turns":12.0},{"damage":16.0,"enemies":"Chosen","floor":19.0,"turns":3.0},{"damage":25.0,"enemies":"Centurion and Healer","floor":20.0,"turns":10.0},{"damage":0.0,"enemies":"Snecko","floor":26.0,"turns":4.0},{"damage":7.0,"enemies":"Snake Plant","floor":28.0,"turns":4.0},{"damage":7.0,"enemies":"Shelled Parasite and Fungi","floor":29.0,"turns":8.0},{"damage":5.0,"enemies":"Snecko","floor":31.0,"turns":5.0},{"damage":12.0,"enemies":"Snake Plant","floor":32.0,"turns":7.0},{"damage":103,"enemies":"DF_ARCHETYPE_CLAW","floor":33,"turns":11}],"seed_played":"7463257816296572175","potions_obtained":[{"floor":5.0,"key":"ColorlessPotion"},{"floor":6.0,"key":"SkillPotion"},{"floor":8.0,"key":"PowerPotion"},{"floor":10.0,"key":"Dexterity Potion"},{"floor":11.0,"key":"Weak Potion"},{"floor":16.0,"key":"bronze:BurnAndBuffPotion"},{"floor":19.0,"key":"AttackPotion"},{"floor":20.0,"key":"champ:CounterPotion"}],"is_trial":false,"path_per_floor":["R","M","M","$","?","E","T","M","?","M","E","M","R","?","M","B",null,"R","M","M","?","?","AVR","T","R","M","R","M","M","R","M","M","B"],"character_chosen":"THE_CHAMP","items_purchased":["champ:StanceDance","champ:Haymaker"],"campfire_rested":2,"item_purchase_floors":[4,4],"current_hp_per_floor":[90,79,78,78,56,45,45,43,29,24,22,22,49,49,42,32,90,90,89,84,84,84,84,84,84,84,84,77,70,90,90,78,0,0,0],"gold":614,"neow_bonus":"ONE_RANDOM_RARE_CARD","is_daily":false,"chose_seed":false,"campfire_upgraded":4,"win_rate":0.0,"timestamp":1611793731,"path_taken":["R","M","M","?","?","E","T","M","?","M","E","M","R","?","M","BOSS","R","M","M","?","?","AVR","T","R","M","R","M","M","R","M","M","BOSS"],"items_purchased_type":["Card","Card"],"build_version":"2020-12-22","purchased_purges":1,"victory":false,"max_hp_per_floor":[90,90,90,90,90,90,90,90,90,90,90,90,90,90,90,90,90,90,90,90,90,90,90,90,90,90,90,90,90,90,90,90,90,90,90],"card_choices":[{"not_picked":["champ:BringItOn","champ:Encircle"],"picked":"champ:GutPunch","floor":2.0},{"not_picked":["champ:PreemptiveStrike","champ:Shatter"],"picked":"champ:FaceSlap","floor":3.0},{"not_picked":["champ:FalseCounter","champ:DeathBlow"],"picked":"champ:Circumvent","floor":4.0},{"not_picked":["champ:StanceDance","champ:AdrenalArmor"],"picked":"champ:FlashCut","floor":5.0},{"not_picked":["champ:PerfectedStrike","champ:FancyFootwork"],"picked":"champ:RecklessLeap","floor":6.0},{"not_picked":["champ:GutPunch","champ:PerfectedStrike"],"picked":"champ:EnGarde","floor":8.0},{"not_picked":["champ:RecklessLeap","champ:Shatter"],"picked":"champ:CheapShot","floor":9.0},{"not_picked":["champ:BerserkersShout","champ:CalledShot"],"picked":"champ:IronFortress","floor":10.0},{"not_picked":["champ:BerserkerStyle","champ:Backstep"],"picked":"champ:ShieldWall","floor":11.0},{"not_picked":["champ:PerfectedStrike","champ:BerserkersShout"],"picked":"champ:StanceDance","floor":12.0},{"not_picked":["champ:Haymaker","champ:GutPunch"],"picked":"champ:PreciseThrust","floor":13.0},{"not_picked":["champ:PreciseThrust","champ:IronFortress"],"picked":"champ:TornadoPunch","floor":15.0},{"not_picked":["champ:BladeFlurry","champ:AdrenalArmor"],"picked":"champ:SkillfulDodge","floor":19.0},{"not_picked":["champ:Encircle","champ:AdrenalArmor","champ:SetATrap"],"picked":"SKIP","floor":20.0},{"not_picked":["champ:AdrenalArmor+1","champ:PerfectedStrike"],"picked":"champ:SteelEdge","floor":23.0},{"not_picked":["champ:Haymaker+1","champ:CrownThrow+1"],"picked":"champ:CalledShot+1","floor":23.0},{"not_picked":["champ:FlashCut","champ:RisingSlash"],"picked":"champ:StanceDance+1","floor":23.0},{"not_picked":["champ:RisingSlash","champ:BerserkersShout+1"],"picked":"champ:FalseCounter+1","floor":26.0},{"not_picked":["champ:SkillfulDodge+1","champ:FlashCut","champ:DefensiveShout+1"],"picked":"SKIP","floor":28.0},{"not_picked":["champ:Circumvent+1","champ:FlashCut"],"picked":"champ:BringItOn+1","floor":29.0},{"not_picked":["champ:PerfectedStrike","champ:Encircle+1"],"picked":"champ:IronFortress+1","floor":31.0},{"not_picked":["champ:CrownThrow","champ:CalledShot+1","champ:Haymaker+1"],"picked":"SKIP","floor":32.0}],"player_experience":765356,"relics_obtained":[{"floor":6.0,"key":"Dream Catcher"},{"floor":7.0,"key":"infinitespire:Midas Blood"},{"floor":9.0,"key":"Champion Belt"},{"floor":11.0,"key":"Art of War"},{"floor":24.0,"key":"Omamori"}],"event_choices":[{"damage_healed":0.0,"max_hp_gain":0.0,"max_hp_loss":0.0,"gold_gain":0.0,"event_name":"Vampires","player_choice":"Ignored","floor":21.0,"gold_loss":0.0,"damage_taken":0.0}],"is_beta":false,"boss_relics":[{"not_picked":["Runic Pyramid","infinitespire:Cupcake"],"picked":"champ:ChampionCrownUpgraded"}],"items_purged_floors":[23],"is_endless":false,"potions_floor_spawned":[5,6,8,10,11,12,16,19,20,29],"killed_by":"DF_ARCHETYPE_CLAW","ascension_level":1}}