{"host":"knoo6yq0od847mqf","time":1611844160,"event":{"mods":["100% Spire Juice","Arknights The Spire","BaseMod","Bestiary","Displayed Cursed Tome","Downfall","Hubris","Koishi","Luminous","Marisa????????","Minty Spire (QoL Compilation)","Replay The Spire","Spire Arcade","StSLib","The Alterego","The Bug Knight","The Marked","Wandering Minibosses","Yuri Mod"],"gold_per_floor":[113,113,132,152,152,152,183,183,206,206,54,86,86,104,104,205,205,225,225,150,150,80,80,99,99,99,59,108,119,229,246,246,345,345,356,356,371,384,17,17,17,17,17,17,17,17,71,81,81,81],"floor_reached":51,"language":"ENG","playtime":1829,"items_purged":["Injury"],"score":705,"play_id":"a2c5531f-1bf6-475a-825f-53a42157c23a","local_time":"20210128152920","is_ascension_mode":false,"campfire_choices":[{"data":"yuri:NoEscape","floor":6,"key":"SMITH"},{"data":"yuri:DistillInsanity","floor":10,"key":"SMITH"},{"data":"yuri:BookPurple","floor":13,"key":"SMITH"},{"floor":15,"key":"REST"},{"data":"yuri:Virus","floor":23,"key":"SMITH"},{"floor":25,"key":"REST"},{"floor":32,"key":"REST"},{"floor":40,"key":"REST"},{"floor":42,"key":"REST"},{"data":"yuri:Virus","floor":44,"key":"SMITH"},{"floor":49,"key":"REST"}],"circlet_count":0,"master_deck":["yuri:yuriStrike","yuri:yuriStrike","yuri:yuriStrike","yuri:yuriStrike","yuri:yuriStrike","yuri:yuriDefend","yuri:yuriDefend","yuri:yuriDefend","yuri:yuriDefend","yuri:yuriDefend","yuri:Oolong","yuri:yuriStab","yuri:NoEscape+1","yuri:Spin","yuri:RepairCode","yuri:RecklessStrike","yuri:ThrowingKnives","yuri:WickedSlash","yuri:ThrowBook","yuri:yuriQuickStrike","yuri:TPose","yuri:DistillInsanity+1","Parasite","yuri:BookPurple+1","yuri:Virus+1","CurseOfTheBell","yuri:Stalk+1","yuri:Virus+1","yuri:TeaSet","yuri:GreenTea","yuri:HeavierStrike+1","yuri:GreenTea","yuri:Parry+1","yuri:ExploitStrike","CurseOfTheBell","yuri:ReactiveMadness","yuri:ArmBrace","yuri:yuriStab","yuri:BookRed","Overencumbered","yuri:GhostForm"],"relics":["yuri:yuriKnife","Nunchaku","hubris:TinFlute","Replay:Ancient Bell","Tiny Chest","hubris:SphereOfDissonance","Mango","hubris:MedicalManual","Lizard Tail","ReplayTheSpireMod:Lightbulb","Art of War","Kunai","wanderingMiniBosses:ThiefScarf","Calling Bell","Replay:PocketPolymizer","ReplayTheSpireMod:TigerMarble","hubris:DeckOfHolding","Juzu Bracelet","hubris:HerbalPaste","White Beast Statue","Replay:Wax Seal"],"acts_visited":["Exordium","TheCity","TheBeyond"],"potions_floor_usage":[18,24,29,38,50,50,50],"damage_taken":[{"damage":1,"enemies":"Cultist","floor":1,"turns":4},{"damage":8,"enemies":"Jaw Worm","floor":3,"turns":2},{"damage":4,"enemies":"Small Slimes","floor":4,"turns":2},{"damage":23,"enemies":"3 Sentries","floor":7,"turns":4},{"damage":19,"enemies":"Gremlin Nob","floor":12,"turns":4},{"damage":30,"enemies":"Exordium Thugs","floor":14,"turns":5},{"damage":11,"enemies":"Hexaghost","floor":16,"turns":10},{"damage":9,"enemies":"Shell Parasite","floor":18,"turns":2},{"damage":24,"enemies":"2 Thieves","floor":22,"turns":6},{"damage":9,"enemies":"Cultist and Chosen","floor":24,"turns":4},{"damage":41,"enemies":"Snecko","floor":27,"turns":8},{"damage":28,"enemies":"Shelled Parasite and Fungi","floor":29,"turns":5},{"damage":30,"enemies":"Centurion and Healer","floor":30,"turns":6},{"damage":8,"enemies":"Snake Plant","floor":31,"turns":4},{"damage":56,"enemies":"hubris:MusketHawk","floor":33,"turns":8},{"damage":7,"enemies":"3 Shapes","floor":35,"turns":5},{"damage":22,"enemies":"3 Darklings","floor":37,"turns":5},{"damage":59,"enemies":"Transient","floor":38,"turns":5},{"damage":50,"enemies":"4 Shapes","floor":48,"turns":7},{"damage":131,"enemies":"Donu and Deca","floor":50,"turns":9}],"seed_played":"-887352631141829802","potions_obtained":[{"floor":7,"key":"LiquidBronze"},{"floor":12,"key":"EssenceOfSteel"},{"floor":14,"key":"BlessingOfTheForge"},{"floor":27,"key":"Guardian:BlockOnCardUsePotion"},{"floor":31,"key":"Strength Potion"},{"floor":33,"key":"BlessingOfTheForge"},{"floor":37,"key":"Weak Potion"},{"floor":48,"key":"Energy Potion"}],"is_trial":false,"path_per_floor":["M","?","M","M","$","R","E","?","T","R","$","E","R","M","R","B",null,"M","?","$","T","M","R","M","R","T","M","T","M","M","M","R","B",null,"M","?","M","M","$","R","$","R","T","R","?","?","T","M","R","B",null],"character_chosen":"YURI","items_purchased":["Nunchaku","Juzu Bracelet","hubris:HerbalPaste","yuri:BookRed"],"campfire_rested":6,"item_purchase_floors":[11,39,39,39],"current_hp_per_floor":[79,79,71,67,67,67,48,68,68,68,68,49,49,23,47,40,94,85,85,85,85,65,65,56,84,84,53,53,35,21,31,59,19,94,91,91,79,32,32,60,60,88,88,88,91,89,89,59,85,9],"gold":81,"neow_bonus":"ONE_RANDOM_RARE_CARD","is_daily":false,"chose_seed":false,"campfire_upgraded":5,"win_rate":0.0,"timestamp":1611844160,"path_taken":["M","?","M","M","$","R","E","?","T","R","$","E","R","?","R","BOSS","M","?","$","?","M","R","M","R","T","?","?","M","M","M","R","BOSS","M","?","M","M","$","R","$","R","T","R","?","?","?","M","R","BOSS"],"items_purchased_type":["Relic","Relic","Relic","Card"],"build_version":"2020-12-22","purchased_purges":1,"victory":true,"max_hp_per_floor":[80,80,80,80,80,80,80,80,80,80,80,80,80,80,80,80,94,94,94,94,94,94,94,94,94,94,94,94,94,94,94,94,94,94,94,94,94,94,94,94,94,94,94,94,94,89,89,89,89,89],"card_choices":[{"not_picked":["yuri:RecklessStrike","yuri:GrowingInsanity"],"picked":"yuri:Spin","floor":1},{"not_picked":["yuri:AdaptiveAI","yuri:RecklessStrike"],"picked":"yuri:yuriQuickStrike","floor":3},{"not_picked":["yuri:DebugCard","yuri:RecklessStrike"],"picked":"yuri:TPose","floor":4},{"not_picked":["yuri:SturdyUniform","yuri:yuriHeavyStrike"],"picked":"yuri:DistillInsanity","floor":7},{"not_picked":["yuri:BrokenCode","yuri:RecklessStrike"],"picked":"yuri:BookPurple","floor":12},{"not_picked":["yuri:ArmBrace","yuri:HeavierStrike","yuri:ThrowBook"],"picked":"SKIP","floor":14},{"not_picked":["yuri:Suicide","yuri:Torment"],"picked":"yuri:Virus","floor":16},{"not_picked":["hubris:Lust","Shame"],"picked":"CommonCold","floor":17},{"not_picked":["downfall:Icky","ReplayTheSpireMod:Faulty Equipment"],"picked":"Injury","floor":17},{"not_picked":["downfall:Haunted","Regret"],"picked":"CurseOfTheBell","floor":17},{"not_picked":["yuri:Skip+1","yuri:MPose"],"picked":"yuri:Stalk+1","floor":18},{"not_picked":["yuri:yuriHeavyStrike+1","yuri:AdaptiveAI+1"],"picked":"yuri:TeaSet","floor":22},{"not_picked":["yuri:ThornRemove","yuri:DuplicateCode"],"picked":"yuri:GreenTea","floor":24},{"not_picked":["yuri:RepairCode+1","yuri:Spin"],"picked":"yuri:HeavierStrike+1","floor":27},{"not_picked":["yuri:Stalk","yuri:DebugCard+1"],"picked":"yuri:GreenTea","floor":29},{"not_picked":["yuri:WickedSlash","yuri:MPose"],"picked":"yuri:Parry+1","floor":30},{"not_picked":["yuri:yuriQuickStrike+1","yuri:AdaptiveAI","yuri:CorruptHitbox"],"picked":"SKIP","floor":31},{"not_picked":["yuri:RelentlessStrikes","yuri:DistillInsanity"],"picked":"yuri:ExploitStrike","floor":33},{"not_picked":["yuri:ThrowingKnives","yuri:InsanityDefense"],"picked":"yuri:ReactiveMadness","floor":35},{"not_picked":["yuri:ReactiveMadness","yuri:Spin","yuri:SelfHarm"],"picked":"SKIP","floor":37},{"not_picked":["yuri:UntestedCode","yuri:DeepBreathing+1","yuri:yuriHeavyStrike"],"picked":"SKIP","floor":38},{"not_picked":["yuri:Stalk+1","yuri:Stare"],"picked":"yuri:GhostForm","floor":48}],"player_experience":206069,"relics_obtained":[{"floor":7,"key":"Kunai"},{"floor":9,"key":"Art of War"},{"floor":12,"key":"hubris:TinFlute"},{"floor":21,"key":"hubris:MedicalManual"},{"floor":26,"key":"Lizard Tail"},{"floor":28,"key":"ReplayTheSpireMod:Lightbulb"},{"floor":30,"key":"Art of War"},{"floor":30,"key":"Kunai"},{"floor":30,"key":"wanderingMiniBosses:ThiefScarf"},{"floor":34,"key":"Replay:PocketPolymizer"},{"floor":34,"key":"ReplayTheSpireMod:TigerMarble"},{"floor":34,"key":"hubris:DeckOfHolding"},{"floor":43,"key":"White Beast Statue"},{"floor":47,"key":"Replay:Wax Seal"}],"event_choices":[{"damage_healed":20,"gold_gain":0,"player_choice":"Healed and dodged fight","damage_taken":0,"max_hp_gain":0,"max_hp_loss":0,"event_name":"Mushrooms","floor":8,"gold_loss":0,"cards_obtained":["Parasite"]},{"damage_healed":0,"gold_gain":0,"player_choice":"Copied","damage_taken":0,"max_hp_gain":0,"max_hp_loss":0,"event_name":"Duplicator","floor":19,"gold_loss":0,"cards_obtained":["yuri:Virus"]},{"damage_healed":0,"gold_gain":0,"player_choice":"2 cards matched","damage_taken":0,"max_hp_gain":0,"max_hp_loss":0,"event_name":"Match and Keep!","floor":36,"gold_loss":0,"cards_obtained":["yuri:ArmBrace","yuri:yuriStab"]},{"damage_healed":0,"gold_gain":0,"player_choice":"Max HP","damage_taken":0,"max_hp_gain":0,"max_hp_loss":5,"event_name":"Winding Halls","floor":46,"gold_loss":0}],"is_beta":false,"boss_relics":[{"not_picked":["Astrolabe","SacredBark"],"picked":"Replay:Ancient Bell"},{"not_picked":["Boot","Blue Doll"],"picked":"Tiny Chest"},{"not_picked":["Replay:Bottled Snecko","Ornamental Fan"],"picked":"hubris:SphereOfDissonance"},{"not_picked":["Prayer Wheel","hubris:GlazedTorus"],"picked":"Mango"},{"not_picked":["Runic Dome","Replay:Bronze Core"],"picked":"Calling Bell"}],"items_purged_floors":[20],"is_endless":false,"potions_floor_spawned":[7,12,14,27,31,33,35,37,48],"ascension_level":0}}