{"host":"kvo7eymyd21g9abd","time":1611795284,"event":{"mods":["AchievementEnabler","BaseMod","Bestiary","Colored Map","Minty Spire (QoL Compilation)","StSLib"],"gold_per_floor":[367,219,219,219,234,234,12,12,85,113,113,148,167,200,200,304,304,314,314,274,291,291,318,318,346,372,387,387,387,387,398,398,499,499,536,636,674,674,674,674,701,454,527,558,575,587,149,163,163,163,163,163,6,39,39,39],"floor_reached":55,"language":"ENG","playtime":2499,"items_purged":[],"score":937,"play_id":"fdcb17f1-b920-4150-9390-112320c8eac9","local_time":"20210127195444","is_ascension_mode":true,"campfire_choices":[{"floor":6,"key":"RECALL"},{"floor":11,"key":"REST"},{"floor":15,"key":"REST"},{"floor":24,"key":"REST"},{"floor":28,"key":"REST"},{"floor":32,"key":"REST"},{"data":"Wish","floor":40,"key":"SMITH"},{"floor":49,"key":"REST"},{"data":"Vault","floor":52,"key":"SMITH"}],"circlet_count":0,"master_deck":["Strike_P","Strike_P","Strike_P","Strike_P","Defend_P","Defend_P","Defend_P","Defend_P","Eruption","Vigilance","FollowUp","EmptyFist","WindmillStrike","Perseverance","CarveReality","Crescendo","Wallop","CarveReality","Vault+1","Indignation","RitualDagger+1","EmptyBody+1","ClearTheMind","SashWhip","EmptyFist","Perseverance","Protect+1","Swivel","Wish+1","DeceiveReality+1","ReachHeaven+1","Master of Strategy","Crescendo+1","SandsOfTime+1"],"relics":["HolyWater","Art of War","Juzu Bracelet","Darkstone Periapt","Dream Catcher","Shuriken","PreservedInsect","SacredBark","Question Card","Omamori","Akabeko","Incense Burner","Potion Belt","Lee\u0027s Waffle","Yang","TungstenRod","Lizard Tail","Vajra","Bottled Lightning"],"acts_visited":["Exordium","TheCity","TheBeyond","TheEnding"],"potions_floor_usage":[16,18,23,25,33,33,48,50],"damage_taken":[{"damage":0,"enemies":"Small Slimes","floor":1,"turns":3},{"damage":0,"enemies":"Jaw Worm","floor":5,"turns":3},{"damage":21,"enemies":"Gremlin Nob","floor":10,"turns":5},{"damage":21,"enemies":"Lagavulin","floor":12,"turns":6},{"damage":0,"enemies":"Cultist","floor":13,"turns":2},{"damage":0,"enemies":"Gremlin Nob","floor":14,"turns":2},{"damage":0,"enemies":"Slime Boss","floor":16,"turns":3},{"damage":19,"enemies":"Shell Parasite","floor":18,"turns":5},{"damage":17,"enemies":"Spheric Guardian","floor":21,"turns":3},{"damage":47,"enemies":"Slavers","floor":23,"turns":6},{"damage":19,"enemies":"Book of Stabbing","floor":25,"turns":3},{"damage":12,"enemies":"Cultist and Chosen","floor":27,"turns":4},{"damage":33,"enemies":"Centurion and Healer","floor":31,"turns":5},{"damage":6,"enemies":"Collector","floor":33,"turns":7},{"damage":53,"enemies":"3 Darklings","floor":35,"turns":7},{"damage":9,"enemies":"3 Shapes","floor":37,"turns":7},{"damage":21,"enemies":"Reptomancer","floor":41,"turns":6},{"damage":13,"enemies":"Giant Head","floor":44,"turns":5},{"damage":36,"enemies":"Writhing Mass","floor":45,"turns":7},{"damage":15,"enemies":"Sphere and 2 Shapes","floor":46,"turns":9},{"damage":0,"enemies":"Spire Growth","floor":48,"turns":3},{"damage":109,"enemies":"Awakened One","floor":50,"turns":18},{"damage":25,"enemies":"Shield and Spear","floor":54,"turns":5},{"damage":61,"enemies":"The Heart","floor":55,"turns":3}],"seed_played":"9028517884681312279","potions_obtained":[{"floor":1,"key":"DistilledChaos"},{"floor":5,"key":"LiquidMemories"},{"floor":21,"key":"ColorlessPotion"},{"floor":27,"key":"PowerPotion"},{"floor":31,"key":"Explosive Potion"},{"floor":33,"key":"ColorlessPotion"},{"floor":37,"key":"LiquidBronze"},{"floor":45,"key":"SmokeBomb"},{"floor":46,"key":"Ancient Potion"},{"floor":48,"key":"BlessingOfTheForge"}],"is_trial":false,"path_per_floor":["M","$","?","T","M","R","$","?","T","E","R","E","M","E","R","B",null,"M","?","?","M","?","E","R","E","T","M","R","?","T","M","R","B",null,"M","?","M","?","?","R","E","$","T","E","M","M","$","M","R","B",null,"R","$","E","B"],"character_chosen":"WATCHER","items_purchased":["Art of War","Juzu Bracelet","Regen Potion","Lee\u0027s Waffle","Ambrosia","Regen Potion","Lizard Tail","BottledMiracle","Vajra"],"campfire_rested":6,"item_purchase_floors":[2,7,7,42,42,47,47,47,53],"current_hp_per_floor":[51,51,51,51,51,51,51,72,72,51,72,51,51,51,72,72,72,53,47,47,30,30,23,44,25,25,13,34,34,34,1,22,16,72,19,19,10,10,63,63,42,70,70,57,21,6,6,6,27,21,70,70,70,45,0,0],"gold":39,"neow_bonus":"TWO_FIFTY_GOLD","is_daily":false,"chose_seed":false,"campfire_upgraded":2,"win_rate":0.0,"timestamp":1611795284,"path_taken":["M","$","?","?","M","R","$","?","T","E","R","E","M","E","R","BOSS","M","?","?","M","?","E","R","E","T","M","R","?","?","M","R","BOSS","M","?","M","?","?","R","E","$","T","E","M","M","$","M","R","BOSS","R","$","E","BOSS"],"items_purchased_type":["Relic","Relic","Potion","Relic","Potion","Potion","Relic","Potion","Relic"],"build_version":"2020-12-22","purchased_purges":0,"victory":false,"max_hp_per_floor":[72,72,72,72,72,72,72,72,72,72,72,72,72,72,72,72,72,72,72,72,72,72,72,72,72,72,72,72,72,72,72,72,72,72,72,72,72,72,63,63,63,70,70,70,70,70,70,70,70,70,70,70,70,70,70,70],"card_choices":[{"not_picked":["TalkToTheHand","Prostrate"],"picked":"FollowUp","floor":1},{"not_picked":["Halt","Crescendo"],"picked":"EmptyFist","floor":5},{"not_picked":["Consecrate","Indignation"],"picked":"WindmillStrike","floor":10},{"not_picked":["Protect","Sanctity"],"picked":"Perseverance","floor":11},{"not_picked":["WaveOfTheHand","Adaptation"],"picked":"CarveReality","floor":12},{"not_picked":["SignatureMove","CrushJoints"],"picked":"Crescendo","floor":13},{"not_picked":["FlyingSleeves","DeceiveReality"],"picked":"Wallop","floor":14},{"not_picked":["SashWhip","FollowUp"],"picked":"CarveReality","floor":15},{"not_picked":["Scrawl","Devotion"],"picked":"Vault","floor":16},{"not_picked":["CutThroughFate","BowlingBash"],"picked":"Indignation","floor":18},{"not_picked":["ThirdEye","Adaptation+1"],"picked":"EmptyBody+1","floor":21},{"not_picked":["Ragnarok","CutThroughFate+1"],"picked":"ClearTheMind","floor":23},{"not_picked":["JustLucky","Weave","Consecrate"],"picked":"SashWhip","floor":24},{"not_picked":["SashWhip","Prostrate","MentalFortress"],"picked":"EmptyFist","floor":25},{"not_picked":["BowlingBash","WindmillStrike","ThirdEye"],"picked":"Perseverance","floor":27},{"not_picked":["Wireheading","FlurryOfBlows","FollowUp"],"picked":"Protect+1","floor":28},{"not_picked":["Prostrate","Crescendo","FollowUp","DevaForm"],"picked":"SKIP","floor":31},{"not_picked":["Adaptation","Halt","Crescendo"],"picked":"Swivel","floor":32},{"not_picked":["Blasphemy","Judgement","Vault"],"picked":"Wish","floor":33},{"not_picked":["Swivel+1","Prostrate+1","JustLucky"],"picked":"DeceiveReality+1","floor":35},{"not_picked":["SashWhip+1","Protect+1","EmptyBody+1"],"picked":"ReachHeaven+1","floor":37},{"not_picked":["HandOfGreed","Magnetism","Dark Shackles"],"picked":"Master of Strategy","floor":38},{"not_picked":["DeceiveReality","BattleHymn","FlyingSleeves+1","SashWhip+1"],"picked":"SKIP","floor":41},{"not_picked":["FlurryOfBlows","Swivel","JustLucky","Halt"],"picked":"SKIP","floor":44},{"not_picked":["FollowUp+1","BowlingBash","BattleHymn+1","Fasting2+1"],"picked":"SKIP","floor":45},{"not_picked":["JustLucky+1","Collect","FlyingSleeves+1","Prostrate"],"picked":"SKIP","floor":46},{"not_picked":["ClearTheMind","CutThroughFate","ThirdEye"],"picked":"Crescendo+1","floor":48},{"not_picked":["TalkToTheHand+1","Protect+1","Halt"],"picked":"SandsOfTime+1","floor":49},{"not_picked":["Protect","CarveReality+1","Wallop","Weave"],"picked":"SKIP","floor":54}],"player_experience":430069,"relics_obtained":[{"floor":9,"key":"Darkstone Periapt"},{"floor":10,"key":"Dream Catcher"},{"floor":12,"key":"Shuriken"},{"floor":14,"key":"PreservedInsect"},{"floor":23,"key":"Question Card"},{"floor":25,"key":"Omamori"},{"floor":26,"key":"Akabeko"},{"floor":30,"key":"Incense Burner"},{"floor":41,"key":"Potion Belt"},{"floor":43,"key":"Yang"},{"floor":44,"key":"TungstenRod"},{"floor":54,"key":"Bottled Lightning"}],"event_choices":[{"damage_healed":0,"gold_gain":0,"player_choice":"Ignored","damage_taken":0,"max_hp_gain":0,"max_hp_loss":0,"event_name":"Golden Wing","floor":3,"gold_loss":0},{"damage_healed":24,"gold_gain":0,"player_choice":"Banana","damage_taken":0,"max_hp_gain":0,"max_hp_loss":0,"event_name":"Big Fish","floor":8,"gold_loss":0},{"damage_healed":0,"gold_gain":0,"player_choice":"Joined the Cult","damage_taken":6,"max_hp_gain":0,"max_hp_loss":0,"event_name":"Nest","floor":19,"gold_loss":0,"cards_obtained":["RitualDagger"]},{"damage_healed":0,"gold_gain":0,"player_choice":"Upgrade","damage_taken":0,"max_hp_gain":0,"max_hp_loss":0,"event_name":"Designer","floor":20,"gold_loss":40,"cards_upgraded":["RitualDagger"]},{"damage_healed":0,"gold_gain":0,"player_choice":"Ignored","damage_taken":0,"max_hp_gain":0,"max_hp_loss":0,"event_name":"Cursed Tome","floor":22,"gold_loss":0},{"damage_healed":0,"gold_gain":0,"player_choice":"Ignored","damage_taken":0,"max_hp_gain":0,"max_hp_loss":0,"event_name":"Vampires","floor":29,"gold_loss":0},{"damage_healed":0,"gold_gain":100,"player_choice":"Pray","damage_taken":0,"max_hp_gain":0,"max_hp_loss":0,"event_name":"Golden Shrine","floor":36,"gold_loss":0},{"damage_healed":0,"gold_gain":0,"player_choice":"Memory 1","damage_taken":0,"max_hp_gain":0,"max_hp_loss":0,"event_name":"SensoryStone","floor":38,"gold_loss":0},{"damage_healed":63,"gold_gain":0,"player_choice":"Heal","damage_taken":0,"max_hp_gain":0,"max_hp_loss":9,"event_name":"The Moai Head","floor":39,"gold_loss":0}],"is_beta":false,"boss_relics":[{"not_picked":["Ectoplasm","SlaversCollar"],"picked":"SacredBark"},{"not_picked":["Calling Bell","Cursed Key"],"picked":"HolyWater"}],"items_purged_floors":[],"is_endless":false,"potions_floor_spawned":[1,5,14,21,27,31,33,37,45,46,48],"killed_by":"The Heart","ascension_level":2}}