{"host":"4gr5irrdjh39ysed","time":1611797541,"event":{"mods":["AchievementEnabler","BaseMod","Colored Map","Downfall","Hermit","Minty Spire (QoL Compilation)","Random Character Button","StSLib","The Construct","The Cursed","The Disciple","The Hierophant","The Mystic","The Necromancer","The Runesmith"],"gold_per_floor":[116,128,52,71,146,146,146,176,176,176,191,116,116,145,145,240,240,259,47,47,47,65,95,95,128,177,192,192,202,222,237,237,337,337,347,10,22,22,36,36,62,62,62,62,80,80,90,107,107,107,107,107,5,36,36],"floor_reached":56,"language":"ENG","playtime":2636,"items_purged":["Defend_B","Defend_B"],"score":1798,"play_id":"af41c78e-4295-4669-8a95-2e62f076a419","local_time":"20210127183221","is_ascension_mode":true,"campfire_choices":[{"floor":6,"key":"RECALL"},{"data":"Creative AI","floor":10,"key":"SMITH"},{"data":"Sunder","floor":15,"key":"SMITH"},{"data":"Seek","floor":24,"key":"SMITH"},{"data":"Dramatic Entrance","floor":28,"key":"SMITH"},{"data":"Sunder","floor":32,"key":"SMITH"},{"data":"All For One","floor":40,"key":"SMITH"},{"data":"Go for the Eyes","floor":42,"key":"SMITH"},{"data":"Beam Cell","floor":46,"key":"SMITH"},{"data":"Dramatic Entrance","floor":49,"key":"SMITH"},{"data":"Doom and Gloom","floor":52,"key":"SMITH"}],"circlet_count":0,"master_deck":["AscendersBane","Strike_B","Strike_B","Strike_B","Strike_B","Dualcast","Trip","Doom and Gloom","Turbo","Sunder+1","Sunder+1","Aggregate","Lockon","Seek+1","Undo+1","Dramatic Entrance+1","Go for the Eyes+1","Skim","Beam Cell","Darkness","Beam Cell+1","Reprogram+1","Go for the Eyes","Redo+1","All For One+1","Dramatic Entrance+1","Reprogram+1","Madness","Madness","Sweeping Beam","Sweeping Beam+1","Doom and Gloom+1","Go for the Eyes","Streamline+1","Go for the Eyes+1","Gash","Melter","Compile Driver+1"],"relics":["Cracked Core","Mango","Ornamental Fan","Symbiotic Virus","Empty Cage","Boot","Akabeko","Happy Flower","SlaversCollar","Mercury Hourglass","Orichalcum","Calipers"],"acts_visited":["Exordium","TheCity","TheBeyond","TheEnding"],"potions_floor_usage":[8,16,29,55,55],"damage_taken":[{"damage":6,"enemies":"Cultist","floor":1,"turns":3},{"damage":0,"enemies":"2 Louse","floor":2,"turns":2},{"damage":12,"enemies":"Small Slimes","floor":4,"turns":2},{"damage":20,"enemies":"3 Sentries","floor":8,"turns":5},{"damage":17,"enemies":"Looter","floor":11,"turns":3},{"damage":60,"enemies":"Lagavulin","floor":14,"turns":8},{"damage":85,"enemies":"The Guardian","floor":16,"turns":8},{"damage":33,"enemies":"2 Thieves","floor":18,"turns":4},{"damage":52,"enemies":"Shell Parasite","floor":22,"turns":6},{"damage":88,"enemies":"Slavers","floor":23,"turns":5},{"damage":15,"enemies":"Gremlin Leader","floor":25,"turns":6},{"damage":0,"enemies":"Chosen and Byrds","floor":27,"turns":4},{"damage":0,"enemies":"3 Cultists","floor":29,"turns":3},{"damage":48,"enemies":"Shelled Parasite and Fungi","floor":30,"turns":6},{"damage":18,"enemies":"Snecko","floor":31,"turns":4},{"damage":108,"enemies":"Automaton","floor":33,"turns":10},{"damage":4,"enemies":"3 Shapes","floor":35,"turns":2},{"damage":0,"enemies":"Orb Walker","floor":37,"turns":2},{"damage":78,"enemies":"Writhing Mass","floor":39,"turns":5},{"damage":64,"enemies":"Reptomancer","floor":41,"turns":5},{"damage":52,"enemies":"Spire Growth","floor":45,"turns":5},{"damage":53,"enemies":"Sphere and 2 Shapes","floor":47,"turns":4},{"damage":61,"enemies":"Transient","floor":48,"turns":5},{"damage":187,"enemies":"Time Eater","floor":50,"turns":12},{"damage":108,"enemies":"Shield and Spear","floor":54,"turns":6},{"damage":276,"enemies":"The Heart","floor":55,"turns":10}],"seed_played":"2189165732481576314","potions_obtained":[{"floor":4,"key":"GamblersBrew"},{"floor":11,"key":"Ancient Potion"},{"floor":14,"key":"Strength Potion"},{"floor":23,"key":"Explosive Potion"},{"floor":29,"key":"Block Potion"}],"is_trial":false,"path_per_floor":["M","M","$","M","?","R","?","E","T","R","M","$","?","E","R","B",null,"M","$","?","?","M","E","R","E","T","M","R","M","M","M","R","B",null,"M","$","M","?","M","R","E","R","T","?","M","R","M","M","R","B",null,"R","$","E","B",null],"character_chosen":"DEFECT","items_purchased":["Sunder","Dramatic Entrance","Go for the Eyes","Mercury Hourglass","Dramatic Entrance","Gash","Melter"],"campfire_rested":0,"item_purchase_floors":[3,19,19,36,36,53,53],"current_hp_per_floor":[62,62,62,50,2039,2039,2044,2038,2038,2038,2021,2021,2021,1961,1961,1876,2040,2007,2007,2007,2104,2052,1964,1964,1949,1949,1949,1949,1949,1901,1883,1883,1775,2022,2018,2018,2018,1755,1677,1677,1613,1613,1613,1613,1561,1561,1508,1447,1447,1260,1893,1893,1893,1785,1509],"gold":36,"neow_bonus":"RANDOM_COLORLESS","is_daily":false,"chose_seed":false,"campfire_upgraded":10,"win_rate":0.0,"timestamp":1611797541,"path_taken":["M","M","?","M","?","R","?","E","T","R","M","$","?","E","R","BOSS","M","$","?","?","M","E","R","E","T","M","R","M","?","M","R","BOSS","M","$","M","?","M","R","E","R","T","?","M","R","M","?","R","BOSS","R","$","E","BOSS"],"items_purchased_type":["Card","Card","Card","Relic","Card","Card","Card"],"build_version":"2020-12-22","purchased_purges":2,"victory":true,"max_hp_per_floor":[75,75,75,75,2075,2075,2080,2094,2094,2094,2094,2094,2094,2094,2094,2094,2094,2094,2094,2094,2104,2104,2104,2104,2104,2104,2104,2104,2104,2104,2104,2104,2104,2104,2104,2104,2104,2104,2104,2104,2104,2104,2104,2104,2104,2104,2104,2104,2104,2104,2104,2104,2104,2104,2104],"card_choices":[{"not_picked":["Good Instincts","Purity"],"picked":"Trip","floor":0},{"not_picked":["Static Discharge","Conserve Battery"],"picked":"Doom and Gloom","floor":1},{"not_picked":["Conserve Battery","Stack"],"picked":"Turbo","floor":2},{"not_picked":["Sweeping Beam","Go for the Eyes"],"picked":"Sunder","floor":4},{"not_picked":["Static Discharge","Conserve Battery"],"picked":"Creative AI","floor":8},{"not_picked":["Cold Snap","Stack"],"picked":"Aggregate","floor":11},{"not_picked":["Go for the Eyes","Fusion"],"picked":"Lockon","floor":14},{"not_picked":["Creative AI","Buffer"],"picked":"Seek","floor":16},{"not_picked":["Double Energy","Recycle"],"picked":"Undo+1","floor":18},{"not_picked":["Sunder+1","Reinforced Body"],"picked":"Skim","floor":22},{"not_picked":["Consume","Blizzard"],"picked":"Beam Cell","floor":23},{"not_picked":["Double Energy","Reinforced Body"],"picked":"Darkness","floor":25},{"not_picked":["Steam","Undo"],"picked":"Beam Cell","floor":27},{"not_picked":["Skim","Streamline"],"picked":"Reprogram+1","floor":29},{"not_picked":["Steam","Recycle"],"picked":"Go for the Eyes","floor":30},{"not_picked":["Hologram","Tempest+1"],"picked":"Redo+1","floor":31},{"not_picked":["Hyperbeam","Electrodynamics"],"picked":"All For One","floor":33},{"not_picked":["Hologram","Conserve Battery+1","Consume+1"],"picked":"SKIP","floor":35},{"not_picked":["Barrage","Leap"],"picked":"Reprogram+1","floor":37},{"not_picked":["Double Energy","Barrage+1"],"picked":"Sweeping Beam","floor":39},{"not_picked":["Amplify","Auto Shields+1"],"picked":"Sweeping Beam+1","floor":41},{"not_picked":["Tempest","Compile Driver+1"],"picked":"Go for the Eyes","floor":45},{"not_picked":["Barrage","Self Repair"],"picked":"Streamline+1","floor":47},{"not_picked":["Beam Cell","Sweeping Beam+1"],"picked":"Go for the Eyes+1","floor":48},{"not_picked":["Hologram+1","Leap"],"picked":"Compile Driver+1","floor":54}],"player_experience":257318,"relics_obtained":[{"floor":8,"key":"Mango"},{"floor":9,"key":"Ornamental Fan"},{"floor":14,"key":"Symbiotic Virus"},{"floor":23,"key":"Boot"},{"floor":25,"key":"Akabeko"},{"floor":26,"key":"Happy Flower"},{"floor":41,"key":"Orichalcum"},{"floor":54,"key":"Calipers"}],"event_choices":[{"damage_healed":0,"gold_gain":75,"player_choice":"Gather Gold","damage_taken":11,"max_hp_gain":0,"max_hp_loss":0,"event_name":"World of Goop","floor":5,"gold_loss":0},{"damage_healed":0,"gold_gain":0,"player_choice":"Donut","damage_taken":0,"max_hp_gain":5,"max_hp_loss":0,"event_name":"Big Fish","floor":7,"gold_loss":0},{"damage_healed":0,"gold_gain":0,"player_choice":"Ignored","damage_taken":0,"max_hp_gain":0,"max_hp_loss":0,"event_name":"Liars Game","floor":13,"gold_loss":0},{"damage_healed":0,"gold_gain":0,"player_choice":"Ignored","damage_taken":0,"max_hp_gain":0,"max_hp_loss":0,"event_name":"Ghosts","floor":20,"gold_loss":0},{"cards_removed":["Creative AI"],"damage_healed":87,"gold_gain":0,"player_choice":"Offered Rare","damage_taken":0,"max_hp_gain":10,"max_hp_loss":0,"event_name":"Bonfire Elementals","floor":21,"gold_loss":0},{"damage_healed":0,"gold_gain":0,"player_choice":"Embrace Madness","damage_taken":263,"max_hp_gain":0,"max_hp_loss":0,"event_name":"Winding Halls","floor":38,"gold_loss":0,"cards_obtained":["Madness","Madness"]},{"damage_healed":0,"gold_gain":0,"cards_transformed":["Zap"],"player_choice":"Transformed","damage_taken":0,"max_hp_gain":0,"max_hp_loss":0,"event_name":"Transmorgrifier","floor":44,"gold_loss":0,"cards_obtained":["Doom and Gloom"]}],"is_beta":false,"boss_relics":[{"not_picked":["Runesmith:UraniumAnvil","Snecko Eye"],"picked":"Empty Cage"},{"not_picked":["Astrolabe","Inserter"],"picked":"SlaversCollar"}],"items_purged_floors":[12,19],"is_endless":false,"potions_floor_spawned":[4,11,14,23,29,33,37,41,45,54],"ascension_level":11}}