{"host":"lzlnscgb2n0l5w2m","time":1611835341,"event":{"mods":["AchievementEnabler","BaseMod","Block Reminder","Colored Powertips","Googly Eyes","Highlight Path","Minty Spire (QoL Compilation)","Permanent Neow","Relic Stats","StSLib"],"gold_per_floor":[110,35,49,61,73,73,103,129,129,164,184,184,202,229,229,328,328,313,173,183,61,61,61,95,95,95,105,132,132,144,172,172,272,272,284,300,312,312,3,34,34,69,114,139,153,176,190,218,218,218,218],"floor_reached":50,"language":"ZHT","playtime":4726,"items_purged":["Strike_B","Strike_B","Strike_B+1"],"score":751,"play_id":"076161ba-48a0-4ca3-8069-6c7d5d13046b","local_time":"20210128200221","is_ascension_mode":true,"campfire_choices":[{"data":"Chill","floor":6.0,"key":"SMITH"},{"floor":15.0,"key":"REST"},{"data":"Storm","floor":23.0,"key":"SMITH"},{"data":"Capacitor","floor":25.0,"key":"SMITH"},{"data":"Defragment","floor":32.0,"key":"SMITH"},{"data":"Defragment","floor":41.0,"key":"SMITH"},{"floor":49.0,"key":"REST"}],"circlet_count":0,"master_deck":["Strike_B+1","Defend_B+1","Defend_B+1","Defend_B+1","Defend_B+1","Zap","Capacitor+1","Defragment+1","Cold Snap","Chill+1","Ball Lightning+1","Darkness","Multi-Cast+1","Loop","Electrodynamics","Loop","Storm+1","Loop","Compile Driver+1","Defragment+1","Undo","Compile Driver+1","Thunder Strike+1","CurseOfTheBell","Compile Driver+1","Stack+1","Heatsinks","Parasite","Barrage+1","Steam+1"],"relics":["Velvet Choker","Vajra","Molten Egg 2","MealTicket","Boot","Anchor","Nuclear Battery","Bronze Scales","Gremlin Horn","Letter Opener","Calling Bell","Tiny Chest","Ornamental Fan","Dead Branch","Lee\u0027s Waffle","Pear","Toxic Egg 2","Happy Flower","Oddly Smooth Stone","Dream Catcher","Bag of Marbles"],"acts_visited":["Exordium","TheCity","TheBeyond"],"potions_floor_usage":[50,50,50],"damage_taken":[{"damage":2.0,"enemies":"Small Slimes","floor":1.0,"turns":3.0},{"damage":7.0,"enemies":"Jaw Worm","floor":3.0,"turns":5.0},{"damage":5.0,"enemies":"Cultist","floor":4.0,"turns":5.0},{"damage":8.0,"enemies":"2 Fungi Beasts","floor":5.0,"turns":4.0},{"damage":12.0,"enemies":"Gremlin Nob","floor":8.0,"turns":6.0},{"damage":0.0,"enemies":"Lagavulin","floor":10.0,"turns":5.0},{"damage":0.0,"enemies":"Exordium Wildlife","floor":11.0,"turns":3.0},{"damage":9.0,"enemies":"Looter","floor":13.0,"turns":3.0},{"damage":5.0,"enemies":"Gremlin Nob","floor":14.0,"turns":3.0},{"damage":22.0,"enemies":"The Guardian","floor":16.0,"turns":7.0},{"damage":14.0,"enemies":"2 Thieves","floor":18.0,"turns":5.0},{"damage":1.0,"enemies":"Shell Parasite","floor":20.0,"turns":5.0},{"damage":7.0,"enemies":"Slavers","floor":24.0,"turns":3.0},{"damage":0.0,"enemies":"Centurion and Healer","floor":27.0,"turns":4.0},{"damage":20.0,"enemies":"Book of Stabbing","floor":28.0,"turns":4.0},{"damage":0.0,"enemies":"3 Cultists","floor":30.0,"turns":3.0},{"damage":7.0,"enemies":"Slavers","floor":31.0,"turns":3.0},{"damage":11.0,"enemies":"Collector","floor":33.0,"turns":5.0},{"damage":12.0,"enemies":"3 Darklings","floor":35.0,"turns":3.0},{"damage":0.0,"enemies":"Orb Walker","floor":36.0,"turns":2.0},{"damage":27.0,"enemies":"Maw","floor":37.0,"turns":5.0},{"damage":11.0,"enemies":"Nemesis","floor":40.0,"turns":5.0},{"damage":26.0,"enemies":"Reptomancer","floor":42.0,"turns":4.0},{"damage":7.0,"enemies":"Writhing Mass","floor":45.0,"turns":4.0},{"damage":0.0,"enemies":"Sphere and 2 Shapes","floor":47.0,"turns":3.0},{"damage":0.0,"enemies":"Giant Head","floor":48.0,"turns":6.0},{"damage":75,"enemies":"Awakened One","floor":50,"turns":5}],"seed_played":"-2252023078854521367","potions_obtained":[{"floor":3.0,"key":"FocusPotion"},{"floor":5.0,"key":"DuplicationPotion"},{"floor":13.0,"key":"Explosive Potion"},{"floor":18.0,"key":"DuplicationPotion"},{"floor":20.0,"key":"FocusPotion"},{"floor":27.0,"key":"SteroidPotion"},{"floor":31.0,"key":"Fire Potion"},{"floor":33.0,"key":"ColorlessPotion"},{"floor":36.0,"key":"SpeedPotion"},{"floor":37.0,"key":"Swift Potion"},{"floor":47.0,"key":"GamblersBrew"},{"floor":48.0,"key":"FearPotion"}],"is_trial":false,"path_per_floor":["M","$","M","M","M","R","?","E","T","E","M","?","M","E","R","B",null,"M","$","M","$","?","R","E","R","T","M","E","?","M","E","R","B",null,"M","M","M","?","$","E","R","E","T","T","M","T","M","E","R","B"],"character_chosen":"DEFECT","items_purchased":["Storm","Compile Driver+1","Defragment","Heatsinks","Lee\u0027s Waffle"],"campfire_rested":2,"item_purchase_floors":[19,21,21,39,39],"current_hp_per_floor":[73,73,66,61,53,53,53,41,41,41,41,26,17,12,34,12,75,61,75,74,75,75,75,68,68,68,68,48,48,48,41,41,30,75,63,63,36,36,82,81,81,55,55,55,48,48,48,48,75,0,0],"gold":218,"neow_bonus":"BOSS_RELIC","is_daily":false,"chose_seed":false,"campfire_upgraded":5,"win_rate":0.0,"timestamp":1611835341,"path_taken":["M","$","M","M","M","R","?","E","T","E","M","?","?","E","R","BOSS","M","$","M","$","?","R","E","R","T","M","E","?","M","E","R","BOSS","M","M","?","?","$","E","R","E","T","?","M","?","M","E","R","BOSS"],"items_purchased_type":["Card","Card","Card","Card","Relic"],"build_version":"2020-12-22","purchased_purges":3,"victory":false,"max_hp_per_floor":[75,75,75,75,75,75,75,75,75,75,75,75,75,75,75,75,75,75,75,75,75,75,75,75,75,75,75,75,75,75,75,75,75,75,75,75,75,75,82,92,92,92,92,92,92,92,92,92,92,92,92],"relic_stats":{"Lee\u0027s Waffle":31,"Gremlin Horn":[13,13],"Happy Flower":[6],"counters":[27,112],"Dead Branch":[12],"Letter Opener":[30],"Boot":[9],"Dream Catcher":1,"Ornamental Fan":[0],"Bronze Scales":[138],"MealTicket":30,"Tiny Chest":1,"obtain_stats":[{"Lee\u0027s Waffle":39,"Pear":40,"Gremlin Horn":28,"Happy Flower":43,"Dead Branch":34,"Velvet Choker":0,"Vajra":7,"Oddly Smooth Stone":44,"Letter Opener":31,"Boot":10,"Nuclear Battery":17,"Calling Bell":34,"Anchor":14,"Dream Catcher":46,"Ornamental Fan":34,"Bronze Scales":24,"Molten Egg 2":8,"MealTicket":9,"Tiny Chest":34,"Bag of Marbles":48,"Toxic Egg 2":42,"Cracked Core":0},{"Lee\u0027s Waffle":21,"Pear":22,"Gremlin Horn":15,"Happy Flower":23,"Dead Branch":18,"Velvet Choker":0,"Vajra":4,"Oddly Smooth Stone":23,"Letter Opener":17,"Boot":6,"Nuclear Battery":10,"Calling Bell":18,"Anchor":9,"Dream Catcher":24,"Ornamental Fan":18,"Bronze Scales":13,"Molten Egg 2":5,"MealTicket":5,"Tiny Chest":18,"Bag of Marbles":26,"Toxic Egg 2":23,"Cracked Core":0},{"Lee\u0027s Waffle":85,"Pear":90,"Gremlin Horn":65,"Happy Flower":94,"Dead Branch":75,"Velvet Choker":0,"Vajra":17,"Oddly Smooth Stone":94,"Letter Opener":71,"Boot":28,"Nuclear Battery":44,"Calling Bell":75,"Anchor":37,"Dream Catcher":98,"Ornamental Fan":75,"Bronze Scales":57,"Molten Egg 2":23,"MealTicket":23,"Tiny Chest":75,"Bag of Marbles":107,"Toxic Egg 2":94,"Cracked Core":0}]},"card_choices":[{"not_picked":["Barrage","Sweeping Beam"],"picked":"Capacitor","floor":1.0},{"not_picked":["Hologram","Conserve Battery"],"picked":"Defragment","floor":3.0},{"not_picked":["Reprogram","Beam Cell"],"picked":"Cold Snap","floor":4.0},{"not_picked":["Double Energy","Rebound"],"picked":"Chill","floor":5.0},{"not_picked":["Conserve Battery","Self Repair"],"picked":"Ball Lightning+1","floor":8.0},{"not_picked":["Gash+1","Aggregate"],"picked":"Darkness","floor":10.0},{"not_picked":["Hologram","Reprogram"],"picked":"Multi-Cast","floor":11.0},{"not_picked":["Redo","Coolheaded"],"picked":"Loop","floor":13.0},{"not_picked":["Undo","Stack","Chaos"],"picked":"SKIP","floor":14.0},{"not_picked":["Machine Learning","Hyperbeam+1"],"picked":"Electrodynamics","floor":16.0},{"not_picked":["Cold Snap+1","Chill"],"picked":"Loop","floor":18.0},{"not_picked":["Steam","Hello World+1"],"picked":"Loop","floor":20.0},{"not_picked":["Streamline+1","Steam","Conserve Battery+1"],"picked":"SKIP","floor":24.0},{"not_picked":["Go for the Eyes+1","Glacier"],"picked":"Undo","floor":27.0},{"not_picked":["Barrage+1","Reprogram"],"picked":"Compile Driver+1","floor":28.0},{"not_picked":["Sweeping Beam+1","Meteor Strike+1","BootSequence"],"picked":"SKIP","floor":30.0},{"not_picked":["Fission","Cold Snap+1","BootSequence"],"picked":"SKIP","floor":31.0},{"not_picked":["Buffer","Reboot"],"picked":"Thunder Strike+1","floor":33.0},{"not_picked":["Turbo","Reprogram+1"],"picked":"Compile Driver+1","floor":35.0},{"not_picked":["Fission","Turbo+1","Consume+1"],"picked":"SKIP","floor":36.0},{"not_picked":["Leap","Redo"],"picked":"Stack+1","floor":37.0},{"not_picked":["Cold Snap+1","Rebound+1","Leap"],"picked":"SKIP","floor":40.0},{"not_picked":["Buffer","Hello World+1","Rip and Tear+1"],"picked":"SKIP","floor":42.0},{"not_picked":["Rebound+1","Glacier+1","Melter+1"],"picked":"SKIP","floor":45.0},{"not_picked":["Ball Lightning+1","Streamline+1"],"picked":"Barrage+1","floor":47.0},{"not_picked":["Melter+1","Go for the Eyes+1","Hologram+1"],"picked":"SKIP","floor":48.0},{"not_picked":["Rebound+1","Turbo+1"],"picked":"Steam+1","floor":49.0}],"player_experience":265724,"relics_obtained":[{"floor":8.0,"key":"Molten Egg 2"},{"floor":9.0,"key":"MealTicket"},{"floor":10.0,"key":"Boot"},{"floor":14.0,"key":"Anchor"},{"floor":24.0,"key":"Bronze Scales"},{"floor":28.0,"key":"Gremlin Horn"},{"floor":31.0,"key":"Letter Opener"},{"floor":34.0,"key":"Tiny Chest"},{"floor":34.0,"key":"Ornamental Fan"},{"floor":34.0,"key":"Dead Branch"},{"floor":40.0,"key":"Pear"},{"floor":42.0,"key":"Toxic Egg 2"},{"floor":43.0,"key":"Happy Flower"},{"floor":44.0,"key":"Oddly Smooth Stone"},{"floor":46.0,"key":"Dream Catcher"},{"floor":48.0,"key":"Bag of Marbles"}],"event_choices":[{"damage_healed":0.0,"max_hp_gain":0.0,"max_hp_loss":0.0,"gold_gain":30.0,"event_name":"Dead Adventurer","player_choice":"Searched \u00272\u0027 times","floor":7.0,"gold_loss":0.0,"damage_taken":0.0,"relics_obtained":["Vajra"]},{"damage_healed":0.0,"max_hp_gain":0.0,"max_hp_loss":0.0,"gold_gain":0.0,"event_name":"Shining Light","player_choice":"Entered Light","floor":12.0,"gold_loss":0.0,"damage_taken":15.0,"cards_upgraded":["Multi-Cast","Strike_B"]},{"damage_healed":0.0,"max_hp_gain":0.0,"max_hp_loss":0.0,"gold_gain":0.0,"event_name":"Back to Basics","player_choice":"Simplicity","floor":22.0,"gold_loss":0.0,"damage_taken":0.0,"cards_upgraded":["Strike_B","Defend_B","Defend_B","Defend_B","Defend_B"]},{"cards_removed":["Dualcast"],"damage_healed":0.0,"max_hp_gain":0.0,"max_hp_loss":0.0,"gold_gain":0.0,"event_name":"Bonfire Elementals","player_choice":"Offered Basic","floor":29.0,"gold_loss":0.0,"damage_taken":0.0},{"damage_healed":0.0,"max_hp_gain":0.0,"max_hp_loss":0.0,"gold_gain":0.0,"event_name":"The Moai Head","player_choice":"Ignored","floor":38.0,"gold_loss":0.0,"damage_taken":0.0}],"is_beta":false,"boss_relics":[{"not_picked":["Ectoplasm","Black Star"],"picked":"Nuclear Battery"},{"not_picked":["Coffee Dripper","Runic Dome"],"picked":"Calling Bell"}],"items_purged_floors":[2,19,39],"is_endless":false,"potions_floor_spawned":[3,5,13,18,20,27,31,33,36,37,47,48],"killed_by":"Awakened One","ascension_level":2}}