{"host":"rzjc4nrqz5d54r3r","time":1611820556,"event":{"mods":["BaseMod","Colored Map","Keyboard Shortcuts","Minty Spire (QoL Compilation)","Quick Restart","StSLib","SuperFastMode","everything is the same but u backflip on backflip"],"gold_per_floor":[112,112,126,142,142,172,172,172,172,184,219,68,68,83,83,187,187,201,216,141,155,155,155,188,188,238,265,113,113,133,147,147,249,249,269,119,119,119,131,131,142,142,167,167,182,198,198,44,44,44],"floor_reached":51,"language":"KOR","playtime":1115,"items_purged":["Strike_R","Strike_R"],"score":1054,"play_id":"2e51c081-da0a-4d84-b7e5-8c929f784493","local_time":"20210128165556","is_ascension_mode":true,"campfire_choices":[{"data":"Sword Boomerang","floor":7.0,"key":"SMITH"},{"data":"Rampage","floor":15.0,"key":"SMITH"},{"data":"Disarm","floor":23.0,"key":"SMITH"},{"data":"True Grit","floor":25.0,"key":"SMITH"},{"floor":29.0,"key":"REST"},{"floor":32.0,"key":"REST"},{"data":"Feel No Pain","floor":40.0,"key":"SMITH"},{"data":"Double Tap","floor":44.0,"key":"SMITH"},{"floor":47,"key":"REST"},{"data":"Pommel Strike","floor":49,"key":"SMITH"}],"circlet_count":0,"master_deck":["Defend_R","Defend_R","Defend_R+1","Defend_R","Bash","Sword Boomerang+1","Pommel Strike+1","Headbutt+1","Disarm+1","Whirlwind","Feel No Pain+1","Rampage+1","True Grit+1","Double Tap+1","Second Wind","Immolate","Armaments+1","Exhume"],"relics":["Burning Blood","Red Skull","Gremlin Horn","Bottled Lightning","Unceasing Top","Mark of Pain","Pen Nib","Tiny Chest","Bronze Scales","Busted Crown","Happy Flower","Darkstone Periapt","Smiling Mask","Bag of Preparation"],"acts_visited":["Exordium","TheCity","TheBeyond"],"potions_floor_usage":[50,50,50],"damage_taken":[{"damage":4.0,"enemies":"2 Louse","floor":1.0,"turns":4.0},{"damage":6.0,"enemies":"Cultist","floor":3.0,"turns":3.0},{"damage":8.0,"enemies":"Small Slimes","floor":4.0,"turns":4.0},{"damage":35.0,"enemies":"Lagavulin","floor":6.0,"turns":5.0},{"damage":0.0,"enemies":"2 Fungi Beasts","floor":10.0,"turns":2.0},{"damage":17.0,"enemies":"3 Sentries","floor":11.0,"turns":4.0},{"damage":7.0,"enemies":"Blue Slaver","floor":14.0,"turns":3.0},{"damage":0.0,"enemies":"Slime Boss","floor":16.0,"turns":5.0},{"damage":22.0,"enemies":"2 Thieves","floor":18.0,"turns":3.0},{"damage":10.0,"enemies":"Shell Parasite","floor":19.0,"turns":6.0},{"damage":24.0,"enemies":"Snake Plant","floor":21.0,"turns":5.0},{"damage":22.0,"enemies":"Book of Stabbing","floor":24.0,"turns":5.0},{"damage":21.0,"enemies":"Slavers","floor":27.0,"turns":2.0},{"damage":2.0,"enemies":"Chosen and Byrds","floor":30.0,"turns":3.0},{"damage":12.0,"enemies":"Sentry and Sphere","floor":31.0,"turns":4.0},{"damage":57.0,"enemies":"Champ","floor":33.0,"turns":10.0},{"damage":16.0,"enemies":"Orb Walker","floor":35.0,"turns":5.0},{"damage":3.0,"enemies":"3 Shapes","floor":39.0,"turns":7.0},{"damage":1.0,"enemies":"3 Darklings","floor":41.0,"turns":3.0},{"damage":20.0,"enemies":"Maw","floor":45.0,"turns":7.0},{"damage":6,"enemies":"Spire Growth","floor":46,"turns":4},{"damage":65,"enemies":"Donu and Deca","floor":50,"turns":4}],"seed_played":"-2140992101389982197","potions_obtained":[{"floor":3.0,"key":"Energy Potion"},{"floor":11.0,"key":"Dexterity Potion"},{"floor":14.0,"key":"CultistPotion"},{"floor":16.0,"key":"Energy Potion"},{"floor":18.0,"key":"Dexterity Potion"},{"floor":19.0,"key":"BloodPotion"},{"floor":24.0,"key":"DistilledChaos"},{"floor":30.0,"key":"SteroidPotion"},{"floor":35.0,"key":"Energy Potion"},{"floor":45.0,"key":"LiquidBronze"}],"is_trial":false,"path_per_floor":["M","?","M","M","?","E","R","?","T","M","E","$","?","M","R","B",null,"M","M","?","M","?","R","E","R","T","E","$","R","M","M","R","B",null,"M","$","?","?","M","R","M","T","T","R","M","M","R","$","R","B",null],"character_chosen":"IRONCLAD","items_purchased":["Rampage","SkillPotion","Happy Flower","Bag of Preparation"],"campfire_rested":3,"item_purchase_floors":[12,28,36,48],"current_hp_per_floor":[74,80,80,78,71,42,42,26,26,32,21,21,21,20,20,26,67,51,47,47,29,29,29,29,29,29,14,14,38,42,36,60,9,62,52,52,52,52,55,55,60,60,60,60,46,46,70,70,70,11],"gold":44,"neow_bonus":"RANDOM_COMMON_RELIC","is_daily":false,"chose_seed":false,"campfire_upgraded":7,"win_rate":0.0,"timestamp":1611820556,"path_taken":["M","?","M","?","?","E","R","?","T","M","E","$","?","M","R","BOSS","M","M","?","M","?","R","E","R","T","E","$","R","M","M","R","BOSS","M","?","?","?","M","R","M","?","T","R","M","M","R","$","R","BOSS"],"items_purchased_type":["Card","Potion","Relic","Relic"],"build_version":"2020-12-22","purchased_purges":2,"victory":true,"max_hp_per_floor":[80,80,80,80,80,80,80,80,80,80,80,80,80,80,80,80,80,80,80,80,80,80,80,80,80,80,80,80,80,80,80,80,80,80,80,80,80,80,80,80,80,80,80,80,80,80,80,80,80,80],"card_choices":[{"not_picked":["True Grit","Burning Pact"],"picked":"Sword Boomerang","floor":1.0},{"not_picked":["Heavy Blade","Sentinel"],"picked":"Pommel Strike","floor":3.0},{"not_picked":["Thunderclap","Havoc"],"picked":"Headbutt","floor":4.0},{"not_picked":["Barricade","Seeing Red"],"picked":"Disarm","floor":6.0},{"not_picked":["Sentinel","Blood for Blood"],"picked":"Whirlwind","floor":10.0},{"not_picked":["Sever Soul","Rupture"],"picked":"Feel No Pain","floor":11.0},{"not_picked":["Headbutt","Iron Wave"],"picked":"True Grit","floor":14.0},{"not_picked":["Limit Break","Corruption"],"picked":"Double Tap","floor":16.0},{"not_picked":["Thunderclap","Hemokinesis","Cleave"],"picked":"SKIP","floor":18.0},{"not_picked":["True Grit","Pommel Strike","Clothesline"],"picked":"SKIP","floor":19.0},{"not_picked":["Rage","Perfected Strike"],"picked":"Second Wind","floor":21.0},{"not_picked":["Brutality","Warcry","Headbutt"],"picked":"SKIP","floor":24.0},{"not_picked":["Infernal Blade+1","Anger","Warcry+1"],"picked":"SKIP","floor":27.0},{"not_picked":["Flame Barrier","Sever Soul+1"],"picked":"Armaments+1","floor":30.0},{"not_picked":["Metallicize","Sentinel","Flex"],"picked":"SKIP","floor":31.0},{"not_picked":["Limit Break","Berserk"],"picked":"Exhume","floor":33.0},{"not_picked":["Heavy Blade"],"picked":"SKIP","floor":35.0},{"not_picked":["Heavy Blade+1"],"picked":"SKIP","floor":39.0},{"not_picked":["Perfected Strike+1"],"picked":"SKIP","floor":41.0},{"not_picked":["Second Wind+1"],"picked":"SKIP","floor":45.0},{"not_picked":["Inflame+1"],"picked":"SKIP","floor":46}],"player_experience":31936,"relics_obtained":[{"floor":6.0,"key":"Gremlin Horn"},{"floor":9.0,"key":"Bottled Lightning"},{"floor":11.0,"key":"Unceasing Top"},{"floor":24.0,"key":"Pen Nib"},{"floor":26.0,"key":"Tiny Chest"},{"floor":27.0,"key":"Bronze Scales"},{"floor":42.0,"key":"Darkstone Periapt"},{"floor":43.0,"key":"Smiling Mask"}],"event_choices":[{"damage_healed":6.0,"max_hp_gain":0.0,"max_hp_loss":0.0,"gold_gain":0.0,"event_name":"Wheel of Change","player_choice":"Full Heal","floor":2.0,"gold_loss":0.0,"damage_taken":0.0},{"cards_removed":["Strike_R"],"damage_healed":0.0,"max_hp_gain":0.0,"max_hp_loss":0.0,"gold_gain":0.0,"event_name":"Golden Wing","player_choice":"Card Removal","floor":5.0,"gold_loss":0.0,"damage_taken":7.0},{"damage_healed":0.0,"max_hp_gain":0.0,"max_hp_loss":0.0,"gold_gain":0.0,"event_name":"Shining Light","player_choice":"Entered Light","floor":8.0,"gold_loss":0.0,"damage_taken":16.0,"cards_upgraded":["Headbutt","Defend_R"]},{"damage_healed":0.0,"max_hp_gain":0.0,"max_hp_loss":0.0,"gold_gain":0.0,"event_name":"Scrap Ooze","player_choice":"Fled","floor":13.0,"gold_loss":0.0,"damage_taken":0.0},{"cards_removed":["Strike_R"],"damage_healed":0.0,"max_hp_gain":0.0,"max_hp_loss":0.0,"gold_gain":0.0,"event_name":"Beggar","player_choice":"Gave Gold","floor":20.0,"gold_loss":75.0,"damage_taken":0.0},{"damage_healed":0.0,"max_hp_gain":0.0,"max_hp_loss":0.0,"gold_gain":0.0,"cards_transformed":["Strike_R"],"event_name":"Transmorgrifier","player_choice":"Transformed","floor":22.0,"gold_loss":0.0,"damage_taken":0.0,"cards_obtained":["Immolate"]},{"damage_healed":0.0,"max_hp_gain":0.0,"max_hp_loss":0.0,"gold_gain":0.0,"event_name":"SensoryStone","player_choice":"Memory 1","floor":37.0,"gold_loss":0.0,"damage_taken":0.0},{"damage_healed":0.0,"max_hp_gain":0.0,"max_hp_loss":0.0,"gold_gain":0.0,"event_name":"Mysterious Sphere","player_choice":"Ignored","floor":38.0,"gold_loss":0.0,"damage_taken":0.0}],"is_beta":false,"boss_relics":[{"not_picked":["Tiny House","Calling Bell"],"picked":"Mark of Pain"},{"not_picked":["Snecko Eye","Velvet Choker"],"picked":"Busted Crown"}],"items_purged_floors":[12,28],"is_endless":false,"potions_floor_spawned":[3,11,14,16,18,19,24,30,31,35,45],"ascension_level":6}}