{"host":"jh7kh5nqtgzr3auj","time":1611865711,"event":{"mods":["AchievementEnabler","Act Like it!","BaseMod","CapriCore","Highlight Path","Minty Spire (QoL Compilation)","Quick Restart","StSLib","TestMod","The Bug Knight"],"gold_per_floor":[118,137,137,147,97,97,132,57,108,125,151,76,106,6,6,103,103,119,97,97,125,125,125,154,154,154,188,16,34,61,72,72,174,174,187,187,207,218,218,243,263,290,290,290,303,322,23,53,53,53],"floor_reached":51,"language":"ZHS","playtime":4521,"items_purged":["HollowMod:QuickDashStart","HollowMod:NailStrikeStart","HollowMod:QuickDashStart","HollowMod:NailStrikeStart"],"score":1360,"play_id":"6c21d183-d75a-4abe-a59b-4815f849d6c6","local_time":"20210129042831","is_ascension_mode":true,"campfire_choices":[{"data":"HollowMod:DoubleDash","floor":6,"key":"SMITH"},{"data":"HollowMod:PureNailStrike","floor":15,"key":"SMITH"},{"data":"HollowMod:HuntersJournal","floor":23,"key":"SMITH"},{"data":"HollowMod:SlysStrikes","floor":32,"key":"SMITH"},{"data":"HollowMod:ChannelNail","floor":49,"key":"SMITH"}],"circlet_count":0,"master_deck":["HollowMod:NailStrikeStart","HollowMod:NailStrikeStart","HollowMod:QuickDashStart","HollowMod:QuickDashStart","HollowMod:FocusHealStart","HollowMod:PogoStrike","HollowMod:PureNailStrike+1","HollowMod:DoubleDash+1","HollowMod:ShapeofUnn","HollowMod:CloakDash","HollowMod:CloakDash","HollowMod:SoulStrike","HollowMod:PaleKingsBlessing","HollowMod:MothsMistake","HollowMod:CloakDash","HollowMod:HuntersJournal+1","HollowMod:LifebloodCore","HollowMod:HuntersJournal","HollowMod:ChannelNail+1","HollowMod:SoulSplash","HollowMod:NewLittleFool+1","HollowMod:SlysStrikes+1","HollowMod:PerfectDash","HollowMod:DungDefenderAura+1","HollowMod:LifebloodCocoon","testmod-WeaknessCounterattack+1","testmod-RabbitOfFibonacci","testmod-PocketStoneCalender","HollowMod:SoulMaster","HollowMod:RecoilStrike+1","HollowMod:MonarchWings+1","Madness","Madness","HollowMod:DashSlash+1","HollowMod:CornifersMapStart"],"relics":["HollowMod:VesselMask","testmod-TestBox","testmod-InjuryResistance","Mango","Pen Nib","HollowMod:MillibellesNoteRelic","Bronze Scales","Ornamental Fan","testmod-CyclicPeriapt","testmod-BatchProcessingSystem","Red Mask","Enchiridion","Bottled Lightning","testmod-Hope","Bird Faced Urn","StrikeDummy","SlaversCollar","Letter Opener","testmod-Justice","Molten Egg 2","Whetstone","Mercury Hourglass"],"acts_visited":["Exordium","TheCity","TheBeyond"],"potions_floor_usage":[13,16,18,21,33,50,50,50],"damage_taken":[{"damage":5,"enemies":"Small Slimes","floor":1,"turns":3},{"damage":3,"enemies":"2 Louse","floor":2,"turns":3},{"damage":1,"enemies":"Jaw Worm","floor":4,"turns":3},{"damage":30,"enemies":"Lagavulin","floor":7,"turns":8},{"damage":0,"enemies":"3 Louse","floor":10,"turns":4},{"damage":31,"enemies":"HollowMod:MossKnight","floor":11,"turns":7},{"damage":9,"enemies":"Gremlin Nob","floor":13,"turns":3},{"damage":26,"enemies":"HollowMod:FalseKnight","floor":16,"turns":8},{"damage":1,"enemies":"3 Byrds","floor":18,"turns":3},{"damage":1,"enemies":"Masked Bandits","floor":21,"turns":5},{"damage":5,"enemies":"HollowMod:Nosk","floor":24,"turns":9},{"damage":0,"enemies":"Book of Stabbing","floor":27,"turns":3},{"damage":0,"enemies":"Chosen","floor":29,"turns":3},{"damage":0,"enemies":"HollowMod:Nosk","floor":30,"turns":6},{"damage":0,"enemies":"Snake Plant","floor":31,"turns":1},{"damage":11,"enemies":"HollowMod:NKGrimm","floor":33,"turns":8},{"damage":0,"enemies":"3 Shapes","floor":35,"turns":5},{"damage":0,"enemies":"3 Darklings","floor":37,"turns":3},{"damage":0,"enemies":"4 Shapes","floor":38,"turns":4},{"damage":0,"enemies":"HollowMod:StalkingDevout","floor":40,"turns":6},{"damage":0,"enemies":"Maw","floor":41,"turns":5},{"damage":0,"enemies":"Giant Head","floor":42,"turns":6},{"damage":21,"enemies":"Jaw Worm Horde","floor":45,"turns":4},{"damage":23,"enemies":"Transient","floor":46,"turns":5},{"damage":2,"enemies":"Nemesis","floor":48,"turns":5},{"damage":37,"enemies":"Awakened One","floor":50,"turns":9}],"seed_played":"8152689397755633997","potions_obtained":[{"floor":7,"key":"DuplicationPotion"},{"floor":13,"key":"Energy Potion"},{"floor":16,"key":"SneckoOil"},{"floor":18,"key":"testmod-TestPotion"},{"floor":29,"key":"Fire Potion"},{"floor":31,"key":"ColorlessPotion"},{"floor":33,"key":"DuplicationPotion"},{"floor":35,"key":"Dexterity Potion"},{"floor":40,"key":"PowerPotion"},{"floor":45,"key":"Swift Potion"}],"is_trial":false,"path_per_floor":["M","M","?","M","?","R","E","?","T","M","E","$","E","$","R","B",null,"M","$","?","?","?","R","E","?","T","E","$","M","E","M","R","B",null,"M","?","M","M","?","E","M","E","T","?","M","M","$","E","R","B",null],"character_chosen":"THE_BUGKNIGHT","items_purchased":["HollowMod:CloakDash","HollowMod:SoulSplash","Whetstone"],"campfire_rested":0,"item_purchase_floors":[19,28,47],"current_hp_per_floor":[83,86,83,82,82,82,52,57,57,57,36,36,27,27,27,7,70,75,75,57,73,61,61,75,75,75,96,96,96,96,96,96,93,95,96,106,106,106,98,106,106,106,106,96,92,85,85,104,104,82],"gold":53,"neow_bonus":"ONE_RARE_RELIC","is_daily":false,"chose_seed":false,"campfire_upgraded":5,"win_rate":0.0,"timestamp":1611865711,"path_taken":["M","M","?","M","?","R","E","?","T","M","E","$","E","?","R","BOSS","M","$","?","?","?","R","E","?","T","E","?","M","E","M","R","BOSS","M","?","M","?","?","E","M","E","T","?","M","M","$","E","R","BOSS"],"items_purchased_type":["Card","Card","Relic"],"build_version":"2020-12-22","purchased_purges":4,"victory":true,"max_hp_per_floor":[89,89,89,89,86,86,86,91,91,91,91,91,91,91,91,91,91,91,91,96,96,96,96,96,96,96,96,96,96,96,96,96,96,96,96,106,106,106,106,106,106,106,106,106,106,106,106,106,106,106],"card_choices":[{"not_picked":["HollowMod:VengefulVoid","HollowMod:SoulVessel"],"picked":"HollowMod:PureNailStrike","floor":1},{"not_picked":["HollowMod:TaintedHusks","HollowMod:NewJinnsSoul"],"picked":"HollowMod:DoubleDash","floor":2},{"not_picked":["HollowMod:VengefulVoid","HollowMod:PureNailStrike","HollowMod:DoubleDash"],"picked":"SKIP","floor":4},{"not_picked":["HollowMod:VengefulVoid","HollowMod:theNailsmith"],"picked":"HollowMod:ShapeofUnn","floor":7},{"not_picked":["HollowMod:MothsMistake","HollowMod:ChannelNail"],"picked":"HollowMod:CloakDash","floor":10},{"not_picked":["HollowMod:CornifersMapStart","HollowMod:GoodIntentions"],"picked":"HollowMod:CloakDash","floor":11},{"not_picked":["HollowMod:SharpenedNail","HollowMod:SoulVessel"],"picked":"HollowMod:SoulStrike","floor":13},{"not_picked":["HollowMod:ElderbugsWisdom","HollowMod:HerrahsAnger"],"picked":"HollowMod:PaleKingsBlessing","floor":16},{"not_picked":["HollowMod:DescendingDark","HollowMod:GoodIntentions"],"picked":"HollowMod:MothsMistake","floor":18},{"not_picked":["HollowMod:CrystalDash","HollowMod:SiblingsSouls"],"picked":"HollowMod:HuntersJournal","floor":21},{"not_picked":["HollowMod:SoulVessel","HollowMod:DescendingDark"],"picked":"HollowMod:LifebloodCore","floor":24},{"not_picked":["HollowMod:PureNailStrike","HollowMod:WraithStrike"],"picked":"HollowMod:ChannelNail","floor":27},{"not_picked":["HollowMod:LuriensSpire+1","HollowMod:HowlingWraiths"],"picked":"HollowMod:NewLittleFool+1","floor":29},{"not_picked":["HollowMod:BlackTendrils+1","HollowMod:GoodIntentions"],"picked":"HollowMod:SlysStrikes","floor":30},{"not_picked":["HollowMod:NewLittleFool","HollowMod:MawleksShell"],"picked":"HollowMod:PerfectDash","floor":31},{"not_picked":["HollowMod:RadiancesLament","HollowMod:ZotesMagnificence"],"picked":"HollowMod:HerrahsAnger","floor":33},{"not_picked":["HollowMod:SoulStrike","HollowMod:TaintedHusks+1"],"picked":"HollowMod:DungDefenderAura+1","floor":35},{"not_picked":["HollowMod:DescendingDark+1","HollowMod:CoiledNail","HollowMod:ShadowDash"],"picked":"SKIP","floor":37},{"not_picked":["HollowMod:InfectedAttack+1","HollowMod:NewLittleFool+1"],"picked":"HollowMod:LifebloodCocoon","floor":38},{"not_picked":["testmod-Automaton","Jack Of All Trades"],"picked":"testmod-WeaknessCounterattack","floor":39},{"not_picked":["testmod-PerfectCombo","testmod-Mystery"],"picked":"testmod-RabbitOfFibonacci","floor":39},{"not_picked":["testmod-Recap","testmod-SelfRegulatingSystem"],"picked":"testmod-PocketStoneCalender","floor":39},{"not_picked":["HollowMod:SharpenedNail+1","HollowMod:VengefulVoid"],"picked":"HollowMod:SoulMaster","floor":40},{"not_picked":["HollowMod:SiblingsShadow+1","HollowMod:SoulVessel"],"picked":"HollowMod:RecoilStrike","floor":41},{"not_picked":["HollowMod:WraithStrike+1","HollowMod:DesolateDive+1"],"picked":"HollowMod:MonarchWings+1","floor":42},{"not_picked":["HollowMod:FastStrike+1","HollowMod:RecoilStrike+1"],"picked":"HollowMod:DashSlash+1","floor":45},{"not_picked":["HollowMod:InfectedCysts+1","HollowMod:LuriensSpire","HollowMod:SoulStrike+1"],"picked":"SKIP","floor":46},{"not_picked":["HollowMod:NewLittleFool+1","HollowMod:ShadowDash+1"],"picked":"HollowMod:CornifersMapStart","floor":48}],"player_experience":337165,"relics_obtained":[{"floor":7,"key":"HollowMod:MillibellesNoteRelic"},{"floor":9,"key":"Bronze Scales"},{"floor":11,"key":"Ornamental Fan"},{"floor":13,"key":"testmod-CyclicPeriapt"},{"floor":21,"key":"Red Mask"},{"floor":22,"key":"Enchiridion"},{"floor":24,"key":"Bottled Lightning"},{"floor":26,"key":"testmod-Hope"},{"floor":27,"key":"Bird Faced Urn"},{"floor":30,"key":"StrikeDummy"},{"floor":40,"key":"Letter Opener"},{"floor":42,"key":"testmod-Justice"},{"floor":43,"key":"Molten Egg 2"},{"floor":48,"key":"Mercury Hourglass"}],"event_choices":[{"damage_healed":0,"gold_gain":0,"player_choice":"Success","damage_taken":3,"relics_obtained":["Pen Nib"],"max_hp_gain":0,"max_hp_loss":0,"event_name":"Scrap Ooze","floor":3,"gold_loss":0},{"cards_removed":["Parasite"],"damage_healed":0,"gold_gain":0,"player_choice":"Card Removal","damage_taken":0,"max_hp_gain":0,"max_hp_loss":0,"event_name":"The Cleric","floor":5,"gold_loss":50},{"damage_healed":0,"gold_gain":0,"player_choice":"Shed Blood","damage_taken":23,"max_hp_gain":5,"max_hp_loss":0,"event_name":"Forgotten Altar","floor":20,"gold_loss":0},{"damage_healed":0,"gold_gain":0,"player_choice":"Fought Bandits","damage_taken":0,"max_hp_gain":0,"max_hp_loss":0,"event_name":"Masked Bandits","floor":21,"gold_loss":0},{"damage_healed":0,"gold_gain":0,"player_choice":"Obtained Book","damage_taken":16,"max_hp_gain":0,"max_hp_loss":0,"event_name":"Cursed Tome","floor":22,"gold_loss":0},{"damage_healed":0,"gold_gain":0,"player_choice":"Read","damage_taken":0,"max_hp_gain":0,"max_hp_loss":0,"event_name":"The Library","floor":25,"gold_loss":0,"cards_obtained":["HollowMod:HuntersJournal"]},{"cards_removed":["HollowMod:HerrahsAnger"],"damage_healed":0,"gold_gain":0,"player_choice":"Offered Rare","damage_taken":0,"max_hp_gain":10,"max_hp_loss":0,"event_name":"Bonfire Elementals","floor":36,"gold_loss":0},{"damage_healed":0,"gold_gain":0,"player_choice":"Memory 3","damage_taken":10,"max_hp_gain":0,"max_hp_loss":0,"event_name":"SensoryStone","floor":39,"gold_loss":0},{"damage_healed":0,"gold_gain":0,"player_choice":"Embrace Madness","damage_taken":13,"max_hp_gain":0,"max_hp_loss":0,"event_name":"Winding Halls","floor":44,"gold_loss":0,"cards_obtained":["Madness","Madness"]}],"is_beta":false,"boss_relics":[{"not_picked":["HollowMod:VoidIdolRelic","testmod-Prudence"],"picked":"testmod-BatchProcessingSystem"},{"not_picked":["Fusion Hammer","testmod-KeyOfTheVoid"],"picked":"SlaversCollar"}],"items_purged_floors":[12,14,28,47],"is_endless":false,"potions_floor_spawned":[7,13,16,18,29,31,33,35,40,45],"ascension_level":9}}