{"host":"19tvufa8xx4wr4o1","time":1611874999,"event":{"mods":["AchievementEnabler","BaseMod","Better Sensory Stone","Better Third Choice","Highlight Path","Minty Spire (QoL Compilation)","Relic Stats","StSLib"],"gold_per_floor":[117,117,117,128,143,143,158,158,158,185,199,225,241,254,254,328,328,340,340,340,355,355,390,390,20,68,68,81,41,57,67,67,138,138,156,1155,1155,1155,1155,1155,1183,1183,1183,1197,442,442,19,29,29,29],"floor_reached":51,"language":"ENG","playtime":1902,"items_purged":["Normality","Normality"],"score":1370,"play_id":"6e85a961-4ace-402b-90c4-d493128a7839","local_time":"20210128170319","is_ascension_mode":true,"campfire_choices":[{"data":"Neutralize","floor":6.0,"key":"SMITH"},{"data":"Deadly Poison","floor":8.0,"key":"SMITH"},{"floor":15.0,"key":"REST"},{"floor":24.0,"key":"REST"},{"floor":27.0,"key":"REST"},{"data":"Footwork","floor":32.0,"key":"SMITH"},{"floor":40.0,"key":"REST"},{"floor":42.0,"key":"REST"},{"data":"Noxious Fumes","floor":49,"key":"SMITH"}],"circlet_count":0,"master_deck":["AscendersBane","Defend_G","Defend_G","Defend_G","Defend_G","Defend_G","Survivor","Neutralize+1","Crippling Poison","Deadly Poison+1","Noxious Fumes+1","Phantasmal Killer","Footwork+1","Caltrops","Malaise","Catalyst","Bite","Bite","Bite","Bite","Well Laid Plans","Footwork","PiercingWail","Tools of the Trade","Predator+1","Acrobatics+1","PiercingWail","Injury","Footwork","Writhe","Crippling Poison+1"],"relics":["Velvet Choker","Mercury Hourglass","Darkstone Periapt","Paper Crane","Ninja Scroll","Cursed Key","Pantograph","Matryoshka","Turnip","Smiling Mask","Dream Catcher","Empty Cage","Girya","Toy Ornithopter","Bottled Lightning","Pocketwatch","HornCleat","Membership Card","Vajra","Pear"],"acts_visited":["Exordium","TheCity","TheBeyond"],"potions_floor_usage":[],"damage_taken":[{"damage":4.0,"enemies":"2 Louse","floor":1.0,"turns":4.0},{"damage":0.0,"enemies":"Jaw Worm","floor":4.0,"turns":5.0},{"damage":1.0,"enemies":"Cultist","floor":5.0,"turns":3.0},{"damage":0.0,"enemies":"Exordium Thugs","floor":7.0,"turns":4.0},{"damage":11.0,"enemies":"3 Sentries","floor":10.0,"turns":6.0},{"damage":0.0,"enemies":"Blue Slaver","floor":11.0,"turns":3.0},{"damage":23.0,"enemies":"Gremlin Nob","floor":12.0,"turns":5.0},{"damage":0.0,"enemies":"Lots of Slimes","floor":13.0,"turns":3.0},{"damage":8.0,"enemies":"Large Slime","floor":14.0,"turns":5.0},{"damage":4.0,"enemies":"Hexaghost","floor":16.0,"turns":8.0},{"damage":20.0,"enemies":"Shell Parasite","floor":18.0,"turns":5.0},{"damage":7.0,"enemies":"3 Byrds","floor":21.0,"turns":5.0},{"damage":37.0,"enemies":"Book of Stabbing","floor":23.0,"turns":6.0},{"damage":40.0,"enemies":"Cultist and Chosen","floor":28.0,"turns":8.0},{"damage":10.0,"enemies":"Chosen and Byrds","floor":30.0,"turns":4.0},{"damage":12.0,"enemies":"Centurion and Healer","floor":31.0,"turns":8.0},{"damage":35.0,"enemies":"Champ","floor":33.0,"turns":12.0},{"damage":48.0,"enemies":"3 Darklings","floor":35.0,"turns":5.0},{"damage":42.0,"enemies":"Nemesis","floor":41.0,"turns":11.0},{"damage":3.0,"enemies":"3 Shapes","floor":44.0,"turns":5.0},{"damage":19,"enemies":"Spire Growth","floor":48,"turns":8},{"damage":22,"enemies":"Time Eater","floor":50,"turns":17}],"seed_played":"-5663358257580115161","potions_obtained":[{"floor":1.0,"key":"Block Potion"},{"floor":4.0,"key":"LiquidMemories"},{"floor":12.0,"key":"Swift Potion"},{"floor":14.0,"key":"Poison Potion"},{"floor":20.0,"key":"GhostInAJar"},{"floor":23.0,"key":"Swift Potion"},{"floor":29.0,"key":"CultistPotion"},{"floor":29.0,"key":"Block Potion"},{"floor":30.0,"key":"Strength Potion"},{"floor":33.0,"key":"SteroidPotion"},{"floor":35.0,"key":"SpeedPotion"}],"is_trial":false,"path_per_floor":["M","?","T","M","M","R","M","R","T","E","M","E","M","M","R","B",null,"M","?","?","M","?","E","R","$","T","R","M","?","M","M","R","B",null,"M","?","?","?","?","R","E","R","T","M","$","?","$","M","R","B",null],"character_chosen":"THE_SILENT","items_purchased":["Turnip","Footwork","Pocketwatch","Footwork","HornCleat","Membership Card","Vajra","Pear"],"campfire_rested":5,"item_purchase_floors":[25,25,45,45,45,47,47,47],"current_hp_per_floor":[55,55,55,55,54,54,54,54,54,43,43,20,20,12,31,27,56,36,42,42,35,35,12,27,27,33,49,22,22,18,22,22,37,51,13,25,25,25,25,45,17,37,43,44,44,65,75,62,62,81],"gold":29,"neow_bonus":"BOSS_RELIC","is_daily":false,"chose_seed":false,"campfire_upgraded":4,"win_rate":0.0,"timestamp":1611874999,"path_taken":["M","?","?","M","?","R","M","R","T","E","M","E","M","M","R","BOSS","M","?","?","?","?","E","R","$","T","R","M","?","M","?","R","BOSS","M","?","?","?","?","R","E","R","T","M","$","?","$","M","R","BOSS"],"items_purchased_type":["Relic","Card","Relic","Card","Relic","Relic","Relic","Relic"],"build_version":"2020-12-22","purchased_purges":2,"victory":true,"max_hp_per_floor":[66,66,66,66,66,66,66,66,66,66,66,66,66,66,66,66,66,66,72,72,72,50,50,50,50,56,56,56,56,56,56,56,56,56,56,68,68,68,68,68,68,68,74,74,74,80,90,90,90,90],"relic_stats":{"Darkstone Periapt":36,"Dream Catcher":3,"counters":[22,136],"Pantograph":50,"Turnip":[2],"Cursed Key":2,"Smiling Mask":25,"obtain_stats":[{"Darkstone Periapt":9,"Girya":41,"Pear":47,"Velvet Choker":0,"Vajra":47,"Paper Crane":10,"Cursed Key":17,"Smiling Mask":26,"Empty Cage":34,"Mercury Hourglass":3,"Dream Catcher":26,"Matryoshka":23,"HornCleat":45,"Ninja Scroll":12,"Pantograph":19,"Turnip":25,"Bottled Lightning":43,"Membership Card":47,"Toy Ornithopter":43,"Ring of the Snake":0,"Pocketwatch":45},{"Darkstone Periapt":4,"Girya":19,"Pear":20,"Velvet Choker":0,"Vajra":20,"Paper Crane":5,"Cursed Key":10,"Smiling Mask":13,"Empty Cage":17,"Mercury Hourglass":1,"Dream Catcher":13,"Matryoshka":13,"HornCleat":20,"Ninja Scroll":7,"Pantograph":11,"Turnip":13,"Bottled Lightning":19,"Membership Card":20,"Toy Ornithopter":19,"Ring of the Snake":0,"Pocketwatch":20},{"Darkstone Periapt":15,"Girya":107,"Pear":112,"Velvet Choker":0,"Vajra":112,"Paper Crane":21,"Cursed Key":43,"Smiling Mask":59,"Empty Cage":91,"Mercury Hourglass":4,"Dream Catcher":59,"Matryoshka":59,"HornCleat":112,"Ninja Scroll":28,"Pantograph":48,"Turnip":59,"Bottled Lightning":107,"Membership Card":112,"Toy Ornithopter":107,"Ring of the Snake":0,"Pocketwatch":112}],"Toy Ornithopter":0,"Mercury Hourglass":[454],"Pocketwatch":[18]},"card_choices":[{"not_picked":["Dagger Spray","Slice"],"picked":"Crippling Poison","floor":1.0},{"not_picked":["Underhanded Strike","Tactician"],"picked":"Deadly Poison","floor":4.0},{"not_picked":["Deflect","Outmaneuver","Underhanded Strike"],"picked":"SKIP","floor":5.0},{"not_picked":["Eviscerate","Prepared","Sucker Punch"],"picked":"SKIP","floor":7.0},{"not_picked":["Slice","Backflip"],"picked":"Noxious Fumes","floor":10.0},{"not_picked":["Terror","Setup"],"picked":"Phantasmal Killer","floor":11.0},{"not_picked":["Blade Dance","Reflex","Sucker Punch"],"picked":"SKIP","floor":12.0},{"not_picked":["Sucker Punch","Calculated Gamble"],"picked":"Footwork","floor":13.0},{"not_picked":["Blur","Dagger Spray"],"picked":"Caltrops","floor":14.0},{"not_picked":["Adrenaline","Envenom"],"picked":"Malaise","floor":16.0},{"not_picked":["Underhanded Strike","Prepared"],"picked":"Catalyst","floor":18.0},{"not_picked":["Setup","Cloak And Dagger","Reflex"],"picked":"SKIP","floor":21.0},{"not_picked":["Acrobatics","Doppelganger"],"picked":"Well Laid Plans","floor":23.0},{"not_picked":["Deflect","Outmaneuver","Dagger Spray"],"picked":"SKIP","floor":28.0},{"not_picked":["All Out Attack","Dagger Spray","Flechettes+1"],"picked":"SKIP","floor":30.0},{"not_picked":["Concentrate+1","Infinite Blades"],"picked":"PiercingWail","floor":31.0},{"not_picked":["Bullet Time","Die Die Die"],"picked":"Tools of the Trade","floor":33.0},{"not_picked":["Bane","Riddle With Holes"],"picked":"Predator+1","floor":35.0},{"not_picked":["Infinite Blades","Riddle With Holes+1"],"picked":"Acrobatics+1","floor":40.0},{"not_picked":["Dagger Spray+1","Quick Slash","Flying Knee"],"picked":"SKIP","floor":41.0},{"not_picked":["Tactician","Blade Dance"],"picked":"PiercingWail","floor":42.0},{"not_picked":["Underhanded Strike","Envenom","Outmaneuver"],"picked":"SKIP","floor":44},{"not_picked":["Deflect","Acrobatics"],"picked":"Crippling Poison+1","floor":48}],"player_experience":606004,"relics_obtained":[{"floor":3.0,"key":"Mercury Hourglass"},{"floor":9.0,"key":"Darkstone Periapt"},{"floor":10.0,"key":"Paper Crane"},{"floor":12.0,"key":"Ninja Scroll"},{"floor":23.0,"key":"Matryoshka"},{"floor":26.0,"key":"Smiling Mask"},{"floor":26.0,"key":"Dream Catcher"},{"floor":41.0,"key":"Girya"},{"floor":43.0,"key":"Toy Ornithopter"},{"floor":43.0,"key":"Bottled Lightning"}],"event_choices":[{"damage_healed":0.0,"max_hp_gain":0.0,"max_hp_loss":0.0,"gold_gain":0.0,"event_name":"The Cleric","player_choice":"Leave","floor":2.0,"gold_loss":0.0,"damage_taken":0.0},{"damage_healed":0.0,"max_hp_gain":0.0,"max_hp_loss":0.0,"gold_gain":0.0,"event_name":"The Mausoleum","player_choice":"Opened","floor":19.0,"gold_loss":0.0,"damage_taken":0.0,"relics_obtained":["Pantograph"],"cards_obtained":["Writhe"]},{"damage_healed":0.0,"max_hp_gain":0.0,"max_hp_loss":0.0,"gold_gain":0.0,"event_name":"Lab","player_choice":"Got Potions","floor":20.0,"gold_loss":0.0,"damage_taken":0.0},{"damage_healed":0.0,"max_hp_gain":0.0,"max_hp_loss":22.0,"gold_gain":0.0,"event_name":"Vampires","player_choice":"Became a vampire","floor":22.0,"gold_loss":0.0,"damage_taken":0.0,"cards_obtained":["Bite","Bite","Bite","Bite","Bite"]},{"damage_healed":0.0,"max_hp_gain":0.0,"max_hp_loss":0.0,"gold_gain":0.0,"event_name":"The Woman in Blue","player_choice":"Bought 3 Potions","floor":29.0,"gold_loss":0.0,"damage_taken":0.0},{"damage_healed":0.0,"max_hp_gain":0.0,"max_hp_loss":0.0,"gold_gain":999.0,"event_name":"MindBloom","player_choice":"Gold","floor":36.0,"gold_loss":0.0,"damage_taken":0.0,"cards_obtained":["Normality","Normality"]},{"damage_healed":0.0,"max_hp_gain":0.0,"max_hp_loss":0.0,"gold_gain":0.0,"event_name":"Tomb of Lord Red Mask","player_choice":"Ignored","floor":37.0,"gold_loss":0.0,"damage_taken":0.0},{"damage_healed":0.0,"max_hp_gain":0.0,"max_hp_loss":0.0,"gold_gain":0.0,"event_name":"The Moai Head","player_choice":"Ignored","floor":38.0,"gold_loss":0.0,"damage_taken":0.0},{"cards_removed":["Bite"],"damage_healed":0.0,"max_hp_gain":0.0,"max_hp_loss":0.0,"gold_gain":0.0,"event_name":"Falling","player_choice":"Removed Attack","floor":39.0,"gold_loss":0.0,"damage_taken":0.0},{"damage_healed":15,"gold_gain":0,"player_choice":"Writhe","damage_taken":0,"max_hp_gain":0,"max_hp_loss":0,"event_name":"Winding Halls","floor":46,"gold_loss":0,"cards_obtained":["Writhe"]}],"is_beta":false,"boss_relics":[{"not_picked":["HoveringKite","Fusion Hammer"],"picked":"Cursed Key"},{"not_picked":["Busted Crown","Sozu"],"picked":"Empty Cage"}],"items_purged_floors":[45,47],"is_endless":false,"potions_floor_spawned":[1,4,12,14,23,30,33,35],"ascension_level":18}}