{"host":"5h6e4l6hpn0p5lap","time":1611795696,"event":{"mods":["AchievementEnabler","BaseMod","Better Altar","Better Match","Better Sensory Stone","Better Skull","Better Third Choice","Filter the Spire","Highlight Path","Minty Spire (QoL Compilation)","StSLib"],"gold_per_floor":[109,121,133,144,156,156,189,202,202,229,229,248,20,45,45,147,147,161,174,174,189,45,78,78,405,405,405,405,405,405,208,208,308,308,319,332,348,61,61,90,103,103,103,103,103,103,121,45,45,45,45,45,45,45,45],"floor_reached":54,"language":"ENG","playtime":2761,"items_purged":["Strike_R","Strike_R","Defend_R"],"score":725,"play_id":"56d5d152-2044-40e9-972a-e7771eefac6b","local_time":"20210127200136","is_ascension_mode":false,"campfire_choices":[{"data":"Sword Boomerang","floor":6.0,"key":"SMITH"},{"data":"Bash","floor":11.0,"key":"SMITH"},{"data":"Dramatic Entrance","floor":15,"key":"SMITH"},{"floor":24,"key":"REST"},{"data":"Shrug It Off","floor":27,"key":"SMITH"},{"data":"Shrug It Off","floor":30,"key":"SMITH"},{"data":"True Grit","floor":32,"key":"SMITH"},{"floor":42,"key":"RECALL"},{"data":"Pummel","floor":45,"key":"SMITH"},{"data":"The Bomb","floor":49,"key":"SMITH"},{"data":"Clothesline","floor":52,"key":"SMITH"}],"circlet_count":0,"master_deck":["Strike_R+1","Defend_R","Defend_R","Defend_R","Bash+1","Carnage+1","Shrug It Off","Sword Boomerang+1","Clothesline","Pummel+1","Feel No Pain+1","Inflame+1","Headbutt","Ghostly Armor","Shrug It Off+1","Barricade+1","Shrug It Off+1","Flex+1","Disarm+1","True Grit+1","Berserk+1","Clothesline+1","Inflame+1","The Bomb+1","Anger+1","Feel No Pain+1"],"relics":["Burning Blood","Frozen Egg 2","Akabeko","Mummified Hand","Mark of Pain","Medical Kit","Toy Ornithopter","Old Coin","Lantern","Busted Crown","Ornamental Fan","Whetstone"],"acts_visited":["Exordium","TheCity","TheBeyond","TheEnding"],"potions_floor_usage":[14,14,16,23,25,33,40,40,50,54],"damage_taken":[{"damage":1.0,"enemies":"Cultist","floor":1.0,"turns":3.0},{"damage":1.0,"enemies":"2 Louse","floor":2.0,"turns":2.0},{"damage":0.0,"enemies":"Jaw Worm","floor":3.0,"turns":3.0},{"damage":16.0,"enemies":"Large Slime","floor":4.0,"turns":5.0},{"damage":15.0,"enemies":"Gremlin Gang","floor":5.0,"turns":7.0},{"damage":12.0,"enemies":"Gremlin Nob","floor":7.0,"turns":4.0},{"damage":1.0,"enemies":"3 Louse","floor":8.0,"turns":3.0},{"damage":9.0,"enemies":"3 Sentries","floor":10.0,"turns":9.0},{"damage":11.0,"enemies":"2 Fungi Beasts","floor":12.0,"turns":3.0},{"damage":0,"enemies":"Gremlin Nob","floor":14,"turns":1},{"damage":4,"enemies":"Slime Boss","floor":16,"turns":9},{"damage":0,"enemies":"Chosen","floor":18,"turns":3},{"damage":14,"enemies":"2 Thieves","floor":19,"turns":4},{"damage":8,"enemies":"Snake Plant","floor":21,"turns":4},{"damage":27,"enemies":"Book of Stabbing","floor":23,"turns":6},{"damage":24,"enemies":"Gremlin Leader","floor":25,"turns":8},{"damage":26,"enemies":"Automaton","floor":33,"turns":15},{"damage":5,"enemies":"Orb Walker","floor":35,"turns":4},{"damage":10,"enemies":"3 Darklings","floor":36,"turns":12},{"damage":15,"enemies":"Transient","floor":37,"turns":5},{"damage":20,"enemies":"Reptomancer","floor":40,"turns":4},{"damage":0,"enemies":"Maw","floor":41,"turns":7},{"damage":0,"enemies":"Jaw Worm Horde","floor":47,"turns":4},{"damage":12,"enemies":"Time Eater","floor":50,"turns":14},{"damage":85,"enemies":"Shield and Spear","floor":54,"turns":6}],"seed_played":"1865674990717199468","potions_obtained":[{"floor":0.0,"key":"GamblersBrew"},{"floor":0.0,"key":"Block Potion"},{"floor":0.0,"key":"GamblersBrew"},{"floor":1.0,"key":"SkillPotion"},{"floor":7.0,"key":"Fire Potion"},{"floor":8.0,"key":"SteroidPotion"},{"floor":10.0,"key":"LiquidMemories"},{"floor":12.0,"key":"Energy Potion"},{"floor":18,"key":"Dexterity Potion"},{"floor":23,"key":"LiquidMemories"},{"floor":33,"key":"Dexterity Potion"},{"floor":36,"key":"FearPotion"},{"floor":37,"key":"DuplicationPotion"},{"floor":41,"key":"Block Potion"}],"is_trial":false,"path_per_floor":["M","M","M","M","M","R","E","M","T","E","R","M","$","E","R","B",null,"M","M","?","M","$","E","R","E","T","R","?","?","R","$","R","B",null,"M","M","M","$","?","E","M","R","T","?","R","?","M","$","R","B",null,"R","$","E"],"character_chosen":"IRONCLAD","items_purchased":["Ghostly Armor","Dramatic Entrance","Medical Kit","True Grit","AttackPotion","The Bomb","Feel No Pain+1"],"campfire_rested":1,"item_purchase_floors":[13,13,22,31,31,38,48],"current_hp_per_floor":[80,80,80,70,61,61,55,60,60,57,57,52,52,58,58,60,80,80,72,72,70,70,49,73,60,60,60,60,60,60,60,60,45,80,80,76,67,67,67,63,69,69,69,69,69,69,75,75,75,74,80,80,80,0,0],"gold":45,"neow_bonus":"THREE_SMALL_POTIONS","is_daily":false,"chose_seed":false,"campfire_upgraded":9,"win_rate":0.0,"timestamp":1611795696,"path_taken":["M","M","M","M","?","R","E","M","T","E","R","M","$","E","R","BOSS","M","M","?","?","$","E","R","E","T","R","?","?","R","$","R","BOSS","M","?","M","$","?","E","M","R","T","?","R","?","M","$","R","BOSS","R","$","E"],"items_purchased_type":["Card","Card","Relic","Card","Potion","Card","Card"],"build_version":"2020-12-22","purchased_purges":3,"victory":false,"max_hp_per_floor":[80,80,80,80,80,80,80,80,80,80,80,80,80,80,80,80,80,80,80,80,80,80,80,80,80,80,80,80,80,80,80,80,80,80,80,80,80,80,80,80,80,80,80,80,80,80,80,80,80,80,80,80,80,80,80],"card_choices":[{"not_picked":["Anger","Warcry"],"picked":"Carnage","floor":1.0},{"not_picked":["Flex","Anger"],"picked":"Shrug It Off","floor":2.0},{"not_picked":["Armaments","Twin Strike"],"picked":"Sword Boomerang","floor":3.0},{"not_picked":["Reckless Charge","Sword Boomerang"],"picked":"Clothesline","floor":4.0},{"not_picked":["Dark Embrace","Carnage","Demon Form"],"picked":"SKIP","floor":5.0},{"not_picked":["Shockwave","Thunderclap"],"picked":"Pummel","floor":7.0},{"not_picked":["Warcry","Pummel"],"picked":"Feel No Pain+1","floor":8.0},{"not_picked":["Dual Wield","Pommel Strike"],"picked":"Inflame+1","floor":10.0},{"not_picked":["Sword Boomerang","Carnage"],"picked":"Headbutt","floor":12.0},{"not_picked":["Wild Strike","Whirlwind"],"picked":"Shrug It Off","floor":14},{"not_picked":["Reaper","Impervious"],"picked":"Barricade+1","floor":16},{"not_picked":["Pommel Strike","Combust+1","Clash"],"picked":"SKIP","floor":18},{"not_picked":["Perfected Strike+1","Wild Strike"],"picked":"Shrug It Off","floor":19},{"not_picked":["Clash","Havoc","Bloodletting"],"picked":"SKIP","floor":21},{"not_picked":["Anger","Thunderclap"],"picked":"Flex+1","floor":23},{"not_picked":["Sever Soul+1","Feel No Pain+1"],"picked":"Disarm+1","floor":25},{"not_picked":["Fiend Fire","Reaper"],"picked":"Berserk+1","floor":33},{"not_picked":["Havoc"],"picked":"SKIP","floor":35},{"not_picked":[],"picked":"Clothesline","floor":36},{"not_picked":[],"picked":"Inflame+1","floor":37},{"not_picked":["Iron Wave"],"picked":"SKIP","floor":40},{"not_picked":["Pommel Strike"],"picked":"SKIP","floor":41},{"not_picked":[],"picked":"Anger+1","floor":47}],"player_experience":993963,"relics_obtained":[{"floor":7.0,"key":"Frozen Egg 2"},{"floor":10.0,"key":"Akabeko"},{"floor":14,"key":"Mummified Hand"},{"floor":23,"key":"Toy Ornithopter"},{"floor":25,"key":"Old Coin"},{"floor":26,"key":"Lantern"},{"floor":40,"key":"Ornamental Fan"},{"floor":43,"key":"Whetstone"}],"event_choices":[{"cards_removed":["Strike_R"],"damage_healed":0,"gold_gain":0,"player_choice":"Card Removal","damage_taken":0,"max_hp_gain":0,"max_hp_loss":0,"event_name":"Wheel of Change","floor":20,"gold_loss":0},{"damage_healed":0,"gold_gain":0,"player_choice":"Ignored","damage_taken":0,"max_hp_gain":0,"max_hp_loss":0,"event_name":"Ghosts","floor":28,"gold_loss":0},{"cards_removed":["Strike_R"],"damage_healed":0,"gold_gain":0,"player_choice":"Purged","damage_taken":0,"max_hp_gain":0,"max_hp_loss":0,"event_name":"Purifier","floor":29,"gold_loss":0},{"damage_healed":0,"gold_gain":0,"player_choice":"Ignored","damage_taken":0,"max_hp_gain":0,"max_hp_loss":0,"event_name":"Mysterious Sphere","floor":39,"gold_loss":0},{"damage_healed":0,"gold_gain":0,"player_choice":"Ignored","damage_taken":0,"max_hp_gain":0,"max_hp_loss":0,"event_name":"Tomb of Lord Red Mask","floor":44,"gold_loss":0},{"cards_removed":["Dramatic Entrance"],"damage_healed":0,"gold_gain":0,"player_choice":"Removed Attack","damage_taken":0,"max_hp_gain":0,"max_hp_loss":0,"event_name":"Falling","floor":46,"gold_loss":0}],"is_beta":false,"boss_relics":[{"not_picked":["Calling Bell","Ectoplasm"],"picked":"Mark of Pain"},{"not_picked":["Velvet Choker","Runic Pyramid"],"picked":"Busted Crown"}],"items_purged_floors":[13,31,38],"is_endless":false,"potions_floor_spawned":[1,7,8,10,12,18,23,33,36,37,41],"killed_by":"Shield and Spear","ascension_level":0}}