{"host":"u1ja96cwu1wu8jpx","time":1611845957,"event":{"mods":["BaseMod","Better Match","Colored Map","Minty Spire (QoL Compilation)","Permanent Neow","StSLib"],"gold_per_floor":[114,134,60,78,96,123,149,149,149,149,177,177,192,192,192,294,294,304,17,32,52,62,62,62],"floor_reached":23,"language":"ENG","playtime":2658,"items_purged":["Shame"],"score":213,"play_id":"bc87b974-7d1a-4a32-b1cc-75d8afa310b7","local_time":"20210128095917","is_ascension_mode":true,"campfire_choices":[{"floor":10,"key":"REST"},{"data":"Noxious Fumes","floor":12,"key":"SMITH"},{"floor":15,"key":"REST"}],"circlet_count":0,"master_deck":["Strike_G","Strike_G","Strike_G","Strike_G","Defend_G","Defend_G","Defend_G","Defend_G","Defend_G","Survivor","Neutralize","Poisoned Stab","Noxious Fumes+1","Poisoned Stab","PiercingWail","Corpse Explosion","Catalyst","Bouncing Flask","Noxious Fumes","PiercingWail","Dodge and Roll","Bouncing Flask","Noxious Fumes+1"],"relics":["Cursed Key","Bag of Preparation","Odd Mushroom","Matryoshka","Peace Pipe","HoveringKite"],"acts_visited":["TheCity"],"potions_floor_usage":[7,11,16,22,23,23,23],"damage_taken":[{"damage":0.0,"enemies":"Cultist","floor":1.0,"turns":4.0},{"damage":5.0,"enemies":"Jaw Worm","floor":2.0,"turns":5.0},{"damage":0.0,"enemies":"2 Louse","floor":4.0,"turns":3.0},{"damage":0,"enemies":"Lots of Slimes","floor":5,"turns":6},{"damage":19,"enemies":"Lagavulin","floor":6,"turns":7},{"damage":13,"enemies":"The Mushroom Lair","floor":7,"turns":4},{"damage":14,"enemies":"3 Sentries","floor":11,"turns":5},{"damage":0,"enemies":"Blue Slaver","floor":13,"turns":4},{"damage":50,"enemies":"Slime Boss","floor":16,"turns":9},{"damage":10,"enemies":"Shell Parasite","floor":18,"turns":6},{"damage":0,"enemies":"Chosen","floor":20,"turns":4},{"damage":19,"enemies":"Centurion and Healer","floor":21,"turns":4},{"damage":15,"enemies":"3 Cultists","floor":22,"turns":4},{"damage":31,"enemies":"Gremlin Leader","floor":23,"turns":4}],"seed_played":"-4296528865096961094","potions_obtained":[{"floor":2.0,"key":"SkillPotion"},{"floor":4,"key":"SteroidPotion"},{"floor":5,"key":"FearPotion"},{"floor":7,"key":"PowerPotion"},{"floor":13,"key":"Poison Potion"},{"floor":18,"key":"Swift Potion"},{"floor":22,"key":"Fire Potion"}],"is_trial":false,"path_per_floor":["M","M","$","M","M","E","?","?","T","R","E","R","M","?","R","B",null,"M","$","M","M","M","E"],"character_chosen":"THE_SILENT","items_purchased":["Noxious Fumes","Bouncing Flask","Noxious Fumes","PiercingWail"],"campfire_rested":2,"item_purchase_floors":[3,19,19,19],"current_hp_per_floor":[70,65,65,65,65,46,33,33,33,54,40,40,40,40,61,11,70,60,60,60,41,26,0,0],"gold":62,"neow_bonus":"BOSS_RELIC","is_daily":false,"chose_seed":false,"campfire_upgraded":1,"win_rate":0.0,"timestamp":1611845957,"path_taken":["M","M","?","M","M","E","?","?","T","R","E","R","?","?","R","BOSS","M","$","M","M","M","E"],"items_purchased_type":["Card","Card","Card","Card"],"build_version":"2020-12-22","purchased_purges":1,"victory":false,"max_hp_per_floor":[70,70,70,70,70,70,70,70,70,70,70,70,70,70,70,70,70,70,70,70,70,70,70,70],"card_choices":[{"not_picked":["Masterful Stab","Dodge and Roll"],"picked":"Poisoned Stab","floor":1.0},{"not_picked":["Backflip","Bane","Dagger Spray"],"picked":"SKIP","floor":2.0},{"not_picked":["Calculated Gamble","Choke"],"picked":"Poisoned Stab","floor":4},{"not_picked":["Slice","Riddle With Holes","Blade Dance"],"picked":"SKIP","floor":5},{"not_picked":["Phantasmal Killer","Dagger Spray","Blade Dance"],"picked":"SKIP","floor":6},{"not_picked":["Dodge and Roll","Quick Slash"],"picked":"PiercingWail","floor":11},{"not_picked":["Blade Dance","Dagger Throw","Flechettes"],"picked":"SKIP","floor":13},{"not_picked":["Burst","Adrenaline"],"picked":"Corpse Explosion","floor":16},{"not_picked":["Flying Knee","Underhanded Strike"],"picked":"Catalyst","floor":18},{"not_picked":["Acrobatics","Prepared"],"picked":"Dodge and Roll","floor":20},{"not_picked":["Quick Slash","Poisoned Stab+1"],"picked":"Bouncing Flask","floor":21},{"not_picked":["All Out Attack","Underhanded Strike+1"],"picked":"Noxious Fumes+1","floor":22}],"player_experience":408825,"relics_obtained":[{"floor":6,"key":"Bag of Preparation"},{"floor":7,"key":"Odd Mushroom"},{"floor":9,"key":"Matryoshka"},{"floor":11,"key":"Peace Pipe"}],"event_choices":[{"damage_healed":0,"gold_gain":0,"player_choice":"Fought Mushrooms","damage_taken":0,"max_hp_gain":0,"max_hp_loss":0,"event_name":"Mushrooms","floor":7,"gold_loss":0},{"cards_removed":["Strike_G"],"damage_healed":0,"gold_gain":0,"player_choice":"Purged","damage_taken":0,"max_hp_gain":0,"max_hp_loss":0,"event_name":"Purifier","floor":8,"gold_loss":0},{"damage_healed":0,"gold_gain":0,"player_choice":"3","damage_taken":0,"max_hp_gain":0,"max_hp_loss":0,"event_name":"betterMatch:BetterMatch","floor":14,"gold_loss":0,"cards_obtained":[]}],"is_beta":false,"boss_relics":[{"not_picked":["Velvet Choker","Philosopher\u0027s Stone"],"picked":"HoveringKite"}],"items_purged_floors":[19],"is_endless":false,"potions_floor_spawned":[2,4,5,7,13,18,22],"killed_by":"Gremlin Leader","ascension_level":1}}