{"host":"nwd160me4iqdtr8u","time":1611849165,"event":{"mods":["AchievementEnabler","Act Like it!","BaseMod","Colored Map","DeckTracker","Minty Spire (QoL Compilation)","Quick Restart","Rare Cards Sparkle","StSLib","SuperFastMode","everything is the same but u backflip on backflip"],"gold_per_floor":[113,130,130,110,35,35,68,83,83,31,42,42,42,55,55,156,206,218,236,236,136,154,154,171,181,181,181,181],"floor_reached":27,"language":"KOR","playtime":1397,"items_purged":["Strike_R","Defend_R"],"score":237,"play_id":"9836a0b9-9b63-4ab6-a7d5-eb3640b6eee2","local_time":"20210129005245","is_ascension_mode":true,"campfire_choices":[{"data":"True Grit","floor":6.0,"key":"SMITH"},{"floor":13.0,"key":"REST"},{"data":"Double Tap","floor":15.0,"key":"SMITH"},{"data":"Second Wind","floor":23,"key":"SMITH"}],"circlet_count":0,"master_deck":["Strike_R","Strike_R","Strike_R","Defend_R+1","Defend_R+1","Defend_R+1","Bash","Inflame","True Grit+1","Infernal Blade+1","Double Tap+1","Shrug It Off","Second Wind+1","Twin Strike","Brutality","Pummel","Clothesline+1","Battle Trance+1","Intimidate+1"],"relics":["Burning Blood","Self Forming Clay","Matryoshka","Tiny House","War Paint","Blood Vial"],"acts_visited":["Exordium","TheCity"],"potions_floor_usage":[19],"damage_taken":[{"damage":3.0,"enemies":"Small Slimes","floor":1.0,"turns":4.0},{"damage":6.0,"enemies":"Jaw Worm","floor":2.0,"turns":5.0},{"damage":76.0,"enemies":"3 Sentries","floor":7.0,"turns":19.0},{"damage":1.0,"enemies":"Cultist","floor":8.0,"turns":4.0},{"damage":7.0,"enemies":"3 Louse","floor":11.0,"turns":4.0},{"damage":3.0,"enemies":"Blue Slaver","floor":14.0,"turns":4.0},{"damage":40.0,"enemies":"Hexaghost","floor":16.0,"turns":15.0},{"damage":22,"enemies":"Chosen","floor":18,"turns":5},{"damage":13,"enemies":"3 Byrds","floor":19,"turns":7},{"damage":27,"enemies":"Snake Plant","floor":22,"turns":5},{"damage":31,"enemies":"Centurion and Healer","floor":24,"turns":8},{"damage":56,"enemies":"Sentry and Sphere","floor":25,"turns":12},{"damage":57,"enemies":"3 Cultists","floor":27,"turns":7}],"seed_played":"-1668976346832919471","potions_obtained":[{"floor":4.0,"key":"FairyPotion"},{"floor":8.0,"key":"Dexterity Potion"},{"floor":11.0,"key":"Strength Potion"},{"floor":17,"key":"Swift Potion"},{"floor":24,"key":"FairyPotion"}],"is_trial":false,"path_per_floor":["M","M","?","?","$","R","E","M","T","$","M","?","R","M","R","B",null,"M","M","?","$","M","R","M","M","T","M"],"character_chosen":"IRONCLAD","items_purchased":["Shrug It Off"],"campfire_rested":1,"item_purchase_floors":[10],"current_hp_per_floor":[80,80,85,85,85,85,15,20,20,20,19,19,44,47,47,13,90,74,67,67,67,46,46,21,33,33,0,0],"gold":181,"neow_bonus":"TRANSFORM_CARD","is_daily":false,"chose_seed":false,"campfire_upgraded":3,"win_rate":0.0,"timestamp":1611849165,"path_taken":["M","M","?","?","$","R","E","?","T","$","M","?","R","M","R","BOSS","M","M","?","$","M","R","M","M","T","M"],"items_purchased_type":["Card"],"build_version":"2020-12-22","purchased_purges":2,"victory":false,"max_hp_per_floor":[80,80,85,85,85,85,85,85,85,85,85,85,85,85,85,85,90,90,90,90,90,90,90,90,90,90,90,90],"card_choices":[{"not_picked":["Heavy Blade","Sword Boomerang"],"picked":"True Grit","floor":1.0},{"not_picked":["Dual Wield","Heavy Blade"],"picked":"Infernal Blade","floor":2.0},{"not_picked":["Wild Strike","True Grit","Infernal Blade"],"picked":"SKIP","floor":7.0},{"not_picked":["Perfected Strike","Heavy Blade"],"picked":"Double Tap","floor":8.0},{"not_picked":["Clothesline","True Grit"],"picked":"Second Wind","floor":11.0},{"not_picked":["Armaments","Ghostly Armor"],"picked":"Twin Strike","floor":14.0},{"not_picked":["Limit Break","Double Tap"],"picked":"Brutality","floor":16.0},{"not_picked":["Havoc","Hemokinesis"],"picked":"Pummel","floor":17},{"not_picked":["Clash","Wild Strike"],"picked":"Clothesline+1","floor":18},{"not_picked":["Clash+1","Heavy Blade","Sword Boomerang"],"picked":"SKIP","floor":19},{"not_picked":["Anger+1","Heavy Blade","True Grit"],"picked":"SKIP","floor":22},{"not_picked":["Feed","Flame Barrier"],"picked":"Battle Trance+1","floor":24},{"not_picked":["Armaments","Infernal Blade"],"picked":"Intimidate+1","floor":25}],"player_experience":285804,"relics_obtained":[{"floor":7.0,"key":"Self Forming Clay"},{"floor":9.0,"key":"Matryoshka"},{"floor":26,"key":"War Paint"},{"floor":26,"key":"Blood Vial"}],"event_choices":[{"damage_healed":0.0,"max_hp_gain":5.0,"max_hp_loss":0.0,"gold_gain":0.0,"event_name":"Big Fish","player_choice":"Donut","floor":3.0,"gold_loss":0.0,"damage_taken":0.0},{"damage_healed":0.0,"max_hp_gain":0.0,"max_hp_loss":0.0,"gold_gain":0.0,"event_name":"The Woman in Blue","player_choice":"Bought 1 Potion","floor":4.0,"gold_loss":0.0,"damage_taken":0.0},{"damage_healed":0.0,"max_hp_gain":0.0,"max_hp_loss":0.0,"gold_gain":0.0,"event_name":"Living Wall","player_choice":"Grow","floor":12.0,"gold_loss":0.0,"damage_taken":0.0,"cards_upgraded":["Infernal Blade"]},{"damage_healed":0,"gold_gain":0,"player_choice":"Ignored","damage_taken":0,"max_hp_gain":0,"max_hp_loss":0,"event_name":"Vampires","floor":20,"gold_loss":0}],"is_beta":false,"boss_relics":[{"not_picked":["Black Star","Pandora\u0027s Box"],"picked":"Tiny House"}],"items_purged_floors":[5,21],"is_endless":false,"potions_floor_spawned":[8,11,24],"killed_by":"3 Cultists","ascension_level":2}}