{"host":"0ueeacaatm8t6jyh","time":1611835288,"event":{"mods":["AchievementEnabler","BaseMod","Colored Powertips","Minty Spire (QoL Compilation)","Quick Restart","Rare Cards Sparkle","Shop Mod","StSLib"],"gold_per_floor":[114,114,39,52,72,102,120,120,120],"floor_reached":8,"language":"ZHS","playtime":225,"items_purged":["Strike_P"],"score":104,"play_id":"fa908ac5-f5c3-4ce6-8468-73a2fa046542","local_time":"20210128200128","is_ascension_mode":true,"campfire_choices":[],"circlet_count":0,"master_deck":["AscendersBane","Strike_P","Strike_P","Defend_P","Defend_P","Eruption","Vigilance","Adaptation","ReachHeaven","TalkToTheHand"],"relics":["PureWater","Eternal Feather"],"acts_visited":["Exordium"],"potions_floor_usage":[8],"damage_taken":[{"damage":0.0,"enemies":"Cultist","floor":1.0,"turns":2.0},{"damage":0.0,"enemies":"Small Slimes","floor":4.0,"turns":3.0},{"damage":2.0,"enemies":"Jaw Worm","floor":5.0,"turns":3.0},{"damage":27,"enemies":"Lagavulin","floor":6,"turns":5},{"damage":10,"enemies":"Large Slime","floor":7,"turns":4},{"damage":0,"enemies":"3 Sentries","floor":8,"turns":2}],"seed_played":"-3704406048226779996","potions_obtained":[{"floor":1.0,"key":"Weak Potion"},{"floor":4.0,"key":"SneckoOil"}],"is_trial":false,"path_per_floor":["M","?","$","M","M","E","M","E"],"character_chosen":"WATCHER","items_purchased":[],"campfire_rested":0,"item_purchase_floors":[],"current_hp_per_floor":[43,43,43,43,41,14,4,4,4],"gold":120,"neow_bonus":"REMOVE_TWO","is_daily":false,"chose_seed":false,"campfire_upgraded":0,"win_rate":0.0,"timestamp":1611835288,"path_taken":["M","?","?","M","M","E","M","E"],"items_purchased_type":[],"build_version":"2020-12-22","purchased_purges":1,"victory":false,"max_hp_per_floor":[68,68,68,68,68,68,68,68,68],"card_choices":[{"not_picked":["EmptyBody","InnerPeace"],"picked":"Adaptation","floor":1.0},{"not_picked":["CrushJoints","ThirdEye","FollowUp"],"picked":"SKIP","floor":4.0},{"not_picked":["Wallop","BowlingBash"],"picked":"ReachHeaven","floor":5.0},{"not_picked":["Vengeance","ReachHeaven"],"picked":"TalkToTheHand","floor":6},{"not_picked":["WindmillStrike","Study","EmptyBody"],"picked":"SKIP","floor":7}],"player_experience":481882,"relics_obtained":[{"floor":6,"key":"Eternal Feather"}],"event_choices":[{"cards_removed":["Strike_P"],"damage_healed":0.0,"max_hp_gain":0.0,"max_hp_loss":0.0,"gold_gain":0.0,"event_name":"Bonfire Elementals","player_choice":"Offered Basic","floor":2.0,"gold_loss":0.0,"damage_taken":0.0}],"is_beta":false,"boss_relics":[],"items_purged_floors":[3],"is_endless":false,"potions_floor_spawned":[1,4],"killed_by":"3 Sentries","ascension_level":16}}