{"host":"i0avyit1s6jb1siw","time":1611829152,"event":{"mods":["BaseMod","DeckTracker","Dota2Spire","Highlight Path","Minty Spire (QoL Compilation)","Quick Restart","StSLib","SuperFastMode"],"gold_per_floor":[14,14,34,109,127,127,127,127],"floor_reached":7,"language":"ENG","playtime":169,"items_purged":[],"score":82,"play_id":"9935a515-52ad-4b7c-a081-c8ddba581219","local_time":"20210128111912","is_ascension_mode":true,"campfire_choices":[{"floor":6,"key":"REST"}],"circlet_count":0,"master_deck":["AscendersBane","Strike_G","Strike_G","Strike_G","Strike_G","Strike_G","Defend_G","Defend_G","Defend_G","Defend_G","Defend_G","Survivor","Neutralize","Magnetism","Deadly Poison","Dagger Spray","Predator"],"relics":["Ring of the Snake","Golden Idol"],"acts_visited":["Exordium"],"potions_floor_usage":[7],"damage_taken":[{"damage":19,"enemies":"Jaw Worm","floor":1,"turns":8},{"damage":16,"enemies":"2 Louse","floor":3,"turns":3},{"damage":4,"enemies":"Cultist","floor":5,"turns":4},{"damage":34,"enemies":"3 Sentries","floor":7,"turns":5}],"seed_played":"4525609808905463163","potions_obtained":[{"floor":3,"key":"Dota2Spire:HealingSalve"}],"is_trial":false,"path_per_floor":["M","?","M","?","M","R","E"],"character_chosen":"THE_SILENT","items_purchased":[],"campfire_rested":1,"item_purchase_floors":[],"current_hp_per_floor":[40,40,24,13,9,27,0,0],"gold":127,"neow_bonus":"RANDOM_COLORLESS_2","is_daily":false,"chose_seed":false,"campfire_upgraded":0,"win_rate":0.0,"timestamp":1611829152,"path_taken":["M","?","M","?","M","R","E"],"items_purchased_type":[],"build_version":"2020-12-22","purchased_purges":0,"victory":false,"max_hp_per_floor":[66,60,60,60,60,60,60,60],"card_choices":[{"not_picked":["Transmutation","The Bomb"],"picked":"Magnetism","floor":0},{"not_picked":["Flechettes","Backflip"],"picked":"Deadly Poison","floor":1},{"not_picked":["Sucker Punch","PiercingWail"],"picked":"Dagger Spray","floor":3},{"not_picked":["Tactician","Quick Slash"],"picked":"Predator","floor":5}],"player_experience":2359452,"relics_obtained":[],"event_choices":[{"damage_healed":0,"gold_gain":0,"player_choice":"Lose Max HP","damage_taken":0,"relics_obtained":["Golden Idol"],"max_hp_gain":0,"max_hp_loss":6,"event_name":"Golden Idol","floor":2,"gold_loss":0},{"damage_healed":0,"gold_gain":75,"player_choice":"Gather Gold","damage_taken":11,"max_hp_gain":0,"max_hp_loss":0,"event_name":"World of Goop","floor":4,"gold_loss":0}],"is_beta":false,"boss_relics":[],"items_purged_floors":[],"is_endless":false,"potions_floor_spawned":[3],"killed_by":"3 Sentries","ascension_level":20}}