{"host":"b7j598ve05halrwk","time":1611799065,"event":{"mods":["2.2 Compatiblity","BaseMod","Block Reminder","DeckTracker","Minty Spire (QoL Compilation)","Relic Stats","Slay the Relics Exporter","StSLib","ojb\u0027s Better Paths Mod","ojb\u0027s Info Mod"],"gold_per_floor":[17,17,17,37,58,58,96,111,111,111,144,14,14,14,14,14,14],"floor_reached":16,"language":"ENG","playtime":719,"items_purged":[],"score":216,"play_id":"d1fa4506-4f07-4fa4-b318-c7d67aa9f7d4","local_time":"20210127205745","is_ascension_mode":true,"campfire_choices":[{"data":"Streamline","floor":6.0,"key":"SMITH"},{"data":"Sunder","floor":10.0,"key":"SMITH"},{"floor":15.0,"key":"REST"}],"circlet_count":0,"master_deck":["AscendersBane","Strike_B","Defend_B","Defend_B","Defend_B","Defend_B","Zap","Dualcast","Streamline+1","FTL","Coolheaded","Sunder+1","Consume","Hologram","FTL","Capacitor"],"relics":["Cracked Core","Golden Idol","Gremlin Horn","Gambling Chip","Du-Vu Doll","FaceOfCleric"],"acts_visited":["Exordium"],"potions_floor_usage":[16,16],"damage_taken":[{"damage":2.0,"enemies":"Cultist","floor":1.0,"turns":4.0},{"damage":9.0,"enemies":"Small Slimes","floor":4.0,"turns":3.0},{"damage":3.0,"enemies":"2 Louse","floor":5.0,"turns":2.0},{"damage":28.0,"enemies":"3 Sentries","floor":7.0,"turns":11.0},{"damage":5.0,"enemies":"Large Slime","floor":8.0,"turns":4.0},{"damage":4.0,"enemies":"Lagavulin","floor":11.0,"turns":7.0},{"damage":13,"enemies":"Hexaghost","floor":16,"turns":7}],"seed_played":"-5769618124784066127","potions_obtained":[{"floor":1.0,"key":"EssenceOfSteel"},{"floor":8.0,"key":"Swift Potion"},{"floor":11.0,"key":"BlessingOfTheForge"}],"is_trial":false,"path_per_floor":["M","?","?","M","M","R","E","M","T","R","E","$","?","?","R","B"],"character_chosen":"DEFECT","items_purchased":["FTL","Capacitor"],"campfire_rested":1,"item_purchase_floors":[12,12],"current_hp_per_floor":[62,62,64,55,52,52,24,19,19,19,15,15,8,8,27,14,14],"gold":14,"neow_bonus":"REMOVE_TWO","is_daily":false,"chose_seed":false,"campfire_upgraded":2,"win_rate":0.0,"timestamp":1611799065,"path_taken":["M","?","?","?","M","R","E","M","T","R","E","$","?","?","R","BOSS"],"items_purchased_type":["Card","Card"],"build_version":"2020-12-22","purchased_purges":0,"victory":false,"max_hp_per_floor":[71,64,64,64,64,64,64,64,64,64,64,64,64,64,64,64,64],"relic_stats":{"Gremlin Horn":[1,1],"FaceOfCleric":0,"counters":[7,38],"Golden Idol":26,"Gambling Chip":[5],"obtain_stats":[{"Du-Vu Doll":11,"Gremlin Horn":7,"FaceOfCleric":14,"Golden Idol":2,"Gambling Chip":9,"Cracked Core":0},{"Du-Vu Doll":6,"Gremlin Horn":4,"FaceOfCleric":6,"Golden Idol":1,"Gambling Chip":5,"Cracked Core":0},{"Du-Vu Doll":31,"Gremlin Horn":20,"FaceOfCleric":31,"Golden Idol":4,"Gambling Chip":24,"Cracked Core":0}]},"card_choices":[{"not_picked":["Sweeping Beam","Genetic Algorithm"],"picked":"Streamline","floor":1.0},{"not_picked":["Hologram","Turbo"],"picked":"FTL","floor":4.0},{"not_picked":["Fusion","Go for the Eyes"],"picked":"Coolheaded","floor":5.0},{"not_picked":["Turbo","Conserve Battery"],"picked":"Sunder","floor":7.0},{"not_picked":["Redo","Skim"],"picked":"Consume","floor":8.0},{"not_picked":["Meteor Strike","Rebound"],"picked":"Hologram","floor":11.0}],"player_experience":1055318,"relics_obtained":[{"floor":7.0,"key":"Gremlin Horn"},{"floor":9.0,"key":"Gambling Chip"},{"floor":11.0,"key":"Du-Vu Doll"}],"event_choices":[{"damage_healed":0.0,"max_hp_gain":0.0,"max_hp_loss":7.0,"gold_gain":0.0,"event_name":"Golden Idol","player_choice":"Lose Max HP","floor":2.0,"gold_loss":0.0,"damage_taken":0.0,"relics_obtained":["Golden Idol"]},{"damage_healed":2.0,"max_hp_gain":0.0,"max_hp_loss":0.0,"gold_gain":0.0,"event_name":"Wheel of Change","player_choice":"Full Heal","floor":3.0,"gold_loss":0.0,"damage_taken":0.0},{"cards_removed":["Strike_B"],"damage_healed":0.0,"max_hp_gain":0.0,"max_hp_loss":0.0,"gold_gain":0.0,"event_name":"Golden Wing","player_choice":"Card Removal","floor":13.0,"gold_loss":0.0,"damage_taken":7.0},{"damage_healed":0.0,"max_hp_gain":0.0,"max_hp_loss":0.0,"gold_gain":0.0,"event_name":"FaceTrader","player_choice":"Trade","floor":14.0,"gold_loss":0.0,"damage_taken":0.0,"relics_obtained":["FaceOfCleric"]}],"is_beta":false,"boss_relics":[],"items_purged_floors":[],"is_endless":false,"potions_floor_spawned":[1,8,11],"killed_by":"Hexaghost","ascension_level":20}}