{"host":"r4aerl4ckfvw1dw3","time":1611865515,"event":{"mods":["BaseMod","BetterRewards","Minty Spire (QoL Compilation)","Quick Restart","StSLib"],"gold_per_floor":[20,20,36,51,51,51,77,77,126,145,160,195,206,221,221,323,323,310,310,91,91,101,132,147,147,147],"floor_reached":25,"language":"ENG","playtime":1499,"items_purged":[],"score":247,"play_id":"b32cbc8d-9293-4a3e-a0b6-a58d01234532","local_time":"20210128122515","is_ascension_mode":true,"campfire_choices":[{"floor":6.0,"key":"RECALL"},{"floor":8.0,"key":"REST"},{"data":"Demon Form","floor":15.0,"key":"SMITH"}],"circlet_count":0,"master_deck":["Strike_R","Strike_R","Strike_R","Strike_R","Strike_R","Defend_R","Defend_R","Defend_R","Defend_R","Bash+1","Anger","Rupture","Iron Wave","Bloodletting","Headbutt","Demon Form+1","Metallicize","Exhume","Hemokinesis+1","Metallicize","Fire Breathing","Combust","Flex","Dual Wield"],"relics":["Burning Blood","Peace Pipe","Bag of Preparation","Potion Belt","Matryoshka","Cursed Key","Red Skull","The Courier"],"acts_visited":["Exordium","TheCity"],"potions_floor_usage":[],"damage_taken":[{"damage":1.0,"enemies":"Cultist","floor":1.0,"turns":3.0},{"damage":1.0,"enemies":"Jaw Worm","floor":3.0,"turns":5.0},{"damage":0.0,"enemies":"Small Slimes","floor":4.0,"turns":2.0},{"damage":39.0,"enemies":"Lagavulin","floor":7.0,"turns":8.0},{"damage":7.0,"enemies":"Blue Slaver","floor":10.0,"turns":2.0},{"damage":15.0,"enemies":"Exordium Thugs","floor":11.0,"turns":5.0},{"damage":15.0,"enemies":"Gremlin Nob","floor":12.0,"turns":4.0},{"damage":4.0,"enemies":"2 Fungi Beasts","floor":13.0,"turns":4.0},{"damage":9.0,"enemies":"Blue Slaver","floor":14.0,"turns":3.0},{"damage":32.0,"enemies":"Hexaghost","floor":16.0,"turns":6.0},{"damage":13.0,"enemies":"2 Thieves","floor":18.0,"turns":4.0},{"damage":6.0,"enemies":"Chosen","floor":22.0,"turns":5.0},{"damage":70.0,"enemies":"Book of Stabbing","floor":23.0,"turns":7.0},{"damage":21.0,"enemies":"Shelled Parasite and Fungi","floor":24.0,"turns":6.0},{"damage":16,"enemies":"Snake Plant","floor":25,"turns":1}],"seed_played":"-2249077499511028678","potions_obtained":[{"floor":3.0,"key":"SpeedPotion"},{"floor":4.0,"key":"Ancient Potion"},{"floor":10.0,"key":"Energy Potion"},{"floor":11.0,"key":"Dexterity Potion"},{"floor":13.0,"key":"PowerPotion"},{"floor":16.0,"key":"BlessingOfTheForge"},{"floor":23.0,"key":"BloodPotion"},{"floor":24.0,"key":"SpeedPotion"}],"is_trial":false,"path_per_floor":["M","?","M","M","$","R","E","R","T","M","M","E","M","M","R","B",null,"M","?","$","?","M","E","M","M"],"character_chosen":"IRONCLAD","items_purchased":["Red Skull","Metallicize"],"campfire_rested":1,"item_purchase_floors":[20,20],"current_hp_per_floor":[80,80,80,80,80,80,47,71,71,70,61,52,54,51,51,25,80,73,73,73,73,73,25,10,0,0],"gold":147,"neow_bonus":"ONE_RARE_RELIC","is_daily":false,"chose_seed":false,"campfire_upgraded":1,"win_rate":0.0,"timestamp":1611865515,"path_taken":["M","?","M","M","?","R","E","R","T","M","M","E","M","M","R","BOSS","M","?","$","?","?","E","M","M"],"items_purchased_type":["Relic","Card"],"build_version":"2020-12-22","purchased_purges":0,"victory":false,"max_hp_per_floor":[80,80,80,80,80,80,80,80,80,80,80,80,80,80,80,80,80,80,80,80,80,80,80,80,80,80],"card_choices":[{"not_picked":["True Grit","Clothesline","Warcry"],"picked":"SKIP","floor":1.0},{"not_picked":["Body Slam","Havoc"],"picked":"Anger","floor":3.0},{"not_picked":["Clothesline","True Grit"],"picked":"Rupture","floor":4.0},{"not_picked":["Immolate","Shrug It Off"],"picked":"Iron Wave","floor":7.0},{"not_picked":["Armaments","Anger"],"picked":"Bloodletting","floor":10.0},{"not_picked":["Clash","Pommel Strike","Clothesline"],"picked":"SKIP","floor":11.0},{"not_picked":["Pummel","Anger"],"picked":"Headbutt","floor":12.0},{"not_picked":["Anger","Shrug It Off"],"picked":"Demon Form","floor":13.0},{"not_picked":["Wild Strike","Bludgeon"],"picked":"Metallicize","floor":14.0},{"not_picked":["Barricade","Double Tap"],"picked":"Exhume","floor":16.0},{"not_picked":["Twin Strike","Perfected Strike"],"picked":"Hemokinesis+1","floor":18.0},{"not_picked":["Thunderclap","Warcry"],"picked":"Combust","floor":22.0},{"not_picked":["Brutality","Clash"],"picked":"Flex","floor":23.0},{"not_picked":["Perfected Strike","Cleave"],"picked":"Dual Wield","floor":24.0}],"player_experience":428729,"relics_obtained":[{"floor":7.0,"key":"Bag of Preparation"},{"floor":9.0,"key":"Potion Belt"},{"floor":12.0,"key":"Matryoshka"},{"floor":23.0,"key":"The Courier"}],"event_choices":[{"damage_healed":0.0,"max_hp_gain":0.0,"max_hp_loss":0.0,"gold_gain":0.0,"event_name":"Living Wall","player_choice":"Grow","floor":2.0,"gold_loss":0.0,"damage_taken":0.0,"cards_upgraded":["Bash"]},{"damage_healed":0.0,"max_hp_gain":0.0,"max_hp_loss":0.0,"gold_gain":0.0,"event_name":"Beggar","player_choice":"Ignored","floor":19.0,"gold_loss":0.0,"damage_taken":0.0},{"damage_healed":0.0,"max_hp_gain":0.0,"max_hp_loss":0.0,"gold_gain":0.0,"event_name":"The Library","player_choice":"Read","floor":21.0,"gold_loss":0.0,"damage_taken":0.0,"cards_obtained":["Fire Breathing"]}],"is_beta":false,"boss_relics":[{"not_picked":["Calling Bell","Empty Cage"],"picked":"Cursed Key"}],"items_purged_floors":[],"is_endless":false,"potions_floor_spawned":[3,4,10,11,13,16,23,24],"killed_by":"Snake Plant","ascension_level":1}}