{"host":"8a72fthmlk1o8pdb","time":1611854207,"event":{"mods":["AchievementEnabler","Aspiration","Astrologer","Bard","BaseMod","Beaked The Cultist","Better Skull","Better Third Choice","Colored Map","Colored Powertips","Downfall","Friendly Minions","GifTheSpireLib","Googly Eyes","Gremlin Mod","Hermit","Jorbs\u0027s Wanderer Trilogy","Marisa????????","Minty Spire (QoL Compilation)","Permanent Neow","Random Character Button","Rare Cards Sparkle","Robot Space Explorer","Shop Mod","Somnambulant","StSLib","The Animator","The Construct","The Cursed","The Disciple","The Hayseed","The Hierophant","The Marked","The Necromancer","The Poker Player","The Problem Sleuth","The Runesmith","thorton"],"gold_per_floor":[110,110,123,44,44,44,76,76,103,122,139,169,186,186,186,186,186],"floor_reached":16,"language":"ENG","playtime":993,"items_purged":[],"score":100,"play_id":"9d7b2b38-7e84-4b05-a9b4-23a9cc2b054c","local_time":"20210128091647","is_ascension_mode":false,"campfire_choices":[{"data":"Analog","floor":6,"key":"SMITH"},{"floor":8,"key":"REST"},{"data":"Echoward","floor":15,"key":"SMITH"}],"circlet_count":0,"master_deck":["Strike_Br","Strike_Br","Strike_Br","Strike_Br","Defend_Br","Defend_Br","Defend_Br","Defend_Br","SecondHand","PatternShift+1","Allegro","Analog+1","Regret","PrimeTime","ExoVibe","Echoward+1"],"relics":["Chronometer","Sundial","beaked:ShinyBauble","Toy Ornithopter","SsserpentHead"],"acts_visited":["Exordium"],"potions_floor_usage":[13,13,16],"damage_taken":[{"damage":1,"enemies":"Cultist","floor":1,"turns":6},{"damage":0,"enemies":"2 Louse","floor":3,"turns":4},{"damage":37,"enemies":"Gremlin Nob","floor":7,"turns":8},{"damage":0,"enemies":"Small Slimes","floor":10,"turns":3},{"damage":8,"enemies":"2 Fungi Beasts","floor":11,"turns":6},{"damage":9,"enemies":"Lots of Slimes","floor":13,"turns":5},{"damage":48,"enemies":"Hexaghost","floor":16,"turns":11}],"seed_played":"5083506509263446635","potions_obtained":[{"floor":1,"key":"Energy Potion"},{"floor":11,"key":"SkillPotion"},{"floor":13,"key":"champ:CounterPotion"}],"is_trial":false,"path_per_floor":["M","?","M","$","?","R","E","R","T","M","M","?","M","?","R","B"],"character_chosen":"CHRONO_CLASS","items_purchased":["Analog"],"campfire_rested":1,"item_purchase_floors":[4],"current_hp_per_floor":[64,64,64,64,64,64,27,46,46,46,38,38,39,39,39,0,0],"gold":186,"neow_bonus":"UPGRADE_CARD","is_daily":false,"chose_seed":false,"campfire_upgraded":2,"win_rate":0.0,"timestamp":1611854207,"path_taken":["M","?","M","$","?","R","E","R","T","M","M","?","M","?","R","BOSS"],"items_purchased_type":["Card"],"build_version":"2020-12-22","purchased_purges":0,"victory":false,"max_hp_per_floor":[65,65,65,65,65,65,65,65,65,65,65,65,65,65,65,65,65],"card_choices":[{"not_picked":["LockedTornado","LockedAnchor"],"picked":"Tempo","floor":1},{"not_picked":["HandsUpB","CrunchTime","LockedMedicine"],"picked":"SKIP","floor":3},{"not_picked":["Tempo","WindUp"],"picked":"PrimeTime","floor":7},{"not_picked":["LockedAnchor","Cuckoo"],"picked":"ExoVibe","floor":10},{"not_picked":["LockedMedicine","ShortSighted","LockedMawBank"],"picked":"SKIP","floor":11},{"not_picked":["LockedBlood","BiteCommand"],"picked":"Echoward","floor":13}],"player_experience":82770,"relics_obtained":[{"floor":7,"key":"beaked:ShinyBauble"},{"floor":9,"key":"Toy Ornithopter"}],"event_choices":[{"damage_healed":0,"gold_gain":0,"player_choice":"Ignored","damage_taken":0,"max_hp_gain":0,"max_hp_loss":0,"event_name":"Golden Wing","floor":2,"gold_loss":0},{"damage_healed":0,"gold_gain":0,"player_choice":"Box","damage_taken":0,"relics_obtained":["Sundial"],"max_hp_gain":0,"max_hp_loss":0,"event_name":"Big Fish","floor":5,"gold_loss":0,"cards_obtained":["Regret"]},{"damage_healed":0,"gold_gain":30,"player_choice":"Searched \u00272\u0027 times","damage_taken":0,"max_hp_gain":0,"max_hp_loss":0,"event_name":"Dead Adventurer","floor":12,"gold_loss":0},{"damage_healed":0,"gold_gain":0,"player_choice":"Trade","damage_taken":0,"relics_obtained":["SsserpentHead"],"max_hp_gain":0,"max_hp_loss":0,"event_name":"FaceTrader","floor":14,"gold_loss":0}],"is_beta":false,"boss_relics":[],"items_purged_floors":[],"is_endless":false,"potions_floor_spawned":[1,11,13],"killed_by":"Hexaghost","ascension_level":0}}