{"host":"sav7uxregyirlf69","time":1611806584,"event":{"mods":["AchievementEnabler","BaseMod","Colored Map","DeckTracker","Keyboard Shortcuts","Minty Spire (QoL Compilation)","READ ME - Guardian Mod","StSLib","SuperFastMode"],"gold_per_floor":[50,80,80,80,80,80,140,140,191,253,295,345,396,457,457,532,532,570,589,630,165,206,231,271,271,271,271,328,348,407,322,322,401,401,415,440,481,481,553,588,588,598,598,625,636,661,101,120,120,120,120,120,120,17,45,45],"floor_reached":57,"language":"KOR","playtime":1432,"items_purged":["Strike_R","Strike_R"],"score":2999,"play_id":"b02906ea-08c1-456c-8a8e-62d16b81af28","local_time":"20210128130304","is_ascension_mode":true,"campfire_choices":[{"data":"Shockwave","floor":6,"key":"SMITH"},{"floor":8,"key":"REST"},{"data":"Shrug It Off","floor":15,"key":"SMITH"},{"data":"Immolate","floor":25,"key":"SMITH"},{"data":"Impervious","floor":27,"key":"SMITH"},{"floor":32,"key":"RECALL"},{"data":"Demon Form","floor":49,"key":"SMITH"},{"data":"Feel No Pain","floor":53,"key":"SMITH"}],"circlet_count":0,"master_deck":["AscendersBane","Strike_R","Strike_R+1","Defend_R","Defend_R","Defend_R+1","Defend_R","Bash","HandOfGreed+1","Shockwave+1","Feel No Pain","Shrug It Off+1","Pommel Strike","Immolate+1","Reaper","Sentinel","Blood for Blood","Seeing Red","Impervious+1","Barricade","Dark Embrace","Demon Form+1","Body Slam+1","Feel No Pain+1","Power Through+1","Burning Pact","Dual Wield","Immolate","Bludgeon","Shrug It Off"],"relics":["Burning Blood","The Courier","StrikeDummy","Lantern","Potion Belt","Snecko Eye","Paper Frog","Mango","Bronze Scales","Blood Vial","Sundial","SlaversCollar","CaptainsWheel","Turnip","Pocketwatch","Toy Ornithopter","Dream Catcher","Pantograph","OrangePellets","HornCleat","Letter Opener"],"acts_visited":["Exordium","TheCity","TheBeyond","TheEnding"],"potions_floor_usage":[16,18,28,33,36,39,39,44,44,44,50,51,51,55,56,56,56],"damage_taken":[{"damage":2,"enemies":"2 Louse","floor":1,"turns":4},{"damage":7,"enemies":"Jaw Worm","floor":2,"turns":3},{"damage":29,"enemies":"Gremlin Nob","floor":7,"turns":4},{"damage":0,"enemies":"Small Slimes","floor":10,"turns":5},{"damage":3,"enemies":"Blue Slaver","floor":11,"turns":5},{"damage":15,"enemies":"Lagavulin","floor":13,"turns":7},{"damage":8,"enemies":"3 Louse","floor":14,"turns":3},{"damage":25,"enemies":"Hexaghost","floor":16,"turns":9},{"damage":10,"enemies":"2 Thieves","floor":18,"turns":3},{"damage":24,"enemies":"Spheric Guardian","floor":19,"turns":4},{"damage":29,"enemies":"Snake Plant","floor":20,"turns":3},{"damage":0,"enemies":"3 Cultists","floor":22,"turns":4},{"damage":0,"enemies":"Gremlin Leader","floor":23,"turns":4},{"damage":3,"enemies":"Cultist and Chosen","floor":24,"turns":3},{"damage":35,"enemies":"Slavers","floor":28,"turns":3},{"damage":1,"enemies":"Snake Plant","floor":29,"turns":4},{"damage":0,"enemies":"Gremlin Leader","floor":30,"turns":5},{"damage":13,"enemies":"Automaton","floor":33,"turns":6},{"damage":11,"enemies":"Orb Walker","floor":35,"turns":3},{"damage":0,"enemies":"Mind Bloom Boss Battle","floor":36,"turns":5},{"damage":0,"enemies":"3 Shapes","floor":37,"turns":2},{"damage":0,"enemies":"2 Orb Walkers","floor":39,"turns":4},{"damage":0,"enemies":"Giant Head","floor":40,"turns":7},{"damage":16,"enemies":"3 Darklings","floor":42,"turns":2},{"damage":36,"enemies":"Reptomancer","floor":44,"turns":5},{"damage":0,"enemies":"Jaw Worm Horde","floor":45,"turns":2},{"damage":22,"enemies":"Nemesis","floor":46,"turns":5},{"damage":0,"enemies":"Spire Growth","floor":48,"turns":5},{"damage":1,"enemies":"Time Eater","floor":50,"turns":11},{"damage":135,"enemies":"Awakened One","floor":51,"turns":12},{"damage":66,"enemies":"Shield and Spear","floor":55,"turns":6},{"damage":20,"enemies":"The Heart","floor":56,"turns":8}],"seed_played":"-4485508115846100092","potions_obtained":[{"floor":1,"key":"FearPotion"},{"floor":7,"key":"LiquidBronze"},{"floor":13,"key":"EssenceOfSteel"},{"floor":14,"key":"Regen Potion"},{"floor":22,"key":"Swift Potion"},{"floor":28,"key":"ColorlessPotion"},{"floor":29,"key":"Energy Potion"},{"floor":33,"key":"Fruit Juice"},{"floor":36,"key":"DistilledChaos"},{"floor":37,"key":"EntropicBrew"},{"floor":42,"key":"DuplicationPotion"},{"floor":44,"key":"SneckoOil"},{"floor":45,"key":"EssenceOfSteel"},{"floor":55,"key":"DuplicationPotion"}],"is_trial":false,"path_per_floor":["M","M","?","?","T","R","E","R","T","M","M","?","E","M","R","B",null,"M","M","M","$","M","E","M","R","T","R","E","M","E","?","R","B",null,"M","?","M","?","?","E","?","M","T","E","M","E","$","M","R","B","B",null,"R","$","E","B",null],"character_chosen":"IRONCLAD","items_purchased":["Impervious","Block Potion","Paper Frog","Immolate","OrangePellets","HornCleat","LiquidBronze","Block Potion"],"campfire_rested":1,"item_purchase_floors":[21,21,21,47,47,47,54,54],"current_hp_per_floor":[72,71,48,48,48,48,25,47,47,53,56,56,47,45,45,26,63,67,51,28,28,46,66,81,81,81,81,59,67,89,89,89,82,87,84,94,94,84,92,94,94,84,84,85,93,78,78,86,86,94,37,80,80,80,27,56],"gold":45,"neow_bonus":"RANDOM_COLORLESS_2","is_daily":false,"chose_seed":false,"campfire_upgraded":6,"win_rate":0.0,"timestamp":1611806584,"path_taken":["M","M","?","?","?","R","E","R","T","M","M","?","E","M","R","BOSS","M","M","M","?","M","E","M","R","T","R","E","M","E","?","R","BOSS","M","?","M","?","?","E","?","?","T","E","M","E","$","M","R","BOSS","BOSS","R","$","E","BOSS"],"items_purchased_type":["Card","Potion","Relic","Card","Relic","Relic","Potion","Potion"],"build_version":"2020-12-22","purchased_purges":2,"victory":true,"max_hp_per_floor":[75,75,75,75,75,75,75,75,75,75,75,75,75,75,75,75,75,75,75,75,75,75,89,89,89,89,89,89,89,89,89,89,89,89,89,94,94,94,94,94,94,94,94,94,94,94,94,94,94,94,94,94,94,94,94,94],"card_choices":[{"not_picked":["Panache","Magnetism"],"picked":"HandOfGreed","floor":0},{"not_picked":["Inflame","Heavy Blade"],"picked":"Shockwave","floor":1},{"not_picked":["Clothesline","Combust","Clash"],"picked":"SKIP","floor":2},{"not_picked":["Flex","Intimidate","Feel No Pain"],"picked":"SKIP","floor":7},{"not_picked":["Flex","Intimidate"],"picked":"Feel No Pain","floor":7},{"not_picked":["Wild Strike","Pommel Strike"],"picked":"Shrug It Off","floor":10},{"not_picked":["Thunderclap","Anger","Sword Boomerang"],"picked":"SKIP","floor":11},{"not_picked":["Perfected Strike","Clash"],"picked":"Pommel Strike","floor":13},{"not_picked":["Uppercut","Havoc"],"picked":"Immolate","floor":14},{"not_picked":["Berserk","Limit Break"],"picked":"Reaper","floor":16},{"not_picked":["Havoc","Body Slam+1"],"picked":"Sentinel","floor":18},{"not_picked":["Wild Strike","Pommel Strike"],"picked":"Blood for Blood","floor":19},{"not_picked":["Iron Wave+1","Perfected Strike"],"picked":"Seeing Red","floor":20},{"not_picked":["Rupture","Exhume","Twin Strike"],"picked":"SKIP","floor":22},{"not_picked":["Rampage","Bloodletting+1","Power Through"],"picked":"SKIP","floor":23},{"not_picked":["Twin Strike","Spot Weakness","Perfected Strike"],"picked":"SKIP","floor":24},{"not_picked":["Burning Pact","Ghostly Armor"],"picked":"Barricade","floor":28},{"not_picked":["Anger","Cleave","Thunderclap"],"picked":"SKIP","floor":29},{"not_picked":["True Grit+1","Thunderclap"],"picked":"Dark Embrace","floor":30},{"not_picked":["Barricade","Reaper"],"picked":"Demon Form","floor":33},{"not_picked":["Hemokinesis","Iron Wave"],"picked":"Body Slam+1","floor":35},{"not_picked":["Rupture","Rage","Pummel"],"picked":"SKIP","floor":37},{"not_picked":["Havoc+1","Body Slam"],"picked":"Feel No Pain","floor":39},{"not_picked":["Havoc","Twin Strike"],"picked":"Power Through+1","floor":40},{"not_picked":["Anger","Pommel Strike","Havoc"],"picked":"SKIP","floor":42},{"not_picked":["Double Tap","True Grit","Warcry+1"],"picked":"SKIP","floor":44},{"not_picked":["Armaments","Shrug It Off+1"],"picked":"Dual Wield","floor":45},{"not_picked":["Uppercut","Perfected Strike","Intimidate"],"picked":"SKIP","floor":46},{"not_picked":["Flame Barrier","Shrug It Off+1"],"picked":"Bludgeon","floor":48},{"not_picked":["Combust","Clash"],"picked":"Shrug It Off","floor":55}],"player_experience":1408422,"relics_obtained":[{"floor":5,"key":"The Courier"},{"floor":7,"key":"StrikeDummy"},{"floor":9,"key":"Lantern"},{"floor":13,"key":"Potion Belt"},{"floor":23,"key":"Mango"},{"floor":28,"key":"Bronze Scales"},{"floor":30,"key":"Blood Vial"},{"floor":36,"key":"CaptainsWheel"},{"floor":39,"key":"Turnip"},{"floor":40,"key":"Pocketwatch"},{"floor":43,"key":"Toy Ornithopter"},{"floor":44,"key":"Dream Catcher"},{"floor":46,"key":"Pantograph"},{"floor":55,"key":"Letter Opener"}],"event_choices":[{"damage_healed":0,"gold_gain":0,"player_choice":"Entered Light","damage_taken":23,"max_hp_gain":0,"max_hp_loss":0,"event_name":"Shining Light","floor":3,"gold_loss":0,"cards_upgraded":["Defend_R","Strike_R"]},{"damage_healed":0,"gold_gain":0,"player_choice":"Grow","damage_taken":0,"max_hp_gain":0,"max_hp_loss":0,"event_name":"Living Wall","floor":4,"gold_loss":0,"cards_upgraded":["HandOfGreed"]},{"damage_healed":0,"gold_gain":50,"player_choice":"Pray","damage_taken":0,"max_hp_gain":0,"max_hp_loss":0,"event_name":"Golden Shrine","floor":12,"gold_loss":0},{"damage_healed":0,"gold_gain":0,"player_choice":"Obtained Relic","damage_taken":0,"relics_obtained":["Sundial"],"max_hp_gain":0,"max_hp_loss":0,"event_name":"Addict","floor":31,"gold_loss":85},{"damage_healed":0,"gold_gain":0,"player_choice":"Fight","damage_taken":0,"max_hp_gain":0,"max_hp_loss":0,"event_name":"MindBloom","floor":36,"gold_loss":0},{"damage_healed":0,"gold_gain":0,"player_choice":"Memory 3","damage_taken":10,"max_hp_gain":0,"max_hp_loss":0,"event_name":"SensoryStone","floor":38,"gold_loss":0},{"damage_healed":0,"gold_gain":0,"player_choice":"Fight","damage_taken":0,"max_hp_gain":0,"max_hp_loss":0,"event_name":"Mysterious Sphere","floor":39,"gold_loss":0},{"damage_healed":0,"gold_gain":0,"cards_transformed":["Strike_R"],"player_choice":"Transformed","damage_taken":0,"max_hp_gain":0,"max_hp_loss":0,"event_name":"Transmorgrifier","floor":41,"gold_loss":0,"cards_obtained":["Burning Pact"]}],"is_beta":false,"boss_relics":[{"not_picked":["Tiny House","Coffee Dripper"],"picked":"Snecko Eye"},{"not_picked":["Philosopher\u0027s Stone","Mark of Pain"],"picked":"SlaversCollar"}],"items_purged_floors":[21,47],"is_endless":false,"potions_floor_spawned":[1,7,13,14,22,24,28,29,33,36,37,42,44,45,55],"ascension_level":20}}