{"host":"sav7uxregyirlf69","time":1611818902,"event":{"mods":["AchievementEnabler","BaseMod","Colored Map","DeckTracker","Keyboard Shortcuts","Minty Spire (QoL Compilation)","READ ME - Guardian Mod","StSLib","SuperFastMode"],"gold_per_floor":[115,131,146,71,89,89,164,175,221,249,259,270,270,296,296,296,296],"floor_reached":16,"language":"KOR","playtime":333,"items_purged":[],"score":228,"play_id":"b7fa8700-4c07-435b-ac63-6a841ea2e1d6","local_time":"20210128162822","is_ascension_mode":true,"campfire_choices":[{"data":"Cloak And Dagger","floor":6,"key":"SMITH"},{"floor":13,"key":"REST"},{"floor":15,"key":"REST"}],"circlet_count":0,"master_deck":["AscendersBane","Strike_G","Strike_G","Strike_G","Strike_G","Strike_G","Defend_G","Defend_G","Defend_G","Defend_G","Defend_G","Survivor","Neutralize","Choke","Endless Agony","Cloak And Dagger+1","Calculated Gamble","Blur","Noxious Fumes"],"relics":["Ring of the Snake","Gambling Chip","Tiny Chest","The Courier","Potion Belt"],"acts_visited":["Exordium"],"potions_floor_usage":[8,14,14],"damage_taken":[{"damage":5.0,"enemies":"Cultist","floor":1.0,"turns":5.0},{"damage":5.0,"enemies":"Small Slimes","floor":2.0,"turns":3.0},{"damage":4.0,"enemies":"Jaw Worm","floor":3.0,"turns":4.0},{"damage":5,"enemies":"3 Louse","floor":5,"turns":3},{"damage":0,"enemies":"Lots of Slimes","floor":8,"turns":3},{"damage":23,"enemies":"Gremlin Nob","floor":10,"turns":4},{"damage":4,"enemies":"Exordium Wildlife","floor":11,"turns":4},{"damage":0,"enemies":"Looter","floor":12,"turns":5},{"damage":14,"enemies":"Lagavulin","floor":14,"turns":5},{"damage":28,"enemies":"The Guardian","floor":16,"turns":10}],"seed_played":"-2239624168432703726","potions_obtained":[{"floor":2.0,"key":"SteroidPotion"},{"floor":3.0,"key":"DistilledChaos"},{"floor":10,"key":"SpeedPotion"}],"is_trial":false,"path_per_floor":["M","M","M","?","M","R","?","M","T","E","M","M","R","E","R","B"],"character_chosen":"THE_SILENT","items_purchased":[],"campfire_rested":2,"item_purchase_floors":[],"current_hp_per_floor":[54,49,45,45,40,40,29,29,29,6,2,2,21,7,26,0,0],"gold":296,"neow_bonus":"ONE_RARE_RELIC","is_daily":false,"chose_seed":false,"campfire_upgraded":1,"win_rate":0.0,"timestamp":1611818902,"path_taken":["M","?","M","?","M","R","?","M","T","E","M","M","R","E","R","BOSS"],"items_purchased_type":[],"build_version":"2020-12-22","purchased_purges":0,"victory":false,"max_hp_per_floor":[66,66,66,66,66,66,66,66,66,66,66,66,66,66,66,66,66],"card_choices":[{"not_picked":["Prepared","PiercingWail"],"picked":"Choke","floor":1.0},{"not_picked":["Slice","Heel Hook"],"picked":"Endless Agony","floor":2.0},{"not_picked":["Bane","Outmaneuver","Sucker Punch"],"picked":"SKIP","floor":3.0},{"not_picked":["Acrobatics","Envenom"],"picked":"Cloak And Dagger","floor":5},{"not_picked":["Outmaneuver","Riddle With Holes"],"picked":"Calculated Gamble","floor":8},{"not_picked":["Riddle With Holes","Deflect"],"picked":"Blur","floor":10},{"not_picked":["Caltrops","Deflect"],"picked":"Noxious Fumes","floor":11},{"not_picked":["Underhanded Strike","Deadly Poison","Poisoned Stab"],"picked":"SKIP","floor":12},{"not_picked":["Outmaneuver","Acrobatics","Crippling Poison"],"picked":"SKIP","floor":14}],"player_experience":1414626,"relics_obtained":[{"floor":9,"key":"Tiny Chest"},{"floor":10,"key":"The Courier"},{"floor":14,"key":"Potion Belt"}],"event_choices":[{"cards_removed":["Clumsy"],"damage_healed":0,"gold_gain":0,"player_choice":"Card Removal","damage_taken":0,"max_hp_gain":0,"max_hp_loss":0,"event_name":"The Cleric","floor":4,"gold_loss":75},{"damage_healed":0,"gold_gain":75,"player_choice":"Gather Gold","damage_taken":11,"max_hp_gain":0,"max_hp_loss":0,"event_name":"World of Goop","floor":7,"gold_loss":0}],"is_beta":false,"boss_relics":[],"items_purged_floors":[],"is_endless":false,"potions_floor_spawned":[2,3,10,11],"killed_by":"The Guardian","ascension_level":20}}