{"host":"2smcgt1ki1qcud40","time":1611835685,"event":{"mods":["BaseMod","Minty Spire (QoL Compilation)"],"gold_per_floor":[110,124,142,158,176,176,202,202,202,215,242,256,256,531,531,627,627,637,655,655,754,754,788,807,836,895,907,217,217,231,245,245,340,340,373,400,420,433,450,477,477,510,533,533,553,553,553,588,588,588,588],"floor_reached":50,"language":"ENG","playtime":2632,"items_purged":["Regret"],"score":931,"play_id":"b857324b-b200-42a9-a308-8876758fb16d","local_time":"20210128130805","is_ascension_mode":true,"campfire_choices":[{"data":"Doom and Gloom","floor":6.0,"key":"SMITH"},{"data":"Defragment","floor":8.0,"key":"SMITH"},{"data":"Self Repair","floor":13.0,"key":"SMITH"},{"data":"Sunder","floor":15.0,"key":"SMITH"},{"data":"Amplify","floor":32.0,"key":"SMITH"},{"data":"Seek","floor":41.0,"key":"SMITH"},{"floor":44.0,"key":"REST"},{"floor":49,"key":"RECALL"}],"circlet_count":0,"master_deck":["AscendersBane","Strike_B","Defend_B","Defend_B","Defend_B","Defend_B","Zap","Dualcast","Sweeping Beam","Defragment+1","Ball Lightning","Doom and Gloom+1","Sunder+1","Seek+1","Self Repair+1","Rainbow+1","Streamline+1","Amplify+1","White Noise","Melter+1","Capacitor+1","Darkness","Creative AI+1","Rip and Tear+1","White Noise+1","Barrage+1","Leap+1","Double Energy","Doubt","Madness","Madness","Recycle"],"relics":["Velvet Choker","Orichalcum","Toy Ornithopter","Akabeko","Snecko Eye","Frozen Egg 2","MawBank","Centennial Puzzle","Toolbox","Incense Burner","Bag of Preparation","Astrolabe","Dead Branch","Juzu Bracelet","Anchor","Ginger"],"acts_visited":["Exordium","TheCity","TheBeyond"],"potions_floor_usage":[50,50,50],"damage_taken":[{"damage":1.0,"enemies":"Cultist","floor":1.0,"turns":3.0},{"damage":7.0,"enemies":"Jaw Worm","floor":2.0,"turns":4.0},{"damage":0.0,"enemies":"2 Louse","floor":3.0,"turns":3.0},{"damage":10.0,"enemies":"2 Fungi Beasts","floor":4.0,"turns":3.0},{"damage":8.0,"enemies":"Red Slaver","floor":5.0,"turns":3.0},{"damage":16.0,"enemies":"3 Sentries","floor":7.0,"turns":5.0},{"damage":1.0,"enemies":"Gremlin Gang","floor":10.0,"turns":2.0},{"damage":10.0,"enemies":"Gremlin Nob","floor":11.0,"turns":3.0},{"damage":0.0,"enemies":"2 Fungi Beasts","floor":12.0,"turns":2.0},{"damage":8.0,"enemies":"Slime Boss","floor":16.0,"turns":7.0},{"damage":2.0,"enemies":"Shell Parasite","floor":18.0,"turns":3.0},{"damage":9.0,"enemies":"Spheric Guardian","floor":19.0,"turns":3.0},{"damage":44.0,"enemies":"Book of Stabbing","floor":23.0,"turns":4.0},{"damage":22.0,"enemies":"Centurion and Healer","floor":24.0,"turns":3.0},{"damage":34.0,"enemies":"Slavers","floor":25.0,"turns":5.0},{"damage":0.0,"enemies":"Book of Stabbing","floor":27.0,"turns":1.0},{"damage":0.0,"enemies":"Snake Plant","floor":30.0,"turns":2.0},{"damage":4.0,"enemies":"Cultist and Chosen","floor":31.0,"turns":3.0},{"damage":22.0,"enemies":"Champ","floor":33.0,"turns":10.0},{"damage":5.0,"enemies":"3 Shapes","floor":35.0,"turns":2.0},{"damage":0.0,"enemies":"Orb Walker","floor":37.0,"turns":2.0},{"damage":31.0,"enemies":"Spire Growth","floor":38.0,"turns":7.0},{"damage":3.0,"enemies":"4 Shapes","floor":39.0,"turns":2.0},{"damage":2.0,"enemies":"Reptomancer","floor":40.0,"turns":5.0},{"damage":23.0,"enemies":"Nemesis","floor":42.0,"turns":7.0},{"damage":44.0,"enemies":"Transient","floor":45.0,"turns":5.0},{"damage":35,"enemies":"Giant Head","floor":48,"turns":10},{"damage":64,"enemies":"Donu and Deca","floor":50,"turns":7}],"seed_played":"-8683249279139800106","potions_obtained":[{"floor":3.0,"key":"Regen Potion"},{"floor":4.0,"key":"Block Potion"},{"floor":10.0,"key":"SmokeBomb"},{"floor":11.0,"key":"LiquidMemories"},{"floor":16.0,"key":"Block Potion"},{"floor":18.0,"key":"SpeedPotion"},{"floor":19.0,"key":"EssenceOfDarkness"},{"floor":23.0,"key":"Strength Potion"},{"floor":31.0,"key":"DuplicationPotion"},{"floor":37.0,"key":"Block Potion"},{"floor":40.0,"key":"FocusPotion"},{"floor":42.0,"key":"Explosive Potion"},{"floor":45.0,"key":"Dexterity Potion"}],"is_trial":false,"path_per_floor":["M","M","M","M","M","R","E","R","T","M","E","M","R","?","R","B",null,"M","M","?","?","?","E","M","E","T","E","$","?","M","M","R","B",null,"M","T","M","M","M","E","R","E","T","R","M","?","?","E","R","B"],"character_chosen":"DEFECT","items_purchased":["Capacitor+1","Toolbox","Incense Burner","Bag of Preparation"],"campfire_rested":1,"item_purchase_floors":[28,28,28,28],"current_hp_per_floor":[67,60,60,50,42,42,40,40,40,39,29,29,29,29,29,31,64,75,75,75,75,75,41,39,10,10,15,15,15,15,31,31,19,61,56,56,56,40,37,55,55,42,42,64,35,75,66,41,41,0,0],"gold":588,"neow_bonus":"BOSS_RELIC","is_daily":false,"chose_seed":false,"campfire_upgraded":6,"win_rate":0.0,"timestamp":1611835685,"path_taken":["M","M","M","M","M","R","E","R","T","M","E","M","R","?","R","BOSS","M","M","?","?","?","E","M","E","T","E","$","?","M","M","R","BOSS","M","?","M","M","M","E","R","E","T","R","M","?","?","E","R","BOSS"],"items_purchased_type":["Card","Relic","Relic","Relic"],"build_version":"2020-12-22","purchased_purges":1,"victory":false,"max_hp_per_floor":[75,75,75,75,75,75,75,75,75,75,75,75,75,75,75,75,75,75,75,75,75,75,75,75,75,75,75,75,75,75,75,75,75,75,75,75,75,75,75,75,75,75,75,75,75,75,75,75,75,75,75],"card_choices":[{"not_picked":["Redo","Static Discharge"],"picked":"Sweeping Beam","floor":1.0},{"not_picked":["Beam Cell","Hologram"],"picked":"Defragment","floor":2.0},{"not_picked":["Blizzard","Scrape","Aggregate"],"picked":"SKIP","floor":3.0},{"not_picked":["Leap","Tempest"],"picked":"Ball Lightning","floor":4.0},{"not_picked":["Fusion","Redo"],"picked":"Doom and Gloom","floor":5.0},{"not_picked":["Steam Power","Double Energy","Steam"],"picked":"SKIP","floor":7.0},{"not_picked":["Redo","Gash"],"picked":"Sunder","floor":10.0},{"not_picked":["Redo","Streamline"],"picked":"Seek","floor":11.0},{"not_picked":["Conserve Battery","Hello World"],"picked":"Self Repair","floor":12.0},{"not_picked":["Thunder Strike","Reboot"],"picked":"Rainbow","floor":16.0},{"not_picked":["Coolheaded","Turbo"],"picked":"Streamline+1","floor":18.0},{"not_picked":["Sweeping Beam","Go for the Eyes+1","Reprogram"],"picked":"SKIP","floor":19.0},{"not_picked":["Cold Snap+1","Coolheaded"],"picked":"White Noise","floor":23.0},{"not_picked":["Chaos","Gash"],"picked":"Melter+1","floor":24.0},{"not_picked":["Storm+1","Rebound","Hello World+1"],"picked":"SKIP","floor":25.0},{"not_picked":["Redo","Rebound+1","Blizzard"],"picked":"SKIP","floor":30.0},{"not_picked":["Chaos","Self Repair+1"],"picked":"Darkness","floor":31.0},{"not_picked":["Meteor Strike","Echo Form+1"],"picked":"Creative AI+1","floor":33.0},{"not_picked":["Barrage","Redo"],"picked":"Leap+1","floor":35.0},{"not_picked":["Reprogram","Beam Cell","Cold Snap+1"],"picked":"SKIP","floor":37.0},{"not_picked":["Sweeping Beam","Go for the Eyes","Redo"],"picked":"SKIP","floor":38.0},{"not_picked":["Streamline","Compile Driver","Gash+1"],"picked":"SKIP","floor":39.0},{"not_picked":["Barrage+1","Machine Learning+1"],"picked":"Double Energy","floor":40.0},{"not_picked":["Leap","Hologram+1","Steam+1"],"picked":"SKIP","floor":42.0},{"not_picked":["Streamline","Rip and Tear","Self Repair+1"],"picked":"SKIP","floor":45.0},{"not_picked":["Recycle","Redo","Auto Shields+1"],"picked":"SKIP","floor":48},{"not_picked":["Redo","Auto Shields+1"],"picked":"Recycle","floor":48}],"player_experience":696790,"relics_obtained":[{"floor":7.0,"key":"Orichalcum"},{"floor":9.0,"key":"Toy Ornithopter"},{"floor":11.0,"key":"Akabeko"},{"floor":23.0,"key":"Frozen Egg 2"},{"floor":25.0,"key":"MawBank"},{"floor":26.0,"key":"Centennial Puzzle"},{"floor":40.0,"key":"Dead Branch"},{"floor":42.0,"key":"Juzu Bracelet"},{"floor":43.0,"key":"Anchor"},{"floor":48,"key":"Ginger"}],"event_choices":[{"damage_healed":0.0,"max_hp_gain":0.0,"max_hp_loss":0.0,"gold_gain":275.0,"event_name":"Golden Shrine","player_choice":"Desecrate","floor":14.0,"gold_loss":0.0,"damage_taken":0.0,"cards_obtained":["Regret"]},{"damage_healed":0.0,"max_hp_gain":0.0,"max_hp_loss":0.0,"gold_gain":0.0,"event_name":"Vampires","player_choice":"Ignored","floor":20.0,"gold_loss":0.0,"damage_taken":0.0},{"damage_healed":0.0,"max_hp_gain":0.0,"max_hp_loss":0.0,"gold_gain":99.0,"event_name":"Nest","player_choice":"Stole From Cult","floor":21.0,"gold_loss":0.0,"damage_taken":0.0},{"damage_healed":0.0,"max_hp_gain":0.0,"max_hp_loss":0.0,"gold_gain":0.0,"event_name":"The Library","player_choice":"Read","floor":22.0,"gold_loss":0.0,"damage_taken":0.0,"cards_obtained":["Amplify"]},{"damage_healed":0.0,"max_hp_gain":0.0,"max_hp_loss":0.0,"gold_gain":0.0,"event_name":"Upgrade Shrine","player_choice":"Upgraded","floor":29.0,"gold_loss":0.0,"damage_taken":0.0,"cards_upgraded":["Rainbow"]},{"damage_healed":40.0,"max_hp_gain":0.0,"max_hp_loss":0.0,"gold_gain":0.0,"event_name":"MindBloom","player_choice":"Heal","floor":46.0,"gold_loss":0.0,"damage_taken":0.0,"cards_obtained":["Doubt"]},{"damage_healed":0.0,"max_hp_gain":0.0,"max_hp_loss":0.0,"gold_gain":0.0,"event_name":"Winding Halls","player_choice":"Embrace Madness","floor":47.0,"gold_loss":0.0,"damage_taken":9.0,"cards_obtained":["Madness","Madness"]}],"is_beta":false,"boss_relics":[{"not_picked":["Empty Cage","SacredBark"],"picked":"Snecko Eye"},{"not_picked":["Calling Bell","SlaversCollar"],"picked":"Astrolabe"}],"items_purged_floors":[28],"is_endless":false,"potions_floor_spawned":[3,4,10,11,16,18,19,23,31,37,40,42,45],"killed_by":"Donu and Deca","ascension_level":10}}