{"host":"vyjryxuuuxkt43k4","time":1611809296,"event":{"mods":["AchievementEnabler","BaseMod","Colored Map","DeckTracker","Keyboard Shortcuts","Minty Spire (QoL Compilation)","Permanent Neow","Quick Restart","Rare Cards Sparkle","StSLib","SuperFastMode","everything is the same but u backflip on backflip"],"gold_per_floor":[118,118,129,129,129,164,182,223,249,249,267,267,288,20,20,119,119,132,132,132,151,174,174,215,215,240,271,186,204,204,204,204,297,297,315,336,247,172,197,197,235,235,262,335,360,360,390,22,22,22,22],"floor_reached":50,"language":"KOR","playtime":3285,"items_purged":["Strike_R"],"score":1157,"play_id":"cf10063a-81ca-4213-91fc-7242e82a9ec0","local_time":"20210128134816","is_ascension_mode":true,"campfire_choices":[{"floor":10.0,"key":"REST"},{"data":"Perfected Strike","floor":12.0,"key":"SMITH"},{"data":"Inflame","floor":15.0,"key":"SMITH"},{"data":"Double Tap","floor":23.0,"key":"SMITH"},{"data":"Whirlwind","floor":25.0,"key":"SMITH"},{"floor":32.0,"key":"REST"},{"data":"Perfected Strike","floor":40.0,"key":"SMITH"},{"floor":46.0,"key":"REST"},{"floor":49.0,"key":"RECALL"}],"circlet_count":0,"master_deck":["AscendersBane","Strike_R","Strike_R","Strike_R","Strike_R","Defend_R","Bash","Shrug It Off","Perfected Strike+1","Wild Strike","Perfected Strike+1","Inflame+1","Shrug It Off","Pommel Strike","Double Tap+1","Whirlwind+1","Flame Barrier","Havoc+1","Disarm","Armaments+1","Offering","Twin Strike","Wild Strike+1","Fire Breathing","Warcry+1","Headbutt+1","Battle Trance","Battle Trance+1","Perfected Strike","Offering"],"relics":["Burning Blood","NeowsBlessing","WarpedTongs","Golden Idol","Omamori","Tiny Chest","Pear","Sozu","Smiling Mask","WingedGreaves","Anchor","Letter Opener","Kunai","Pocketwatch","Snecko Eye","InkBottle","Question Card","CeramicFish","Turnip","Membership Card","Mummified Hand"],"acts_visited":["Exordium","TheCity","TheBeyond"],"potions_floor_usage":[],"damage_taken":[{"damage":0.0,"enemies":"2 Louse","floor":1.0,"turns":1.0},{"damage":1.0,"enemies":"Cultist","floor":3.0,"turns":1.0},{"damage":0.0,"enemies":"Lagavulin","floor":6.0,"turns":1.0},{"damage":0.0,"enemies":"Small Slimes","floor":7.0,"turns":3.0},{"damage":32.0,"enemies":"Gremlin Nob","floor":8.0,"turns":4.0},{"damage":13.0,"enemies":"Blue Slaver","floor":11.0,"turns":2.0},{"damage":16.0,"enemies":"Exordium Wildlife","floor":13.0,"turns":2.0},{"damage":45.0,"enemies":"Hexaghost","floor":16.0,"turns":8.0},{"damage":0.0,"enemies":"Chosen","floor":18.0,"turns":3.0},{"damage":19.0,"enemies":"Spheric Guardian","floor":21.0,"turns":4.0},{"damage":25.0,"enemies":"Gremlin Leader","floor":24.0,"turns":4.0},{"damage":40.0,"enemies":"Slavers","floor":27.0,"turns":5.0},{"damage":2.0,"enemies":"Centurion and Healer","floor":29.0,"turns":4.0},{"damage":59.0,"enemies":"Champ","floor":33.0,"turns":12.0},{"damage":16.0,"enemies":"Orb Walker","floor":35.0,"turns":3.0},{"damage":6.0,"enemies":"3 Darklings","floor":36.0,"turns":3.0},{"damage":14.0,"enemies":"Transient","floor":39.0,"turns":6.0},{"damage":0.0,"enemies":"Reptomancer","floor":41.0,"turns":2.0},{"damage":33.0,"enemies":"2 Orb Walkers","floor":44.0,"turns":4.0},{"damage":13.0,"enemies":"4 Shapes","floor":45.0,"turns":7.0},{"damage":6.0,"enemies":"Jaw Worm Horde","floor":47.0,"turns":2.0},{"damage":55,"enemies":"Donu and Deca","floor":50,"turns":5}],"seed_played":"-8718362461445834603","potions_obtained":[{"floor":3.0,"key":"FairyPotion"},{"floor":6.0,"key":"Dexterity Potion"},{"floor":13.0,"key":"BloodPotion"},{"floor":16.0,"key":"ColorlessPotion"}],"is_trial":false,"path_per_floor":["M","?","M","?","?","E","M","E","T","R","M","R","M","$","R","B",null,"M","?","?","M","T","R","E","R","T","E","?","M","$","T","R","B",null,"M","M","$","?","M","R","E","T","T","?","M","R","M","$","R","B"],"character_chosen":"IRONCLAD","items_purchased":["Pear","Fire Breathing","Membership Card","Mummified Hand","Offering"],"campfire_rested":3,"item_purchase_floors":[14,37,48,48,48],"current_hp_per_floor":[74,74,75,68,42,48,54,28,28,50,43,43,48,58,58,19,69,75,75,75,62,62,62,43,43,43,9,9,13,13,13,38,26,70,60,60,60,60,52,52,58,58,58,31,24,49,49,49,49,0,0],"gold":22,"neow_bonus":"THREE_ENEMY_KILL","is_daily":false,"chose_seed":false,"campfire_upgraded":5,"win_rate":0.0,"timestamp":1611809296,"path_taken":["M","?","?","?","?","E","M","E","T","R","M","R","M","?","R","BOSS","M","?","?","M","?","R","E","R","T","E","?","?","?","?","R","BOSS","M","?","$","?","?","R","E","?","T","?","M","R","M","$","R","BOSS"],"items_purchased_type":["Relic","Card","Relic","Relic","Card"],"build_version":"2020-12-22","purchased_purges":1,"victory":false,"max_hp_per_floor":[75,75,75,75,75,75,75,75,75,75,75,75,75,85,85,85,85,85,85,85,85,85,85,85,85,85,85,85,85,85,85,85,85,85,85,85,85,85,85,85,85,85,85,85,85,85,85,85,85,85,85],"card_choices":[{"not_picked":["Perfected Strike","Warcry"],"picked":"Shrug It Off","floor":1.0},{"not_picked":["Heavy Blade","Dual Wield"],"picked":"Perfected Strike","floor":3.0},{"not_picked":["Pommel Strike","True Grit"],"picked":"Wild Strike","floor":6.0},{"not_picked":["Headbutt","Sever Soul"],"picked":"Perfected Strike","floor":7.0},{"not_picked":["Entrench","Reaper"],"picked":"Inflame","floor":8.0},{"not_picked":["Havoc","Headbutt"],"picked":"Shrug It Off","floor":11.0},{"not_picked":["Rampage","Wild Strike"],"picked":"Pommel Strike","floor":13.0},{"not_picked":["Berserk","Brutality"],"picked":"Double Tap","floor":16.0},{"not_picked":["Cleave","Thunderclap","Iron Wave"],"picked":"SKIP","floor":18.0},{"not_picked":["Combust","Anger","Havoc"],"picked":"SKIP","floor":21.0},{"not_picked":["Rupture+1","Cleave"],"picked":"Havoc+1","floor":24.0},{"not_picked":["Body Slam","Pommel Strike"],"picked":"Disarm","floor":27.0},{"not_picked":["Flame Barrier+1","Clash"],"picked":"Armaments+1","floor":29.0},{"not_picked":["Limit Break","Immolate"],"picked":"Offering","floor":33.0},{"not_picked":["Iron Wave","Body Slam"],"picked":"Twin Strike","floor":35.0},{"not_picked":["Uppercut","Entrench"],"picked":"Wild Strike+1","floor":36.0},{"not_picked":["Rage+1","Clash"],"picked":"Warcry+1","floor":39.0},{"not_picked":["Feel No Pain","Uppercut"],"picked":"Headbutt+1","floor":41.0},{"not_picked":["True Grit","Carnage","Armaments"],"picked":"Battle Trance","floor":44.0},{"not_picked":["Heavy Blade","Sword Boomerang","Fiend Fire"],"picked":"Battle Trance+1","floor":45.0},{"not_picked":["True Grit","Cleave","Hemokinesis"],"picked":"Perfected Strike","floor":47.0}],"player_experience":437356,"relics_obtained":[{"floor":6.0,"key":"Omamori"},{"floor":8.0,"key":"Tiny Chest"},{"floor":22.0,"key":"Smiling Mask"},{"floor":24.0,"key":"WingedGreaves"},{"floor":26.0,"key":"Anchor"},{"floor":27.0,"key":"Letter Opener"},{"floor":31.0,"key":"Pocketwatch"},{"floor":41.0,"key":"InkBottle"},{"floor":42.0,"key":"Question Card"},{"floor":43.0,"key":"CeramicFish"},{"floor":44.0,"key":"Turnip"}],"event_choices":[{"damage_healed":0.0,"max_hp_gain":0.0,"max_hp_loss":0.0,"gold_gain":0.0,"event_name":"Accursed Blacksmith","player_choice":"Rummage","floor":2.0,"gold_loss":0.0,"damage_taken":0.0,"relics_obtained":["WarpedTongs"],"cards_obtained":["Pain"]},{"cards_removed":["Pain"],"damage_healed":0.0,"max_hp_gain":0.0,"max_hp_loss":0.0,"gold_gain":0.0,"event_name":"Golden Wing","player_choice":"Card Removal","floor":4.0,"gold_loss":0.0,"damage_taken":7.0},{"damage_healed":0.0,"max_hp_gain":0.0,"max_hp_loss":0.0,"gold_gain":0.0,"event_name":"Golden Idol","player_choice":"Take Damage","floor":5.0,"gold_loss":0.0,"damage_taken":26.0,"relics_obtained":["Golden Idol"]},{"damage_healed":0.0,"max_hp_gain":0.0,"max_hp_loss":0.0,"gold_gain":0.0,"event_name":"Vampires","player_choice":"Ignored","floor":19.0,"gold_loss":0.0,"damage_taken":0.0},{"damage_healed":0.0,"max_hp_gain":0.0,"max_hp_loss":0.0,"gold_gain":0.0,"cards_transformed":["Defend_R","Defend_R"],"event_name":"Drug Dealer","player_choice":"Became Test Subject","floor":20.0,"gold_loss":0.0,"damage_taken":0.0,"cards_obtained":["Whirlwind","Flame Barrier"]},{"damage_healed":0.0,"max_hp_gain":0.0,"max_hp_loss":0.0,"gold_gain":0.0,"event_name":"Addict","player_choice":"Obtained Relic","floor":28.0,"gold_loss":85.0,"damage_taken":0.0,"relics_obtained":["Kunai"]},{"cards_removed":["Defend_R"],"damage_healed":0.0,"max_hp_gain":0.0,"max_hp_loss":0.0,"gold_gain":0.0,"event_name":"Designer","player_choice":"Single Remove","floor":38.0,"gold_loss":75.0,"damage_taken":0.0},{"damage_healed":0.0,"max_hp_gain":0.0,"max_hp_loss":0.0,"gold_gain":0.0,"event_name":"Mysterious Sphere","player_choice":"Fight","floor":44.0,"gold_loss":0.0,"damage_taken":0.0}],"is_beta":false,"boss_relics":[{"not_picked":["SacredBark","Black Star"],"picked":"Sozu"},{"not_picked":["Tiny House","Runic Dome"],"picked":"Snecko Eye"}],"items_purged_floors":[37],"is_endless":false,"potions_floor_spawned":[3,6,13,16,18,27,29,35,36,41,45],"killed_by":"Donu and Deca","ascension_level":20}}