{"host":"ELF","time":1611832134,"event":{"mods":["BaseMod","Bestiary","Minty Spire (QoL Compilation)","Relic Stats","Slay the Relics Exporter"],"gold_per_floor":[112,37,37,56,75,75,101,101,401,401,76,76,105,121,121,194,194,208,223,223,234,18,47,47,67,67,81,81,81,81],"floor_reached":29,"language":"ENG","playtime":1122,"items_purged":["Strike_G","Strike_G"],"score":510,"play_id":"006aab5a-1e85-4d35-8e34-5041a2a0087f","local_time":"20210128050854","is_ascension_mode":true,"campfire_choices":[{"data":"Deadly Poison","floor":6,"key":"SMITH"},{"floor":8,"key":"REST"},{"floor":10,"key":"REST"},{"floor":12,"key":"REST"},{"data":"Deadly Poison","floor":15,"key":"SMITH"},{"floor":24,"key":"REST"}],"circlet_count":0,"master_deck":["AscendersBane","Strike_G","Strike_G","Strike_G","Defend_G","Defend_G","Defend_G","Defend_G","Defend_G","Survivor","Neutralize","Deadly Poison+1","Bane","Deadly Poison","Deadly Poison+1","Die Die Die","Backflip+1","Backflip+1","Catalyst","Noxious Fumes","Poisoned Stab","Leg Sweep","PiercingWail","Predator","Night Terror"],"relics":["Busted Crown","Prayer Wheel","Old Coin","Snake Skull","Kunai","SlaversCollar","Membership Card","Potion Belt","Vajra"],"acts_visited":["Exordium","TheCity"],"potions_floor_usage":[16,18,27,28],"damage_taken":[{"damage":1,"enemies":"Small Slimes","floor":1,"turns":4},{"damage":1,"enemies":"Cultist","floor":4,"turns":4},{"damage":4,"enemies":"Jaw Worm","floor":5,"turns":4},{"damage":50,"enemies":"3 Sentries","floor":7,"turns":11},{"damage":17,"enemies":"Lagavulin","floor":13,"turns":5},{"damage":11,"enemies":"Gremlin Gang","floor":14,"turns":5},{"damage":17,"enemies":"Hexaghost","floor":16,"turns":7},{"damage":19,"enemies":"Spheric Guardian","floor":18,"turns":5},{"damage":9,"enemies":"3 Byrds","floor":19,"turns":5},{"damage":38,"enemies":"Shelled Parasite and Fungi","floor":21,"turns":5},{"damage":23,"enemies":"Gremlin Leader","floor":23,"turns":6},{"damage":16,"enemies":"Snake Plant","floor":25,"turns":3},{"damage":7,"enemies":"Centurion and Healer","floor":27,"turns":6},{"damage":0,"enemies":"Snecko","floor":28,"turns":2},{"damage":16,"enemies":"Shelled Parasite and Fungi","floor":29,"turns":1}],"seed_played":"-2932184353837517710","potions_obtained":[{"floor":3,"key":"Energy Potion"},{"floor":3,"key":"FearPotion"},{"floor":13,"key":"AttackPotion"},{"floor":14,"key":"Poison Potion"},{"floor":19,"key":"SmokeBomb"},{"floor":23,"key":"Fire Potion"},{"floor":25,"key":"SkillPotion"}],"is_trial":false,"path_per_floor":["M","$","?","M","M","R","E","R","T","R","$","R","E","M","R","B",null,"M","M","?","M","$","E","R","M","T","M","M","M"],"character_chosen":"THE_SILENT","items_purchased":["Snake Skull","Deadly Poison","Membership Card","Catalyst","Noxious Fumes"],"campfire_rested":4,"item_purchase_floors":[11,11,22,22,22],"current_hp_per_floor":[58,58,58,57,53,53,3,22,22,41,41,60,43,32,32,15,53,34,25,66,28,28,5,24,8,8,1,1,0,0],"gold":81,"neow_bonus":"BOSS_RELIC","is_daily":false,"chose_seed":false,"campfire_upgraded":2,"win_rate":0.0,"timestamp":1611832134,"path_taken":["M","$","?","M","?","R","E","R","T","R","$","R","E","M","R","BOSS","M","M","?","M","$","E","R","?","T","M","?","M"],"items_purchased_type":["Relic","Card","Relic","Card","Card"],"build_version":"2020-12-18","purchased_purges":2,"victory":false,"max_hp_per_floor":[66,66,66,66,66,66,66,66,66,66,66,66,66,66,66,66,66,66,66,66,66,66,66,66,66,66,66,66,66,66],"relic_stats":{"Busted Crown":38,"counters":[15,73],"Prayer Wheel":6,"Snake Skull":[74],"Kunai":[7],"obtain_stats":[{"Potion Belt":23,"SlaversCollar":17,"Busted Crown":0,"Vajra":26,"Prayer Wheel":7,"Snake Skull":11,"Kunai":13,"Membership Card":22,"Ring of the Snake":0,"Old Coin":9},{"Potion Belt":11,"SlaversCollar":7,"Busted Crown":0,"Vajra":12,"Prayer Wheel":4,"Snake Skull":4,"Kunai":5,"Membership Card":10,"Ring of the Snake":0,"Old Coin":4},{"Potion Belt":61,"SlaversCollar":40,"Busted Crown":0,"Vajra":64,"Prayer Wheel":23,"Snake Skull":23,"Kunai":28,"Membership Card":55,"Ring of the Snake":0,"Old Coin":23}]},"card_choices":[{"not_picked":[],"picked":"Deadly Poison","floor":1},{"not_picked":[],"picked":"Bane","floor":4},{"not_picked":["Sucker Punch"],"picked":"SKIP","floor":5},{"not_picked":["Sucker Punch"],"picked":"SKIP","floor":7},{"not_picked":["Riddle With Holes"],"picked":"SKIP","floor":13},{"not_picked":[],"picked":"Deadly Poison","floor":14},{"not_picked":["Eviscerate"],"picked":"SKIP","floor":14},{"not_picked":[],"picked":"Die Die Die","floor":16},{"not_picked":["Finisher"],"picked":"SKIP","floor":18},{"not_picked":["Dagger Spray"],"picked":"SKIP","floor":18},{"not_picked":[],"picked":"Backflip+1","floor":19},{"not_picked":[],"picked":"Infinite Blades","floor":19},{"not_picked":[],"picked":"Backflip+1","floor":21},{"not_picked":["Choke"],"picked":"SKIP","floor":21},{"not_picked":[],"picked":"Poisoned Stab","floor":23},{"not_picked":[],"picked":"Leg Sweep","floor":25},{"not_picked":[],"picked":"PiercingWail","floor":25},{"not_picked":[],"picked":"Predator","floor":27},{"not_picked":[],"picked":"Night Terror","floor":27}],"player_experience":3336928,"relics_obtained":[{"floor":7,"key":"Prayer Wheel"},{"floor":9,"key":"Old Coin"},{"floor":13,"key":"Kunai"},{"floor":23,"key":"Potion Belt"},{"floor":26,"key":"Vajra"}],"event_choices":[{"damage_healed":0,"gold_gain":0,"player_choice":"Got Potions","damage_taken":0,"max_hp_gain":0,"max_hp_loss":0,"event_name":"Lab","floor":3,"gold_loss":0},{"cards_removed":["Infinite Blades"],"damage_healed":41,"gold_gain":0,"player_choice":"Offered Uncommon","damage_taken":0,"max_hp_gain":0,"max_hp_loss":0,"event_name":"Bonfire Elementals","floor":20,"gold_loss":0}],"is_beta":true,"boss_relics":[{"not_picked":["Velvet Choker","Ectoplasm"],"picked":"SlaversCollar"}],"items_purged_floors":[2,11],"is_endless":false,"potions_floor_spawned":[13,14,19,23,25,28],"killed_by":"Shelled Parasite and Fungi","ascension_level":20}}