{"host":"irrizrmw64do51k7","time":1611803448,"event":{"mods":["AchievementEnabler","BaseMod","Better Altar","Better Match","Better Note","Better Sensory Stone","Better Skull","Better Third Choice","BetterRewards","Card Forge","Colored Map","Colored Powertips","Curses Come First","DeckTracker","Good Game Mod","Hubris","Infinite Spire","Minty Spire (QoL Compilation)","Quick Restart","Relic Stats","Replay The Spire","Shop Mod","StSLib"],"gold_per_floor":[113,133,152,166,176,204,204,229,229,229,229,154,154,154,154,249,249,263,127,96,108,108,108,108,108],"floor_reached":24,"language":"ENG","playtime":827,"items_purged":[],"score":247,"play_id":"c819cf92-a6c0-4c32-9e2f-bebf2f1c906a","local_time":"20210127191048","is_ascension_mode":true,"campfire_choices":[{"floor":7,"key":"REST"},{"floor":11,"key":"REST"},{"floor":13,"key":"REST"},{"floor":15,"key":"DIG"},{"floor":23,"key":"REST"}],"circlet_count":0,"master_deck":["Strike_P","Strike_P","Strike_P","Strike_P","Defend_P","Defend_P","Defend_P","Defend_P","Eruption","Vigilance","Devotion","FlurryOfBlows","FlurryOfBlows","FlurryOfBlows","Replay:DivineShield","BowlingBash","Establishment","SandsOfTime","LikeWater+1","Vault+1","Pray","Alpha+1","CrushJoints","Replay:LoomingThreat+1"],"relics":["PureWater","Hammer of Thor","Seething Fire","Anvil of the Gods","REME:ComplimentaryCards","Anchor","Omamori","Golden Egg","hubris:TenFootPole","Bottled Flame","Mercury Hourglass","SlaversCollar","hubris:Icosahedron"],"acts_visited":["Exordium","TheCity"],"potions_floor_usage":[6],"damage_taken":[{"damage":2,"enemies":"Cultist","floor":1,"turns":4},{"damage":9,"enemies":"Jaw Worm","floor":2,"turns":2},{"damage":0,"enemies":"Small Slimes","floor":3,"turns":2},{"damage":10,"enemies":"Exordium Wildlife","floor":4,"turns":6},{"damage":12,"enemies":"Large Slime","floor":5,"turns":3},{"damage":32,"enemies":"Gremlin Nob","floor":6,"turns":4},{"damage":23,"enemies":"Replay:BlueRogue","floor":8,"turns":8},{"damage":19,"enemies":"Fading Forest","floor":16,"turns":11},{"damage":15,"enemies":"Spheric Guardian","floor":18,"turns":5},{"damage":37,"enemies":"2 Thieves","floor":20,"turns":5},{"damage":14,"enemies":"Cultist and Chosen","floor":21,"turns":6},{"damage":29,"enemies":"Snake Plant","floor":24,"turns":3}],"seed_played":"48749263042887524","potions_obtained":[{"floor":4,"key":"Swift Potion"},{"floor":5,"key":"Milkshake"},{"floor":6,"key":"Elixir"},{"floor":18,"key":"BlessingOfTheForge"}],"is_trial":false,"path_per_floor":["M","M","M","M","M","E","R","E","T","?","R","$","R","T","R_BF","B",null,"M","$","M","M","?","R","M"],"character_chosen":"WATCHER","items_purchased":["LikeWater","Alpha"],"campfire_rested":4,"item_purchase_floors":[12,19],"current_hp_per_floor":[70,61,61,51,39,7,28,5,5,3,24,24,45,45,45,34,72,57,57,20,6,6,27,0,0],"gold":108,"neow_bonus":"RANDOM_COMMON_RELIC","is_daily":false,"chose_seed":false,"campfire_upgraded":0,"win_rate":0.0,"timestamp":1611803448,"path_taken":["M","M","M","M","M","E","R","E","T","?","R","$","R","?","R_BF","BOSS","M","$","M","M","?","R","M"],"items_purchased_type":["Card","Card"],"build_version":"2020-12-22","purchased_purges":0,"victory":false,"max_hp_per_floor":[72,72,72,72,72,72,72,72,72,72,72,72,72,72,72,72,72,72,72,72,72,72,72,72,72],"relic_stats":{"counters":[12,59],"obtain_stats":[{"Golden Egg":8,"Hammer of Thor":0,"Omamori":6,"Seething Fire":0,"Mercury Hourglass":15,"SlaversCollar":17,"REME:ComplimentaryCards":0,"Anchor":0,"Bottled Flame":14,"hubris:Icosahedron":22,"Anvil of the Gods":0,"hubris:TenFootPole":9,"PureWater":0},{"Golden Egg":7,"Hammer of Thor":0,"Omamori":6,"Seething Fire":0,"Mercury Hourglass":7,"SlaversCollar":8,"REME:ComplimentaryCards":0,"Anchor":0,"Bottled Flame":7,"hubris:Icosahedron":11,"Anvil of the Gods":0,"hubris:TenFootPole":7,"PureWater":0},{"Golden Egg":29,"Hammer of Thor":0,"Omamori":21,"Seething Fire":0,"Mercury Hourglass":29,"SlaversCollar":40,"REME:ComplimentaryCards":0,"Anchor":0,"Bottled Flame":29,"hubris:Icosahedron":56,"Anvil of the Gods":0,"hubris:TenFootPole":29,"PureWater":0}],"Mercury Hourglass":[122]},"card_choices":[{"not_picked":["MentalFortress","Replay:BluntJabs"],"picked":"FlurryOfBlows","floor":1},{"not_picked":["Wallop","BowlingBash"],"picked":"FlurryOfBlows","floor":2},{"not_picked":["Meditate","EmptyFist"],"picked":"FlurryOfBlows","floor":3},{"not_picked":["Replay:ManipulateFuture","JustLucky"],"picked":"Replay:DivineShield","floor":4},{"not_picked":["EmptyFist","Meditate"],"picked":"BowlingBash","floor":5},{"not_picked":["ReachHeaven","SashWhip"],"picked":"Establishment","floor":6},{"not_picked":["Evaluate","JustLucky"],"picked":"SandsOfTime","floor":8},{"not_picked":["Replay:AllIn","Establishment"],"picked":"Vault","floor":16},{"not_picked":["Consecrate","EmptyFist"],"picked":"Pray","floor":18},{"not_picked":["EmptyBody","Evaluate"],"picked":"CrushJoints","floor":20},{"not_picked":["FlurryOfBlows+1","Replay:AtTheReady"],"picked":"Replay:LoomingThreat","floor":21}],"player_experience":537006,"relics_obtained":[{"floor":6,"key":"Omamori"},{"floor":8,"key":"Golden Egg"},{"floor":9,"key":"hubris:TenFootPole"},{"floor":14,"key":"Bottled Flame"},{"floor":15,"key":"Mercury Hourglass"}],"event_choices":[{"damage_healed":0,"gold_gain":0,"player_choice":"LEAVE","damage_taken":5,"max_hp_gain":0,"max_hp_loss":0,"event_name":"betterThird:BetterScrap","floor":10,"gold_loss":0,"cards_obtained":["Spot Weakness"]}],"is_beta":false,"boss_relics":[{"not_picked":["Runic Pyramid","infinitespire:Cupcake"],"picked":"SlaversCollar"}],"items_purged_floors":[],"is_endless":false,"potions_floor_spawned":[4,5,6,18,21],"killed_by":"Snake Plant","ascension_level":4}}