{"host":"8d5lz1qub9wfpdii","time":1611815214,"event":{"mods":["2.2 Compatiblity","AchievementEnabler","Act Like it!","Arknights The Spire","Aspiration","BaseMod","Beaked The Cultist","Bestiary","Better Altar","Better Match","Better Note","Better Skull","Better Third Choice","BetterRewards","Colored Powertips","Conspire","Downfall","Friendly Minions","GifTheSpireLib","Hallownest","Hermit","Hubris","Infinite Spire","Jorbs\u0027s Wanderer Trilogy","Minty Spire (QoL Compilation)","RNG Fix","Relic Stats","Replay The Spire","Shade Mod","Shop Mod","Spicy Shops","Spire Arcade","StSLib","Stuff the Spire","The Animator","The Blackbeard","The Bug Knight","The Clintock","The Forsaken","The Hayseed","The Hierophant","The Necromancer","The Runesmith","The Servant 0.9.4","Uncapped","Wandering Minibosses"],"gold_per_floor":[116,116,132,132,144,144,156,156,156,259,290,365,105,122,122,224,224,235,235,252,252,272,272,272,272],"floor_reached":24,"language":"ENG","playtime":774,"items_purged":[],"score":206,"play_id":"f45b3614-826b-4f92-b81d-d713db5dc979","local_time":"20210128165654","is_ascension_mode":true,"campfire_choices":[{"data":"beaked:Ceremony","floor":6,"key":"SMITH"},{"data":"beaked:Ceremony","floor":8,"key":"SMITH"},{"data":"hubris:EnhanceAbility","floor":15,"key":"SMITH"},{"data":"beaked:LiftOff","floor":23,"key":"SMITH"}],"circlet_count":0,"master_deck":["beaked:Strike_Y","beaked:Strike_Y","beaked:Strike_Y","beaked:Strike_Y","beaked:Strike_Y","beaked:Strike_Y","beaked:Defend_Y","beaked:Defend_Y","beaked:Defend_Y","beaked:Ceremony","beaked:Ceremony+1","beaked:Ceremony+1","beaked:VigorBurst","beaked:Evade","Sadistic Nature","hubris:EnhanceAbility+1","Blind","beaked:Evade","beaked:LiftOff+1","beaked:DigDeep","beaked:Foresight"],"relics":["beaked:MendingPlumage","NeowsBlessing","Bottled Tornado","Replay:Accelerometer","Garlic","ReplayTheSpireMod:ShopPack","Happy Flower","bronze:MakeshiftBattery","aspiration:RitualStick","hubris:BottledHeart"],"acts_visited":["Exordium","TheCity"],"potions_floor_usage":[11,16,20,24],"damage_taken":[{"damage":0,"enemies":"Small Slimes","floor":1,"turns":1},{"damage":0,"enemies":"2 Louse","floor":3,"turns":2},{"damage":0,"enemies":"Cultist","floor":5,"turns":1},{"damage":12,"enemies":"Large Slime","floor":7,"turns":7},{"damage":15,"enemies":"Gremlin Nob","floor":11,"turns":5},{"damage":18,"enemies":"3 Louse","floor":14,"turns":4},{"damage":6,"enemies":"The Guardian","floor":16,"turns":11},{"damage":7,"enemies":"Shell Parasite","floor":18,"turns":7},{"damage":12,"enemies":"2 Thieves","floor":20,"turns":4},{"damage":0,"enemies":"Centurion and Healer","floor":22,"turns":9},{"damage":14,"enemies":"Slavers","floor":24,"turns":4}],"seed_played":"9110468059632976282","potions_obtained":[{"floor":3,"key":"Death Potion"},{"floor":5,"key":"Flashbang"},{"floor":14,"key":"Languid Potion"},{"floor":18,"key":"Swift Potion"},{"floor":22,"key":"Languid Potion"}],"is_trial":false,"path_per_floor":["M","?","M","?","M","R","M","R","T","?","E","T","$","M","R","B",null,"M","?","M","?","M","R","E"],"character_chosen":"BEAKED_THE_CULTIST","items_purchased":["ReplayTheSpireMod:ShopPack","Happy Flower","beaked:Evade"],"campfire_rested":0,"item_purchase_floors":[13,13,13],"current_hp_per_floor":[50,50,50,50,50,50,50,50,50,43,45,45,45,43,43,54,55,55,44,49,1,1,1,0,0],"gold":272,"neow_bonus":"THREE_ENEMY_KILL","is_daily":false,"chose_seed":false,"campfire_upgraded":4,"win_rate":0.0,"timestamp":1611815214,"path_taken":["M","?","M","?","?","R","M","R","T","?","E","?","$","M","R","BOSS","M","?","?","?","M","R","E"],"items_purchased_type":["Relic","Relic","Card"],"build_version":"2020-12-22","purchased_purges":0,"victory":false,"max_hp_per_floor":[50,50,50,50,50,50,50,50,50,55,55,55,55,55,55,55,55,55,55,55,1,1,1,1,1],"relic_stats":{"Happy Flower":[13],"counters":[11,55],"obtain_stats":[{"Replay:Accelerometer":11,"NeowsBlessing":0,"Happy Flower":13,"hubris:BottledHeart":21,"Garlic":12,"beaked:MendingPlumage":0,"Bottled Tornado":9,"bronze:MakeshiftBattery":17,"aspiration:RitualStick":19,"ReplayTheSpireMod:ShopPack":13},{"Replay:Accelerometer":5,"NeowsBlessing":0,"Happy Flower":5,"hubris:BottledHeart":9,"Garlic":5,"beaked:MendingPlumage":0,"Bottled Tornado":4,"bronze:MakeshiftBattery":7,"aspiration:RitualStick":8,"ReplayTheSpireMod:ShopPack":5},{"Replay:Accelerometer":16,"NeowsBlessing":0,"Happy Flower":16,"hubris:BottledHeart":42,"Garlic":16,"beaked:MendingPlumage":0,"Bottled Tornado":11,"bronze:MakeshiftBattery":31,"aspiration:RitualStick":38,"ReplayTheSpireMod:ShopPack":16}],"aspiration:RitualStick":[0]},"card_choices":[{"not_picked":["beaked:Flinch","beaked:RuinSticks","beaked:Cower"],"picked":"SKIP","floor":1},{"not_picked":["beaked:Insight","beaked:BraceForImpact","beaked:WarriorSpirit"],"picked":"SKIP","floor":3},{"not_picked":["beaked:BounceBack","beaked:BraceForImpact","beaked:Brace"],"picked":"SKIP","floor":5},{"not_picked":["beaked:Tradeoff","beaked:Resilience","beaked:VolatileMisfortune"],"picked":"SKIP","floor":7},{"not_picked":["beaked:Pecker","beaked:Redirect"],"picked":"beaked:VigorBurst","floor":10},{"not_picked":["beaked:Resilience","ReplayTheSpireMod:Prepare the Ceremony","beaked:CheekyTricks"],"picked":"SKIP","floor":11},{"not_picked":["Crow Ritual","Replay:Dark Deal"],"picked":"Sadistic Nature","floor":13},{"not_picked":["Dark Shackles","ReplayUltimateDefense"],"picked":"hubris:EnhanceAbility","floor":13},{"not_picked":["Replay:Sssssssssstrike","StuffTheSpire:FreeRealEstate"],"picked":"Blind","floor":13},{"not_picked":["beaked:BarbedWire","beaked:Redirect"],"picked":"beaked:Evade","floor":14},{"not_picked":["ReplayTheSpireMod:Owlgaze","beaked:CheekyTricks"],"picked":"beaked:LiftOff","floor":16},{"not_picked":["beaked:WarriorSpirit","beaked:DesperateSwing","beaked:SacrificialDive+1"],"picked":"SKIP","floor":18},{"not_picked":["beaked:MimicHuntress","beaked:Overpower"],"picked":"beaked:DigDeep","floor":20},{"not_picked":["beaked:Windmill","beaked:MimicWarrior"],"picked":"beaked:Foresight","floor":22}],"player_experience":98781,"relics_obtained":[{"floor":9,"key":"Bottled Tornado"},{"floor":11,"key":"Replay:Accelerometer"},{"floor":12,"key":"Garlic"}],"event_choices":[{"cards_removed":["beaked:Defend_Y"],"damage_healed":0,"gold_gain":0,"player_choice":"Purged","damage_taken":0,"max_hp_gain":0,"max_hp_loss":0,"event_name":"Purifier","floor":2,"gold_loss":0},{"damage_healed":0,"gold_gain":0,"player_choice":"Leave","damage_taken":0,"max_hp_gain":0,"max_hp_loss":0,"event_name":"conspire:Investor","floor":4,"gold_loss":0}],"is_beta":false,"boss_relics":[{"not_picked":["Calling Bell","Honey Jar"],"picked":"bronze:MakeshiftBattery"}],"items_purged_floors":[],"is_endless":false,"potions_floor_spawned":[3,5,14,18,22],"killed_by":"Slavers","ascension_level":1}}