{"host":"uv5ws9rdk87e8i5k","time":1611801255,"event":{"mods":["AchievementEnabler","BaseMod","Colored Map","Minty Spire (QoL Compilation)","Permanent Neow","Quick Restart","StSLib","SuperFastMode","The Animator","The Cursed","The Hierophant","The Necromancer"],"gold_per_floor":[116,130,430,450,467,492,508,519,519,547,547,580,93,112,112,217,217,229,249,37,37,37,37,57,71,71,71,71],"floor_reached":27,"language":"ENG","playtime":618,"items_purged":["Strike_R"],"score":489,"play_id":"151dccaf-feea-4f61-9058-d3bf80192001","local_time":"20210127203415","is_ascension_mode":true,"campfire_choices":[{"floor":11.0,"key":"REST"},{"data":"Demon Form","floor":15.0,"key":"SMITH"},{"data":"Demon Form","floor":23.0,"key":"SMITH"}],"circlet_count":0,"master_deck":["Strike_R","Strike_R","Strike_R","Strike_R","Defend_R","Defend_R","Defend_R","Defend_R","Bash","Demon Form+1","Cleave","Havoc","Headbutt","Heavy Blade","Heavy Blade","Shrug It Off","Cleave","Pummel","Demon Form+1","Rage"],"relics":["Burning Blood","Old Coin","Pen Nib","Potion Belt","MealTicket","Pantograph","Singing Bowl","Runic Pyramid","Membership Card","Bronze Scales","Girya"],"acts_visited":["Exordium","TheCity"],"potions_floor_usage":[25,27],"damage_taken":[{"damage":10.0,"enemies":"2 Louse","floor":1.0,"turns":3.0},{"damage":6.0,"enemies":"Cultist","floor":2.0,"turns":4.0},{"damage":15.0,"enemies":"Small Slimes","floor":4.0,"turns":3.0},{"damage":13.0,"enemies":"Red Slaver","floor":5.0,"turns":3.0},{"damage":25.0,"enemies":"Lagavulin","floor":6.0,"turns":7.0},{"damage":15.0,"enemies":"3 Louse","floor":7.0,"turns":3.0},{"damage":2.0,"enemies":"Large Slime","floor":8.0,"turns":4.0},{"damage":18.0,"enemies":"Gremlin Nob","floor":10.0,"turns":3.0},{"damage":17.0,"enemies":"Lagavulin","floor":12.0,"turns":6.0},{"damage":8.0,"enemies":"2 Fungi Beasts","floor":14.0,"turns":4.0},{"damage":43.0,"enemies":"Slime Boss","floor":16.0,"turns":8.0},{"damage":6.0,"enemies":"3 Byrds","floor":18.0,"turns":5.0},{"damage":33.0,"enemies":"Spheric Guardian","floor":19.0,"turns":4.0},{"damage":21.0,"enemies":"Centurion and Healer","floor":24.0,"turns":4.0},{"damage":15,"enemies":"Snecko","floor":25,"turns":4},{"damage":43,"enemies":"Book of Stabbing","floor":27,"turns":3}],"seed_played":"1907045195525431415","potions_obtained":[{"floor":2.0,"key":"Fire Potion"},{"floor":6.0,"key":"Swift Potion"},{"floor":7.0,"key":"ColorlessPotion"},{"floor":12.0,"key":"GamblersBrew"},{"floor":16.0,"key":"AttackPotion"},{"floor":19.0,"key":"Energy Potion"}],"is_trial":false,"path_per_floor":["M","M","?","M","M","E","M","M","T","E","R","E","$","M","R","B",null,"M","M","$","?","?","R","M","M","T","E"],"character_chosen":"IRONCLAD","items_purchased":["Pummel","Singing Bowl","SkillPotion","BlessingOfTheForge","Membership Card","Rage","Strength Potion"],"campfire_rested":1,"item_purchase_floors":[13,13,13,13,20,20,20],"current_hp_per_floor":[68,68,68,59,52,33,24,28,28,16,40,29,44,44,44,32,70,72,47,62,62,62,62,49,42,42,0,0],"gold":71,"neow_bonus":"ONE_RANDOM_RARE_CARD","is_daily":false,"chose_seed":false,"campfire_upgraded":2,"win_rate":0.0,"timestamp":1611801255,"path_taken":["M","M","?","M","M","E","?","M","T","E","R","E","$","M","R","BOSS","M","M","$","?","?","R","M","?","T","E"],"items_purchased_type":["Card","Relic","Potion","Potion","Relic","Card","Potion"],"build_version":"2020-12-22","purchased_purges":1,"victory":false,"max_hp_per_floor":[80,80,80,80,80,80,80,80,80,80,80,80,80,82,82,82,82,84,86,86,86,86,86,88,90,90,90,90],"card_choices":[{"not_picked":["Twin Strike","Headbutt"],"picked":"Cleave","floor":1.0},{"not_picked":["Perfected Strike","Power Through"],"picked":"Havoc","floor":2.0},{"not_picked":["Whirlwind","Uppercut"],"picked":"Headbutt","floor":4.0},{"not_picked":["Armaments","Clash","Reckless Charge"],"picked":"SKIP","floor":5.0},{"not_picked":["Fiend Fire","Shockwave"],"picked":"Heavy Blade","floor":6.0},{"not_picked":["Infernal Blade","Armaments"],"picked":"Heavy Blade","floor":7.0},{"not_picked":["Second Wind","Wild Strike"],"picked":"Shrug It Off","floor":8.0},{"not_picked":["Perfected Strike","Dropkick"],"picked":"Cleave","floor":10.0},{"not_picked":["Dropkick","Dark Embrace","Fire Breathing"],"picked":"SKIP","floor":12.0},{"not_picked":["Headbutt","Rupture","Sword Boomerang"],"picked":"Singing Bowl","floor":14.0},{"not_picked":["Juggernaut","Immolate"],"picked":"Demon Form","floor":16.0},{"not_picked":["Dark Embrace+1","Uppercut","Anger"],"picked":"Singing Bowl","floor":18.0},{"not_picked":["Wild Strike","Thunderclap","Havoc"],"picked":"Singing Bowl","floor":19.0},{"not_picked":["Rage","Anger+1","Thunderclap+1"],"picked":"Singing Bowl","floor":24.0},{"not_picked":["Fiend Fire","Cleave","Blood for Blood"],"picked":"Singing Bowl","floor":25}],"player_experience":306165,"relics_obtained":[{"floor":3.0,"key":"Old Coin"},{"floor":6.0,"key":"Pen Nib"},{"floor":9.0,"key":"Potion Belt"},{"floor":10.0,"key":"MealTicket"},{"floor":12.0,"key":"Pantograph"},{"floor":26,"key":"Girya"}],"event_choices":[{"damage_healed":0.0,"max_hp_gain":0.0,"max_hp_loss":0.0,"gold_gain":0.0,"event_name":"Wheel of Change","player_choice":"Relic","floor":3.0,"gold_loss":0.0,"damage_taken":0.0},{"damage_healed":0.0,"max_hp_gain":0.0,"max_hp_loss":0.0,"gold_gain":0.0,"event_name":"Addict","player_choice":"Stole Relic","floor":21.0,"gold_loss":0.0,"damage_taken":0.0,"relics_obtained":["Bronze Scales"],"cards_obtained":["Shame"]},{"cards_removed":["Shame"],"damage_healed":0.0,"max_hp_gain":0.0,"max_hp_loss":0.0,"gold_gain":0.0,"event_name":"Purifier","player_choice":"Purged","floor":22.0,"gold_loss":0.0,"damage_taken":0.0}],"is_beta":false,"boss_relics":[{"not_picked":["Calling Bell","SacredBark"],"picked":"Runic Pyramid"}],"items_purged_floors":[13],"is_endless":false,"potions_floor_spawned":[2,6,7,12,16,19],"killed_by":"Book of Stabbing","ascension_level":9}}