{"host":"8e35oykb3je6g7ng","time":1611802420,"event":{"mods":["Act Like it!","BaseMod","Better Altar","Better Match","Better Third Choice","BetterRewards","Block Reminder","Card Forge","Colored Map","Colored Powertips","Jedi Mod","Marked Mod","Minty Spire (QoL Compilation)","Permanent Neow","Quick Restart","Reliquary","StSLib","The Valiant","UnlockEverythingMod"],"gold_per_floor":[63,77,93,108,127,155,174,174,197,209,243,318,330,359,359,463,463,479,493,28,44,63,63,63,76,76,109,109,125,125,125],"floor_reached":30,"language":"ENG","playtime":2879,"items_purged":["Strike_Valiant"],"score":293,"play_id":"fbc7b4a4-281f-434e-9beb-f7cf6eeb237d","local_time":"20210127215340","is_ascension_mode":false,"campfire_choices":[{"data":"Chainer","floor":8.0,"key":"SMITH"},{"data":"TurnTables","floor":15.0,"key":"SMITH"},{"data":"Discovery","floor":23,"key":"SMITH"},{"data":"HolyStorm","floor":28,"key":"SMITH"}],"circlet_count":0,"master_deck":["Strike_Valiant","Strike_Valiant+1","Strike_Valiant","Strike_Valiant","Defend_Valiant","Defend_Valiant","Defend_Valiant","Defend_Valiant","BlindingLight","MinorHealing","MinorHealing","Chainer+1","PushOnward","Chainer+1","ToweringCharge","TakeAim","SeekAnswers+1","Sharpen","PiercingStab","UnyieldingZeal","Overburn","TurnTables+1","ReduceToNothing","Overburn","DivineFavor","Bombastic","Discovery+1","SeekAnswers+1","ZealousPersecution+1","Ensoul+1","HolyStorm+1","Ensoul"],"relics":["Cross Pendant","Hammer of Thor","Seething Fire","Anvil of the Gods","reliquary:OuijaBoard","Boot","Whetstone","Odd Mushroom","reliquary:KinkedSpring","Strawberry","Bronze Scales"],"acts_visited":["Exordium","TheCity"],"potions_floor_usage":[16,19,21,21],"damage_taken":[{"damage":4.0,"enemies":"Cultist","floor":1.0,"turns":4.0},{"damage":0.0,"enemies":"Small Slimes","floor":2.0,"turns":3.0},{"damage":0.0,"enemies":"Jaw Worm","floor":3.0,"turns":1.0},{"damage":0.0,"enemies":"Gremlin Gang","floor":4.0,"turns":4.0},{"damage":6.0,"enemies":"Blue Slaver","floor":5.0,"turns":3.0},{"damage":15.0,"enemies":"Lagavulin","floor":6.0,"turns":7.0},{"damage":0.0,"enemies":"Lots of Slimes","floor":7.0,"turns":2.0},{"damage":8.0,"enemies":"Gremlin Gang","floor":10.0,"turns":4.0},{"damage":0.0,"enemies":"Gremlin Nob","floor":11.0,"turns":2.0},{"damage":11.0,"enemies":"Red Slaver","floor":13.0,"turns":3.0},{"damage":17.0,"enemies":"The Mushroom Lair","floor":14.0,"turns":4.0},{"damage":40,"enemies":"Slime Boss","floor":16,"turns":7},{"damage":25,"enemies":"2 Thieves","floor":18,"turns":3},{"damage":34,"enemies":"Shell Parasite","floor":19,"turns":6},{"damage":18,"enemies":"3 Cultists","floor":21,"turns":5},{"damage":54,"enemies":"Centurion and Healer","floor":22,"turns":7},{"damage":37,"enemies":"Snake Plant","floor":25,"turns":4},{"damage":71,"enemies":"Slavers","floor":27,"turns":7},{"damage":43,"enemies":"Cultist and Chosen","floor":29,"turns":5},{"damage":7,"enemies":"Shelled Parasite and Fungi","floor":30,"turns":2}],"seed_played":"-7139539126290341379","potions_obtained":[{"floor":1.0,"key":"jedi:StrikingPotion"},{"floor":5.0,"key":"Explosive Potion"},{"floor":6.0,"key":"Regen Potion"},{"floor":7.0,"key":"SteroidPotion"},{"floor":11.0,"key":"jedi:tentaclejuice"},{"floor":14.0,"key":"ColorlessPotion"},{"floor":16,"key":"ColorlessPotion"},{"floor":18,"key":"FairyPotion"},{"floor":19,"key":"AttackPotion"},{"floor":29,"key":"SteroidPotion"}],"is_trial":false,"path_per_floor":["M","M","M","M","M","E","M","R","T","M","E","?","M","?","R","B",null,"M","M","$","M","M","R","?","M","T","E","R","M","M"],"character_chosen":"TheValiant","items_purchased":["Strawberry","Bombastic","Discovery"],"campfire_rested":0,"item_purchase_floors":[20,20,20],"current_hp_per_floor":[100,100,100,100,96,96,96,96,96,100,100,89,84,73,73,63,100,81,71,78,75,51,51,51,38,38,25,25,3,0,0],"gold":125,"neow_bonus":"THREE_CARDS","is_daily":false,"chose_seed":false,"campfire_upgraded":4,"win_rate":0.0,"timestamp":1611802420,"path_taken":["M","M","M","M","M","E","?","R","T","M","E","?","M","?","R","BOSS","M","M","$","M","M","R","?","M","T","E","R","M","?"],"items_purchased_type":["Relic","Card","Card"],"build_version":"2020-12-22","purchased_purges":1,"victory":false,"max_hp_per_floor":[100,100,100,100,100,100,100,100,100,100,100,100,100,100,100,100,100,100,100,107,107,107,107,107,107,107,107,107,107,107,107],"card_choices":[{"not_picked":["SeekAnswers","UnyieldingZeal"],"picked":"Chainer","floor":0.0},{"not_picked":["EmpoweringForce","FuriousSmite"],"picked":"PushOnward","floor":1.0},{"not_picked":["HolyFury","EmpoweringForce"],"picked":"Chainer","floor":2.0},{"not_picked":["PiercingStab","Cleanse"],"picked":"ToweringCharge","floor":3.0},{"not_picked":["HolyFury","BraceThePain"],"picked":"TakeAim","floor":4.0},{"not_picked":["PushOnward","Cleanse"],"picked":"SeekAnswers","floor":5.0},{"not_picked":["ArcaneHealing","Decimate"],"picked":"Sharpen","floor":6.0},{"not_picked":["FlashOfAnger","QuickSiphon"],"picked":"PiercingStab","floor":7.0},{"not_picked":["Meaballize","ToweringCharge"],"picked":"UnyieldingZeal","floor":10.0},{"not_picked":["ItsSmitingTime","FlashOfAnger"],"picked":"Overburn","floor":11.0},{"not_picked":["ReduceToNothing","ArcaneHealing"],"picked":"TurnTables","floor":13.0},{"not_picked":["FlashOfAnger","Meaballize"],"picked":"ReduceToNothing","floor":14.0},{"not_picked":["DangerousSmash","PeacefulStance"],"picked":"Overburn","floor":16},{"not_picked":["UnyieldingZeal","TearSoul","PushOnward"],"picked":"SKIP","floor":18},{"not_picked":["RecklessSmite","Sharpen+1"],"picked":"DivineFavor","floor":19},{"not_picked":["EmpoweringForce","ItsSmitingTime"],"picked":"SeekAnswers+1","floor":21},{"not_picked":["TearSoul","ArcaneHealing"],"picked":"ZealousPersecution+1","floor":22},{"not_picked":["AuraDischarge","ZealousPersecution"],"picked":"Ensoul+1","floor":25},{"not_picked":["Vindication+1","ZealousAmbition"],"picked":"HolyStorm","floor":27},{"not_picked":["MercilessSmite","ReduceToNothing"],"picked":"Ensoul","floor":29}],"player_experience":522045,"relics_obtained":[{"floor":6.0,"key":"reliquary:OuijaBoard"},{"floor":9.0,"key":"Boot"},{"floor":11.0,"key":"Whetstone"},{"floor":14.0,"key":"Odd Mushroom"},{"floor":27,"key":"Bronze Scales"}],"event_choices":[{"damage_healed":0.0,"max_hp_gain":0.0,"max_hp_loss":0.0,"gold_gain":75.0,"event_name":"betterThird:BetterGoop","player_choice":"Gold","floor":12.0,"gold_loss":0.0,"damage_taken":11.0},{"damage_healed":0.0,"max_hp_gain":0.0,"max_hp_loss":0.0,"gold_gain":0.0,"event_name":"Mushrooms","player_choice":"Fought Mushrooms","floor":14.0,"gold_loss":0.0,"damage_taken":0.0},{"damage_healed":0,"gold_gain":0,"player_choice":"Forge","damage_taken":0,"max_hp_gain":0,"max_hp_loss":0,"event_name":"Accursed Blacksmith","floor":24,"gold_loss":0,"cards_upgraded":["SeekAnswers"]}],"is_beta":false,"boss_relics":[{"not_picked":["jedi:battlestandard","SlaversCollar"],"picked":"reliquary:KinkedSpring"}],"items_purged_floors":[20],"is_endless":false,"potions_floor_spawned":[1,5,6,7,11,14,16,18,19,29],"killed_by":"Shelled Parasite and Fungi","ascension_level":0}}