{"host":"3bko8xpjf6jy6wxt","time":1611842593,"event":{"mods":["ATMod(°¢èªMod)","BaseMod","CapriCore","Minty Spire (QoL Compilation)","MostiFishMod","Reliquary","StSLib","¡¾ÒÅÎï¿¨ÅÆ¡¿REMEMod"],"gold_per_floor":[118,118,118,138,213,213,240,253,328,344,18,32,49,68,68,166,166,185,204,104,104,104,104,121,121,121,132,150,150,167,179,179,274,274,288,288,288,54,54,73,105,116,140,151,169,197,197,197,197,197,197,197,37,66,66],"floor_reached":56,"language":"ZHS","playtime":4029,"items_purged":["Defend_G","Strike_G","Defend_G"],"score":1340,"play_id":"090d51b3-a100-4e65-9ff4-3e60ed2b70b9","local_time":"20210128220313","is_ascension_mode":false,"campfire_choices":[{"floor":6.0,"key":"RECALL"},{"data":"AT_FamilyPortrait","floor":15.0,"key":"SMITH"},{"data":"MostiFishMod:MusicBox","floor":23.0,"key":"SMITH"},{"data":"MostiFishMod:AdrenalineArouse","floor":25.0,"key":"SMITH"},{"data":"Distraction","floor":32.0,"key":"SMITH"},{"data":"Bullet Time","floor":48.0,"key":"SMITH"},{"data":"AT_EssenceShift","floor":49.0,"key":"SMITH"},{"data":"Chrysalis","floor":52,"key":"SMITH"}],"circlet_count":0,"master_deck":["Strike_G","Strike_G+1","Defend_G","Defend_G","Survivor","Neutralize+1","AT_FamilyPortrait+1","MostiFishMod:MusicBox+1","Deflect","REME_LeechingPoison","Acrobatics","AT_WomanClash","AT_WomanClash","MostiFishMod:WinterMarkForm","Prepared","Terror","MostiFishMod:AdrenalineArouse+1","Reflex+1","Bullet Time+1","AT_FamilyPortrait+1","Distraction+1","Chrysalis+1","Escape Plan","Acrobatics+1","AT_EssenceShift+1","REME_BuildACard","MostiFishMod:ShivMaster+1"],"relics":["Ring of the Snake","AT_ATBox","DaveBox","REME_ComplimentaryCards","Civilization","SynthV:TestCard","reliquary:PartyBalloon","AT_SunfireAegis","reliquary:HotPoker","AT_TrinityForce","Bottled Tornado","ChiXiaoBlade","Membership Card","Whetstone","reliquary:SilkGlove","Lantern","Frozen Egg 2","reliquary:TridentHead"],"acts_visited":["Exordium","TheCity","TheBeyond","TheEnding"],"potions_floor_usage":[50,50,55],"damage_taken":[{"damage":5.0,"enemies":"Jaw Worm","floor":1.0,"turns":4.0},{"damage":0.0,"enemies":"2 Louse","floor":4.0,"turns":5.0},{"damage":40.0,"enemies":"Gremlin Nob","floor":7.0,"turns":6.0},{"damage":0.0,"enemies":"Small Slimes","floor":8.0,"turns":1.0},{"damage":0.0,"enemies":"Blue Slaver","floor":10.0,"turns":3.0},{"damage":0.0,"enemies":"Looter","floor":12.0,"turns":2.0},{"damage":0.0,"enemies":"Red Slaver","floor":13.0,"turns":3.0},{"damage":0.0,"enemies":"Large Slime","floor":14.0,"turns":3.0},{"damage":0.0,"enemies":"Slime Boss","floor":16.0,"turns":3.0},{"damage":0.0,"enemies":"Spheric Guardian","floor":18.0,"turns":2.0},{"damage":0.0,"enemies":"3 Byrds","floor":19.0,"turns":2.0},{"damage":0.0,"enemies":"Cultist and Chosen","floor":24.0,"turns":3.0},{"damage":6.0,"enemies":"Centurion and Healer","floor":27.0,"turns":3.0},{"damage":4.0,"enemies":"Snake Plant","floor":28.0,"turns":3.0},{"damage":0.0,"enemies":"3 Cultists","floor":30.0,"turns":3.0},{"damage":0.0,"enemies":"Cultist and Chosen","floor":31.0,"turns":2.0},{"damage":2.0,"enemies":"Automaton","floor":33.0,"turns":5.0},{"damage":23.0,"enemies":"3 Shapes","floor":35.0,"turns":2.0},{"damage":0.0,"enemies":"Orb Walker","floor":40.0,"turns":3.0},{"damage":18.0,"enemies":"Nemesis","floor":41.0,"turns":3.0},{"damage":4.0,"enemies":"Writhing Mass","floor":42.0,"turns":2.0},{"damage":13.0,"enemies":"4 Shapes","floor":44.0,"turns":2.0},{"damage":1.0,"enemies":"Sphere and 2 Shapes","floor":45.0,"turns":3.0},{"damage":0.0,"enemies":"Reptomancer","floor":46.0,"turns":3.0},{"damage":4.0,"enemies":"Spire Growth","floor":47.0,"turns":2.0},{"damage":0,"enemies":"Awakened One","floor":50,"turns":3},{"damage":1,"enemies":"Shield and Spear","floor":54,"turns":3},{"damage":130,"enemies":"The Heart","floor":55,"turns":8}],"seed_played":"-4202952903484451284","potions_obtained":[{"floor":1.0,"key":"Dexterity Potion"},{"floor":8.0,"key":"SkillPotion"},{"floor":12.0,"key":"SkillPotion"},{"floor":16.0,"key":"Explosive Potion"},{"floor":19.0,"key":"BlessingOfTheForge"},{"floor":27.0,"key":"Block Potion"},{"floor":30.0,"key":"FearPotion"},{"floor":33.0,"key":"SpeedPotion"},{"floor":35.0,"key":"SteroidPotion"},{"floor":40.0,"key":"BlessingOfTheForge"},{"floor":44.0,"key":"PowerPotion"},{"floor":45.0,"key":"Fruit Juice"},{"floor":46.0,"key":"LiquidMemories"}],"is_trial":false,"path_per_floor":["M","?","?","M","?","R","E","M","T","M","$","M","M","M","R","B",null,"M","M","$","?","?","R","M","R","T","M","M","?","M","M","R","B",null,"M","?","?","$","?","M","E","M","T","M","M","E","M","R","R","B",null,"R","$","E","B",null],"character_chosen":"THE_SILENT","items_purchased":["reliquary:HotPoker","Membership Card","Whetstone","REME_BuildACard"],"campfire_rested":0,"item_purchase_floors":[11,38,38,53],"current_hp_per_floor":[73,66,66,69,58,58,22,27,27,43,43,61,77,98,98,103,115,120,125,125,125,99,99,104,104,104,140,141,141,150,155,155,158,160,142,142,142,142,142,162,167,280,280,272,281,304,305,305,305,314,314,314,314,318,292],"gold":66,"neow_bonus":"TEN_PERCENT_HP_BONUS","is_daily":false,"chose_seed":false,"campfire_upgraded":7,"win_rate":0.0,"timestamp":1611842593,"path_taken":["M","?","?","M","?","R","E","M","T","M","?","?","M","M","R","BOSS","M","M","$","?","?","R","M","R","T","M","M","?","M","M","R","BOSS","M","?","?","$","?","?","E","M","T","?","M","E","M","E","R","BOSS","R","$","E","BOSS"],"items_purchased_type":["Relic","Relic","Relic","Card"],"build_version":"2020-12-22","purchased_purges":3,"victory":true,"max_hp_per_floor":[78,78,78,81,81,81,85,90,90,95,95,100,105,110,110,115,115,120,125,125,125,130,130,135,135,135,140,145,145,150,155,155,160,160,165,165,157,157,157,162,167,284,284,289,299,304,309,309,309,314,314,314,314,319,388],"card_choices":[{"not_picked":["MostiFishMod:PerfectParry","Distraction","Flying Knee"],"picked":"SKIP","floor":1.0},{"not_picked":["Bane","PiercingWail","Backflip","MostiFishMod:ThornCasing","Masterful Stab"],"picked":"SKIP","floor":4.0},{"not_picked":["AT_WindRun","AT_WindFlip","Skewer","Acrobatics","Sucker Punch"],"picked":"SKIP","floor":7.0},{"not_picked":["Dagger Throw","Backflip","Tactician","Flying Knee"],"picked":"REME_LeechingPoison","floor":8.0},{"not_picked":["Catalyst","Prepared","Tactician","Quick Slash","Dagger Spray"],"picked":"SKIP","floor":10.0},{"not_picked":["Poisoned Stab","Bouncing Flask","Flying Knee","Dodge and Roll"],"picked":"Acrobatics","floor":12.0},{"not_picked":["Slice","Leg Sweep","Dash","Dagger Spray","Outmaneuver"],"picked":"AT_WomanClash","floor":13.0},{"not_picked":["Deflect","Dash","Finisher","Quick Slash"],"picked":"AT_WomanClash","floor":14.0},{"not_picked":["REME_ShadowForm","Doppelganger","Night Terror","AT_MyraUnstableElement"],"picked":"MostiFishMod:WinterMarkForm","floor":16.0},{"not_picked":["Deadly Poison","Poisoned Stab","Predator","Footwork+1","Dodge and Roll"],"picked":"SKIP","floor":18.0},{"not_picked":["Dodge and Roll","Bane","Slice+1","Skewer"],"picked":"Prepared","floor":19.0},{"not_picked":["MostiFishMod:PreservedThorns","Deflect","Dodge and Roll","PiercingWail+1"],"picked":"Reflex+1","floor":24.0},{"not_picked":["Backflip","Well Laid Plans","PiercingWail","Underhanded Strike","Dagger Throw"],"picked":"SKIP","floor":27.0},{"not_picked":["Backflip","AT_ShadowStep","Bane+1","Prepared+1"],"picked":"Bullet Time","floor":28.0},{"not_picked":["Blade Dance","Sucker Punch","AT_WindFlip+1","PiercingWail"],"picked":"Distraction","floor":30.0},{"not_picked":["Riddle With Holes","Acrobatics","Dagger Throw+1","Dodge and Roll","Distraction"],"picked":"SKIP","floor":31.0},{"not_picked":["Poisoned Stab+1","Bane","PiercingWail+1","Sucker Punch","AT_FocusSwordFire+1"],"picked":"SKIP","floor":35.0},{"not_picked":["AT_PowerWithin","REME_HeartOfCthun","Secret Technique","Purity"],"picked":"Chrysalis","floor":36.0},{"not_picked":["AT_WindFlip","Deflect","Bouncing Flask","Dodge and Roll+1","Eviscerate"],"picked":"SKIP","floor":40.0},{"not_picked":["A Thousand Cuts","All Out Attack","Bane","Dagger Spray+1","Heel Hook+1"],"picked":"SKIP","floor":41.0},{"not_picked":["AT_WindFlip+1","Flying Knee+1","Dodge and Roll","MostiFishMod:PerfectParry+1"],"picked":"Escape Plan","floor":42.0},{"not_picked":["Backstab","Deflect","AT_WindFlip","Noxious Fumes"],"picked":"Acrobatics+1","floor":44.0},{"not_picked":["Deadly Poison","Blur+1","Quick Slash","Sucker Punch"],"picked":"AT_EssenceShift","floor":45.0},{"not_picked":["Deadly Poison+1","Deflect","Flying Knee","MostiFishMod:PerfectParry+1","Eviscerate+1"],"picked":"SKIP","floor":46.0},{"not_picked":["Escape Plan+1","Poisoned Stab+1","Deflect+1","PiercingWail+1"],"picked":"MostiFishMod:ShivMaster+1","floor":54}],"player_experience":7720,"relics_obtained":[{"floor":1.0,"key":"SynthV:TestCard"},{"floor":7.0,"key":"AT_SunfireAegis"},{"floor":26.0,"key":"Bottled Tornado"},{"floor":41.0,"key":"reliquary:SilkGlove"},{"floor":43.0,"key":"Lantern"},{"floor":46.0,"key":"Frozen Egg 2"},{"floor":54,"key":"reliquary:TridentHead"}],"event_choices":[{"damage_healed":0.0,"max_hp_gain":0.0,"max_hp_loss":0.0,"gold_gain":0.0,"event_name":"Scrap Ooze","player_choice":"Success","floor":2.0,"gold_loss":0.0,"damage_taken":7.0,"relics_obtained":["reliquary:PartyBalloon"]},{"damage_healed":0.0,"max_hp_gain":0.0,"max_hp_loss":0.0,"gold_gain":0.0,"cards_transformed":["Strike_G"],"event_name":"Living Wall","player_choice":"Change","floor":3.0,"gold_loss":0.0,"damage_taken":0.0,"cards_obtained":["Deflect"]},{"damage_healed":0.0,"max_hp_gain":0.0,"max_hp_loss":0.0,"gold_gain":75.0,"event_name":"World of Goop","player_choice":"Gather Gold","floor":5.0,"gold_loss":0.0,"damage_taken":11.0},{"damage_healed":0.0,"max_hp_gain":0.0,"max_hp_loss":0.0,"gold_gain":0.0,"cards_transformed":["Defend_G","Strike_G"],"event_name":"Drug Dealer","player_choice":"Became Test Subject","floor":21.0,"gold_loss":0.0,"damage_taken":0.0,"cards_obtained":["Terror","MostiFishMod:AdrenalineArouse"]},{"damage_healed":0.0,"max_hp_gain":5.0,"max_hp_loss":0.0,"gold_gain":0.0,"event_name":"Forgotten Altar","player_choice":"Shed Blood","floor":22.0,"gold_loss":0.0,"damage_taken":31.0},{"damage_healed":0.0,"max_hp_gain":0.0,"max_hp_loss":0.0,"gold_gain":0.0,"event_name":"Duplicator","player_choice":"Copied","floor":29.0,"gold_loss":0.0,"damage_taken":0.0,"cards_obtained":["AT_FamilyPortrait"]},{"damage_healed":0.0,"max_hp_gain":0.0,"max_hp_loss":0.0,"gold_gain":0.0,"event_name":"SensoryStone","player_choice":"Memory 1","floor":36.0,"gold_loss":0.0,"damage_taken":0.0},{"damage_healed":0.0,"max_hp_gain":0.0,"max_hp_loss":8.0,"gold_gain":0.0,"event_name":"Winding Halls","player_choice":"Max HP","floor":37.0,"gold_loss":0.0,"damage_taken":0.0},{"damage_healed":0.0,"max_hp_gain":0.0,"max_hp_loss":0.0,"gold_gain":0.0,"event_name":"Match and Keep!","player_choice":"0 cards matched","floor":39.0,"gold_loss":0.0,"damage_taken":0.0,"cards_obtained":[]}],"is_beta":false,"boss_relics":[{"not_picked":["Calling Bell","Runic Pyramid"],"picked":"AT_TrinityForce"},{"not_picked":["SacredBark","TakeMeEscape"],"picked":"ChiXiaoBlade"}],"items_purged_floors":[11,20,53],"is_endless":false,"potions_floor_spawned":[1,8,12,16,19,27,30,33,35,40,44,45,46],"ascension_level":0}}