{"host":"j4g6ia6asvpyu2b0","time":1611877801,"event":{"mods":["BaseMod","Colored Map","Minty Spire (QoL Compilation)","Permanent Neow","Quick Restart","Relic Stats","StSLib","Unceasing Turn Reminder"],"gold_per_floor":[113,132,149,149,163,195,195,222,222,251,251,266,286,320,320,423,423,433,446,361,361,361,361,372,404,404,433,433,452,487,324,324,324,324],"floor_reached":33,"language":"ENG","playtime":1017,"items_purged":[],"score":436,"play_id":"cc9d7539-08eb-4f43-8e60-ef313dee083e","local_time":"20210128165001","is_ascension_mode":true,"campfire_choices":[{"data":"Noxious Fumes","floor":7,"key":"SMITH"},{"floor":11,"key":"REST"},{"data":"Finisher","floor":15,"key":"SMITH"},{"floor":23,"key":"REST"},{"data":"Adrenaline","floor":28,"key":"SMITH"},{"data":"Catalyst","floor":32,"key":"SMITH"}],"circlet_count":0,"master_deck":["Strike_G+1","Strike_G+1","Strike_G+1","Strike_G+1","Strike_G+1","Defend_G+1","Defend_G+1","Defend_G+1","Defend_G+1","Survivor","Neutralize","PiercingWail","Noxious Fumes+1","Calculated Gamble","Dagger Throw","Finisher+1","PiercingWail","All Out Attack","Quick Slash","Outmaneuver+1","Acrobatics+1","Adrenaline+1","CurseOfTheBell","Bouncing Flask+1","Bouncing Flask","Endless Agony","Dagger Throw","Caltrops","Well Laid Plans","Catalyst+1","Flash of Steel"],"relics":["Busted Crown","Lantern","Boot","StrikeDummy","Happy Flower","Calling Bell","War Paint","Shuriken","Calipers","Vajra","Nilry\u0027s Codex","Art of War","Shovel","FossilizedHelix","Snake Skull"],"acts_visited":["Exordium","TheCity"],"potions_floor_usage":[6,8,16,16,25,30],"damage_taken":[{"damage":2,"enemies":"Small Slimes","floor":1,"turns":4},{"damage":0,"enemies":"Cultist","floor":2,"turns":4},{"damage":0,"enemies":"2 Louse","floor":3,"turns":3},{"damage":3,"enemies":"Looter","floor":5,"turns":4},{"damage":10,"enemies":"Gremlin Nob","floor":6,"turns":4},{"damage":25,"enemies":"Lagavulin","floor":8,"turns":7},{"damage":10,"enemies":"3 Sentries","floor":10,"turns":6},{"damage":0,"enemies":"3 Louse","floor":12,"turns":3},{"damage":6,"enemies":"Blue Slaver","floor":13,"turns":4},{"damage":10,"enemies":"Lagavulin","floor":14,"turns":7},{"damage":2,"enemies":"Slime Boss","floor":16,"turns":6},{"damage":0,"enemies":"Spheric Guardian","floor":18,"turns":2},{"damage":0,"enemies":"Chosen","floor":19,"turns":3},{"damage":0,"enemies":"Snecko","floor":24,"turns":3},{"damage":10,"enemies":"Slavers","floor":25,"turns":4},{"damage":11,"enemies":"Gremlin Leader","floor":27,"turns":6},{"damage":0,"enemies":"Centurion and Healer","floor":29,"turns":4},{"damage":33,"enemies":"Book of Stabbing","floor":30,"turns":5},{"damage":24,"enemies":"Automaton","floor":33,"turns":4}],"seed_played":"3194855340240681006","potions_obtained":[{"floor":5,"key":"AttackPotion"},{"floor":6,"key":"Swift Potion"},{"floor":8,"key":"AttackPotion"},{"floor":14,"key":"Swift Potion"},{"floor":16,"key":"Dexterity Potion"},{"floor":18,"key":"DistilledChaos"},{"floor":25,"key":"Regen Potion"},{"floor":27,"key":"AttackPotion"},{"floor":30,"key":"Ancient Potion"}],"is_trial":false,"path_per_floor":["M","M","M","?","M","E","R","E","T","E","R","M","M","E","R","B",null,"M","M","?","?","?","R","M","E","T","E","R","M","E","$","R","B"],"character_chosen":"THE_SILENT","items_purchased":["Catalyst","Flash of Steel"],"campfire_rested":2,"item_purchase_floors":[31,31],"current_hp_per_floor":[61,61,61,61,58,48,48,23,23,13,34,34,28,18,18,16,57,57,57,57,41,41,62,62,52,52,41,41,41,22,22,22,0,0],"gold":324,"neow_bonus":"BOSS_RELIC","is_daily":false,"chose_seed":false,"campfire_upgraded":4,"win_rate":0.0,"timestamp":1611877801,"path_taken":["M","M","M","?","M","E","R","E","T","E","R","M","?","E","R","BOSS","M","M","?","?","?","R","M","E","T","E","R","M","E","?","R","BOSS"],"items_purchased_type":["Card","Card"],"build_version":"2020-12-22","purchased_purges":0,"victory":false,"max_hp_per_floor":[70,70,70,70,70,70,70,70,70,70,70,70,70,70,70,70,70,70,70,70,70,70,70,70,70,70,70,70,70,70,70,70,70,70],"relic_stats":{"Busted Crown":38,"Shovel":0,"Happy Flower":[12],"counters":[19,83],"Shuriken":[16],"Snake Skull":[3],"Art of War":[1],"War Paint":["Outmaneuver","Acrobatics"],"Boot":[28],"obtain_stats":[{"Lantern":6,"Calipers":17,"Happy Flower":14,"Nilry\u0027s Codex":21,"Vajra":20,"Snake Skull":30,"War Paint":17,"Boot":8,"Calling Bell":17,"Busted Crown":0,"Shovel":26,"Shuriken":17,"Art of War":25,"StrikeDummy":10,"FossilizedHelix":27,"Ring of the Snake":0},{"Lantern":5,"Calipers":11,"Happy Flower":10,"Nilry\u0027s Codex":13,"Vajra":13,"Snake Skull":18,"War Paint":11,"Boot":6,"Calling Bell":11,"Busted Crown":0,"Shovel":15,"Shuriken":11,"Art of War":15,"StrikeDummy":7,"FossilizedHelix":16,"Ring of the Snake":0},{"Lantern":19,"Calipers":52,"Happy Flower":46,"Nilry\u0027s Codex":57,"Vajra":57,"Snake Skull":79,"War Paint":52,"Boot":26,"Calling Bell":52,"Busted Crown":0,"Shovel":64,"Shuriken":52,"Art of War":64,"StrikeDummy":32,"FossilizedHelix":70,"Ring of the Snake":0}]},"card_choices":[{"not_picked":[],"picked":"PiercingWail","floor":1},{"not_picked":[],"picked":"Noxious Fumes","floor":2},{"not_picked":[],"picked":"Calculated Gamble","floor":3},{"not_picked":[],"picked":"Dagger Throw","floor":5},{"not_picked":[],"picked":"Finisher","floor":6},{"not_picked":[],"picked":"PiercingWail","floor":8},{"not_picked":[],"picked":"All Out Attack","floor":10},{"not_picked":[],"picked":"Quick Slash","floor":12},{"not_picked":[],"picked":"Outmaneuver","floor":13},{"not_picked":[],"picked":"Acrobatics","floor":14},{"not_picked":[],"picked":"Adrenaline","floor":16},{"not_picked":[],"picked":"Bouncing Flask+1","floor":18},{"not_picked":[],"picked":"Bouncing Flask","floor":19},{"not_picked":["Prepared"],"picked":"SKIP","floor":24},{"not_picked":[],"picked":"Endless Agony","floor":25},{"not_picked":[],"picked":"Dagger Throw","floor":27},{"not_picked":[],"picked":"Caltrops","floor":29},{"not_picked":[],"picked":"Well Laid Plans","floor":30}],"player_experience":1065996,"relics_obtained":[{"floor":6,"key":"Lantern"},{"floor":8,"key":"Boot"},{"floor":10,"key":"StrikeDummy"},{"floor":14,"key":"Happy Flower"},{"floor":17,"key":"War Paint"},{"floor":17,"key":"Shuriken"},{"floor":17,"key":"Calipers"},{"floor":21,"key":"Nilry\u0027s Codex"},{"floor":25,"key":"Art of War"},{"floor":26,"key":"Shovel"},{"floor":27,"key":"FossilizedHelix"},{"floor":30,"key":"Snake Skull"}],"event_choices":[{"cards_removed":["Defend_G"],"damage_healed":0,"gold_gain":0,"player_choice":"Offered Basic","damage_taken":0,"max_hp_gain":0,"max_hp_loss":0,"event_name":"Bonfire Elementals","floor":4,"gold_loss":0},{"damage_healed":0,"gold_gain":0,"player_choice":"Obtained Relic","damage_taken":0,"relics_obtained":["Vajra"],"max_hp_gain":0,"max_hp_loss":0,"event_name":"Addict","floor":20,"gold_loss":85},{"damage_healed":0,"gold_gain":0,"player_choice":"Obtained Book","damage_taken":16,"max_hp_gain":0,"max_hp_loss":0,"event_name":"Cursed Tome","floor":21,"gold_loss":0},{"damage_healed":0,"gold_gain":0,"player_choice":"Simplicity","damage_taken":0,"max_hp_gain":0,"max_hp_loss":0,"event_name":"Back to Basics","floor":22,"gold_loss":0,"cards_upgraded":["Strike_G","Strike_G","Strike_G","Strike_G","Strike_G","Defend_G","Defend_G","Defend_G","Defend_G"]}],"is_beta":false,"boss_relics":[{"not_picked":["WristBlade","SacredBark"],"picked":"Calling Bell"}],"items_purged_floors":[],"is_endless":false,"potions_floor_spawned":[5,6,8,14,16,18,25,27,30],"killed_by":"Automaton","ascension_level":6}}