{"host":"qsusua7l529r8z9k","time":1611830887,"event":{"mods":["BaseMod","Minty Spire (QoL Compilation)","StSLib"],"gold_per_floor":[110,260,273,32,49,84,84,112,189,189,222,242,258,258,258,335,335,351,366,366,382,400,400,429,429,429,457,472,472,472],"floor_reached":29,"language":"ZHS","playtime":918,"items_purged":["Doubt"],"score":666,"play_id":"e16cb891-446b-44f4-ba34-704c2b2b528a","local_time":"20210128184807","is_ascension_mode":true,"campfire_choices":[{"data":"Coolheaded","floor":7.0,"key":"SMITH"},{"floor":10.0,"key":"REST"},{"data":"Tempest","floor":15.0,"key":"SMITH"},{"data":"Defragment","floor":23.0,"key":"SMITH"},{"data":"Creative AI","floor":25,"key":"SMITH"}],"circlet_count":0,"master_deck":["AscendersBane","Strike_B","Strike_B","Strike_B","Defend_B","Defend_B","Defend_B","Defend_B","Zap","Dualcast","Coolheaded+1","Tempest+1","Hello World","Electrodynamics","Ball Lightning","Turbo","Glacier","Creative AI+1","Storm","Defragment+1","Barrage","Self Repair+1","Blizzard+1"],"relics":["Cracked Core","Anchor","Chemical X","Calipers","Toy Ornithopter","Shuriken","Smiling Mask","Inserter","Mercury Hourglass","Cables","Bottled Lightning"],"acts_visited":["TheCity"],"potions_floor_usage":[24,29],"damage_taken":[{"damage":0.0,"enemies":"Jaw Worm","floor":1.0,"turns":3.0},{"damage":10.0,"enemies":"Small Slimes","floor":3.0,"turns":4.0},{"damage":0.0,"enemies":"Cultist","floor":5.0,"turns":2.0},{"damage":20.0,"enemies":"3 Sentries","floor":6.0,"turns":7.0},{"damage":19.0,"enemies":"Gremlin Nob","floor":8.0,"turns":4.0},{"damage":5.0,"enemies":"Lagavulin","floor":11.0,"turns":7.0},{"damage":0.0,"enemies":"3 Louse","floor":12.0,"turns":2.0},{"damage":0.0,"enemies":"Large Slime","floor":13.0,"turns":4.0},{"damage":0.0,"enemies":"Slime Boss","floor":16.0,"turns":7.0},{"damage":0.0,"enemies":"3 Byrds","floor":18.0,"turns":2.0},{"damage":6.0,"enemies":"Spheric Guardian","floor":19.0,"turns":3.0},{"damage":17.0,"enemies":"Snake Plant","floor":21.0,"turns":3.0},{"damage":22.0,"enemies":"Shelled Parasite and Fungi","floor":22.0,"turns":7.0},{"damage":17,"enemies":"Book of Stabbing","floor":24,"turns":5},{"damage":0,"enemies":"Gremlin Leader","floor":27,"turns":5},{"damage":0,"enemies":"Centurion and Healer","floor":28,"turns":4},{"damage":37,"enemies":"Book of Stabbing","floor":29,"turns":5}],"seed_played":"-8605803636159035151","potions_obtained":[{"floor":3.0,"key":"Weak Potion"},{"floor":8.0,"key":"GamblersBrew"},{"floor":11.0,"key":"LiquidBronze"},{"floor":16.0,"key":"ColorlessPotion"},{"floor":19.0,"key":"FocusPotion"},{"floor":21.0,"key":"DistilledChaos"},{"floor":24,"key":"LiquidMemories"}],"is_trial":false,"path_per_floor":["M","?","M","$","M","E","R","E","T","R","E","M","M","?","R","B",null,"M","M","?","M","M","R","E","R","T","E","M","E"],"character_chosen":"DEFECT","items_purchased":["Chemical X"],"campfire_rested":1,"item_purchase_floors":[4],"current_hp_per_floor":[64,64,54,54,54,34,34,15,15,36,31,31,31,31,31,31,61,66,60,60,48,31,31,19,19,19,29,29,0,0],"gold":472,"neow_bonus":"RANDOM_COMMON_RELIC","is_daily":false,"chose_seed":false,"campfire_upgraded":4,"win_rate":0.0,"timestamp":1611830887,"path_taken":["M","?","M","$","M","E","R","E","T","R","E","M","M","?","R","BOSS","M","M","?","M","M","R","E","R","T","E","M","E"],"items_purchased_type":["Relic"],"build_version":"2020-12-22","purchased_purges":1,"victory":false,"max_hp_per_floor":[71,71,71,71,71,71,71,71,71,71,71,71,71,71,71,71,71,71,71,71,71,71,71,71,71,71,71,71,71,71],"card_choices":[{"not_picked":["Skim","Steam Power"],"picked":"Coolheaded","floor":1.0},{"not_picked":["Rebound","Gash"],"picked":"Tempest","floor":3.0},{"not_picked":["Loop","Barrage"],"picked":"Hello World","floor":5.0},{"not_picked":["Aggregate","Steam Power"],"picked":"Electrodynamics","floor":6.0},{"not_picked":["Conserve Battery","Static Discharge"],"picked":"Ball Lightning","floor":8.0},{"not_picked":["Barrage","Reprogram"],"picked":"Turbo","floor":11.0},{"not_picked":["Skim","Rebound"],"picked":"Glacier","floor":12.0},{"not_picked":["Sunder","Static Discharge","Rebound"],"picked":"SKIP","floor":13.0},{"not_picked":["Echo Form","Electrodynamics"],"picked":"Creative AI","floor":16.0},{"not_picked":["Stack","Self Repair"],"picked":"Storm","floor":18.0},{"not_picked":["Lockon","Redo"],"picked":"Defragment","floor":19.0},{"not_picked":["Ball Lightning","Sweeping Beam","Gash"],"picked":"SKIP","floor":21.0},{"not_picked":["Rip and Tear","Rebound"],"picked":"Barrage","floor":22.0},{"not_picked":["Recycle","Hyperbeam"],"picked":"Self Repair+1","floor":24},{"not_picked":["Turbo","Rebound"],"picked":"Blizzard+1","floor":27},{"not_picked":["Turbo","FTL","Doom and Gloom"],"picked":"SKIP","floor":28}],"player_experience":523178,"relics_obtained":[{"floor":6.0,"key":"Calipers"},{"floor":8.0,"key":"Toy Ornithopter"},{"floor":9.0,"key":"Shuriken"},{"floor":11.0,"key":"Smiling Mask"},{"floor":24,"key":"Mercury Hourglass"},{"floor":26,"key":"Cables"},{"floor":27,"key":"Bottled Lightning"}],"event_choices":[{"damage_healed":0.0,"max_hp_gain":0.0,"max_hp_loss":0.0,"gold_gain":150.0,"event_name":"Liars Game","player_choice":"AGREE","floor":2.0,"gold_loss":0.0,"damage_taken":0.0,"cards_obtained":["Doubt"]},{"cards_removed":["Strike_B"],"damage_healed":0.0,"max_hp_gain":0.0,"max_hp_loss":0.0,"gold_gain":0.0,"event_name":"Bonfire Elementals","player_choice":"Offered Basic","floor":14.0,"gold_loss":0.0,"damage_taken":0.0},{"damage_healed":0.0,"max_hp_gain":0.0,"max_hp_loss":0.0,"gold_gain":0.0,"event_name":"Ghosts","player_choice":"Ignored","floor":20.0,"gold_loss":0.0,"damage_taken":0.0}],"is_beta":false,"boss_relics":[{"not_picked":["Tiny House","Runic Pyramid"],"picked":"Inserter"}],"items_purged_floors":[4],"is_endless":false,"potions_floor_spawned":[3,8,11,12,16,19,21,24],"killed_by":"Book of Stabbing","ascension_level":17}}