{"host":"xkmvu47k9fdstweo","time":1611807311,"event":{"mods":["BaseMod","Colored Map","Conspire","Hubris","Minty Spire (QoL Compilation)","Quick Restart","Railgun Mod","Shop Mod","StSLib","The Alterego","The Animator","The Servant 0.9.4","The Wild Card","TheBandit","WarShipGirlsR/??è≠èóR mod"],"gold_per_floor":[265,255,36,63,63,108,108,129,129,129,159,159,189,189,189,291,316,335,335,392,427,452,507,507,592,671,688,711,815,828,380,380,510,560,577,658,692,320,320,411,711,771,796,796,858,884,239,301,301,306],"floor_reached":51,"language":"ENG","playtime":2027,"items_purged":["animator:Strike","Pain"],"score":1537,"play_id":"eca906e7-5943-4e43-8864-b5e2c04631ad","local_time":"20210127231511","is_ascension_mode":true,"campfire_choices":[{"data":"animator:SwordMaiden","floor":7,"key":"SMITH"},{"floor":10,"key":"REST"},{"data":"animator:Nanami","floor":12,"key":"SMITH"},{"floor":15,"key":"REST"},{"data":"animator:JeanneDArc","floor":24,"key":"SMITH"},{"data":"animator:Shimakaze","floor":32,"key":"SMITH"},{"data":"animator:Melzalgald","floor":44,"key":"SMITH"},{"data":"animator:Shuna","floor":49,"key":"SMITH"}],"circlet_count":0,"master_deck":["Offering+1","animator:Strike_Kancolle","animator:Defend_Kancolle+1","animator:Strike","animator:Strike","animator:Defend","animator:Defend","animator:Defend","animator:Shimakaze+1","animator:Saber","animator:Priestess","animator:Elesis","animator:SwordMaiden+1","animator:Nanami+1","animator:Saber","animator:Archer","animator:TukaLunaMarceau","animator:Priestess","animator:KrulTepes","animator:Archer","animator:Gilgamesh+19","animator:CrowleyEusford","animator:Laby","animator:JeanneDArc+1","animator:Aqua+1","animator:Melzalgald+1","animator:Shinoa","animator:Shuna+1","animator:Priestess+1","animator:Alexander","animator:Sebas","animator:Kuribayashi","animator:Tyuule","animator:KrulTepes","animator:Darkness","animator:Megumin","animator:Shizu","animator:RinTohsaka","animator:Elsword","animator:RoyMustang","animator:Chris","animator:Alexander","animator:HououinKyouma","animator:Shizu","animator:HououinKyouma","animator:HououinKyouma","animator:Urushihara","animator:Emonzaemon","animator:Shuna+1","animator:Kuribayashi","animator:Togame","animator:MumenRider+1","animator:Archer","animator:Konayuki","animator:Elsword","animator:Ara","animator:Benimaru"],"relics":["animator:LivingPicture","animator:TheMissingPiece","animator:PurgingStone","animator:WornHelmet","Prayer Wheel","Gambling Chip","Blood Vial","hubris:BlackHole","animator:CursedGlyph","WarpedTongs","MealTicket","Blood Vial","War Paint","hubris:TenFootPole","Blood Vial","Toy Ornithopter","HandDrill","Bag of Preparation","Blood Vial","hubris:Backtick","Unceasing Top","Du-Vu Doll","Blood Vial","Strawberry","Oddly Smooth Stone","Happy Flower","Centennial Puzzle","Medical Kit","Incense Burner","Bronze Scales"],"acts_visited":["Exordium","TheCity","TheBeyond"],"potions_floor_usage":[13,25,29,30,50],"damage_taken":[{"damage":7,"enemies":"2 Louse","floor":1,"turns":3},{"damage":0,"enemies":"Small Slimes","floor":4,"turns":3},{"damage":30,"enemies":"3 Sentries","floor":6,"turns":10},{"damage":0,"enemies":"conspire:RoseBush","floor":8,"turns":5},{"damage":11,"enemies":"Exordium Wildlife","floor":11,"turns":4},{"damage":0,"enemies":"3 Louse","floor":13,"turns":3},{"damage":17,"enemies":"Hexaghost","floor":16,"turns":11},{"damage":0,"enemies":"3 Byrds","floor":18,"turns":5},{"damage":0,"enemies":"Spheric Guardian","floor":20,"turns":2},{"damage":5,"enemies":"conspire:HollyBat","floor":21,"turns":6},{"damage":0,"enemies":"Book of Stabbing","floor":23,"turns":3},{"damage":0,"enemies":"animator:HornedBat","floor":25,"turns":6},{"damage":18,"enemies":"Snake Plant","floor":27,"turns":3},{"damage":0,"enemies":"Shelled Parasite and Fungi","floor":28,"turns":3},{"damage":0,"enemies":"Book of Stabbing","floor":29,"turns":3},{"damage":0,"enemies":"Chosen and Byrds","floor":30,"turns":2},{"damage":5,"enemies":"conspire:MysteriousRune","floor":33,"turns":3},{"damage":0,"enemies":"3 Darklings","floor":35,"turns":1},{"damage":0,"enemies":"2 Orb Walkers","floor":36,"turns":1},{"damage":0,"enemies":"Orb Walker","floor":37,"turns":2},{"damage":0,"enemies":"Nemesis","floor":40,"turns":1},{"damage":0,"enemies":"Reptomancer","floor":42,"turns":1},{"damage":0,"enemies":"Nemesis","floor":45,"turns":1},{"damage":0,"enemies":"Writhing Mass","floor":46,"turns":1},{"damage":0,"enemies":"Giant Head","floor":48,"turns":1},{"damage":0,"enemies":"Donu and Deca","floor":50,"turns":1}],"seed_played":"1671546473412157104","potions_obtained":[{"floor":1,"key":"SpeedPotion"},{"floor":4,"key":"SteroidPotion"},{"floor":13,"key":"SpeedPotion"},{"floor":16,"key":"EssenceOfSteel"},{"floor":18,"key":"Explosive Potion"},{"floor":25,"key":"GamblersBrew"},{"floor":29,"key":"Explosive Potion"},{"floor":30,"key":"SpeedPotion"}],"is_trial":false,"path_per_floor":["M","?","$","M","?","E","R","M","T","R","M","R","M","?","R","B",null,"M","?","M","M","?","E","R","E","T","M","M","E","M","$","R","B",null,"M","?","M","$","?","E","?","E","T","R","E","M","$","E","R","B",null],"character_chosen":"THE_ANIMATOR","items_purchased":["animator:SwordMaiden","animator:Megumin","HandDrill","Bag of Preparation","DuplicationPotion","animator:HououinKyouma","animator:Shizu","animator:Archer","Medical Kit","Incense Burner","animator:Konayuki","animator:Elsword","animator:Ara"],"campfire_rested":2,"item_purchase_floors":[3,31,31,31,31,38,38,47,47,47,47,47,47],"current_hp_per_floor":[52,52,52,52,52,22,22,22,22,41,30,30,30,30,49,32,58,61,49,51,50,50,52,52,57,57,43,48,55,70,70,70,65,69,70,70,70,70,65,77,77,77,77,77,77,77,77,77,77,77],"gold":306,"neow_bonus":"ONE_RANDOM_RARE_CARD","is_daily":false,"chose_seed":false,"campfire_upgraded":6,"win_rate":0.0,"timestamp":1611807311,"path_taken":["M","?","$","M","?","E","R","M","T","R","M","R","M","?","R","BOSS","M","?","M","M","?","E","R","E","T","M","M","E","M","$","R","BOSS","M","?","M","$","?","E","?","E","T","R","E","M","$","E","R","BOSS"],"items_purchased_type":["Card","Card","Relic","Relic","Potion","Card","Card","Card","Relic","Relic","Card","Card","Card"],"build_version":"2020-12-22","purchased_purges":2,"victory":true,"max_hp_per_floor":[66,66,66,66,66,66,66,66,66,66,66,66,66,66,66,66,66,67,72,68,68,68,68,68,68,68,68,69,69,70,70,70,70,70,70,70,70,70,70,77,77,77,77,77,77,77,77,77,77,77],"card_choices":[{"not_picked":["animator:DolaSchwi","animator:Azekura"],"picked":"animator:Priestess","floor":1},{"not_picked":[],"picked":"animator:Elesis","floor":2},{"not_picked":["animator:Jibril","animator:Layla"],"picked":"animator:Nanami","floor":4},{"not_picked":["animator:RinTohsaka","animator:AcuraAkari"],"picked":"animator:Saber","floor":6},{"not_picked":["animator:Alexander","animator:Assassin"],"picked":"animator:Archer","floor":8},{"not_picked":["animator:Azekura","animator:DolaStephanie"],"picked":"animator:TukaLunaMarceau","floor":11},{"not_picked":["animator:Alexander","animator:Shuna"],"picked":"animator:Priestess","floor":11},{"not_picked":["animator:Greed","animator:Azekura"],"picked":"animator:KrulTepes","floor":13},{"not_picked":["animator:Hakurou","animator:Tet"],"picked":"animator:Archer","floor":13},{"not_picked":["animator:Guren","animator:Greed"],"picked":"animator:Gilgamesh","floor":16},{"not_picked":["animator:DwarfShaman+1","animator:Sloth"],"picked":"animator:CrowleyEusford","floor":18},{"not_picked":["animator:Yoichi","animator:Cocytus+1"],"picked":"animator:Laby","floor":18},{"not_picked":["animator:SakuraMatou","animator:RinTohsaka"],"picked":"animator:JeanneDArc","floor":20},{"not_picked":["animator:Scar+1","animator:SilverFang"],"picked":"animator:Aqua","floor":20},{"not_picked":["animator:UneriGinkaku","animator:HiiragiShinya"],"picked":"animator:Melzalgald","floor":21},{"not_picked":["animator:LeleiLaLalena","animator:Bozes"],"picked":"animator:Shinoa","floor":21},{"not_picked":["animator:Azekura","animator:Arpeggio"],"picked":"animator:Shuna","floor":23},{"not_picked":["animator:Azekura+1","animator:DwarfShaman"],"picked":"animator:Priestess+1","floor":25},{"not_picked":["animator:Assassin","animator:Caster"],"picked":"animator:Alexander","floor":27},{"not_picked":["animator:Shigure","animator:ShinjiMatou"],"picked":"animator:Sebas","floor":27},{"not_picked":["animator:Genos+1","animator:Yuuichirou"],"picked":"animator:Kuribayashi","floor":28},{"not_picked":["animator:Demiurge","animator:Mitsurugi","animator:Assassin"],"picked":"SKIP","floor":28},{"not_picked":["animator:AcuraTooru","animator:Lu"],"picked":"animator:Tyuule","floor":29},{"not_picked":["animator:Ain","animator:MaesHughes"],"picked":"animator:KrulTepes","floor":30},{"not_picked":["animator:UneriGinkaku","animator:Priestess"],"picked":"animator:Darkness","floor":30},{"not_picked":["animator:Saber","animator:GoblinSlayer"],"picked":"animator:Shizu","floor":33},{"not_picked":["animator:Rider","animator:Alexander"],"picked":"animator:RinTohsaka","floor":35},{"not_picked":["animator:Arpeggio","animator:ZankiKiguchi"],"picked":"animator:Elsword","floor":35},{"not_picked":["animator:Mitsuba","animator:RoryMercury+1"],"picked":"animator:RoyMustang","floor":36},{"not_picked":["animator:Cocytus","animator:DwarfShaman"],"picked":"animator:Chris","floor":37},{"not_picked":["animator:Shigure+1","animator:DolaStephanie"],"picked":"animator:Alexander","floor":37},{"not_picked":["animator:Kira","animator:Zero"],"picked":"animator:HououinKyouma","floor":39},{"not_picked":["animator:IchigoKurosaki","animator:Hibiki"],"picked":"animator:HououinKyouma","floor":39},{"not_picked":["animator:Zero","animator:IchigoKurosaki"],"picked":"animator:Urushihara","floor":39},{"not_picked":["animator:CowGirl","animator:PandorasActor+1"],"picked":"animator:Emonzaemon","floor":40},{"not_picked":["animator:MetalKnight+1","animator:SwordMaiden"],"picked":"animator:Shuna+1","floor":42},{"not_picked":["animator:YaoHaDucy","animator:LeleiLaLalena"],"picked":"animator:Kuribayashi","floor":45},{"not_picked":["animator:Evileye+1","animator:RinTohsaka"],"picked":"animator:Togame","floor":46},{"not_picked":["animator:Shuna+1","animator:Yoichi"],"picked":"animator:MumenRider+1","floor":46},{"not_picked":["animator:Spearman+1","animator:RinTohsaka"],"picked":"animator:Benimaru","floor":48}],"player_experience":378919,"relics_obtained":[{"floor":6,"key":"animator:WornHelmet"},{"floor":9,"key":"Prayer Wheel"},{"floor":16,"key":"Blood Vial"},{"floor":20,"key":"animator:CursedGlyph"},{"floor":23,"key":"MealTicket"},{"floor":25,"key":"Blood Vial"},{"floor":25,"key":"War Paint"},{"floor":26,"key":"hubris:TenFootPole"},{"floor":29,"key":"Blood Vial"},{"floor":29,"key":"Toy Ornithopter"},{"floor":33,"key":"Blood Vial"},{"floor":36,"key":"Du-Vu Doll"},{"floor":40,"key":"Blood Vial"},{"floor":40,"key":"Strawberry"},{"floor":42,"key":"Oddly Smooth Stone"},{"floor":43,"key":"Happy Flower"},{"floor":45,"key":"Centennial Puzzle"},{"floor":48,"key":"Bronze Scales"}],"event_choices":[{"damage_healed":0,"gold_gain":0,"player_choice":"Leave","damage_taken":0,"max_hp_gain":0,"max_hp_loss":0,"event_name":"conspire:Investor","floor":5,"gold_loss":0},{"damage_healed":0,"gold_gain":0,"player_choice":"Gave Potion","damage_taken":0,"relics_obtained":["Gambling Chip"],"max_hp_gain":0,"max_hp_loss":0,"event_name":"WeMeetAgain","floor":14,"gold_loss":0},{"damage_healed":0,"gold_gain":0,"player_choice":"Shed Blood","damage_taken":17,"max_hp_gain":5,"max_hp_loss":0,"event_name":"Forgotten Altar","floor":19,"gold_loss":0},{"damage_healed":0,"gold_gain":0,"player_choice":"Rummage","damage_taken":0,"relics_obtained":["WarpedTongs"],"max_hp_gain":0,"max_hp_loss":0,"event_name":"Accursed Blacksmith","floor":22,"gold_loss":0,"cards_obtained":["Pain"]},{"damage_healed":0,"gold_gain":0,"player_choice":"Fight","damage_taken":0,"max_hp_gain":0,"max_hp_loss":0,"event_name":"Mysterious Sphere","floor":36,"gold_loss":0},{"damage_healed":0,"gold_gain":0,"player_choice":"Memory 3","damage_taken":10,"max_hp_gain":0,"max_hp_loss":0,"event_name":"SensoryStone","floor":39,"gold_loss":0},{"damage_healed":0,"gold_gain":300,"player_choice":"Gold","damage_taken":0,"max_hp_gain":0,"max_hp_loss":0,"event_name":"Wheel of Change","floor":41,"gold_loss":0}],"is_beta":false,"boss_relics":[{"not_picked":["SlaversCollar","hubris:ScarierMask"],"picked":"hubris:BlackHole"},{"not_picked":["hubris:Stopwatch","Philosopher\u0027s Stone"],"picked":"hubris:Backtick"}],"items_purged_floors":[3,38],"is_endless":false,"potions_floor_spawned":[1,4,13,16,18,25,27,29,30,35,42],"ascension_level":6}}