{"host":"8n3a40idg6eftpiu","time":1611831760,"event":{"mods":["AchievementEnabler","Act Like it!","BaseMod","BetterRewards","Block Reminder","Colored Map","Colored Powertips","DeckTracker","GungeonMod","Hallownest","Highlight Path","Hubris","Minty Spire (QoL Compilation)","Quick Restart","Relic Filter Mod","Reliquary","StS++","StSLib","The Blue Laboratory","The Bug Knight","The Necromancer","Wandering Minibosses"],"gold_per_floor":[29,29,41,41,62,95,95,95,95,130,130,148,37,50,50,170,170,195,195,213,213,228,228,72,72,72,72,72,372,397,221,221,346,346,370,245,245,261,284,284,327,327,327,358,358,691,709,725,725,725,725],"floor_reached":50,"language":"POL","playtime":3061,"items_purged":["Strike_R","Strike_R","Strike_R"],"score":733,"play_id":"5b3b9d12-c461-4ee2-8b7c-4348fe4bb4a5","local_time":"20210128120240","is_ascension_mode":false,"campfire_choices":[{"floor":8.0,"key":"RECALL"},{"data":"Body Slam","floor":11.0,"key":"SMITH"},{"data":"Barricade","floor":15.0,"key":"SMITH"},{"floor":23,"key":"REST"},{"data":"Metallicize","floor":25,"key":"SMITH"},{"data":"Shrug It Off","floor":28,"key":"SMITH"},{"data":"Entrench","floor":32,"key":"SMITH"},{"data":"Shrug It Off","floor":40,"key":"SMITH"},{"data":"Impervious","floor":42,"key":"SMITH"},{"data":"Defend_R","floor":45,"key":"SMITH"},{"data":"Body Slam","floor":49,"key":"SMITH"}],"circlet_count":0,"master_deck":["Strike_R","Defend_R+1","Defend_R","Defend_R","Defend_R","Shrug It Off+1","Shrug It Off+1","Demon Form+1","Body Slam+1","Barricade+1","Metallicize+1","Entrench+1","Impervious+1","CurseOfTheBell","Spot Weakness+1","Body Slam+1","Body Slam+1"],"relics":["Burning Blood","reliquary:RedPaperclip","Vajra","DemoMod:SerJunkan","Old Coin","Calling Bell","reliquary:FeatherDuster","hubris:MedicalManual","DemoMod:PoisonVial","DemoMod:Junk","DemoMod:MonsterBlood","wanderingMiniBosses:CarrionFlame"],"acts_visited":["Exordium","TheCity","TheBeyond"],"potions_floor_usage":[],"damage_taken":[{"damage":1.0,"enemies":"Jaw Worm","floor":1.0,"turns":3.0},{"damage":3.0,"enemies":"2 Louse","floor":3.0,"turns":4.0},{"damage":1.0,"enemies":"Cultist","floor":5.0,"turns":4.0},{"damage":33.0,"enemies":"3 Sentries","floor":6.0,"turns":16.0},{"damage":3.0,"enemies":"Lagavulin","floor":10.0,"turns":7.0},{"damage":17.0,"enemies":"2 Fungi Beasts","floor":12.0,"turns":7.0},{"damage":6.0,"enemies":"Blue Slaver","floor":14.0,"turns":6.0},{"damage":28.0,"enemies":"The Guardian","floor":16.0,"turns":11.0},{"damage":5.0,"enemies":"Shell Parasite","floor":18.0,"turns":6.0},{"damage":41,"enemies":"2 Thieves","floor":20,"turns":5},{"damage":42,"enemies":"3 Cultists","floor":22,"turns":8},{"damage":17,"enemies":"Shelled Parasite and Fungi","floor":30,"turns":7},{"damage":5,"enemies":"Champ","floor":33,"turns":13},{"damage":0,"enemies":"Orb Walker","floor":35,"turns":3},{"damage":0,"enemies":"3 Shapes","floor":38,"turns":7},{"damage":20,"enemies":"Sphere and 2 Shapes","floor":39,"turns":21},{"damage":15,"enemies":"HollowMod:StalkingDevout","floor":41,"turns":6},{"damage":0,"enemies":"Nemesis","floor":44,"turns":11},{"damage":0,"enemies":"Maw","floor":47,"turns":8},{"damage":0,"enemies":"Spire Growth","floor":48,"turns":3},{"damage":85,"enemies":"hubris:GrandSnecko","floor":50,"turns":7}],"seed_played":"271749312912540623","potions_obtained":[{"floor":1.0,"key":"Dexterity Potion"},{"floor":5.0,"key":"AttackPotion"},{"floor":14.0,"key":"blueLaboratory:BottledHope"},{"floor":16.0,"key":"blueLaboratory:PyrophylliteBrew"},{"floor":37,"key":"blueLaboratory:HorrorPotion"},{"floor":37,"key":"FearPotion"},{"floor":37,"key":"FearPotion"}],"is_trial":false,"path_per_floor":["M","?","M","?","M","E","?","R","T","E","R","M","$","M","R","B",null,"M","?","M","?","M","R","$","R","T","$","R","?","M","$","R","B",null,"M","$","?","M","M","R","E","R","T","E","R","?","M","M","R","B"],"character_chosen":"IRONCLAD","items_purchased":["Weak Potion","Metallicize","Vajra","Entrench"],"campfire_rested":1,"item_purchase_floors":[0,13,24,31],"current_hp_per_floor":[80,83,83,63,68,41,41,41,41,44,44,33,33,33,33,11,83,83,83,48,48,12,36,36,36,36,36,36,36,25,25,25,26,83,83,83,83,83,69,69,60,60,67,73,73,73,79,85,85,0,0],"gold":725,"neow_bonus":"","is_daily":false,"chose_seed":false,"campfire_upgraded":9,"win_rate":0.0,"timestamp":1611831760,"path_taken":["M","?","M","?","M","E","?","R","T","E","R","?","$","M","R","BOSS","M","?","M","?","?","R","?","R","T","$","R","?","?","$","R","BOSS","M","$","?","M","?","R","E","R","T","E","R","?","M","M","R","BOSS"],"items_purchased_type":["Potion","Card","Relic","Card"],"build_version":"2020-12-22","purchased_purges":3,"victory":false,"max_hp_per_floor":[80,83,83,83,83,83,83,83,83,83,83,83,83,83,83,83,83,83,83,83,83,83,83,83,83,83,83,83,83,83,83,83,83,83,83,83,83,83,83,83,83,83,90,90,90,90,90,90,90,90,90],"card_choices":[{"not_picked":["Sword Boomerang","StSpp:TheBiggerTheyAre","True Grit"],"picked":"SKIP","floor":1.0},{"not_picked":["Pommel Strike","StSpp:Sprint","Fire Breathing"],"picked":"SKIP","floor":3.0},{"not_picked":["StSpp:Sprint","Sword Boomerang"],"picked":"Shrug It Off","floor":5.0},{"not_picked":["Wild Strike","True Grit"],"picked":"Demon Form","floor":6.0},{"not_picked":["hubris:StunningStrike","StSpp:Succumb"],"picked":"Body Slam","floor":10.0},{"not_picked":["Havoc","Sword Boomerang"],"picked":"Barricade","floor":12.0},{"not_picked":["Iron Wave","StSpp:Succumb","Warcry"],"picked":"SKIP","floor":14.0},{"not_picked":["Sword Boomerang","StSpp:Vengeance","StSpp:Sprint"],"picked":"SKIP","floor":18.0},{"not_picked":["Burning Pact","StSpp:Sprint","Cleave"],"picked":"SKIP","floor":20},{"not_picked":["Anger","Hemokinesis","Rage"],"picked":"SKIP","floor":22},{"not_picked":["Feel No Pain","Twin Strike","Hemokinesis"],"picked":"SKIP","floor":30},{"not_picked":["Fiend Fire","Double Tap"],"picked":"Impervious","floor":33},{"not_picked":["Pommel Strike","Iron Wave+1","Sword Boomerang"],"picked":"SKIP","floor":35},{"not_picked":["Wild Strike+1","Cleave+1"],"picked":"Spot Weakness+1","floor":38},{"not_picked":["hubris:ReadiedAction","Pommel Strike+1","Hemokinesis"],"picked":"SKIP","floor":39},{"not_picked":["Havoc","Shockwave","Cleave"],"picked":"SKIP","floor":41},{"not_picked":["Perfected Strike","hubris:ReadiedAction+1","Thunderclap+1"],"picked":"SKIP","floor":44},{"not_picked":["Rampage+1","Ghostly Armor+1"],"picked":"Body Slam+1","floor":47},{"not_picked":["StSpp:Succumb+1","StSpp:Vengeance"],"picked":"Body Slam","floor":48}],"player_experience":244816,"relics_obtained":[{"floor":6.0,"key":"reliquary:TuningFork"},{"floor":10.0,"key":"hubris:DeckOfHolding"},{"floor":26,"key":"DemoMod:SerJunkan"},{"floor":34,"key":"reliquary:FeatherDuster"},{"floor":34,"key":"hubris:MedicalManual"},{"floor":34,"key":"DemoMod:PoisonVial"},{"floor":41,"key":"DemoMod:Junk"},{"floor":43,"key":"DemoMod:MonsterBlood"},{"floor":44,"key":"DemoMod:Junk"},{"floor":47,"key":"wanderingMiniBosses:CarrionFlame"}],"event_choices":[{"damage_healed":0.0,"max_hp_gain":0.0,"max_hp_loss":0.0,"gold_gain":0.0,"event_name":"Golden Idol","player_choice":"Take Damage","floor":4.0,"gold_loss":0.0,"damage_taken":20.0,"relics_obtained":["Golden Idol"]},{"damage_healed":0.0,"max_hp_gain":0.0,"max_hp_loss":0.0,"gold_gain":0.0,"event_name":"Upgrade Shrine","player_choice":"Upgraded","floor":7.0,"gold_loss":0.0,"damage_taken":0.0,"cards_upgraded":["Demon Form"]},{"damage_healed":0.0,"max_hp_gain":0.0,"max_hp_loss":0.0,"gold_gain":0.0,"event_name":"Vampires","player_choice":"Ignored","floor":19.0,"gold_loss":0.0,"damage_taken":0.0},{"cards_removed":["Strike_R"],"damage_healed":0,"gold_gain":0,"player_choice":"Purged","damage_taken":0,"max_hp_gain":0,"max_hp_loss":0,"event_name":"Purifier","floor":21,"gold_loss":0},{"damage_healed":0,"gold_gain":0,"player_choice":"Gave Potion","damage_taken":0,"relics_obtained":["Old Coin"],"max_hp_gain":0,"max_hp_loss":0,"event_name":"WeMeetAgain","floor":29,"gold_loss":0},{"damage_healed":0,"gold_gain":0,"player_choice":"Got Potions","damage_taken":0,"max_hp_gain":0,"max_hp_loss":0,"event_name":"Lab","floor":37,"gold_loss":0},{"damage_healed":0,"gold_gain":333,"player_choice":"Gave Idol","damage_taken":0,"max_hp_gain":0,"max_hp_loss":0,"event_name":"The Moai Head","floor":46,"relics_lost":["Golden Idol"],"gold_loss":0}],"is_beta":false,"boss_relics":[{"not_picked":["reliquary:KinkedSpring","SacredBark"],"picked":"reliquary:RedPaperclip"},{"not_picked":["hubris:RunicObelisk","Busted Crown"],"picked":"Calling Bell"}],"items_purged_floors":[13,31,36],"is_endless":false,"potions_floor_spawned":[1,5,14,16,22,38,39,48],"killed_by":"hubris:GrandSnecko","ascension_level":0}}