{"host":"na09lpbrez4gbfiz","time":1611866440,"event":{"mods":["Act Like it!","BaseMod","BetterRewards","Colored Map","Colored Powertips","DeckTracker","Googly Eyes","Highlight Path","Minty Spire (QoL Compilation)","Quick Restart","Spicy Shops","StSLib","SuperFastMode","Synergy Search"],"gold_per_floor":[110,385,398,77,93,93,106,181,181,212,19,19,31,109,109,109,109],"floor_reached":16,"language":"ENG","playtime":286,"items_purged":["Regret","Injury","Doubt"],"score":165,"play_id":"2b5182b8-47af-4777-b0ae-3de2b3d8b7dc","local_time":"20210128214040","is_ascension_mode":true,"campfire_choices":[{"data":"Bash","floor":6,"key":"SMITH"},{"floor":15,"key":"DIG"}],"circlet_count":0,"master_deck":["AscendersBane","Strike_R","Strike_R","Strike_R","Strike_R","Strike_R","Defend_R","Defend_R","Defend_R","Defend_R","Bash+1","Inflame","Shrug It Off","Shame"],"relics":["Cursed Key","Membership Card","Turnip","Sundial","Blue Candle","Shovel","Meat on the Bone","Self Forming Clay","Eternal Feather"],"acts_visited":["Exordium"],"potions_floor_usage":[16],"damage_taken":[{"damage":7,"enemies":"Jaw Worm","floor":1,"turns":2},{"damage":0,"enemies":"Cultist","floor":3,"turns":2},{"damage":0,"enemies":"Small Slimes","floor":5,"turns":2},{"damage":6,"enemies":"3 Louse","floor":7,"turns":4},{"damage":43,"enemies":"Lagavulin","floor":10,"turns":7},{"damage":6,"enemies":"Looter","floor":13,"turns":2},{"damage":39,"enemies":"Slime Boss","floor":16,"turns":10}],"seed_played":"-9221402933796514319","potions_obtained":[{"floor":10,"key":"Energy Potion"}],"is_trial":false,"path_per_floor":["M","?","M","$","M","R","M","?","T","E","$","?","M","T","R","B"],"character_chosen":"IRONCLAD","items_purchased":["Membership Card","Turnip","Shrug It Off","Shovel","Meat on the Bone"],"campfire_rested":0,"item_purchase_floors":[4,4,4,11,11],"current_hp_per_floor":[65,65,65,65,65,65,59,48,48,5,5,31,37,37,37,0,0],"gold":109,"neow_bonus":"BOSS_RELIC","is_daily":false,"chose_seed":false,"campfire_upgraded":1,"win_rate":0.0,"timestamp":1611866440,"path_taken":["M","?","?","?","M","R","M","?","T","E","$","?","M","?","R","BOSS"],"items_purchased_type":["Relic","Relic","Card","Relic","Relic"],"build_version":"2020-12-22","purchased_purges":3,"victory":false,"max_hp_per_floor":[80,80,80,80,80,80,80,80,80,80,80,80,80,80,80,80,80],"card_choices":[{"not_picked":["Sword Boomerang","Twin Strike","Armaments"],"picked":"SKIP","floor":1},{"not_picked":["Pommel Strike","True Grit"],"picked":"Inflame","floor":3},{"not_picked":["Spot Weakness","Body Slam","Perfected Strike"],"picked":"SKIP","floor":5},{"not_picked":["Iron Wave","Searing Blow","Intimidate"],"picked":"SKIP","floor":7},{"not_picked":["Twin Strike","Juggernaut","Battle Trance"],"picked":"SKIP","floor":10},{"not_picked":["Cleave","Iron Wave","Anger"],"picked":"SKIP","floor":13}],"player_experience":195165,"relics_obtained":[{"floor":9,"key":"Sundial"},{"floor":10,"key":"Blue Candle"},{"floor":14,"key":"Self Forming Clay"},{"floor":15,"key":"Eternal Feather"}],"event_choices":[{"damage_healed":0,"gold_gain":275,"player_choice":"Desecrate","damage_taken":0,"max_hp_gain":0,"max_hp_loss":0,"event_name":"Golden Shrine","floor":2,"gold_loss":0,"cards_obtained":["Regret"]},{"damage_healed":0,"gold_gain":75,"player_choice":"Gather Gold","damage_taken":11,"max_hp_gain":0,"max_hp_loss":0,"event_name":"World of Goop","floor":8,"gold_loss":0},{"damage_healed":26,"gold_gain":0,"player_choice":"Banana","damage_taken":0,"max_hp_gain":0,"max_hp_loss":0,"event_name":"Big Fish","floor":12,"gold_loss":0}],"is_beta":false,"boss_relics":[],"items_purged_floors":[4,4,11],"is_endless":false,"potions_floor_spawned":[10,13],"killed_by":"Slime Boss","ascension_level":13}}