{"host":"8pcehwtvb3b6plng","time":1611824797,"event":{"mods":["BaseMod","Minty Spire (QoL Compilation)","Replay The Spire","StSLib"],"gold_per_floor":[119,119,130,144,144,144,179,179,203,217,142,160,160,174,174,271,271,281,281,206,121,133,133,143,172,172,192,220,220,237,268,268,363,363,383,383,383,399,418,451,501,529,554,571,571,571,571],"floor_reached":46,"language":"ZHS","playtime":1873,"items_purged":["Strike_G"],"score":886,"play_id":"70a2dbbe-1a17-4c94-8ce0-67cbde9ab8e5","local_time":"20210128170637","is_ascension_mode":true,"campfire_choices":[{"data":"Neutralize","floor":6,"key":"SMITH"},{"data":"Terror","floor":8,"key":"SMITH"},{"data":"Tools of the Trade","floor":13,"key":"SMITH"},{"floor":15,"key":"DIG"},{"data":"Envenom","floor":23,"key":"SMITH"},{"data":"Accuracy","floor":29,"key":"SMITH"},{"data":"Poison Darts","floor":32,"key":"SMITH"}],"circlet_count":0,"master_deck":["Strike_G+1","Strike_G+1","Strike_G+1","Defend_G+1","Defend_G+1","Defend_G+1","Defend_G+1","Defend_G+1","Survivor+1","Neutralize+1","Terror+1","Unload","Quick Slash","Tools of the Trade+1","Eviscerate","Envenom+1","Dodge and Roll+1","Blade Dance+1","Accuracy+1","Underhanded Strike","Poison Darts+1","Cloak And Dagger","Replay:Bag of Tricks","Noxious Fumes","Hidden Blade","Backflip+1","Doppelganger","Underhanded Strike+1","Cloak And Dagger+1","Catalyst+1","Noxious Fumes+1"],"relics":["Ring of the Snake","Blue Doll","Strawberry","Pantograph","Sozu","Mercury Hourglass","Centennial Puzzle","Bottled Tornado","War Paint","Garlic","Replay:Bronze Core","Darkstone Periapt","Durian","Happy Flower"],"acts_visited":["Exordium","TheCity","TheBeyond"],"potions_floor_usage":[7,28],"damage_taken":[{"damage":1,"enemies":"Small Slimes","floor":1,"turns":4},{"damage":0,"enemies":"Cultist","floor":3,"turns":4},{"damage":0,"enemies":"2 Louse","floor":4,"turns":3},{"damage":25,"enemies":"3 Sentries","floor":7,"turns":10},{"damage":0,"enemies":"Looter","floor":10,"turns":3},{"damage":1,"enemies":"Blue Slaver","floor":12,"turns":2},{"damage":0,"enemies":"Red Slaver","floor":14,"turns":5},{"damage":12,"enemies":"Slime Boss","floor":16,"turns":8},{"damage":1,"enemies":"3 Byrds","floor":18,"turns":5},{"damage":11,"enemies":"Spheric Guardian","floor":22,"turns":3},{"damage":3,"enemies":"Centurion and Healer","floor":24,"turns":4},{"damage":0,"enemies":"Gremlin Leader","floor":25,"turns":5},{"damage":2,"enemies":"Snake Plant","floor":27,"turns":3},{"damage":33,"enemies":"Slavers","floor":28,"turns":4},{"damage":10,"enemies":"Snecko","floor":30,"turns":3},{"damage":0,"enemies":"Gremlin Leader","floor":31,"turns":4},{"damage":38,"enemies":"Automaton","floor":33,"turns":5},{"damage":5,"enemies":"Orb Walker","floor":35,"turns":2},{"damage":3,"enemies":"3 Shapes","floor":38,"turns":5},{"damage":0,"enemies":"Transient","floor":39,"turns":5},{"damage":49,"enemies":"Nemesis","floor":40,"turns":7},{"damage":5,"enemies":"2 Orb Walkers","floor":41,"turns":4},{"damage":0,"enemies":"R_Hoarder","floor":42,"turns":6},{"damage":0,"enemies":"Maw","floor":44,"turns":4},{"damage":11,"enemies":"Reptomancer","floor":46,"turns":2}],"seed_played":"2242155574506500290","potions_obtained":[{"floor":1,"key":"Elixir"},{"floor":3,"key":"Poison Potion"},{"floor":14,"key":"DuplicationPotion"},{"floor":16,"key":"Adrenaline Potion"}],"is_trial":false,"path_per_floor":["M","?","M","M","?","R","E","R","T","M","$","M","R","M","R","B",null,"M","?","?","?","M","R","M","E","T","M","E","R","M","E","R","B",null,"M","$","?","M","M","E","?","E","T","M","?","E"],"character_chosen":"THE_SILENT","items_purchased":[],"campfire_rested":0,"item_purchase_floors":[],"current_hp_per_floor":[69,54,54,54,54,54,29,29,36,36,36,35,35,35,35,48,75,74,74,74,74,63,63,60,60,60,58,25,25,15,15,15,2,64,59,59,59,56,56,7,7,7,7,7,7,0,0],"gold":571,"neow_bonus":"TEN_PERCENT_HP_BONUS","is_daily":false,"chose_seed":false,"campfire_upgraded":6,"win_rate":0.0,"timestamp":1611824797,"path_taken":["M","?","M","M","?","R","E","R","T","?","$","M","R","M","R","BOSS","M","?","?","?","M","R","M","E","T","M","E","R","M","E","R","BOSS","M","$","?","?","M","E","?","E","T","M","?","E"],"items_purchased_type":[],"build_version":"2020-12-22","purchased_purges":1,"victory":false,"max_hp_per_floor":[77,77,77,77,77,77,77,77,84,84,84,84,84,84,84,84,84,84,84,84,84,84,84,84,84,84,84,84,84,84,84,84,84,84,84,84,84,84,84,84,89,89,89,89,89,89,89],"card_choices":[{"not_picked":["Poisoned Stab","Riddle With Holes"],"picked":"Terror","floor":1},{"not_picked":["Underhanded Strike","Calculated Gamble"],"picked":"Hidden Blade","floor":3},{"not_picked":["Flying Knee","Flechettes"],"picked":"Unload","floor":4},{"not_picked":["ReplayTheSpireMod:Exploit Weakness","Skewer","Slice"],"picked":"SKIP","floor":7},{"not_picked":["Deflect","Sneak Up"],"picked":"Quick Slash","floor":10},{"not_picked":["Dagger Spray","Slice"],"picked":"Tools of the Trade","floor":12},{"not_picked":["Slice","Dash"],"picked":"Eviscerate","floor":14},{"not_picked":["Malaise","Tools of the Trade"],"picked":"Envenom","floor":16},{"not_picked":["Slice","Dagger Spray+1","PiercingWail"],"picked":"SKIP","floor":18},{"not_picked":["Dagger Spray+1","Setup","Dagger Throw+1"],"picked":"SKIP","floor":22},{"not_picked":["Hidden Blade","Finisher"],"picked":"Dodge and Roll","floor":24},{"not_picked":["Prepared","Dash"],"picked":"Blade Dance","floor":25},{"not_picked":["Fluid Movement+1","Sucker Punch"],"picked":"Accuracy","floor":27},{"not_picked":["Quick Slash","Deadly Poison"],"picked":"Underhanded Strike","floor":28},{"not_picked":["Dagger Spray","Choke"],"picked":"Poison Darts","floor":30},{"not_picked":["Dodge and Roll","Dagger Spray+1"],"picked":"Cloak And Dagger","floor":31},{"not_picked":["Night Terror","Grand Finale"],"picked":"Replay:Bag of Tricks","floor":33},{"not_picked":["Flying Knee+1","Quick Slash"],"picked":"Noxious Fumes","floor":35},{"not_picked":["Dodge and Roll","PiercingWail"],"picked":"Backflip+1","floor":38},{"not_picked":["Outmaneuver+1","Choke"],"picked":"Doppelganger","floor":39},{"not_picked":["Poisoned Stab+1","Well Laid Plans"],"picked":"Underhanded Strike+1","floor":40},{"not_picked":["Hidden Blade","PiercingWail+1"],"picked":"Cloak And Dagger+1","floor":41},{"not_picked":["Deflect+1","Skewer"],"picked":"Catalyst+1","floor":42},{"not_picked":["Outmaneuver","Dagger Throw"],"picked":"Noxious Fumes+1","floor":44}],"player_experience":159280,"relics_obtained":[{"floor":7,"key":"Blue Doll"},{"floor":9,"key":"Strawberry"},{"floor":15,"key":"Pantograph"},{"floor":25,"key":"Centennial Puzzle"},{"floor":26,"key":"Bottled Tornado"},{"floor":28,"key":"War Paint"},{"floor":31,"key":"Garlic"},{"floor":40,"key":"Darkstone Periapt"},{"floor":41,"key":"Durian"},{"floor":42,"key":"Happy Flower"}],"event_choices":[{"damage_healed":0,"gold_gain":0,"player_choice":"Entered Light","damage_taken":15,"max_hp_gain":0,"max_hp_loss":0,"event_name":"Shining Light","floor":2,"gold_loss":0,"cards_upgraded":["Defend_G","Survivor"]},{"cards_removed":["Strike_G"],"damage_healed":0,"gold_gain":0,"player_choice":"Offered Basic","damage_taken":0,"max_hp_gain":0,"max_hp_loss":0,"event_name":"Bonfire Elementals","floor":5,"gold_loss":0},{"damage_healed":0,"gold_gain":0,"player_choice":"Simplicity","damage_taken":0,"max_hp_gain":0,"max_hp_loss":0,"event_name":"Back to Basics","floor":19,"gold_loss":0,"cards_upgraded":["Strike_G","Strike_G","Strike_G","Defend_G","Defend_G","Defend_G","Defend_G"]},{"cards_removed":["Hidden Blade"],"damage_healed":0,"gold_gain":0,"player_choice":"Gave Gold","damage_taken":0,"max_hp_gain":0,"max_hp_loss":0,"event_name":"Beggar","floor":20,"gold_loss":75},{"damage_healed":0,"gold_gain":0,"player_choice":"Obtained Relic","damage_taken":0,"relics_obtained":["Mercury Hourglass"],"max_hp_gain":0,"max_hp_loss":0,"event_name":"Addict","floor":21,"gold_loss":85},{"damage_healed":0,"gold_gain":0,"player_choice":"1 cards matched","damage_taken":0,"max_hp_gain":0,"max_hp_loss":0,"event_name":"Match and Keep!","floor":37,"gold_loss":0,"cards_obtained":["Hidden Blade"]},{"damage_healed":0,"gold_gain":0,"player_choice":"Fight","damage_taken":0,"max_hp_gain":0,"max_hp_loss":0,"event_name":"Mysterious Sphere","floor":41,"gold_loss":0}],"is_beta":false,"boss_relics":[{"not_picked":["Honey Jar","Ectoplasm"],"picked":"Sozu"},{"not_picked":["Snecko Scales","Empty Cage"],"picked":"Replay:Bronze Core"}],"items_purged_floors":[11],"is_endless":false,"potions_floor_spawned":[1,3,14,16,22,24,30,33,35,39,44],"killed_by":"Reptomancer","ascension_level":8}}