{"host":"7f7cdfy4xmkutrl8","time":1611810151,"event":{"mods":["AchievementEnabler","BaseMod","Downfall","Hermit","Marisa????????","Minty Spire (QoL Compilation)","Replay The Spire","Shop Mod","StSLib","The Animator","The Cursed","The Hierophant","The Servant 0.9.4"],"gold_per_floor":[118,138,163,177,21,49,59,59,59],"floor_reached":8,"language":"ENG","playtime":1340,"items_purged":[],"score":60,"play_id":"468f80cc-cd3d-4605-98c3-5700630c15da","local_time":"20210128000231","is_ascension_mode":false,"campfire_choices":[],"circlet_count":0,"master_deck":["animator:Strike_Konosuba","animator:Defend_Konosuba","animator:Strike","animator:Strike","animator:Strike","animator:Defend","animator:Defend","animator:Defend","animator:Kazuma","animator:Aqua","animator:DolaSchwi","animator:Evileye","animator:Sloth","animator:Melzalgald","animator:Berserker","animator:MaesHughes"],"relics":["animator:LivingPicture","animator:TheMissingPiece","animator:PurgingStone","Replay:Baseball","ReplayTheSpireMod:Shallot"],"acts_visited":["Exordium"],"potions_floor_usage":[],"damage_taken":[{"damage":5,"enemies":"Cultist","floor":1,"turns":6},{"damage":6,"enemies":"2 Louse","floor":2,"turns":4},{"damage":1,"enemies":"Jaw Worm","floor":3,"turns":5},{"damage":13,"enemies":"2 Fungi Beasts","floor":4,"turns":4},{"damage":24,"enemies":"Lagavulin","floor":6,"turns":6},{"damage":8,"enemies":"Exordium Wildlife","floor":7,"turns":4},{"damage":27,"enemies":"3 Sentries","floor":8,"turns":5}],"seed_played":"8212574728829665829","potions_obtained":[{"floor":2,"key":"Fire Potion"},{"floor":3,"key":"DistilledChaos"},{"floor":4,"key":"SpeedPotion"},{"floor":6,"key":"BlessingOfTheForge"}],"is_trial":false,"path_per_floor":["M","M","M","M","$","E","M","E"],"character_chosen":"THE_ANIMATOR","items_purchased":["Replay:Baseball"],"campfire_rested":0,"item_purchase_floors":[5],"current_hp_per_floor":[67,63,64,53,53,31,24,0,0],"gold":59,"neow_bonus":"TEN_PERCENT_HP_BONUS","is_daily":false,"chose_seed":false,"campfire_upgraded":0,"win_rate":0.0,"timestamp":1611810151,"path_taken":["M","M","M","M","$","E","?","E"],"items_purchased_type":["Relic"],"build_version":"2020-12-22","purchased_purges":0,"victory":false,"max_hp_per_floor":[72,72,72,72,72,72,73,73,73],"card_choices":[{"not_picked":["animator:Illya","animator:DolaStephanie"],"picked":"animator:DolaSchwi","floor":1},{"not_picked":["animator:Aqua","animator:RinTohsaka"],"picked":"animator:Evileye","floor":2},{"not_picked":["animator:MaesHughes","animator:DolaCouronne"],"picked":"animator:Sloth","floor":3},{"not_picked":["animator:Tatsumaki","animator:Genos"],"picked":"animator:Melzalgald","floor":4},{"not_picked":["animator:Vanir","animator:Gluttony"],"picked":"animator:Berserker","floor":6},{"not_picked":["animator:Father","animator:Jibril"],"picked":"animator:MaesHughes","floor":7}],"player_experience":3252,"relics_obtained":[{"floor":6,"key":"ReplayTheSpireMod:Shallot"}],"event_choices":[],"is_beta":false,"boss_relics":[],"items_purged_floors":[],"is_endless":false,"potions_floor_spawned":[2,3,4,6],"killed_by":"3 Sentries","ascension_level":0}}