{"host":"n45maixt3qrh0rsz","time":1611821611,"event":{"mods":["ATMod(°¢èªMod)","Act Like it!","Arknights The Spire","BaseMod","CapriCore","Dota2Spire","Downfall","Gensokyo","Minty Spire (QoL Compilation)","Quick Restart","Relic Stats","Replay The Spire","StSLib","¡¾ÒÅÎï¿¨ÅÆ¡¿REMEMod"],"gold_per_floor":[99,99,199,199,649,649,649,549,549,561,581,616,416,416,416,416,416,416],"floor_reached":16,"language":"ZHS","playtime":439,"items_purged":[],"score":94,"play_id":"13384dab-6367-4986-9034-5aa69437f599","local_time":"20210128161331","is_ascension_mode":false,"campfire_choices":[{"floor":8,"key":"RECALL"},{"floor":13,"key":"REST"},{"floor":15,"key":"REST"}],"circlet_count":0,"master_deck":["hexamod:Strike","hexamod:Strike","hexamod:Strike","hexamod:Strike","hexamod:Defend","hexamod:Defend","hexamod:Defend","hexamod:Defend","hexamod:Sear","hexamod:Float","AT_LightSaberMaster","hexamod:TimeOfNeed","hexamod:SuperheatedStrike","hexamod:ChargedBarrage","downfall:Icky","downfall:Icky","downfall:Icky","hexamod:SwordOfDarkness","hexamod:RadiantFlame","hexamod:FlamesFromBeyond","hexamod:UnleashSpirits","Parasite"],"relics":["hexamod:SpiritBrand","AT_ATBox","REME_ComplimentaryCards","downfall:HeartsMalice","hexamod:CandleOfCauterizing","AT_RedTearstoneRing","downfall:HeartBlessingBlue","Dota2Spire:PhaseBoots","downfall:HeartBlessingRed","downfall:HeartBlessingGreen"],"acts_visited":["Exordium"],"potions_floor_usage":[12,16],"damage_taken":[{"damage":0,"enemies":"Small Slimes","floor":1,"turns":1},{"damage":0,"enemies":"2 Louse","floor":2,"turns":1},{"damage":0,"enemies":"Jaw Worm","floor":9,"turns":1},{"damage":20,"enemies":"Exordium Wildlife","floor":10,"turns":6},{"damage":18,"enemies":"Exordium Thugs","floor":11,"turns":4},{"damage":22,"enemies":"3 Sentries","floor":12,"turns":6},{"damage":84,"enemies":"SI_SHIV_ARCHETYPE","floor":16,"turns":8}],"seed_played":"2431022700246064670","potions_obtained":[{"floor":10,"key":"SteroidPotion"},{"floor":11,"key":"Energy Potion"}],"is_trial":false,"path_per_floor":["M","M","?","?","?","T","T","R","M","M","M","E","R","?","R","B"],"character_chosen":"THE_SPIRIT","items_purchased":[],"campfire_rested":2,"item_purchase_floors":[],"current_hp_per_floor":[70,70,70,67,67,67,67,77,77,57,39,17,41,61,80,0,0,0],"gold":416,"neow_bonus":"THREE_ENEMY_KILL","is_daily":false,"chose_seed":false,"campfire_upgraded":0,"win_rate":0.0,"timestamp":1611821611,"path_taken":["M","M","?","?","?","?","T","R","M","M","?","E","R","?","R","BOSS"],"items_purchased_type":[],"build_version":"2020-12-22","purchased_purges":0,"victory":false,"max_hp_per_floor":[70,70,70,70,70,70,70,80,80,80,80,80,80,80,80,80,80,80],"relic_stats":{"counters":[7,24],"obtain_stats":[{"hexamod:CandleOfCauterizing":4,"AT_RedTearstoneRing":7,"AT_ATBox":0,"downfall:HeartBlessingRed":13,"downfall:HeartBlessingBlue":8,"downfall:HeartsMalice":0,"downfall:HeartBlessingGreen":13,"hexamod:SpiritBrand":0,"REME_ComplimentaryCards":0,"Dota2Spire:PhaseBoots":12},{"hexamod:CandleOfCauterizing":2,"AT_RedTearstoneRing":2,"AT_ATBox":0,"downfall:HeartBlessingRed":6,"downfall:HeartBlessingBlue":2,"downfall:HeartsMalice":0,"downfall:HeartBlessingGreen":6,"hexamod:SpiritBrand":0,"REME_ComplimentaryCards":0,"Dota2Spire:PhaseBoots":6},{"hexamod:CandleOfCauterizing":0,"AT_RedTearstoneRing":0,"AT_ATBox":0,"downfall:HeartBlessingRed":16,"downfall:HeartBlessingBlue":0,"downfall:HeartsMalice":0,"downfall:HeartBlessingGreen":16,"hexamod:SpiritBrand":0,"REME_ComplimentaryCards":0,"Dota2Spire:PhaseBoots":16}]},"card_choices":[{"not_picked":["hexamod:HeatCrush","hexamod:SpectralAdrenaline"],"picked":"hexamod:SuperheatedStrike","floor":1},{"not_picked":["hexamod:NightmareStrike","hexamod:HeatMetal"],"picked":"hexamod:ChargedBarrage","floor":2},{"not_picked":["hexamod:Hexaguard","hexamod:HeatCrush"],"picked":"hexamod:SwordOfDarkness","floor":9},{"not_picked":["hexamod:Again","hexamod:RainOfEmbers"],"picked":"hexamod:RadiantFlame","floor":10},{"not_picked":["hexamod:BacktrackSmack","hexamod:HauntingEcho"],"picked":"hexamod:FlamesFromBeyond","floor":11},{"not_picked":["hexamod:StepThrough","hexamod:SoulSteal"],"picked":"hexamod:UnleashSpirits","floor":12}],"player_experience":58973,"relics_obtained":[{"floor":7,"key":"AT_RedTearstoneRing"},{"floor":12,"key":"Dota2Spire:PhaseBoots"}],"event_choices":[{"damage_healed":0,"gold_gain":0,"player_choice":"Success","damage_taken":3,"relics_obtained":["hexamod:CandleOfCauterizing"],"max_hp_gain":0,"max_hp_loss":0,"event_name":"Scrap Ooze","floor":4,"gold_loss":0},{"damage_healed":20,"gold_gain":0,"player_choice":"Healed and dodged fight","damage_taken":0,"max_hp_gain":0,"max_hp_loss":0,"event_name":"Mushrooms","floor":14,"gold_loss":0,"cards_obtained":["Parasite"]}],"is_beta":false,"boss_relics":[],"items_purged_floors":[],"is_endless":false,"potions_floor_spawned":[10,11],"killed_by":"SI_SHIV_ARCHETYPE","ascension_level":0}}