{"host":"qsusua7l529r8z9k","time":1611853793,"event":{"mods":["BaseMod","Minty Spire (QoL Compilation)","Spicy Shops","StSLib"],"gold_per_floor":[115,135,155,155,46,46,77,77,102,114,160,191,220,232,244,256,256],"floor_reached":16,"language":"ZHS","playtime":446,"items_purged":["Strike_B"],"score":215,"play_id":"cdd145b9-9b72-4cca-bed5-7443f430bd23","local_time":"20210129010953","is_ascension_mode":true,"campfire_choices":[{"data":"Defragment","floor":6.0,"key":"SMITH"},{"floor":8.0,"key":"REST"},{"data":"Fission","floor":15.0,"key":"SMITH"}],"circlet_count":0,"master_deck":["AscendersBane","Strike_B","Strike_B+1","Strike_B+1","Defend_B","Defend_B","Defend_B","Defend_B","Zap","Dualcast","Turbo","Self Repair","Defragment+1","Core Surge","Conserve Battery","Fission+1","Skim","Heatsinks","Recycle"],"relics":["Cracked Core","MealTicket","Whetstone","MawBank","DataDisk","Gambling Chip","Juzu Bracelet"],"acts_visited":["Exordium"],"potions_floor_usage":[],"damage_taken":[{"damage":1.0,"enemies":"Cultist","floor":1.0,"turns":3.0},{"damage":1.0,"enemies":"2 Louse","floor":2.0,"turns":2.0},{"damage":11.0,"enemies":"Jaw Worm","floor":3.0,"turns":5.0},{"damage":69.0,"enemies":"Gremlin Nob","floor":7.0,"turns":5.0},{"damage":16.0,"enemies":"Lagavulin","floor":11.0,"turns":7.0},{"damage":0.0,"enemies":"Red Slaver","floor":12.0,"turns":3.0},{"damage":10.0,"enemies":"Gremlin Gang","floor":13.0,"turns":5.0},{"damage":26,"enemies":"The Guardian","floor":16,"turns":2}],"seed_played":"-2506709898749361037","potions_obtained":[{"floor":11.0,"key":"DistilledChaos"},{"floor":13.0,"key":"BlessingOfTheForge"}],"is_trial":false,"path_per_floor":["M","M","M","?","$","R","E","R","T","T","E","M","M","?","R","B"],"character_chosen":"DEFECT","items_purchased":["Conserve Battery"],"campfire_rested":1,"item_purchase_floors":[5],"current_hp_per_floor":[63,62,58,58,71,71,2,23,23,23,14,21,18,18,18,0,0],"gold":256,"neow_bonus":"RANDOM_COMMON_RELIC","is_daily":false,"chose_seed":false,"campfire_upgraded":2,"win_rate":0.0,"timestamp":1611853793,"path_taken":["M","?","M","?","$","R","E","R","T","?","E","M","M","?","R","BOSS"],"items_purchased_type":["Card"],"build_version":"2020-12-22","purchased_purges":1,"victory":false,"max_hp_per_floor":[71,71,71,71,71,71,71,71,71,71,71,71,71,71,71,71,71],"card_choices":[{"not_picked":["Go for the Eyes","Chaos"],"picked":"Turbo","floor":1.0},{"not_picked":["Steam","Leap"],"picked":"Self Repair","floor":2.0},{"not_picked":["Hologram","Coolheaded"],"picked":"Defragment","floor":3.0},{"not_picked":["Streamline","Steam"],"picked":"Fission","floor":7.0},{"not_picked":["Meteor Strike","Barrage"],"picked":"Skim","floor":11.0},{"not_picked":["Turbo","Consume"],"picked":"Heatsinks","floor":12.0},{"not_picked":["Sweeping Beam","Leap"],"picked":"Recycle","floor":13.0}],"player_experience":539726,"relics_obtained":[{"floor":7.0,"key":"Whetstone"},{"floor":9.0,"key":"MawBank"},{"floor":10.0,"key":"DataDisk"},{"floor":11.0,"key":"Gambling Chip"}],"event_choices":[{"damage_healed":0.0,"max_hp_gain":0.0,"max_hp_loss":0.0,"gold_gain":0.0,"event_name":"Match and Keep!","player_choice":"1 cards matched","floor":4.0,"gold_loss":0.0,"damage_taken":0.0,"cards_obtained":["Core Surge"]},{"damage_healed":0.0,"max_hp_gain":0.0,"max_hp_loss":0.0,"gold_gain":0.0,"event_name":"WeMeetAgain","player_choice":"Gave Potion","floor":14.0,"gold_loss":0.0,"damage_taken":0.0,"relics_obtained":["Juzu Bracelet"]}],"is_beta":false,"boss_relics":[],"items_purged_floors":[5],"is_endless":false,"potions_floor_spawned":[11,13],"killed_by":"The Guardian","ascension_level":19}}