{"host":"Mute","time":1611859737,"event":{"mods":["BaseMod","Colored Map","Downfall","Minty Spire (QoL Compilation)","StSLib"],"gold_per_floor":[99,117,136,136,71,86,86,86,111,124,138,166,184,197,210,308,308,308,325,335,349,361,361,440,440,440,440],"floor_reached":25,"language":"ENG","playtime":2394,"items_purged":[],"score":219,"play_id":"8c09b500-b840-415c-aa45-85a6a8ef85de","local_time":"20210128134857","is_ascension_mode":false,"campfire_choices":[{"data":"hexamod:ForkedFlame","floor":1,"key":"SMITH"},{"data":"hexamod:FastForward","floor":8,"key":"SMITH"},{"data":"hexamod:FlameSwitch","floor":18,"key":"SMITH"},{"data":"hexamod:GhostOfSpireFuture","floor":23,"key":"SMITH"}],"circlet_count":0,"master_deck":["hexamod:Strike","hexamod:Strike","hexamod:Strike","hexamod:Defend","hexamod:Defend","hexamod:Defend","hexamod:Defend","hexamod:Sear","hexamod:Float","hexamod:ForkedFlame+1","hexamod:HauntingEcho","hexamod:ApocalypticArmor","hexamod:FastForward+1","hexamod:SoulSteal","hexamod:FastForward","hexamod:FlameSwitch+1","hexamod:GhostOfSpireFuture+1","hexamod:FastForward+1","hexamod:AdvancingGuard"],"relics":["hexamod:SpiritBrand","The Courier","Bottled Tornado","Calipers","SlaversCollar","Meat on the Bone"],"acts_visited":["Exordium","TheCity"],"potions_floor_usage":[12],"damage_taken":[{"damage":1,"enemies":"Jaw Worm","floor":2,"turns":3},{"damage":0,"enemies":"Cultist","floor":3,"turns":2},{"damage":0,"enemies":"downfall:FleeingMerchant","floor":5,"turns":4},{"damage":0,"enemies":"Small Slimes","floor":6,"turns":2},{"damage":8,"enemies":"Gremlin Nob","floor":9,"turns":3},{"damage":2,"enemies":"Blue Slaver","floor":10,"turns":3},{"damage":7,"enemies":"Large Slime","floor":11,"turns":3},{"damage":1,"enemies":"3 Sentries","floor":12,"turns":4},{"damage":0,"enemies":"2 Fungi Beasts","floor":13,"turns":3},{"damage":0,"enemies":"3 Louse","floor":14,"turns":2},{"damage":5,"enemies":"Lots of Slimes","floor":15,"turns":4},{"damage":16,"enemies":"WA_ARCHETYPE_RETAIN","floor":16,"turns":7},{"damage":13,"enemies":"Spheric Guardian","floor":19,"turns":5},{"damage":12,"enemies":"Chosen and Byrds","floor":20,"turns":5},{"damage":0,"enemies":"Cultist and Chosen","floor":21,"turns":6},{"damage":29,"enemies":"Snake Plant","floor":22,"turns":5}],"seed_played":"7114214831141667676","potions_obtained":[{"floor":6,"key":"FearPotion"},{"floor":10,"key":"Strength Potion"},{"floor":11,"key":"SkillPotion"}],"is_trial":false,"path_per_floor":["R","M","M","?","$","M","T","R","E","M","M","E","M","M","M","B",null,"R","M","M","M","M","R","T","?"],"character_chosen":"THE_SPIRIT","items_purchased":["hexamod:FastForward"],"campfire_rested":0,"item_purchase_floors":[5],"current_hp_per_floor":[63,62,62,62,62,62,62,62,54,52,45,44,44,44,39,23,63,63,50,38,38,9,9,9,0,0,0],"gold":440,"neow_bonus":"THREE_RARE_CARDS","is_daily":false,"chose_seed":false,"campfire_upgraded":4,"win_rate":0.0,"timestamp":1611859737,"path_taken":["R","M","M","?","?","M","T","R","E","?","M","E","M","M","M","BOSS","R","M","M","M","M","R","T","?"],"items_purchased_type":["Card"],"build_version":"2020-12-18","purchased_purges":0,"victory":false,"max_hp_per_floor":[63,63,63,63,63,63,63,63,63,63,63,63,63,63,63,63,63,63,63,63,63,63,63,63,63,63,63],"card_choices":[{"not_picked":["hexamod:UnlimitedPower","hexamod:GiftsFromTheDead"],"picked":"hexamod:ForkedFlame","floor":0},{"not_picked":["hexamod:SpectersWail","hexamod:NightmareStrike"],"picked":"hexamod:HauntingEcho","floor":2},{"not_picked":["hexamod:GhostShield","hexamod:NightmareGuise","hexamod:GhostLash"],"picked":"SKIP","floor":3},{"not_picked":["hexamod:StepThrough","hexamod:InspiringFlames"],"picked":"hexamod:ApocalypticArmor","floor":5},{"not_picked":["hexamod:FlamesFromBeyond","hexamod:GhostShield","hexamod:PhantomFireball"],"picked":"SKIP","floor":6},{"not_picked":["hexamod:GhostOfSpirePast","hexamod:FourthSeal","hexamod:AdvancingGuard"],"picked":"SKIP","floor":9},{"not_picked":["hexamod:Haunt","hexamod:SwordOfDarkness"],"picked":"hexamod:SoulSteal","floor":10},{"not_picked":["hexamod:BacktrackSmack","hexamod:EtherealExpedition","hexamod:Hexaguard"],"picked":"SKIP","floor":11},{"not_picked":["hexamod:GhostShield","hexamod:Hexaguard","hexamod:DynamicBlow"],"picked":"SKIP","floor":12},{"not_picked":["hexamod:GhostOfSpirePast","hexamod:SuperheatedStrike"],"picked":"hexamod:FastForward","floor":13},{"not_picked":["hexamod:NightmareGuise","hexamod:SpectersWail"],"picked":"hexamod:FlameSwitch","floor":14},{"not_picked":["hexamod:GhostShield","hexamod:SpectralAdrenaline","hexamod:ThermalTransfer"],"picked":"SKIP","floor":15},{"not_picked":["hexamod:AdvancingGuard","hexamod:ShieldOfDarkness"],"picked":"hexamod:GhostOfSpireFuture","floor":19},{"not_picked":["hexamod:FlamesFromBeyond","hexamod:SpectralAdrenaline"],"picked":"hexamod:FastForward+1","floor":20},{"not_picked":["hexamod:SpectralAdrenaline","hexamod:BurningTouch","hexamod:BacktrackSmack"],"picked":"SKIP","floor":21},{"not_picked":["hexamod:GhostLash","hexamod:RetreatToShadows+1"],"picked":"hexamod:AdvancingGuard","floor":22}],"player_experience":529695,"relics_obtained":[{"floor":7,"key":"The Courier"},{"floor":9,"key":"Bottled Tornado"},{"floor":12,"key":"Calipers"},{"floor":24,"key":"Meat on the Bone"}],"event_choices":[],"is_beta":true,"boss_relics":[{"not_picked":["Busted Crown","Pandora\u0027s Box"],"picked":"SlaversCollar"}],"items_purged_floors":[],"is_endless":false,"potions_floor_spawned":[6,10,11,15,16],"ascension_level":0}}