{"host":"s41rn2jhghpwfrvz","time":1611829976,"event":{"mods":["BaseMod","Minty Spire (QoL Compilation)","Quick Restart","Relic Stats","SuperFastMode"],"gold_per_floor":[110,121,131,27,46,46,80,104,189,215,239,251,163,196,196,279,279,290,290,290,304,316,349,367,392,417,432,450,400,412,423,423,496,496,513,167,183,183,183,210,210,242,242,271,282,325,339,339,339,339,339,339,339,31,63,63],"floor_reached":57,"language":"ENG","playtime":1542,"items_purged":["Coolheaded","Evaluate","PathToVictory","PiercingWail","Sweeping Beam+1"],"score":3681,"play_id":"4ef1cd18-59f8-4c9e-b46b-341f366e35f8","local_time":"20210128123256","daily_mods":["SealedDeck","Vintage","Diverse"],"is_ascension_mode":true,"campfire_choices":[{"floor":6,"key":"DIG"},{"floor":15,"key":"DIG"},{"floor":32,"key":"RECALL"},{"floor":41,"key":"DIG"},{"floor":49,"key":"DIG"},{"floor":53,"key":"DIG"}],"circlet_count":0,"master_deck":["AscendersBane","Beam Cell","Genetic Algorithm","Backflip","Core Surge","Genetic Algorithm+1","Finesse+1","Pommel Strike+1","Deep Breath+1"],"relics":["Burning Blood","Ornamental Fan","Shovel","Orichalcum","Whetstone","Du-Vu Doll","MawBank","Potion Belt","Paper Frog","Nunchaku","Oddly Smooth Stone","CeramicFish","Empty Cage","Blue Candle","Torii","Bag of Marbles","Blood Vial","Smiling Mask","Toy Ornithopter","Ancient Tea Set","Gremlin Horn","Toxic Egg 2","Vajra","InkBottle","Black Star","Art of War","DollysMirror","Calipers","Singing Bowl","Anchor","Eternal Feather","Turnip","MealTicket","Pear","Dream Catcher","Centennial Puzzle","StrikeDummy","Self Forming Clay","Shuriken","Kunai","White Beast Statue","TheAbacus","Champion Belt","Bird Faced Urn"],"acts_visited":["Exordium","TheCity","TheBeyond","TheEnding"],"potions_floor_usage":[16,56,56,56,56],"damage_taken":[{"damage":4,"enemies":"Jaw Worm","floor":1,"turns":4},{"damage":9,"enemies":"Small Slimes","floor":2,"turns":3},{"damage":5,"enemies":"2 Louse","floor":3,"turns":3},{"damage":0,"enemies":"Exordium Wildlife","floor":5,"turns":3},{"damage":33,"enemies":"Gremlin Nob","floor":7,"turns":4},{"damage":6,"enemies":"Large Slime","floor":8,"turns":3},{"damage":0,"enemies":"Exordium Thugs","floor":10,"turns":3},{"damage":0,"enemies":"Red Slaver","floor":11,"turns":2},{"damage":0,"enemies":"Lagavulin","floor":14,"turns":4},{"damage":26,"enemies":"Slime Boss","floor":16,"turns":6},{"damage":2,"enemies":"Chosen","floor":18,"turns":3},{"damage":9,"enemies":"Shell Parasite","floor":21,"turns":3},{"damage":19,"enemies":"Centurion and Healer","floor":22,"turns":3},{"damage":0,"enemies":"Gremlin Leader","floor":23,"turns":3},{"damage":0,"enemies":"Snake Plant","floor":24,"turns":3},{"damage":14,"enemies":"Book of Stabbing","floor":25,"turns":4},{"damage":0,"enemies":"Chosen and Byrds","floor":27,"turns":3},{"damage":1,"enemies":"Snecko","floor":28,"turns":3},{"damage":1,"enemies":"Centurion and Healer","floor":30,"turns":2},{"damage":0,"enemies":"Shelled Parasite and Fungi","floor":31,"turns":2},{"damage":22,"enemies":"Champ","floor":33,"turns":6},{"damage":0,"enemies":"3 Darklings","floor":35,"turns":2},{"damage":0,"enemies":"3 Shapes","floor":37,"turns":2},{"damage":0,"enemies":"Giant Head","floor":40,"turns":5},{"damage":0,"enemies":"Reptomancer","floor":42,"turns":2},{"damage":0,"enemies":"Giant Head","floor":44,"turns":5},{"damage":0,"enemies":"Maw","floor":45,"turns":4},{"damage":0,"enemies":"Reptomancer","floor":46,"turns":2},{"damage":0,"enemies":"3 Darklings","floor":47,"turns":2},{"damage":0,"enemies":"Time Eater","floor":50,"turns":7},{"damage":0,"enemies":"Donu and Deca","floor":51,"turns":5},{"damage":0,"enemies":"Shield and Spear","floor":55,"turns":1},{"damage":0,"enemies":"The Heart","floor":56,"turns":6}],"seed_played":"-1587349161706585840","potions_obtained":[{"floor":7,"key":"DuplicationPotion"},{"floor":8,"key":"ColorlessPotion"},{"floor":11,"key":"BlessingOfTheForge"},{"floor":14,"key":"AttackPotion"},{"floor":18,"key":"Weak Potion"},{"floor":21,"key":"Dexterity Potion"},{"floor":44,"key":"Ancient Potion"}],"is_trial":true,"path_per_floor":["M","M","M","$","M","R","E","M","T","M","M","?","$","E","R","B",null,"M","?","?","M","M","E","M","E","T","M","M","$","M","M","R","B",null,"M","$","M","?","$","E","R","E","T","E","M","E","M","?","R","B","B",null,"R","$","E","B",null],"character_chosen":"IRONCLAD","items_purchased":["Backflip","DollysMirror","Dexterity Potion","Finesse+1","TheAbacus","Deep Breath+1"],"campfire_rested":0,"item_purchase_floors":[4,36,36,36,54,54],"current_hp_per_floor":[70,67,68,68,74,74,47,47,47,53,59,64,64,70,70,50,73,77,80,80,77,64,70,78,72,72,80,80,80,80,80,80,64,76,80,80,80,80,80,82,82,84,84,96,96,96,96,96,96,96,96,96,96,96,98,98],"gold":63,"neow_bonus":"","is_daily":false,"chose_seed":false,"campfire_upgraded":0,"win_rate":0.0,"timestamp":1611829976,"path_taken":["M","M","M","$","M","R","E","M","T","M","M","?","$","E","R","BOSS","M","?","?","M","M","E","M","E","T","M","M","?","M","M","R","BOSS","M","$","M","?","?","E","R","E","T","E","?","E","M","?","R","BOSS","BOSS","R","$","E","BOSS"],"items_purchased_type":["Card","Relic","Potion","Card","Relic","Card"],"build_version":"2020-12-22","purchased_purges":5,"victory":true,"max_hp_per_floor":[75,75,75,75,75,75,75,75,75,75,75,80,80,80,80,80,80,80,80,80,80,80,80,80,80,80,80,80,80,80,80,80,80,80,80,80,80,80,80,82,82,84,84,96,96,96,96,96,96,96,96,96,96,96,98,98],"relic_stats":{"Torii":4,"Gremlin Horn":[16,16],"Singing Bowl":8,"CeramicFish":45,"Whetstone":["Sweeping Beam","Sweeping Beam"],"Smiling Mask":300,"Burning Blood":112,"Blood Vial":8,"Nunchaku":[40],"Dream Catcher":0,"Centennial Puzzle":[0],"Shovel":5,"TheAbacus":[360],"MealTicket":0,"Kunai":[36],"InkBottle":[38],"counters":[33,113],"Self Forming Clay":[0],"Blue Candle":[0],"Eternal Feather":0,"Orichalcum":[18],"MawBank":72,"Ornamental Fan":[492],"Shuriken":[36],"Bird Faced Urn":[0],"Turnip":[8],"Black Star":5,"Art of War":[1],"Champion Belt":[30],"obtain_stats":[{"Calipers":37,"Torii":21,"Gremlin Horn":27,"Singing Bowl":40,"CeramicFish":15,"Vajra":30,"Whetstone":5,"Empty Cage":17,"Smiling Mask":24,"Ancient Tea Set":26,"Burning Blood":0,"Blood Vial":23,"Nunchaku":11,"Dream Catcher":44,"Centennial Puzzle":45,"Shovel":2,"TheAbacus":54,"DollysMirror":36,"MealTicket":43,"Kunai":49,"Toxic Egg 2":28,"InkBottle":31,"Paper Frog":10,"Potion Belt":8,"Pear":44,"Self Forming Clay":46,"Blue Candle":18,"Oddly Smooth Stone":14,"Eternal Feather":41,"Orichalcum":3,"MawBank":7,"White Beast Statue":53,"Du-Vu Doll":6,"Anchor":40,"Ornamental Fan":1,"Shuriken":47,"Bird Faced Urn":55,"Turnip":42,"Bag of Marbles":22,"Black Star":34,"Art of War":35,"Champion Belt":55,"StrikeDummy":46,"Toy Ornithopter":25},{"Calipers":23,"Torii":12,"Gremlin Horn":17,"Singing Bowl":24,"CeramicFish":9,"Vajra":19,"Whetstone":4,"Empty Cage":10,"Smiling Mask":15,"Ancient Tea Set":16,"Burning Blood":0,"Blood Vial":14,"Nunchaku":8,"Dream Catcher":26,"Centennial Puzzle":27,"Shovel":2,"TheAbacus":31,"DollysMirror":22,"MealTicket":25,"Kunai":29,"Toxic Egg 2":18,"InkBottle":20,"Paper Frog":7,"Potion Belt":6,"Pear":26,"Self Forming Clay":28,"Blue Candle":11,"Oddly Smooth Stone":9,"Eternal Feather":24,"Orichalcum":3,"MawBank":5,"White Beast Statue":31,"Du-Vu Doll":4,"Anchor":24,"Ornamental Fan":1,"Shuriken":29,"Bird Faced Urn":32,"Turnip":25,"Bag of Marbles":13,"Black Star":21,"Art of War":22,"Champion Belt":32,"StrikeDummy":28,"Toy Ornithopter":16},{"Calipers":74,"Torii":41,"Gremlin Horn":57,"Singing Bowl":79,"CeramicFish":29,"Vajra":62,"Whetstone":13,"Empty Cage":35,"Smiling Mask":50,"Ancient Tea Set":54,"Burning Blood":0,"Blood Vial":47,"Nunchaku":25,"Dream Catcher":86,"Centennial Puzzle":90,"Shovel":7,"TheAbacus":106,"DollysMirror":72,"MealTicket":81,"Kunai":94,"Toxic Egg 2":60,"InkBottle":64,"Paper Frog":23,"Potion Belt":20,"Pear":86,"Self Forming Clay":92,"Blue Candle":38,"Oddly Smooth Stone":29,"Eternal Feather":79,"Orichalcum":10,"MawBank":17,"White Beast Statue":106,"Du-Vu Doll":13,"Anchor":79,"Ornamental Fan":4,"Shuriken":94,"Bird Faced Urn":107,"Turnip":81,"Bag of Marbles":44,"Black Star":70,"Art of War":72,"Champion Belt":107,"StrikeDummy":92,"Toy Ornithopter":54}],"Toy Ornithopter":0},"card_choices":[{"not_picked":["Sweeping Beam","Halt","Biased Cognition"],"picked":"SKIP","floor":7},{"not_picked":["Sword Boomerang","Burning Pact","Meteor Strike"],"picked":"SKIP","floor":14},{"not_picked":["A Thousand Cuts","Immolate"],"picked":"Core Surge","floor":16},{"not_picked":["Thunderclap","Perseverance","Melter+1"],"picked":"SKIP","floor":23},{"not_picked":["Warcry","WreathOfFlame","Deflect"],"picked":"SKIP","floor":25},{"not_picked":["Reinforced Body+1","Halt+1","Fusion+1"],"picked":"Singing Bowl","floor":40},{"not_picked":["CutThroughFate","FollowUp","Tempest+1"],"picked":"Singing Bowl","floor":42},{"not_picked":["Prepared+1","Slice","Beam Cell"],"picked":"Singing Bowl","floor":44},{"not_picked":["Gash","Wireheading+1"],"picked":"Pommel Strike+1","floor":46},{"not_picked":["Phantasmal Killer+1","Accuracy+1","Streamline"],"picked":"Singing Bowl","floor":55}],"player_experience":1864624,"relics_obtained":[{"floor":1,"key":"Ornamental Fan"},{"floor":2,"key":"Shovel"},{"floor":3,"key":"Orichalcum"},{"floor":5,"key":"Whetstone"},{"floor":6,"key":"Du-Vu Doll"},{"floor":7,"key":"MawBank"},{"floor":8,"key":"Potion Belt"},{"floor":10,"key":"Paper Frog"},{"floor":11,"key":"Nunchaku"},{"floor":14,"key":"Oddly Smooth Stone"},{"floor":15,"key":"CeramicFish"},{"floor":18,"key":"Blue Candle"},{"floor":21,"key":"Torii"},{"floor":22,"key":"Bag of Marbles"},{"floor":23,"key":"Blood Vial"},{"floor":24,"key":"Smiling Mask"},{"floor":25,"key":"Toy Ornithopter"},{"floor":26,"key":"Ancient Tea Set"},{"floor":27,"key":"Gremlin Horn"},{"floor":28,"key":"Toxic Egg 2"},{"floor":30,"key":"Vajra"},{"floor":31,"key":"InkBottle"},{"floor":35,"key":"Art of War"},{"floor":37,"key":"Calipers"},{"floor":40,"key":"Singing Bowl"},{"floor":40,"key":"Anchor"},{"floor":41,"key":"Eternal Feather"},{"floor":42,"key":"Turnip"},{"floor":43,"key":"MealTicket"},{"floor":44,"key":"Pear"},{"floor":44,"key":"Dream Catcher"},{"floor":45,"key":"Centennial Puzzle"},{"floor":46,"key":"StrikeDummy"},{"floor":46,"key":"Self Forming Clay"},{"floor":47,"key":"Shuriken"},{"floor":49,"key":"Kunai"},{"floor":53,"key":"White Beast Statue"},{"floor":55,"key":"Champion Belt"},{"floor":55,"key":"Bird Faced Urn"}],"event_choices":[{"damage_healed":0,"gold_gain":0,"player_choice":"Donut","damage_taken":0,"max_hp_gain":5,"max_hp_loss":0,"event_name":"Big Fish","floor":12,"gold_loss":0},{"damage_healed":16,"gold_gain":0,"player_choice":"Heal","damage_taken":0,"max_hp_gain":0,"max_hp_loss":0,"event_name":"The Library","floor":19,"gold_loss":0},{"damage_healed":0,"gold_gain":0,"player_choice":"Ignored","damage_taken":0,"max_hp_gain":0,"max_hp_loss":0,"event_name":"The Mausoleum","floor":20,"gold_loss":0},{"damage_healed":0,"gold_gain":0,"player_choice":"Ignored","damage_taken":0,"max_hp_gain":0,"max_hp_loss":0,"event_name":"Tomb of Lord Red Mask","floor":38,"gold_loss":0},{"cards_removed":["Sweeping Beam"],"damage_healed":0,"gold_gain":0,"player_choice":"Removed Attack","damage_taken":0,"max_hp_gain":0,"max_hp_loss":0,"event_name":"Falling","floor":48,"gold_loss":0}],"is_beta":false,"boss_relics":[{"not_picked":["Ectoplasm","Black Blood"],"picked":"Empty Cage"},{"not_picked":["Velvet Choker","Runic Cube"],"picked":"Black Star"}],"items_purged_floors":[4,13,29,36,54],"is_endless":false,"potions_floor_spawned":[7,8,11,14,18,21,27,28,30,37,40,44,55],"ascension_level":20}}