{"host":"j4g6ia6asvpyu2b0","time":1611861658,"event":{"mods":["BaseMod","Colored Map","Minty Spire (QoL Compilation)","Permanent Neow","Quick Restart","Relic Stats","StSLib","Unceasing Turn Reminder"],"gold_per_floor":[111,127,20,33,44,57,85,85,85,112,112,112,112],"floor_reached":12,"language":"ENG","playtime":378,"items_purged":[],"score":113,"play_id":"fdefa76d-5fa1-4dc9-a662-0d684a4773d0","local_time":"20210128122058","is_ascension_mode":true,"campfire_choices":[{"data":"Eruption","floor":8,"key":"SMITH"},{"floor":11,"key":"REST"}],"circlet_count":0,"master_deck":["Strike_P","Strike_P","Strike_P","Strike_P","Defend_P","Defend_P","Defend_P","Defend_P","Eruption+1","Vigilance","Metamorphosis","Worship","InnerPeace","Adaptation","TalkToTheHand","Evaluate","Wallop","FlurryOfBlows","FollowUp","Vengeance"],"relics":["PureWater","Strawberry","Shuriken"],"acts_visited":["Exordium"],"potions_floor_usage":[],"damage_taken":[{"damage":9,"enemies":"Cultist","floor":1,"turns":5},{"damage":3,"enemies":"Small Slimes","floor":2,"turns":5},{"damage":5,"enemies":"2 Louse","floor":4,"turns":3},{"damage":0,"enemies":"Exordium Wildlife","floor":5,"turns":4},{"damage":6,"enemies":"Looter","floor":6,"turns":4},{"damage":10,"enemies":"Lagavulin","floor":7,"turns":6},{"damage":16,"enemies":"3 Sentries","floor":10,"turns":5},{"damage":40,"enemies":"Lagavulin","floor":12,"turns":4}],"seed_played":"-3708348246143953262","potions_obtained":[{"floor":4,"key":"Weak Potion"},{"floor":5,"key":"GamblersBrew"},{"floor":7,"key":"Ancient Potion"},{"floor":10,"key":"Regen Potion"}],"is_trial":false,"path_per_floor":["M","M","$","M","M","M","E","R","T","E","R","E"],"character_chosen":"WATCHER","items_purchased":["Adaptation","TalkToTheHand"],"campfire_rested":1,"item_purchase_floors":[3,3],"current_hp_per_floor":[42,39,39,34,34,28,25,25,25,9,32,0,0],"gold":112,"neow_bonus":"RANDOM_COLORLESS_2","is_daily":false,"chose_seed":false,"campfire_upgraded":1,"win_rate":0.0,"timestamp":1611861658,"path_taken":["M","?","$","M","M","M","E","R","T","E","R","E"],"items_purchased_type":["Card","Card"],"build_version":"2020-12-22","purchased_purges":0,"victory":false,"max_hp_per_floor":[72,72,72,72,72,72,79,79,79,79,79,79,79],"relic_stats":{"counters":[8,36],"Shuriken":[1],"obtain_stats":[{"Shuriken":10,"Strawberry":7,"PureWater":0},{"Shuriken":7,"Strawberry":6,"PureWater":0},{"Shuriken":32,"Strawberry":27,"PureWater":0}]},"card_choices":[{"not_picked":["Secret Weapon","Magnetism"],"picked":"Metamorphosis","floor":0},{"not_picked":["WreathOfFlame","Halt"],"picked":"Worship","floor":1},{"not_picked":["Fasting2","BowlingBash"],"picked":"InnerPeace","floor":2},{"not_picked":["EmptyMind","SashWhip"],"picked":"Evaluate","floor":4},{"not_picked":["BowlingBash","Wireheading"],"picked":"Wallop","floor":5},{"not_picked":["EmptyBody","ForeignInfluence"],"picked":"FlurryOfBlows","floor":6},{"not_picked":["ThirdEye","BowlingBash"],"picked":"FollowUp","floor":7},{"not_picked":["Evaluate","ThirdEye"],"picked":"Vengeance","floor":10}],"player_experience":1061555,"relics_obtained":[{"floor":7,"key":"Strawberry"},{"floor":10,"key":"Shuriken"}],"event_choices":[],"is_beta":false,"boss_relics":[],"items_purged_floors":[],"is_endless":false,"potions_floor_spawned":[4,5,7,10],"killed_by":"Lagavulin","ascension_level":5}}