{"host":"jpcy2bclvs7juczu","time":1611866903,"event":{"mods":["Alarm Clock","BaseMod","Bestiary","Block Reminder","Colored Map","Colored Powertips","Curses Come First","Dark Map","Minty Spire (QoL Compilation)","Quick Restart","RNG Fix","Relic Stats","Slay the Relics Exporter","StSLib","ojb\u0027s Better Paths Mod","ojb\u0027s Info Mod","slay the spire mod where everything is the same but ironclad has a cowboy hat"],"gold_per_floor":[211,50,69,79,44,79,79,104,104,104,169,169,169,188,188,262,262,272,288,288,299,319,319,350,0,25,58,58,70,70,85,85,163,163,175,175,187,206,206,206,48,75,75,109,125,125,145,145,145,145,145,145,145,14,49,49],"floor_reached":57,"language":"ENG","playtime":2548,"items_purged":["Strike_R","Strike_R"],"score":2920,"play_id":"0bac89f9-dfdf-43a8-b8ad-934b56a7fc33","local_time":"20210128154823","is_ascension_mode":true,"campfire_choices":[{"data":"Hemokinesis","floor":7.0,"key":"SMITH"},{"floor":10.0,"key":"DIG"},{"floor":13.0,"key":"DIG"},{"data":"Bash","floor":15.0,"key":"SMITH"},{"floor":23.0,"key":"REST"},{"floor":30.0,"key":"DIG"},{"floor":32.0,"key":"DIG"},{"floor":40.0,"key":"DIG"},{"floor":46.0,"key":"DIG"},{"floor":49.0,"key":"RECALL"},{"floor":53.0,"key":"DIG"}],"circlet_count":0,"master_deck":["AscendersBane","Strike_R","Strike_R","Defend_R","Defend_R","Defend_R","Bash+1","Sword Boomerang","Hemokinesis+1","Sever Soul","Armaments","Impervious","Second Wind","Corruption","Dark Embrace+1","Shrug It Off","Burning Pact","Carnage+1","Carnage","Feel No Pain","Power Through","Bandage Up","Apotheosis","Shrug It Off","Body Slam+1","Juggernaut","Shockwave","Feel No Pain","Battle Trance","Shrug It Off+1"],"relics":["Burning Blood","ClockworkSouvenir","Bag of Preparation","Nunchaku","Shovel","Letter Opener","FossilizedHelix","Fusion Hammer","TungstenRod","Bag of Marbles","Lantern","Nloth\u0027s Gift","Gambling Chip","Mango","Coffee Dripper","Paper Frog","Omamori","StrikeDummy","Question Card","Self Forming Clay","Eternal Feather"],"acts_visited":["Exordium","TheCity","TheBeyond","TheEnding"],"potions_floor_usage":[56],"damage_taken":[{"damage":9.0,"enemies":"2 Louse","floor":1.0,"turns":3.0},{"damage":6.0,"enemies":"Cultist","floor":3.0,"turns":3.0},{"damage":20.0,"enemies":"Small Slimes","floor":4.0,"turns":3.0},{"damage":10.0,"enemies":"Gremlin Nob","floor":6.0,"turns":3.0},{"damage":17.0,"enemies":"3 Sentries","floor":8.0,"turns":4.0},{"damage":6.0,"enemies":"Red Slaver","floor":14.0,"turns":5.0},{"damage":49.0,"enemies":"Hexaghost","floor":16.0,"turns":9.0},{"damage":13.0,"enemies":"2 Thieves","floor":18.0,"turns":4.0},{"damage":40.0,"enemies":"3 Byrds","floor":19.0,"turns":6.0},{"damage":13.0,"enemies":"Snecko","floor":21.0,"turns":6.0},{"damage":9.0,"enemies":"Cultist and Chosen","floor":22.0,"turns":7.0},{"damage":27.0,"enemies":"Slavers","floor":24.0,"turns":6.0},{"damage":42.0,"enemies":"Book of Stabbing","floor":27.0,"turns":5.0},{"damage":0.0,"enemies":"Centurion and Healer","floor":29.0,"turns":5.0},{"damage":0.0,"enemies":"Snecko","floor":31.0,"turns":4.0},{"damage":28.0,"enemies":"Champ","floor":33.0,"turns":13.0},{"damage":11.0,"enemies":"3 Darklings","floor":35.0,"turns":4.0},{"damage":0.0,"enemies":"3 Shapes","floor":37.0,"turns":3.0},{"damage":16.0,"enemies":"Sphere and 2 Shapes","floor":38.0,"turns":5.0},{"damage":1.0,"enemies":"Giant Head","floor":42.0,"turns":6.0},{"damage":1.0,"enemies":"Nemesis","floor":44.0,"turns":5.0},{"damage":29.0,"enemies":"Writhing Mass","floor":45.0,"turns":4.0},{"damage":16.0,"enemies":"3 Darklings","floor":47.0,"turns":4.0},{"damage":0.0,"enemies":"Donu and Deca","floor":50.0,"turns":5.0},{"damage":41.0,"enemies":"Awakened One","floor":51.0,"turns":13.0},{"damage":37.0,"enemies":"Shield and Spear","floor":55.0,"turns":6.0},{"damage":7,"enemies":"The Heart","floor":56,"turns":8}],"seed_played":"-7415910001604475920","potions_obtained":[{"floor":1.0,"key":"SmokeBomb"},{"floor":3.0,"key":"AttackPotion"},{"floor":4.0,"key":"Energy Potion"},{"floor":6.0,"key":"SteroidPotion"},{"floor":22.0,"key":"BlessingOfTheForge"},{"floor":24.0,"key":"FearPotion"},{"floor":27.0,"key":"SteroidPotion"},{"floor":31.0,"key":"FairyPotion"},{"floor":33.0,"key":"PowerPotion"},{"floor":38.0,"key":"SpeedPotion"}],"is_trial":false,"path_per_floor":["M","$","M","M","?","E","R","E","T","R","?","?","R","M","R","B",null,"M","M","?","M","M","R","E","$","T","E","?","M","R","M","R","B",null,"M","?","M","M","?","R","$","E","T","E","M","R","M","?","R","B","B",null,"R","$","E","B",null],"character_chosen":"IRONCLAD","items_purchased":["ClockworkSouvenir","FairyPotion","Bag of Marbles","Shrug It Off","Feel No Pain","Battle Trance"],"campfire_rested":1,"item_purchase_floors":[2,25,25,41,54,54],"current_hp_per_floor":[65,65,65,51,69,65,65,54,54,54,54,54,54,54,54,11,59,52,18,18,11,8,30,9,9,9,16,16,22,22,28,42,20,72,67,67,73,63,54,54,54,65,65,76,59,59,55,55,55,67,38,76,76,76,51,54],"gold":49,"neow_bonus":"HUNDRED_GOLD","is_daily":false,"chose_seed":false,"campfire_upgraded":2,"win_rate":0.0,"timestamp":1611866903,"path_taken":["M","$","M","M","?","E","R","E","T","R","?","?","R","M","R","BOSS","M","M","?","M","?","R","E","$","T","E","?","M","R","M","R","BOSS","M","?","M","M","?","R","$","E","T","E","M","R","?","?","R","BOSS","BOSS","R","$","E","BOSS"],"items_purchased_type":["Relic","Potion","Relic","Card","Card","Card"],"build_version":"2020-12-22","purchased_purges":2,"victory":true,"max_hp_per_floor":[75,75,75,75,75,75,75,75,75,75,75,75,75,75,75,75,75,75,75,75,75,75,75,75,75,75,75,75,75,75,75,89,89,89,89,89,89,89,89,89,89,89,89,89,89,89,89,89,89,89,89,89,89,89,89,89],"relic_stats":{"counters":[27,149],"Self Forming Clay":[36],"Eternal Feather":0,"Bag of Preparation":[46],"Letter Opener":[235],"Question Card":2,"Burning Blood":162,"Nunchaku":[24],"Shovel":7,"Gambling Chip":[37],"Nloth\u0027s Gift":4,"obtain_stats":[{"Lantern":26,"Self Forming Clay":53,"Mango":32,"Eternal Feather":55,"Bag of Preparation":6,"Omamori":42,"Letter Opener":10,"Ancient Tea Set":27,"Question Card":46,"Burning Blood":0,"ClockworkSouvenir":2,"Nunchaku":8,"Shovel":9,"Gambling Chip":30,"Fusion Hammer":17,"Bag of Marbles":25,"Nloth\u0027s Gift":28,"Coffee Dripper":34,"StrikeDummy":44,"FossilizedHelix":13,"TungstenRod":24,"Paper Frog":40},{"Lantern":12,"Self Forming Clay":25,"Mango":15,"Eternal Feather":26,"Bag of Preparation":4,"Omamori":20,"Letter Opener":5,"Ancient Tea Set":13,"Question Card":22,"Burning Blood":0,"ClockworkSouvenir":1,"Nunchaku":5,"Shovel":5,"Gambling Chip":14,"Fusion Hammer":7,"Bag of Marbles":12,"Nloth\u0027s Gift":13,"Coffee Dripper":16,"StrikeDummy":21,"FossilizedHelix":5,"TungstenRod":12,"Paper Frog":19},{"Lantern":59,"Self Forming Clay":135,"Mango":73,"Eternal Feather":141,"Bag of Preparation":12,"Omamori":104,"Letter Opener":16,"Ancient Tea Set":64,"Question Card":113,"Burning Blood":0,"ClockworkSouvenir":3,"Nunchaku":16,"Shovel":16,"Gambling Chip":69,"Fusion Hammer":30,"Bag of Marbles":59,"Nloth\u0027s Gift":64,"Coffee Dripper":86,"StrikeDummy":109,"FossilizedHelix":16,"TungstenRod":59,"Paper Frog":98}],"TungstenRod":61},"card_choices":[{"not_picked":["Headbutt","Dual Wield","True Grit"],"picked":"SKIP","floor":1.0},{"not_picked":["Searing Blow","Headbutt"],"picked":"Sword Boomerang","floor":3.0},{"not_picked":["Carnage","Body Slam"],"picked":"Hemokinesis","floor":4.0},{"not_picked":["Havoc","Clash"],"picked":"Sever Soul","floor":6.0},{"not_picked":["Warcry","Wild Strike"],"picked":"Armaments","floor":8.0},{"not_picked":["Flex","Shrug It Off"],"picked":"Second Wind","floor":14.0},{"not_picked":["Double Tap","Berserk"],"picked":"Corruption","floor":16.0},{"not_picked":["Uppercut","True Grit"],"picked":"Dark Embrace+1","floor":18.0},{"not_picked":["Rupture","Havoc"],"picked":"Shrug It Off","floor":19.0},{"not_picked":["Pummel","Reckless Charge"],"picked":"Carnage+1","floor":21.0},{"not_picked":["Pommel Strike","Warcry","Juggernaut"],"picked":"SKIP","floor":22.0},{"not_picked":["Armaments","Fire Breathing"],"picked":"Carnage","floor":24.0},{"not_picked":["Ghostly Armor","Barricade"],"picked":"Feel No Pain","floor":27.0},{"not_picked":["Warcry","Armaments","Clash"],"picked":"SKIP","floor":29.0},{"not_picked":["Dual Wield","Shrug It Off"],"picked":"Power Through","floor":31.0},{"not_picked":["Wild Strike","Headbutt","Twin Strike+1"],"picked":"SKIP","floor":35.0},{"not_picked":["Demon Form","Wild Strike+1","Thunderclap+1"],"picked":"SKIP","floor":37.0},{"not_picked":["Dropkick","Anger","Warcry"],"picked":"SKIP","floor":38.0},{"not_picked":["Mayhem","Good Instincts"],"picked":"Bandage Up","floor":39.0},{"not_picked":["Secret Weapon","Good Instincts"],"picked":"Apotheosis","floor":39.0},{"not_picked":["Rage","Exhume"],"picked":"Body Slam+1","floor":42.0},{"not_picked":["Anger+1","Havoc","Rage"],"picked":"SKIP","floor":44.0},{"not_picked":["Heavy Blade","Iron Wave"],"picked":"Juggernaut","floor":45.0},{"not_picked":["Juggernaut","Cleave","Pummel"],"picked":"Shockwave","floor":47.0},{"not_picked":["Rupture","Body Slam","Flex"],"picked":"Shrug It Off+1","floor":55.0}],"player_experience":1502364,"relics_obtained":[{"floor":6.0,"key":"Bag of Preparation"},{"floor":8.0,"key":"Nunchaku"},{"floor":9.0,"key":"Shovel"},{"floor":10.0,"key":"Letter Opener"},{"floor":13.0,"key":"FossilizedHelix"},{"floor":24.0,"key":"TungstenRod"},{"floor":26.0,"key":"Lantern"},{"floor":27.0,"key":"Ancient Tea Set"},{"floor":30.0,"key":"Gambling Chip"},{"floor":32.0,"key":"Mango"},{"floor":40.0,"key":"Paper Frog"},{"floor":42.0,"key":"Omamori"},{"floor":44.0,"key":"StrikeDummy"},{"floor":46.0,"key":"Question Card"},{"floor":53.0,"key":"Self Forming Clay"},{"floor":55.0,"key":"Eternal Feather"}],"event_choices":[{"damage_healed":18.0,"max_hp_gain":0.0,"max_hp_loss":0.0,"gold_gain":0.0,"event_name":"The Cleric","player_choice":"Healed","floor":5.0,"gold_loss":35.0,"damage_taken":0.0},{"damage_healed":0.0,"max_hp_gain":0.0,"max_hp_loss":0.0,"gold_gain":65.0,"event_name":"Golden Wing","player_choice":"Gained Gold","floor":11.0,"gold_loss":0.0,"damage_taken":0.0},{"damage_healed":0.0,"max_hp_gain":0.0,"max_hp_loss":0.0,"gold_gain":0.0,"cards_transformed":["Strike_R"],"event_name":"Living Wall","player_choice":"Change","floor":12.0,"gold_loss":0.0,"damage_taken":0.0,"cards_obtained":["Impervious"]},{"damage_healed":0.0,"max_hp_gain":0.0,"max_hp_loss":0.0,"gold_gain":0.0,"event_name":"Match and Keep!","player_choice":"1 cards matched","floor":20.0,"gold_loss":0.0,"damage_taken":0.0,"cards_obtained":["Burning Pact"]},{"damage_healed":0.0,"max_hp_gain":0.0,"max_hp_loss":0.0,"gold_gain":0.0,"event_name":"N\u0027loth","player_choice":"Traded Relic","floor":28.0,"relics_lost":["Ancient Tea Set"],"gold_loss":0.0,"damage_taken":0.0,"relics_obtained":["Nloth\u0027s Gift"]},{"damage_healed":0.0,"max_hp_gain":0.0,"max_hp_loss":0.0,"gold_gain":0.0,"event_name":"Tomb of Lord Red Mask","player_choice":"Ignored","floor":36.0,"gold_loss":0.0,"damage_taken":0.0},{"damage_healed":0.0,"max_hp_gain":0.0,"max_hp_loss":0.0,"gold_gain":0.0,"event_name":"SensoryStone","player_choice":"Memory 3","floor":39.0,"gold_loss":0.0,"damage_taken":10.0},{"cards_removed":["Defend_R"],"damage_healed":0.0,"max_hp_gain":0.0,"max_hp_loss":0.0,"gold_gain":0.0,"event_name":"Falling","player_choice":"Removed Skill","floor":48.0,"gold_loss":0.0,"damage_taken":0.0}],"is_beta":false,"boss_relics":[{"not_picked":["Black Star","Black Blood"],"picked":"Fusion Hammer"},{"not_picked":["Mark of Pain","Runic Cube"],"picked":"Coffee Dripper"}],"items_purged_floors":[25,41],"is_endless":false,"potions_floor_spawned":[1,3,4,6,22,24,27,31,33,35,38,44,47],"ascension_level":20}}