{"host":"kda2p2afd6bvz6qo","time":1611874475,"event":{"mods":["BaseMod","Colored Map","Minty Spire (QoL Compilation)","Relic Stats"],"gold_per_floor":[111,111,111,121,141,173,173,183,183,209,209,25,25,54,54,133,133,144,161,161,86,103,103,103,103],"floor_reached":24,"language":"ENG","playtime":1044,"items_purged":[],"score":528,"play_id":"bc9562f0-49b4-46ca-929a-525c02b90c17","local_time":"20210128225435","is_ascension_mode":true,"campfire_choices":[{"floor":7.0,"key":"REST"},{"floor":11,"key":"REST"},{"floor":15,"key":"REST"},{"floor":23,"key":"REST"}],"circlet_count":0,"master_deck":["AscendersBane","Defend_G","Defend_G","Defend_G","Defend_G","Defend_G","Survivor","Neutralize","Noxious Fumes","Slice","Bane","Dagger Spray","Distraction","Catalyst","Catalyst","Apotheosis","Poisoned Stab","Adrenaline","Calculated Gamble","Crippling Poison+1","Writhe","Dodge and Roll","Heel Hook","Acrobatics"],"relics":["Fusion Hammer","Pantograph","Mummified Hand","Pear","FossilizedHelix","Shuriken","Empty Cage","Unceasing Top"],"acts_visited":["Exordium","TheCity"],"potions_floor_usage":[10,10,18,22],"damage_taken":[{"damage":3.0,"enemies":"2 Louse","floor":1.0,"turns":4.0},{"damage":4.0,"enemies":"Small Slimes","floor":4.0,"turns":4.0},{"damage":0.0,"enemies":"Jaw Worm","floor":5.0,"turns":4.0},{"damage":25.0,"enemies":"3 Sentries","floor":6.0,"turns":8.0},{"damage":16.0,"enemies":"3 Louse","floor":8.0,"turns":3.0},{"damage":8,"enemies":"Gremlin Nob","floor":10,"turns":3},{"damage":4,"enemies":"Lagavulin","floor":14,"turns":8},{"damage":0,"enemies":"Slime Boss","floor":16,"turns":9},{"damage":23,"enemies":"Chosen","floor":18,"turns":5},{"damage":24,"enemies":"Spheric Guardian","floor":19,"turns":6},{"damage":6,"enemies":"Snake Plant","floor":22,"turns":3},{"damage":52,"enemies":"Book of Stabbing","floor":24,"turns":5}],"seed_played":"197496075839856792","potions_obtained":[{"floor":5.0,"key":"FearPotion"},{"floor":8.0,"key":"SneckoOil"},{"floor":10,"key":"Ancient Potion"},{"floor":16,"key":"Poison Potion"},{"floor":18,"key":"Weak Potion"}],"is_trial":false,"path_per_floor":["M","?","?","M","M","E","R","M","T","E","R","$","?","E","R","B",null,"M","M","?","?","M","R","E"],"character_chosen":"THE_SILENT","items_purchased":["Apotheosis"],"campfire_rested":4,"item_purchase_floors":[12],"current_hp_per_floor":[56,56,45,41,41,16,35,19,29,21,43,43,48,44,68,81,81,58,34,34,34,28,52,0,0],"gold":103,"neow_bonus":"BOSS_RELIC","is_daily":false,"chose_seed":false,"campfire_upgraded":0,"win_rate":0.0,"timestamp":1611874475,"path_taken":["M","?","?","M","M","E","R","M","T","E","R","$","?","E","R","BOSS","M","M","?","?","?","R","E"],"items_purchased_type":["Card"],"build_version":"2020-12-22","purchased_purges":0,"victory":false,"max_hp_per_floor":[66,66,66,66,66,66,66,66,76,76,76,76,81,81,81,81,81,81,81,81,81,81,81,81,81],"relic_stats":{"counters":[12,62],"Mummified Hand":[8],"Shuriken":[4],"Pantograph":13,"obtain_stats":[{"Pear":9,"Mummified Hand":6,"Shuriken":14,"Pantograph":3,"Fusion Hammer":0,"Empty Cage":17,"FossilizedHelix":10,"Unceasing Top":20,"Ring of the Snake":0},{"Pear":5,"Mummified Hand":4,"Shuriken":7,"Pantograph":1,"Fusion Hammer":0,"Empty Cage":8,"FossilizedHelix":6,"Unceasing Top":10,"Ring of the Snake":0},{"Pear":23,"Mummified Hand":20,"Shuriken":34,"Pantograph":4,"Fusion Hammer":0,"Empty Cage":43,"FossilizedHelix":26,"Unceasing Top":54,"Ring of the Snake":0}],"Unceasing Top":[1]},"card_choices":[{"not_picked":["Dagger Spray","Expertise"],"picked":"Noxious Fumes","floor":1.0},{"not_picked":["Poisoned Stab","Heel Hook"],"picked":"Bane","floor":4.0},{"not_picked":["Deadly Poison","Quick Slash"],"picked":"Dagger Spray","floor":5.0},{"not_picked":["Backstab","Expertise"],"picked":"Distraction","floor":6.0},{"not_picked":["Crippling Poison","Caltrops"],"picked":"Catalyst","floor":8.0},{"not_picked":["Infinite Blades","Calculated Gamble"],"picked":"Catalyst","floor":10},{"not_picked":["Dagger Spray","Doppelganger"],"picked":"Poisoned Stab","floor":14},{"not_picked":["Unload","Storm of Steel"],"picked":"Adrenaline","floor":16},{"not_picked":["Expertise","Skewer"],"picked":"Calculated Gamble","floor":18},{"not_picked":["Expertise","Cloak And Dagger"],"picked":"Crippling Poison+1","floor":19},{"not_picked":["Backstab","Cloak And Dagger"],"picked":"Acrobatics","floor":22}],"player_experience":161592,"relics_obtained":[{"floor":6.0,"key":"Mummified Hand"},{"floor":9.0,"key":"Pear"},{"floor":10,"key":"FossilizedHelix"},{"floor":14,"key":"Shuriken"}],"event_choices":[{"damage_healed":0.0,"max_hp_gain":0.0,"max_hp_loss":0.0,"gold_gain":0.0,"cards_transformed":["Strike_G"],"event_name":"Living Wall","player_choice":"Change","floor":2.0,"gold_loss":0.0,"damage_taken":0.0,"cards_obtained":["Slice"]},{"damage_healed":0.0,"max_hp_gain":0.0,"max_hp_loss":0.0,"gold_gain":0.0,"event_name":"Scrap Ooze","player_choice":"Success","floor":3.0,"gold_loss":0.0,"damage_taken":11.0,"relics_obtained":["Pantograph"]},{"damage_healed":0,"gold_gain":0,"player_choice":"Donut","damage_taken":0,"max_hp_gain":5,"max_hp_loss":0,"event_name":"Big Fish","floor":13,"gold_loss":0},{"damage_healed":0,"gold_gain":0,"player_choice":"Opened","damage_taken":0,"relics_obtained":["Unceasing Top"],"max_hp_gain":0,"max_hp_loss":0,"event_name":"The Mausoleum","floor":20,"gold_loss":0,"cards_obtained":["Writhe"]},{"damage_healed":0,"gold_gain":0,"cards_transformed":["Strike_G","Strike_G"],"player_choice":"Transformed Cards","damage_taken":0,"max_hp_gain":0,"max_hp_loss":0,"event_name":"Designer","floor":21,"gold_loss":75,"cards_obtained":["Dodge and Roll","Heel Hook"]}],"is_beta":false,"boss_relics":[{"not_picked":["WristBlade","Ectoplasm"],"picked":"Empty Cage"}],"items_purged_floors":[],"is_endless":false,"potions_floor_spawned":[5,8,10,16,18],"killed_by":"Book of Stabbing","ascension_level":20}}