{"host":"hvwa7s69zr612rn1","time":1611827465,"event":{"mods":["BaseMod","Colored Map","Colored Powertips","Minty Spire (QoL Compilation)","StSLib","The Necromancer"],"gold_per_floor":[111,123,142,142,162,193,193,193,193,193,205,205,205,205,205,305,305,322,322,90,90,90,122,135,150,150,165,177,207,107,107,107,107,107],"floor_reached":33,"language":"ENG","playtime":1653,"items_purged":["Strike_W","Strike_W"],"score":310,"play_id":"e444cbf3-fb56-4cac-bd4f-b8d3af88743e","local_time":"20210128205105","is_ascension_mode":false,"campfire_choices":[{"data":"Chill_Blood","floor":7,"key":"SMITH"},{"data":"Negative_Energy_Arrows","floor":10,"key":"SMITH"},{"data":"Negative_Energy_Javelin","floor":13,"key":"SMITH"},{"data":"Negative_Energy_Javelin","floor":15,"key":"SMITH"},{"floor":32,"key":"REST"}],"circlet_count":0,"master_deck":["Strike_W+1","Defend_W+1","Defend_W","Defend_W","Defend_W","Negative_Energy_Arrows+1","Bone_Wall","Negative_Energy_Javelin+1","Chill_Blood+1","Negative_Energy_Javelin+1","Acid_Javelin+1","Plague_Bolt","Bone_Prison+1","Spectral_Armor","Vampiric_Strike","Negative_Energy_Javelin","Negative_Energy_Sphere"],"relics":["Vampire_Amulet","Lizard Tail","Singing Bowl","Black Star","Nloth\u0027s Gift","Ornamental Fan","Letter Opener","Eternal Feather","Du-Vu Doll","Bottled Flame","Anchor"],"acts_visited":["Exordium","TheCity"],"potions_floor_usage":[5,16,18,18,27,29],"damage_taken":[{"damage":6,"enemies":"2 Louse","floor":1,"turns":3},{"damage":3,"enemies":"Small Slimes","floor":2,"turns":4},{"damage":0,"enemies":"Cultist","floor":3,"turns":3},{"damage":19,"enemies":"Exordium Thugs","floor":5,"turns":4},{"damage":19,"enemies":"Gremlin Nob","floor":6,"turns":4},{"damage":1,"enemies":"2 Fungi Beasts","floor":11,"turns":3},{"damage":27,"enemies":"Hexaghost","floor":16,"turns":10},{"damage":12,"enemies":"2 Thieves","floor":18,"turns":3},{"damage":27,"enemies":"Book of Stabbing","floor":23,"turns":6},{"damage":9,"enemies":"Chosen","floor":24,"turns":5},{"damage":9,"enemies":"Snake Plant","floor":25,"turns":4},{"damage":19,"enemies":"Snecko","floor":27,"turns":8},{"damage":37,"enemies":"3 Cultists","floor":28,"turns":7},{"damage":39,"enemies":"Slavers","floor":29,"turns":7},{"damage":68,"enemies":"Champ","floor":33,"turns":15}],"seed_played":"-512217597198667355","potions_obtained":[{"floor":2,"key":"DuplicationPotion"},{"floor":14,"key":"Explosive Potion"},{"floor":14,"key":"LiquidBronze"},{"floor":14,"key":"SkillPotion"},{"floor":16,"key":"CultistPotion"},{"floor":23,"key":"AttackPotion"},{"floor":29,"key":"SmokeBomb"}],"is_trial":false,"path_per_floor":["M","M","M","?","M","E","R","?","T","R","M","?","R","?","R","B",null,"M","?","$","?","?","E","M","M","T","M","M","E","$","?","R","B"],"character_chosen":"NECROMANCER","items_purchased":["Bronze Scales"],"campfire_rested":1,"item_purchase_floors":[20],"current_hp_per_floor":[80,81,82,66,51,34,34,27,27,27,32,37,37,37,37,14,91,81,81,81,63,63,38,31,25,25,10,40,11,11,11,50,0,0],"gold":107,"neow_bonus":"TEN_PERCENT_HP_BONUS","is_daily":false,"chose_seed":false,"campfire_upgraded":4,"win_rate":0.0,"timestamp":1611827465,"path_taken":["M","M","M","?","M","E","R","?","T","R","M","?","R","?","R","BOSS","M","?","?","?","?","E","M","M","T","?","M","E","$","?","R","BOSS"],"items_purchased_type":["Relic"],"build_version":"2020-12-22","purchased_purges":2,"victory":false,"max_hp_per_floor":[82,82,82,82,82,82,82,82,82,82,84,89,89,89,89,91,91,91,91,91,96,96,96,96,96,96,96,98,100,100,100,100,100,100],"card_choices":[{"not_picked":["Bone_Spikes","Consume_Illness"],"picked":"Negative_Energy_Javelin","floor":1},{"not_picked":["Consume_Illness","Bone_Bullets"],"picked":"Chill_Blood","floor":2},{"not_picked":["Consume_Illness","Bone_Armor"],"picked":"Negative_Energy_Javelin","floor":3},{"not_picked":["Bone_Armor","Uncharnel"],"picked":"Acid_Javelin","floor":5},{"not_picked":["Deaths_Shadow","Negative_Energy_Shield"],"picked":"Plague_Bolt","floor":6},{"not_picked":["Blood_Curse","Summon_Undead","Corrupt"],"picked":"Singing Bowl","floor":11},{"not_picked":["Negative_Energy_Bomb","Blood_Magic","Blood_Wake"],"picked":"Singing Bowl","floor":16},{"not_picked":["Shackles_Of_Pain","Strike_from_Beyond"],"picked":"Bone_Prison+1","floor":18},{"not_picked":["Bone_Bullets","Necromantic_Selection"],"picked":"Spectral_Armor","floor":23},{"not_picked":["Necromantic_Selection+1","Bone_Spikes"],"picked":"Vampiric_Strike","floor":24},{"not_picked":["Chill_Blood","Toxic_Smoke_Screen"],"picked":"Negative_Energy_Javelin","floor":25},{"not_picked":["Blood_Whip","Chill_Blood"],"picked":"Negative_Energy_Sphere","floor":27},{"not_picked":["Cloudkill","Bone_Spikes","Bone_Armor"],"picked":"Singing Bowl","floor":28},{"not_picked":["Strike_from_Beyond","Bones_to_Steel","Death_Coil"],"picked":"Singing Bowl","floor":29}],"player_experience":314511,"relics_obtained":[{"floor":6,"key":"Lizard Tail"},{"floor":9,"key":"Singing Bowl"},{"floor":23,"key":"Ornamental Fan"},{"floor":23,"key":"Letter Opener"},{"floor":26,"key":"Eternal Feather"},{"floor":29,"key":"Du-Vu Doll"},{"floor":29,"key":"Bottled Flame"}],"event_choices":[{"damage_healed":0,"gold_gain":0,"player_choice":"Entered Light","damage_taken":16,"max_hp_gain":0,"max_hp_loss":0,"event_name":"Shining Light","floor":4,"gold_loss":0,"cards_upgraded":["Defend_W","Strike_W"]},{"cards_removed":["Strike_W"],"damage_healed":0,"gold_gain":0,"player_choice":"Card Removal","damage_taken":7,"max_hp_gain":0,"max_hp_loss":0,"event_name":"Golden Wing","floor":8,"gold_loss":0},{"damage_healed":0,"gold_gain":0,"player_choice":"Donut","damage_taken":0,"max_hp_gain":5,"max_hp_loss":0,"event_name":"Big Fish","floor":12,"gold_loss":0},{"damage_healed":0,"gold_gain":0,"player_choice":"Got Potions","damage_taken":0,"max_hp_gain":0,"max_hp_loss":0,"event_name":"Lab","floor":14,"gold_loss":0},{"damage_healed":0,"gold_gain":0,"player_choice":"Forge","damage_taken":0,"max_hp_gain":0,"max_hp_loss":0,"event_name":"Accursed Blacksmith","floor":19,"gold_loss":0,"cards_upgraded":["Acid_Javelin"]},{"damage_healed":0,"gold_gain":0,"player_choice":"Shed Blood","damage_taken":23,"max_hp_gain":5,"max_hp_loss":0,"event_name":"Forgotten Altar","floor":21,"gold_loss":0},{"damage_healed":0,"gold_gain":0,"player_choice":"Traded Relic","damage_taken":0,"relics_obtained":["Nloth\u0027s Gift"],"max_hp_gain":0,"max_hp_loss":0,"event_name":"N\u0027loth","floor":22,"relics_lost":["Bronze Scales"],"gold_loss":0},{"damage_healed":0,"gold_gain":0,"player_choice":"Opened","damage_taken":0,"relics_obtained":["Anchor"],"max_hp_gain":0,"max_hp_loss":0,"event_name":"The Mausoleum","floor":31,"gold_loss":0}],"is_beta":false,"boss_relics":[{"not_picked":["Fusion Hammer","Velvet Choker"],"picked":"Black Star"}],"items_purged_floors":[20,30],"is_endless":false,"potions_floor_spawned":[2,16,23,29],"killed_by":"Champ","ascension_level":0}}