{"host":"ordk2y2ebcetabk6","time":1611868148,"event":{"mods":["AlwaysNeverKeys","Astrologer","Bard","BaseMod","Better Debug","Colored Map","Colored Powertips","Dark Map","Hermit","Highlight Path","Minty Spire (QoL Compilation)","Permanent Neow","Rare Cards Sparkle","Spire Arcade","StSLib","Sumireko Usami"],"gold_per_floor":[118,118,136,136,86,86,118,20,20,20,20,32,82,96,96,201,201,217,217,217,217,217,243,260,260],"floor_reached":24,"language":"ENG","playtime":967,"items_purged":["hermit:Strike_Hermit"],"score":212,"play_id":"fc3a9017-b65c-4cea-af33-6f4d37e7bce8","local_time":"20210128140908","is_ascension_mode":false,"campfire_choices":[{"data":"hermit:PistolWhip","floor":6,"key":"SMITH"},{"data":"hermit:Dive","floor":11,"key":"SMITH"},{"data":"hermit:Maintenance","floor":15,"key":"SMITH"}],"circlet_count":0,"master_deck":["hermit:Defend_Hermit","hermit:Defend_Hermit","hermit:Defend_Hermit","hermit:Defend_Hermit","hermit:Snapshot","hermit:Covet","hermit:Horror","hermit:LoneWolf","hermit:PistolWhip+1","hermit:Midnight","hermit:Dive+1","hermit:Maintenance+1","hermit:HighNoon","Writhe","J.A.X.","hermit:Virtue+1"],"relics":["Black Star","Happy Flower","The Courier","Sundial","Akabeko","Runic Pyramid","Bag of Marbles","hermit:Spyglass","Blood Vial"],"acts_visited":["Exordium","TheCity"],"potions_floor_usage":[7,24,24],"damage_taken":[{"damage":0,"enemies":"2 Louse","floor":1,"turns":2},{"damage":1,"enemies":"Cultist","floor":3,"turns":4},{"damage":27,"enemies":"Gremlin Nob","floor":7,"turns":4},{"damage":0,"enemies":"Jaw Worm","floor":12,"turns":4},{"damage":2,"enemies":"Blue Slaver","floor":14,"turns":2},{"damage":12,"enemies":"The Guardian","floor":16,"turns":10},{"damage":0,"enemies":"Spheric Guardian","floor":18,"turns":5},{"damage":53,"enemies":"Slavers","floor":23,"turns":6},{"damage":18,"enemies":"3 Byrds","floor":24,"turns":8}],"seed_played":"6467174022976483781","potions_obtained":[{"floor":1,"key":"GamblersBrew"},{"floor":14,"key":"FearPotion"},{"floor":23,"key":"ColorlessPotion"}],"is_trial":false,"path_per_floor":["M","?","M","?","?","R","E","$","T","$","R","M","T","M","R","B",null,"M","?","?","?","?","E","M"],"character_chosen":"HERMIT","items_purchased":["hermit:Dive"],"campfire_rested":0,"item_purchase_floors":[8],"current_hp_per_floor":[75,75,74,67,67,67,40,40,40,40,40,40,40,38,38,26,75,75,75,75,75,75,22,6,6],"gold":260,"neow_bonus":"BOSS_RELIC","is_daily":false,"chose_seed":false,"campfire_upgraded":3,"win_rate":0.0,"timestamp":1611868148,"path_taken":["M","?","?","?","?","R","E","$","T","?","R","M","?","?","R","BOSS","M","?","?","?","?","E","M"],"items_purchased_type":["Card"],"build_version":"2020-12-22","purchased_purges":1,"victory":false,"max_hp_per_floor":[75,75,75,75,75,75,75,75,75,75,75,75,75,75,75,75,75,75,75,75,75,75,75,75,75],"card_choices":[{"not_picked":["hermit:Feint","hermit:Vantage"],"picked":"hermit:Horror","floor":1},{"not_picked":["hermit:Malice","hermit:NoHoldsBarred"],"picked":"hermit:PistolWhip","floor":3},{"not_picked":["hermit:TrackingShot","hermit:CalledShot"],"picked":"hermit:Midnight","floor":7},{"not_picked":["hermit:Feint","hermit:Purgatory"],"picked":"hermit:Maintenance","floor":12},{"not_picked":["hermit:TakeAim","hermit:BodyArmor","hermit:Coalescence"],"picked":"SKIP","floor":14},{"not_picked":["hermit:OverwhelmingPower","hermit:Roughhouse"],"picked":"hermit:HighNoon","floor":16},{"not_picked":["hermit:Ricochet+1","hermit:Dive","hermit:SprayPray"],"picked":"SKIP","floor":18},{"not_picked":["hermit:CalledShot","hermit:Malice"],"picked":"hermit:Virtue+1","floor":23}],"player_experience":1070901,"relics_obtained":[{"floor":7,"key":"Happy Flower"},{"floor":7,"key":"The Courier"},{"floor":9,"key":"Sundial"},{"floor":13,"key":"Akabeko"},{"floor":23,"key":"hermit:Spyglass"},{"floor":23,"key":"Blood Vial"}],"event_choices":[{"damage_healed":0,"gold_gain":0,"cards_transformed":["hermit:Strike_Hermit"],"player_choice":"Transformed","damage_taken":0,"max_hp_gain":0,"max_hp_loss":0,"event_name":"Transmorgrifier","floor":2,"gold_loss":0,"cards_obtained":["hermit:LoneWolf"]},{"cards_removed":["hermit:Strike_Hermit"],"damage_healed":0,"gold_gain":0,"player_choice":"Card Removal","damage_taken":7,"max_hp_gain":0,"max_hp_loss":0,"event_name":"Golden Wing","floor":4,"gold_loss":0},{"cards_removed":["hermit:Strike_Hermit"],"damage_healed":0,"gold_gain":0,"player_choice":"Card Removal","damage_taken":0,"max_hp_gain":0,"max_hp_loss":0,"event_name":"The Cleric","floor":5,"gold_loss":50},{"damage_healed":0,"gold_gain":0,"player_choice":"Opened","damage_taken":0,"relics_obtained":["Bag of Marbles"],"max_hp_gain":0,"max_hp_loss":0,"event_name":"The Mausoleum","floor":19,"gold_loss":0,"cards_obtained":["Writhe"]},{"damage_healed":0,"gold_gain":0,"player_choice":"Ignored","damage_taken":0,"max_hp_gain":0,"max_hp_loss":0,"event_name":"Cursed Tome","floor":20,"gold_loss":0},{"damage_healed":0,"gold_gain":0,"player_choice":"Obtain J.A.X.","damage_taken":0,"max_hp_gain":0,"max_hp_loss":0,"event_name":"Drug Dealer","floor":21,"gold_loss":0,"cards_obtained":["J.A.X."]},{"damage_healed":25,"gold_gain":0,"player_choice":"Heal","damage_taken":0,"max_hp_gain":0,"max_hp_loss":0,"event_name":"The Library","floor":22,"gold_loss":0}],"is_beta":false,"boss_relics":[{"not_picked":["Fusion Hammer","hermit:DentedPlate"],"picked":"Runic Pyramid"}],"items_purged_floors":[8],"is_endless":false,"potions_floor_spawned":[1,14,23],"killed_by":"3 Byrds","ascension_level":0}}