{"host":"jmumkimrafwvkspb","time":1611867461,"event":{"mods":["AchievementEnabler","BaseMod","Colored Map","Minty Spire (QoL Compilation)","Replay The Spire","StSLib"],"gold_per_floor":[119,134,134,149,169,169,169,169],"floor_reached":7,"language":"ENG","playtime":240,"items_purged":[],"score":86,"play_id":"327593d3-53f0-4f63-9865-716d1d10cd0c","local_time":"20210128215741","is_ascension_mode":true,"campfire_choices":[{"data":"ReplayGash","floor":6.0,"key":"SMITH"}],"circlet_count":0,"master_deck":["AscendersBane","Strike_B","Strike_B","Strike_B","Strike_B","Defend_B","Defend_B","Defend_B","Defend_B","Zap","Dualcast","Injury","ReplayGash+1","Gash","Coolheaded"],"relics":["Cracked Core","Replay:Towering Pillar of Hats"],"acts_visited":["Exordium"],"potions_floor_usage":[7],"damage_taken":[{"damage":1.0,"enemies":"Cultist","floor":1.0,"turns":3.0},{"damage":4.0,"enemies":"Small Slimes","floor":2.0,"turns":3.0},{"damage":7.0,"enemies":"Jaw Worm","floor":4.0,"turns":2.0},{"damage":20.0,"enemies":"Large Slime","floor":5.0,"turns":6.0},{"damage":34,"enemies":"Lagavulin","floor":7,"turns":7}],"seed_played":"-3840118417122751360","potions_obtained":[{"floor":1.0,"key":"Elixir"},{"floor":3.0,"key":"PowerPotion"},{"floor":3.0,"key":"Death Potion"}],"is_trial":false,"path_per_floor":["M","M","?","M","M","R","E"],"character_chosen":"DEFECT","items_purchased":[],"campfire_rested":0,"item_purchase_floors":[],"current_hp_per_floor":[63,59,59,52,32,32,0,0],"gold":169,"neow_bonus":"ONE_RARE_RELIC","is_daily":false,"chose_seed":false,"campfire_upgraded":1,"win_rate":0.0,"timestamp":1611867461,"path_taken":["M","?","?","M","M","R","E"],"items_purchased_type":[],"build_version":"2020-12-22","purchased_purges":0,"victory":false,"max_hp_per_floor":[71,71,71,71,71,71,71,71],"card_choices":[{"not_picked":["Redo","Double Energy"],"picked":"ReplayGash","floor":1.0},{"not_picked":["Barrage","Stack","Steam"],"picked":"SKIP","floor":2.0},{"not_picked":["Defragment","ReplayTheSpireMod:GoodbyeWorld"],"picked":"Gash","floor":4.0},{"not_picked":["Self Repair","Go for the Eyes"],"picked":"Coolheaded","floor":5.0}],"player_experience":1626834,"relics_obtained":[],"event_choices":[{"damage_healed":0.0,"max_hp_gain":0.0,"max_hp_loss":0.0,"gold_gain":0.0,"event_name":"Lab","player_choice":"Got Potions","floor":3.0,"gold_loss":0.0,"damage_taken":0.0}],"is_beta":false,"boss_relics":[],"items_purged_floors":[],"is_endless":false,"potions_floor_spawned":[1,4],"killed_by":"Lagavulin","ascension_level":20}}