{"host":"vrsxkkch9ccrec7k","time":1611799105,"event":{"mods":["Act Like it!","BaseMod","Bestiary","Better Altar","Better Match","Better Note","Better Sensory Stone","Better Skull","Better Third Choice","Better Vampires","Downfall","Minty Spire (QoL Compilation)","Permanent Neow","Relic Stats","Spicy Shops","StSLib"],"gold_per_floor":[99,99,99,99,161,191,191,210,210,239,236,267,279,309,336,448,460,472,494,522,544,567,579,591,98,98,98,115,132,32,44,58,58,58,58],"floor_reached":33,"language":"ENG","playtime":2984,"items_purged":["Slimebound:Strike_Slimebound"],"score":388,"play_id":"569e6ef4-1044-4b62-a7f1-e6ddada74650","local_time":"20210127205825","is_ascension_mode":true,"campfire_choices":[{"data":"Slimebound:Split","floor":1,"key":"SMITH"},{"data":"Slimebound:Grow","floor":13,"key":"SMITH"},{"data":"Slimebound:Darklings","floor":18,"key":"SMITH"},{"floor":23,"key":"REST"},{"floor":30,"key":"REST"}],"circlet_count":0,"master_deck":["Slimebound:Strike_Slimebound","Slimebound:Strike_Slimebound","Slimebound:Tackle","Slimebound:Defend_Slimebound","Slimebound:Defend_Slimebound","Slimebound:Defend_Slimebound","Slimebound:Defend_Slimebound","Slimebound:Split+1","Slimebound:CorrosiveSpit","Slimebound:PressTheAttack","Slimebound:AcidTongue","Slimebound:LeechingTouch","Slimebound:SplitAcid","Slimebound:FirmFortitude","Slimebound:SlimeTap","Slimebound:Grow+1","Slimebound:LivingWall","Slimebound:SlimeSpikes","Slimebound:SplitBruiser","Slimebound:Darklings+1","Slimebound:SplitAcid+1","Slimebound:SplitLeeching+1","Slimebound:RainOfGoop","Slimebound:SplitSpecialist","Slimebound:SlimeBarrage"],"relics":["Slimebound:AbsorbEndCombat","downfall:HeartsMalice","Mummified Hand","Bag of Preparation","InkBottle","MawBank","Busted Crown","Vajra","downfall:RedIOU","downfall:HeartBlessingBlue"],"acts_visited":["Exordium","TheCity"],"potions_floor_usage":[9,10,10,16,16,16,21,22,32,32,33],"damage_taken":[{"damage":0,"enemies":"2 Louse","floor":2,"turns":1},{"damage":0,"enemies":"Small Slimes","floor":4,"turns":1},{"damage":0,"enemies":"3 Sentries","floor":5,"turns":1},{"damage":19,"enemies":"Lagavulin","floor":6,"turns":7},{"damage":6,"enemies":"Cultist","floor":8,"turns":3},{"damage":10,"enemies":"3 Sentries","floor":10,"turns":3},{"damage":5,"enemies":"downfall:FleeingMerchant","floor":11,"turns":4},{"damage":3,"enemies":"Blue Slaver","floor":12,"turns":3},{"damage":0,"enemies":"2 Fungi Beasts","floor":14,"turns":3},{"damage":1,"enemies":"Gremlin Gang","floor":15,"turns":4},{"damage":46,"enemies":"WA_ARCHETYPE_RETAIN","floor":16,"turns":13},{"damage":8,"enemies":"Shell Parasite","floor":19,"turns":6},{"damage":26,"enemies":"Centurion and Healer","floor":20,"turns":5},{"damage":10,"enemies":"Snecko","floor":21,"turns":3},{"damage":31,"enemies":"Cultist and Chosen","floor":22,"turns":7},{"damage":15,"enemies":"downfall:FleeingMerchant","floor":25,"turns":4},{"damage":4,"enemies":"Sentry and Sphere","floor":28,"turns":5},{"damage":0,"enemies":"Centurion and Healer","floor":29,"turns":7},{"damage":7,"enemies":"Chosen and Byrds","floor":31,"turns":4},{"damage":9,"enemies":"Snecko","floor":32,"turns":5},{"damage":77,"enemies":"SI_MIRROR_ARCHETYPE","floor":33,"turns":14}],"seed_played":"-9083790720818251916","potions_obtained":[{"floor":6,"key":"GamblersBrew"},{"floor":8,"key":"BlessingOfTheForge"},{"floor":9,"key":"Fruit Juice"},{"floor":9,"key":"Slimebound:SlimedPotion"},{"floor":12,"key":"BlessingOfTheForge"},{"floor":14,"key":"sneckomod:MuddlingPotion"},{"floor":16,"key":"FairyPotion"},{"floor":20,"key":"SneckoOil"},{"floor":21,"key":"GamblersBrew"},{"floor":32,"key":"GamblersBrew"}],"is_trial":false,"path_per_floor":["R","M","?","M","?","E","T","M","?","E","$","M","R","M","M","B",null,"R","M","M","M","M","R","T","$","?","?","M","M","R","M","M","B"],"character_chosen":"SLIMEBOUND","items_purchased":["Vajra","Slimebound:RainOfGoop","Slimebound:SplitSpecialist","Block Potion","Explosive Potion"],"campfire_rested":2,"item_purchase_floors":[25,25,25,25,25],"current_hp_per_floor":[59,59,52,52,52,39,39,37,47,47,44,43,43,47,52,29,60,60,56,30,25,5,26,26,15,15,15,13,17,51,48,39,0,0,0],"gold":58,"neow_bonus":"THREE_ENEMY_KILL","is_daily":false,"chose_seed":false,"campfire_upgraded":3,"win_rate":0.0,"timestamp":1611799105,"path_taken":["R","M","?","M","?","E","T","M","?","E","$","M","R","M","M","BOSS","R","M","M","?","M","R","T","$","?","?","M","?","R","M","M","BOSS"],"items_purchased_type":["Relic","Card","Card","Potion","Potion"],"build_version":"2020-12-22","purchased_purges":1,"victory":false,"max_hp_per_floor":[65,65,65,65,65,65,65,65,70,70,70,70,70,70,70,70,70,70,70,70,70,70,70,70,70,70,70,70,70,80,80,80,80,80,80],"relic_stats":{"Busted Crown":18,"counters":[21,99],"Mummified Hand":[32],"Bag of Preparation":[36],"MawBank":180,"obtain_stats":[{"Busted Crown":17,"Mummified Hand":3,"downfall:HeartBlessingBlue":30,"Vajra":25,"downfall:HeartsMalice":0,"downfall:RedIOU":26,"Slimebound:AbsorbEndCombat":0,"Bag of Preparation":5,"MawBank":10,"Toy Ornithopter":6,"InkBottle":7},{"Busted Crown":11,"Mummified Hand":1,"downfall:HeartBlessingBlue":18,"Vajra":16,"downfall:HeartsMalice":0,"downfall:RedIOU":16,"Slimebound:AbsorbEndCombat":0,"Bag of Preparation":3,"MawBank":6,"Toy Ornithopter":4,"InkBottle":4},{"Busted Crown":39,"Mummified Hand":0,"downfall:HeartBlessingBlue":76,"Vajra":64,"downfall:HeartsMalice":0,"downfall:RedIOU":64,"Slimebound:AbsorbEndCombat":0,"Bag of Preparation":0,"MawBank":13,"Toy Ornithopter":7,"InkBottle":7}],"InkBottle":[34]},"card_choices":[{"not_picked":["Slimebound:SplitLeeching","Slimebound:ComboTackle"],"picked":"Slimebound:PressTheAttack","floor":2},{"not_picked":["Slimebound:Dissolve","Slimebound:SplitMire"],"picked":"Slimebound:AcidTongue","floor":4},{"not_picked":["Slimebound:TongueLash","Slimebound:Recollect"],"picked":"Slimebound:LeechingTouch","floor":5},{"not_picked":["Slimebound:LivingWall","Slimebound:RollThrough"],"picked":"Slimebound:SplitAcid","floor":6},{"not_picked":["Slimebound:HauntingLick","Slimebound:SplitMire"],"picked":"Slimebound:FirmFortitude","floor":8},{"not_picked":["Slimebound:DisruptingSlam","Slimebound:ServeAndProtect"],"picked":"Slimebound:SlimeTap","floor":10},{"not_picked":["Slimebound:SplitBruiser","Slimebound:RollThrough"],"picked":"Slimebound:Grow","floor":11},{"not_picked":["Slimebound:ProtectTheBoss","Slimebound:LeechingTouch"],"picked":"Slimebound:LivingWall","floor":12},{"not_picked":["Slimebound:ItLooksTasty","Slimebound:Equalize"],"picked":"Slimebound:SlimeSpikes","floor":14},{"not_picked":["Slimebound:FinishingTackle","Slimebound:GoopTackle"],"picked":"Slimebound:SplitBruiser","floor":15},{"not_picked":["Slimebound:Recycling","Slimebound:DouseInSlime"],"picked":"Slimebound:Darklings","floor":16},{"not_picked":[],"picked":"Slimebound:SplitAcid+1","floor":19},{"not_picked":["Slimebound:ItLooksTasty"],"picked":"SKIP","floor":20},{"not_picked":[],"picked":"Slimebound:SplitLeeching+1","floor":21},{"not_picked":["Slimebound:ItLooksTasty"],"picked":"SKIP","floor":22},{"not_picked":["Slimebound:SplitMire"],"picked":"SKIP","floor":25},{"not_picked":["Slimebound:ItLooksTasty"],"picked":"SKIP","floor":28},{"not_picked":["Slimebound:TongueLash"],"picked":"SKIP","floor":29},{"not_picked":[],"picked":"Slimebound:SlimeBarrage","floor":31},{"not_picked":["Slimebound:PressTheAttack"],"picked":"SKIP","floor":32}],"player_experience":1773541,"relics_obtained":[{"floor":5,"key":"Bag of Preparation"},{"floor":6,"key":"Toy Ornithopter"},{"floor":7,"key":"InkBottle"},{"floor":10,"key":"MawBank"}],"event_choices":[{"damage_healed":0,"gold_gain":0,"player_choice":"Success","damage_taken":7,"relics_obtained":["Mummified Hand"],"max_hp_gain":0,"max_hp_loss":0,"event_name":"Scrap Ooze","floor":3,"gold_loss":0},{"damage_healed":0,"gold_gain":0,"player_choice":"Got Potions","damage_taken":0,"max_hp_gain":0,"max_hp_loss":0,"event_name":"Lab","floor":9,"gold_loss":0}],"is_beta":false,"boss_relics":[{"not_picked":["Fusion Hammer","Black Star"],"picked":"Busted Crown"}],"items_purged_floors":[25],"is_endless":false,"potions_floor_spawned":[6,8,12,14,16,20,21,32],"killed_by":"SI_MIRROR_ARCHETYPE","ascension_level":8}}