{"host":"1ecbliur7lfoj0sl","time":1611827744,"event":{"mods":["BaseMod","Downfall","Minty Spire (QoL Compilation)","StSLib","Waifu the Spire"],"gold_per_floor":[99,99,117,117,27,27,27,41,71,171,186,186,212,222,234,234,234,234],"floor_reached":16,"language":"ZHS","playtime":996,"items_purged":["champ:Strike"],"score":116,"play_id":"4cf5e3c5-9b9e-433e-998b-d2be0eff4c7b","local_time":"20210128175544","is_ascension_mode":true,"campfire_choices":[{"data":"champ:UltimateStance","floor":1.0,"key":"SMITH"},{"data":"champ:EnragedBash","floor":6.0,"key":"SMITH"},{"data":"champ:RageSigil","floor":12.0,"key":"SMITH"}],"circlet_count":0,"master_deck":["champ:Strike","champ:Strike","champ:Defend","champ:Defend","champ:Defend","champ:Execute","champ:Taunt","champ:UltimateStance+1","champ:GutPunch","champ:EnragedBash+1","champ:DefensiveStyle","champ:FocusedDefense","champ:RageSigil+1","champ:ShieldSlam"],"relics":["champ:ChampionCrown","Matryoshka","Bird Faced Urn","downfall:GremlinWheel","Bottled Lightning"],"acts_visited":["Exordium"],"potions_floor_usage":[16,16,16],"damage_taken":[{"damage":9.0,"enemies":"2 Louse","floor":3.0,"turns":3.0},{"damage":35.0,"enemies":"downfall:FleeingMerchant","floor":5.0,"turns":4.0},{"damage":25.0,"enemies":"Cultist","floor":8.0,"turns":3.0},{"damage":58.0,"enemies":"Lagavulin","floor":9.0,"turns":8.0},{"damage":42.0,"enemies":"Lagavulin","floor":10.0,"turns":5.0},{"damage":17.0,"enemies":"Small Slimes","floor":11.0,"turns":4.0},{"damage":67.0,"enemies":"3 Sentries","floor":13.0,"turns":8.0},{"damage":47.0,"enemies":"Exordium Thugs","floor":14.0,"turns":4.0},{"damage":34.0,"enemies":"3 Louse","floor":15.0,"turns":4.0},{"damage":96,"enemies":"DF_ARCHETYPE_STREAMLINE","floor":16,"turns":8}],"seed_played":"-710188349807329542","potions_obtained":[{"floor":4.0,"key":"Swift Potion"},{"floor":4.0,"key":"champ:TechniquePotion"},{"floor":4.0,"key":"champ:CounterPotion"},{"floor":9.0,"key":"Block Potion"},{"floor":11.0,"key":"Swift Potion"},{"floor":13.0,"key":"GamblersBrew"},{"floor":14.0,"key":"Fire Potion"},{"floor":15.0,"key":"Dexterity Potion"}],"is_trial":false,"path_per_floor":["R","?","M","?","$","R","T","M","E","?","M","R","E","M","M","B"],"character_chosen":"THE_CHAMP","items_purchased":[],"campfire_rested":0,"item_purchase_floors":[],"current_hp_per_floor":[81,81,77,77,77,77,77,77,64,49,49,49,34,19,19,0,0,0],"gold":234,"neow_bonus":"THREE_RARE_CARDS","is_daily":false,"chose_seed":false,"campfire_upgraded":3,"win_rate":0.0,"timestamp":1611827744,"path_taken":["R","?","?","?","?","R","T","M","E","?","M","R","E","M","M","BOSS"],"items_purchased_type":[],"build_version":"2020-12-22","purchased_purges":1,"victory":false,"max_hp_per_floor":[81,81,81,81,81,81,81,81,81,81,81,81,81,81,81,81,81,81],"card_choices":[{"not_picked":["champ:LastStand","champ:ShieldThrow"],"picked":"champ:UltimateStance","floor":0.0},{"not_picked":["champ:StanceDance","champ:BerserkersShout"],"picked":"champ:EnragedBash","floor":3.0},{"not_picked":["champ:FaceSlap","champ:DefensiveShout","champ:StanceDance"],"picked":"SKIP","floor":5.0},{"not_picked":["champ:HeartStrike","champ:PreciseThrust"],"picked":"champ:DefensiveStyle","floor":8.0},{"not_picked":["champ:Duel","champ:CrookedStrike"],"picked":"champ:FocusedDefense","floor":9.0},{"not_picked":["champ:StrikeOfGenius","champ:CalledShot"],"picked":"champ:RageSigil","floor":11.0},{"not_picked":["champ:RecklessLeap","champ:Backstep"],"picked":"champ:ShieldSlam","floor":13.0},{"not_picked":["champ:StanceDance","champ:Haymaker","champ:Circumvent"],"picked":"SKIP","floor":14.0},{"not_picked":["champ:Devastate","champ:ShieldWall","champ:IronFortress"],"picked":"SKIP","floor":15.0}],"player_experience":100898,"relics_obtained":[{"floor":7.0,"key":"Matryoshka"},{"floor":9.0,"key":"Bird Faced Urn"},{"floor":10.0,"key":"downfall:GremlinWheel"},{"floor":13.0,"key":"Bottled Lightning"}],"event_choices":[{"damage_healed":0.0,"max_hp_gain":0.0,"max_hp_loss":0.0,"gold_gain":0.0,"event_name":"Lab","player_choice":"Got Potions","floor":4.0,"gold_loss":0.0,"damage_taken":0.0},{"cards_removed":["champ:Defend"],"damage_healed":0.0,"max_hp_gain":0.0,"max_hp_loss":0.0,"gold_gain":0.0,"event_name":"Wheel of Change","player_choice":"Card Removal","floor":12.0,"gold_loss":0.0,"damage_taken":0.0}],"is_beta":false,"boss_relics":[],"items_purged_floors":[5],"is_endless":false,"potions_floor_spawned":[9,11,13,14,15],"killed_by":"DF_ARCHETYPE_STREAMLINE","ascension_level":1}}