{"host":"8anmd7ibyxevnonj","time":1611825095,"event":{"mods":["BaseMod","Curses Come First","Downfall","Marisa????????","Minty Spire (QoL Compilation)","StSLib","The Cursed","The Marked"],"gold_per_floor":[116,116,81,81,92,124,140,156,156,183,194,205,205,231,231,335,335,354,366,384,63,75,75,75],"floor_reached":23,"language":"ENG","playtime":1460,"items_purged":["TheCursedMod:Strike_TheCursed"],"score":240,"play_id":"750d0965-700a-4aea-a726-81a77bcacd33","local_time":"20210128101135","is_ascension_mode":false,"campfire_choices":[{"data":"TheCursedMod:SaltUponWound","floor":13.0,"key":"SMITH"},{"data":"TheCursedMod:SaltUponWound","floor":15.0,"key":"SMITH"}],"circlet_count":0,"master_deck":["TheCursedMod:Strike_TheCursed","TheCursedMod:Strike_TheCursed","TheCursedMod:Strike_TheCursed","TheCursedMod:Defend_TheCursed","TheCursedMod:Defend_TheCursed","TheCursedMod:Defend_TheCursed","TheCursedMod:Defend_TheCursed","TheCursedMod:CursedWand+1","TheCursedMod:CleanUpWorkshop","TheCursedMod:Dregs","TheCursedMod:Wield","TheCursedMod:SaltUponWound","TheCursedMod:AbyssShockwave+1","TheCursedMod:CircleOfCorruption","TheCursedMod:WearCloak","TheCursedMod:CircleOfFlame","TheCursedMod:SaltUponWound+1","TheCursedMod:SaltUponWound+1","TheCursedMod:UltimatePain","TheCursedMod:VoidForm","TheCursedMod:SurpriseAttack","TheCursedMod:Torture+1","TheCursedMod:SurpriseAttack","TheCursedMod:DarkBarrier"],"relics":["TheCursedMod:BlackMagic101","NeowsBlessing","Ancient Tea Set","Bottled Flame","Centennial Puzzle","Whetstone","Meat on the Bone","bronze:MakeshiftBattery","Kunai"],"acts_visited":["Exordium","TheCity"],"potions_floor_usage":[20,23],"damage_taken":[{"damage":0.0,"enemies":"Jaw Worm","floor":1.0,"turns":1.0},{"damage":0.0,"enemies":"2 Louse","floor":5.0,"turns":1.0},{"damage":0.0,"enemies":"Lagavulin","floor":6.0,"turns":2.0},{"damage":1.0,"enemies":"Cultist","floor":7.0,"turns":4.0},{"damage":0.0,"enemies":"2 Fungi Beasts","floor":8.0,"turns":2.0},{"damage":21.0,"enemies":"Gremlin Nob","floor":10.0,"turns":4.0},{"damage":7.0,"enemies":"Large Slime","floor":11.0,"turns":4.0},{"damage":0.0,"enemies":"Exordium Wildlife","floor":12.0,"turns":1.0},{"damage":5.0,"enemies":"3 Sentries","floor":14.0,"turns":3.0},{"damage":8.0,"enemies":"Hexaghost","floor":16.0,"turns":6.0},{"damage":14.0,"enemies":"3 Byrds","floor":18.0,"turns":5.0},{"damage":9,"enemies":"Chosen","floor":19,"turns":5},{"damage":8,"enemies":"Snake Plant","floor":20,"turns":3},{"damage":10,"enemies":"Centurion and Healer","floor":22,"turns":4},{"damage":47,"enemies":"Slavers","floor":23,"turns":5}],"seed_played":"-1523754066633841106","potions_obtained":[{"floor":5.0,"key":"hexamod:SoulburnPotion"},{"floor":11.0,"key":"SkillPotion"},{"floor":14.0,"key":"SpeedPotion"},{"floor":16.0,"key":"LiquidMemories"},{"floor":18,"key":"AttackPotion"}],"is_trial":false,"path_per_floor":["M","$","?","?","M","E","M","M","T","E","M","M","R","E","R","B",null,"M","M","M","$","M","E"],"character_chosen":"THE_CURSED","items_purchased":["Kunai"],"campfire_rested":0,"item_purchase_floors":[21],"current_hp_per_floor":[75,75,75,57,57,57,56,56,56,35,28,28,28,23,23,27,75,61,52,44,44,46,0,0],"gold":75,"neow_bonus":"THREE_ENEMY_KILL","is_daily":false,"chose_seed":false,"campfire_upgraded":2,"win_rate":0.0,"timestamp":1611825095,"path_taken":["M","$","?","?","M","E","M","M","T","E","M","M","R","E","R","BOSS","M","M","M","$","M","E"],"items_purchased_type":["Relic"],"build_version":"2020-12-13","purchased_purges":1,"victory":false,"max_hp_per_floor":[75,75,75,75,75,75,75,75,75,75,75,75,75,75,75,75,75,75,75,75,75,75,75,75],"card_choices":[{"not_picked":["TheCursedMod:RapidMovement","TheCursedMod:StingEye"],"picked":"TheCursedMod:Wield","floor":1.0},{"not_picked":["TheCursedMod:Grudge","TheCursedMod:Wield"],"picked":"TheCursedMod:SaltUponWound","floor":5.0},{"not_picked":["TheCursedMod:PrepareRite","TheCursedMod:Evocation"],"picked":"TheCursedMod:AbyssShockwave","floor":6.0},{"not_picked":["TheCursedMod:ManaBullet","TheCursedMod:AshesToAshes"],"picked":"TheCursedMod:CircleOfCorruption","floor":7.0},{"not_picked":["TheCursedMod:RapidMovement","TheCursedMod:SurpriseAttack"],"picked":"TheCursedMod:WearCloak","floor":8.0},{"not_picked":["TheCursedMod:Grudge","TheCursedMod:CursedStaff"],"picked":"TheCursedMod:CircleOfFlame","floor":10.0},{"not_picked":["TheCursedMod:ReleasedKnowledge","TheCursedMod:CircleOfCorruption"],"picked":"TheCursedMod:SaltUponWound","floor":11.0},{"not_picked":["TheCursedMod:CursedArmor","TheCursedMod:Stretching"],"picked":"TheCursedMod:SaltUponWound","floor":12.0},{"not_picked":["TheCursedMod:SpitefulStrike","TheCursedMod:CursedShiv"],"picked":"TheCursedMod:UltimatePain","floor":14.0},{"not_picked":["TheCursedMod:NeowsMight","TheCursedMod:DarkBarrier"],"picked":"TheCursedMod:VoidForm","floor":16.0},{"not_picked":["TheCursedMod:CursedStaff","TheCursedMod:VitalStrike"],"picked":"TheCursedMod:SurpriseAttack","floor":18},{"not_picked":["TheCursedMod:VitalStrike+1","TheCursedMod:SpitefulStrike"],"picked":"TheCursedMod:Torture+1","floor":19},{"not_picked":["TheCursedMod:RavingStaff","TheCursedMod:TacticalStrike"],"picked":"TheCursedMod:SurpriseAttack","floor":20},{"not_picked":["TheCursedMod:BloodBarrier","TheCursedMod:TroublousMinions"],"picked":"TheCursedMod:DarkBarrier","floor":22}],"player_experience":58453,"relics_obtained":[{"floor":6.0,"key":"Bottled Flame"},{"floor":9.0,"key":"Centennial Puzzle"},{"floor":10.0,"key":"Whetstone"},{"floor":14.0,"key":"Meat on the Bone"}],"event_choices":[{"damage_healed":18.0,"max_hp_gain":0.0,"max_hp_loss":0.0,"gold_gain":0.0,"event_name":"The Cleric","player_choice":"Healed","floor":3.0,"gold_loss":35.0,"damage_taken":0.0},{"damage_healed":0.0,"max_hp_gain":0.0,"max_hp_loss":0.0,"gold_gain":0.0,"event_name":"Scrap Ooze","player_choice":"Success","floor":4.0,"gold_loss":0.0,"damage_taken":18.0,"relics_obtained":["Ancient Tea Set"]}],"is_beta":false,"boss_relics":[{"not_picked":["TheCursedMod:FourLeafCloverCharm","Fusion Hammer"],"picked":"bronze:MakeshiftBattery"}],"items_purged_floors":[21],"is_endless":false,"potions_floor_spawned":[5,11,14,16,18,19],"killed_by":"Slavers","ascension_level":0}}