{"host":"j49z5jz0n7e8vjox","time":1611864416,"event":{"mods":["AchievementEnabler","BaseMod","Bestiary","Colored Map","Colored Powertips","DeckTracker","Minty Spire (QoL Compilation)","Permanent Neow","UnlockEverythingMod"],"gold_per_floor":[213,230,74,84,99,99,99,131,154,304,379,69,34,64,64,138,138,150,150,50,68,2,2,21,21,21],"floor_reached":25,"language":"ENG","playtime":6163,"items_purged":["Strike_B","Doubt"],"score":443,"play_id":"c6676f47-38f3-45b0-acfd-27060453eb0e","local_time":"20210128140656","is_ascension_mode":true,"campfire_choices":[{"data":"Electrodynamics","floor":6,"key":"SMITH"},{"floor":15,"key":"REST"},{"floor":23,"key":"REST"}],"circlet_count":0,"master_deck":["AscendersBane","Strike_B","Strike_B","Strike_B","Defend_B","Defend_B","Defend_B","Defend_B","Zap","Dualcast","Sweeping Beam","Ball Lightning","Reinforced Body","Capacitor","Electrodynamics+1","Glacier","Panacea","Conserve Battery","Coolheaded","Rainbow","CurseOfTheBell","Coolheaded","Sunder","Ball Lightning","Self Repair"],"relics":["Cracked Core","Bag of Marbles","Tiny Chest","Vajra","Calling Bell","PreservedInsect","The Courier","Mango","Question Card"],"acts_visited":["Exordium","TheCity"],"potions_floor_usage":[8,16,16,21,25,25],"damage_taken":[{"damage":1,"enemies":"2 Louse","floor":1,"turns":2},{"damage":7,"enemies":"Jaw Worm","floor":2,"turns":3},{"damage":4,"enemies":"Small Slimes","floor":4,"turns":3},{"damage":2,"enemies":"Exordium Thugs","floor":5,"turns":4},{"damage":13,"enemies":"3 Sentries","floor":8,"turns":3},{"damage":16,"enemies":"Lagavulin","floor":14,"turns":7},{"damage":19,"enemies":"Slime Boss","floor":16,"turns":6},{"damage":17,"enemies":"Chosen","floor":18,"turns":6},{"damage":17,"enemies":"2 Thieves","floor":20,"turns":5},{"damage":21,"enemies":"Snecko","floor":21,"turns":7},{"damage":40,"enemies":"Shelled Parasite and Fungi","floor":24,"turns":10},{"damage":17,"enemies":"Centurion and Healer","floor":25,"turns":2}],"seed_played":"-2832081057051018557","potions_obtained":[{"floor":2,"key":"Energy Potion"},{"floor":5,"key":"Explosive Potion"},{"floor":14,"key":"FocusPotion"},{"floor":18,"key":"SkillPotion"},{"floor":24,"key":"EssenceOfSteel"}],"is_trial":false,"path_per_floor":["M","M","$","M","M","R","?","E","T","?","?","$","?","E","R","B",null,"M","T","M","M","$","R","M","M"],"character_chosen":"DEFECT","items_purchased":["Reinforced Body","Panacea","DuplicationPotion","Conserve Battery","Ball Lightning","PowerPotion"],"campfire_rested":2,"item_purchase_floors":[3,12,12,12,22,22],"current_hp_per_floor":[63,56,56,52,50,50,55,42,42,42,31,31,50,34,56,37,80,63,63,46,25,25,52,12,0,0],"gold":21,"neow_bonus":"HUNDRED_GOLD","is_daily":false,"chose_seed":false,"campfire_upgraded":1,"win_rate":0.0,"timestamp":1611864416,"path_taken":["M","M","$","M","M","R","?","E","T","?","?","$","?","E","R","BOSS","M","?","?","?","?","R","M","M"],"items_purchased_type":["Card","Card","Potion","Card","Card","Potion"],"build_version":"2020-12-22","purchased_purges":2,"victory":false,"max_hp_per_floor":[71,71,71,71,71,71,76,76,76,76,76,76,76,76,76,76,90,90,90,90,90,90,90,90,90,90],"card_choices":[{"not_picked":["Conserve Battery","Stack"],"picked":"Sweeping Beam","floor":1},{"not_picked":["Leap","Coolheaded"],"picked":"Ball Lightning","floor":2},{"not_picked":["Hologram","Sunder"],"picked":"Capacitor","floor":4},{"not_picked":["Coolheaded","Genetic Algorithm"],"picked":"Electrodynamics","floor":5},{"not_picked":["Reboot","Gash"],"picked":"Glacier","floor":8},{"not_picked":["Conserve Battery","Rebound"],"picked":"Coolheaded","floor":14},{"not_picked":["Multi-Cast","Meteor Strike"],"picked":"Rainbow","floor":16},{"not_picked":["Redo","Aggregate"],"picked":"Coolheaded","floor":18},{"not_picked":["Sweeping Beam","Redo","Scrape","Coolheaded"],"picked":"SKIP","floor":20},{"not_picked":["Fission","Coolheaded+1","Aggregate"],"picked":"Sunder","floor":21},{"not_picked":["Cold Snap","Barrage","Rebound"],"picked":"Self Repair","floor":24}],"player_experience":786920,"relics_obtained":[{"floor":8,"key":"Bag of Marbles"},{"floor":9,"key":"Tiny Chest"},{"floor":14,"key":"Vajra"},{"floor":17,"key":"PreservedInsect"},{"floor":17,"key":"The Courier"},{"floor":17,"key":"Mango"},{"floor":19,"key":"Question Card"}],"event_choices":[{"damage_healed":0,"gold_gain":0,"player_choice":"Donut","damage_taken":0,"max_hp_gain":5,"max_hp_loss":0,"event_name":"Big Fish","floor":7,"gold_loss":0},{"damage_healed":0,"gold_gain":150,"player_choice":"AGREE","damage_taken":0,"max_hp_gain":0,"max_hp_loss":0,"event_name":"Liars Game","floor":10,"gold_loss":0,"cards_obtained":["Doubt"]},{"damage_healed":0,"gold_gain":75,"player_choice":"Gather Gold","damage_taken":11,"max_hp_gain":0,"max_hp_loss":0,"event_name":"World of Goop","floor":11,"gold_loss":0},{"damage_healed":19,"gold_gain":0,"player_choice":"Healed","damage_taken":0,"max_hp_gain":0,"max_hp_loss":0,"event_name":"The Cleric","floor":13,"gold_loss":35}],"is_beta":false,"boss_relics":[{"not_picked":["SacredBark","Runic Dome"],"picked":"Calling Bell"}],"items_purged_floors":[3,12],"is_endless":false,"potions_floor_spawned":[2,5,14,18,24],"killed_by":"Centurion and Healer","ascension_level":20}}