{"host":"0rdbtfh27r6ur4pq","time":1611871021,"event":{"mods":["BaseMod","Colored Map","Colored Powertips","Downfall","Hubris","Minty Spire (QoL Compilation)","Quick Restart","Replay The Spire","StSLib","SuperFastMode"],"gold_per_floor":[99,114,114,23,42,42,42,42,72,88,88,20,20,5,25,25,25,25],"floor_reached":16,"language":"ENG","playtime":946,"items_purged":[],"score":98,"play_id":"96935af3-32c3-45b9-9a1e-25bb590b73e7","local_time":"20210128155701","is_ascension_mode":false,"campfire_choices":[{"data":"bronze:Replicate","floor":1,"key":"SMITH"},{"data":"bronze:FineTuning","floor":8,"key":"SMITH"},{"floor":13,"key":"REST"}],"circlet_count":0,"master_deck":["bronze:Strike","bronze:Strike","bronze:Strike","bronze:Strike","bronze:Defend","bronze:Defend","bronze:Defend","bronze:Defend+1","bronze:Replicate+1","bronze:Goto","bronze:Iterate","bronze:FineTuning+1","bronze:ChildClass","bronze:BronzeOrb","bronze:Flail","bronze:RecursiveStrike","bronze:BitShift","bronze:OilSpill"],"relics":["bronze:BronzeCore","White Beast Statue","Strawberry"],"acts_visited":["Exordium"],"potions_floor_usage":[16],"damage_taken":[{"damage":1,"enemies":"Jaw Worm","floor":2,"turns":4},{"damage":0,"enemies":"downfall:FleeingMerchant","floor":4,"turns":4},{"damage":0,"enemies":"Cultist","floor":5,"turns":3},{"damage":41,"enemies":"Lagavulin","floor":9,"turns":7},{"damage":0,"enemies":"Small Slimes","floor":10,"turns":2},{"damage":10,"enemies":"downfall:FleeingMerchant","floor":12,"turns":4},{"damage":10,"enemies":"downfall:FleeingMerchant","floor":14,"turns":4},{"damage":0,"enemies":"Exordium Wildlife","floor":15,"turns":2},{"damage":47,"enemies":"DF_ARCHETYPE_STREAMLINE","floor":16,"turns":8}],"seed_played":"7923159172838045796","potions_obtained":[{"floor":2,"key":"bronze:BurnAndBuffPotion"},{"floor":9,"key":"Dexterity Potion"},{"floor":10,"key":"Weak Potion"}],"is_trial":false,"path_per_floor":["R","M","?","$","M","?","T","R","E","M","?","$","R","$","M","B"],"character_chosen":"THE_AUTOMATON","items_purchased":["bronze:ChildClass","bronze:BitShift"],"campfire_rested":1,"item_purchase_floors":[4,12],"current_hp_per_floor":[77,76,76,76,76,76,76,76,42,42,42,32,57,47,47,0,0,0],"gold":25,"neow_bonus":"TEN_PERCENT_HP_BONUS","is_daily":false,"chose_seed":false,"campfire_upgraded":2,"win_rate":0.0,"timestamp":1611871021,"path_taken":["R","M","?","?","?","?","T","R","E","M","?","$","R","$","M","BOSS"],"items_purchased_type":["Card","Card"],"build_version":"2020-12-22","purchased_purges":0,"victory":false,"max_hp_per_floor":[77,77,77,77,77,77,77,77,84,84,84,84,84,84,84,84,84,84],"card_choices":[{"not_picked":["bronze:Backtrace","bronze:CutThrough"],"picked":"bronze:Iterate","floor":2},{"not_picked":["bronze:Assembly","bronze:Invalidate"],"picked":"bronze:FineTuning","floor":4},{"not_picked":["bronze:Turbo","bronze:Branch"],"picked":"bronze:BronzeOrb","floor":5},{"not_picked":["bronze:Fortify","bronze:DarkDash"],"picked":"bronze:Flail","floor":9},{"not_picked":["bronze:Overheat","bronze:Deprecate","bronze:BugBarrage"],"picked":"SKIP","floor":10},{"not_picked":["bronze:BugBarrage","bronze:CloningBeam"],"picked":"bronze:RecursiveStrike","floor":12},{"not_picked":["bronze:Frontload","bronze:OilSpill","bronze:Turbo"],"picked":"SKIP","floor":14},{"not_picked":["bronze:Invalidate","bronze:Deprecate"],"picked":"bronze:OilSpill","floor":15}],"player_experience":94188,"relics_obtained":[{"floor":7,"key":"White Beast Statue"},{"floor":9,"key":"Strawberry"}],"event_choices":[],"is_beta":false,"boss_relics":[],"items_purged_floors":[],"is_endless":false,"potions_floor_spawned":[2,9,10,12,14,15],"killed_by":"DF_ARCHETYPE_STREAMLINE","ascension_level":0}}