{"host":"lnnm69al9x392px5","time":1611829580,"event":{"mods":["BaseMod","Downfall","Hermit","Minty Spire (QoL Compilation)","Replay The Spire","StSLib","The Cursed"],"gold_per_floor":[0,13,13,32,45,60,83,83,95,95,127,147,147,35,47,152,152,152,170,170,185,195,215,238,238,238,238,238],"floor_reached":26,"language":"ENG","playtime":1224,"items_purged":[],"score":210,"play_id":"5c2e4128-d258-48ad-b284-06789abf5551","local_time":"20210128022620","is_ascension_mode":false,"campfire_choices":[{"data":"bronze:Goto","floor":1,"key":"SMITH"},{"data":"bronze:Repair","floor":10,"key":"SMITH"},{"data":"bronze:Replicate","floor":13,"key":"SMITH"},{"floor":18,"key":"DIG"}],"circlet_count":0,"master_deck":["bronze:Strike","bronze:Strike","bronze:Strike","bronze:Defend","bronze:Defend","bronze:Defend","bronze:Defend","bronze:Replicate+1","bronze:Goto+1","bronze:Separator","bronze:Constructor","bronze:Repair+1","bronze:HyperBeam","bronze:ClassDefault","bronze:Branch","bronze:DelayedSlice","ReplayTheSpireMod:Uncanny Aura","bronze:CutThrough","bronze:SpaghettiCode","bronze:BitShift","bronze:DarkDash","bronze:Turbo+1","bronze:BugBarrage+1"],"relics":["bronze:BronzeCore","Pocketwatch","Lantern","Gremlin Horn","Bag of Preparation","Odd Mushroom","SacredBark","Eternal Feather","Dream Catcher","MealTicket"],"acts_visited":["Exordium","TheCity"],"potions_floor_usage":[23,25],"damage_taken":[{"damage":4,"enemies":"2 Louse","floor":2,"turns":4},{"damage":6,"enemies":"Jaw Worm","floor":4,"turns":2},{"damage":0,"enemies":"Small Slimes","floor":5,"turns":3},{"damage":8,"enemies":"Exordium Wildlife","floor":6,"turns":3},{"damage":0,"enemies":"Exordium Thugs","floor":9,"turns":4},{"damage":5,"enemies":"Gremlin Nob","floor":11,"turns":4},{"damage":6,"enemies":"The Mushroom Lair","floor":12,"turns":5},{"damage":0,"enemies":"downfall:FleeingMerchant","floor":14,"turns":4},{"damage":1,"enemies":"Lots of Slimes","floor":15,"turns":2},{"damage":22,"enemies":"IC_STATUS_ARCHETYPE","floor":16,"turns":7},{"damage":8,"enemies":"3 Byrds","floor":19,"turns":5},{"damage":0,"enemies":"Shell Parasite","floor":21,"turns":1},{"damage":11,"enemies":"Sentry and Sphere","floor":22,"turns":5},{"damage":21,"enemies":"Snake Plant","floor":23,"turns":5},{"damage":0,"enemies":"Snecko","floor":26,"turns":1}],"seed_played":"-534525732540051238","potions_obtained":[{"floor":2,"key":"Weak Potion"},{"floor":6,"key":"Death Potion"},{"floor":15,"key":"Toxic Potion"},{"floor":25,"key":"Fruit Juice"},{"floor":25,"key":"Block Potion"}],"is_trial":false,"path_per_floor":["R","M","?","M","M","M","T","T","M","R","E","?","R","$","M","B",null,"R","M","?","M","M","M","T","?","M"],"character_chosen":"THE_AUTOMATON","items_purchased":["ReplayTheSpireMod:Uncanny Aura"],"campfire_rested":0,"item_purchase_floors":[14],"current_hp_per_floor":[70,66,66,60,60,52,52,52,59,59,64,64,64,70,70,58,70,70,62,62,62,51,40,40,50,50,50,50],"gold":238,"neow_bonus":"ONE_RARE_RELIC","is_daily":false,"chose_seed":false,"campfire_upgraded":3,"win_rate":0.0,"timestamp":1611829580,"path_taken":["R","M","?","M","M","M","T","?","M","R","E","?","R","$","M","BOSS","R","M","?","M","M","M","T","?","?"],"items_purchased_type":["Card"],"build_version":"2020-12-22","purchased_purges":0,"victory":false,"max_hp_per_floor":[70,70,70,70,70,70,70,70,70,70,70,70,70,70,70,70,70,70,70,70,70,70,70,70,80,80,80,80],"card_choices":[{"not_picked":["bronze:ChosenStrike","bronze:Invalidate"],"picked":"bronze:Separator","floor":2},{"not_picked":["bronze:WhirlingStrike","bronze:BugBarrage"],"picked":"bronze:Constructor","floor":4},{"not_picked":["bronze:Deprecate","bronze:DelayedGuard","bronze:BitShift"],"picked":"SKIP","floor":5},{"not_picked":["bronze:WildBeam","bronze:Deprecate"],"picked":"bronze:Repair","floor":6},{"not_picked":["bronze:Deprecate","bronze:DarkDash"],"picked":"bronze:HyperBeam","floor":9},{"not_picked":["bronze:BuggyMess","bronze:Backtrace"],"picked":"bronze:ClassDefault","floor":11},{"not_picked":["bronze:Safeguard","bronze:Return"],"picked":"bronze:Branch","floor":12},{"not_picked":["bronze:Backtrace","bronze:Philosophize"],"picked":"bronze:DelayedSlice","floor":14},{"not_picked":["bronze:Frontload","bronze:ClassDefault"],"picked":"bronze:CutThrough","floor":15},{"not_picked":["bronze:CleanCode","bronze:Assembly"],"picked":"bronze:SpaghettiCode","floor":16},{"not_picked":["bronze:Branch","bronze:Invalidate+1"],"picked":"bronze:BitShift","floor":19},{"not_picked":["bronze:CutThrough+1","bronze:BuggyMess"],"picked":"bronze:DarkDash","floor":21},{"not_picked":["bronze:WhirlingStrike","bronze:OilSpill+1"],"picked":"bronze:Turbo+1","floor":22},{"not_picked":["bronze:Backtrace+1","bronze:ChosenStrike"],"picked":"bronze:BugBarrage+1","floor":23}],"player_experience":349609,"relics_obtained":[{"floor":7,"key":"Lantern"},{"floor":8,"key":"Gremlin Horn"},{"floor":11,"key":"Bag of Preparation"},{"floor":12,"key":"Odd Mushroom"},{"floor":18,"key":"Eternal Feather"},{"floor":24,"key":"MealTicket"}],"event_choices":[{"cards_removed":["bronze:Strike"],"damage_healed":0,"gold_gain":0,"player_choice":"Card Removal","damage_taken":0,"max_hp_gain":0,"max_hp_loss":0,"event_name":"The Cleric","floor":3,"gold_loss":0},{"damage_healed":0,"gold_gain":0,"player_choice":"Fought Mushrooms","damage_taken":0,"max_hp_gain":0,"max_hp_loss":0,"event_name":"Mushrooms","floor":12,"gold_loss":0},{"damage_healed":0,"gold_gain":0,"player_choice":"Got Potions","damage_taken":0,"max_hp_gain":0,"max_hp_loss":0,"event_name":"Lab","floor":25,"gold_loss":0}],"is_beta":false,"boss_relics":[{"not_picked":["Velvet Choker","Painkiller Herb"],"picked":"SacredBark"}],"items_purged_floors":[],"is_endless":false,"potions_floor_spawned":[2,6,15,19,22],"killed_by":"Snecko","ascension_level":0}}