{"host":"mj8akmyfd5lo602f","time":1611871731,"event":{"mods":["2.2 Compatiblity","Act Like it!","BaseMod","Bestiary","BshForSts","Colored Map","Colored Powertips","Downfall","Highlight Path","Minty Spire (QoL Compilation)","Permanent Neow","Relic Stats","StSLib"],"gold_per_floor":[99,99,99,99,99,99,99,128,35,47,57,74,74,99,110,110,110,110],"floor_reached":16,"language":"ENG","playtime":1275,"items_purged":[],"score":100,"play_id":"19930262-225b-4240-8051-f340ef603c92","local_time":"20210128220851","is_ascension_mode":false,"campfire_choices":[{"data":"hexamod:Float","floor":1,"key":"SMITH"},{"data":"hexamod:FastForward","floor":6,"key":"SMITH"}],"circlet_count":0,"master_deck":["hexamod:Strike","hexamod:Strike+1","hexamod:Strike","hexamod:Strike","hexamod:Defend","hexamod:Defend+1","hexamod:Defend","hexamod:Defend","hexamod:Sear","hexamod:Float+1","hexamod:ShieldOfDarkness","hexamod:Float+1","hexamod:FastForward+1","hexamod:FifthSeal","hexamod:Incineration+1","hexamod:SixthSeal","hexamod:GhostShield","hexamod:ExtraCrispy","hexamod:FirstSeal","hexamod:SecondSeal","hexamod:NightmareGuise","hexamod:FourthSeal","hexamod:ApocalypticArmor+1"],"relics":["hexamod:SpiritBrand","downfall:HeartsMalice","Boot","Strawberry"],"acts_visited":["Exordium"],"potions_floor_usage":[12,15,15,16,16],"damage_taken":[{"damage":0,"enemies":"Small Slimes","floor":2,"turns":1},{"damage":0,"enemies":"Cultist","floor":4,"turns":1},{"damage":0,"enemies":"Jaw Worm","floor":5,"turns":1},{"damage":20,"enemies":"Lagavulin","floor":8,"turns":10},{"damage":0,"enemies":"downfall:FleeingMerchant","floor":9,"turns":4},{"damage":17,"enemies":"Red Slaver","floor":10,"turns":5},{"damage":15,"enemies":"Large Slime","floor":11,"turns":9},{"damage":5,"enemies":"2 Fungi Beasts","floor":12,"turns":3},{"damage":2,"enemies":"Large Slime","floor":14,"turns":7},{"damage":23,"enemies":"Lots of Slimes","floor":15,"turns":9},{"damage":24,"enemies":"SI_SHIV_ARCHETYPE","floor":16,"turns":7}],"seed_played":"-4838258813752484133","potions_obtained":[{"floor":10,"key":"DistilledChaos"},{"floor":11,"key":"SneckoOil"},{"floor":12,"key":"LiquidMemories"},{"floor":14,"key":"SteroidPotion"},{"floor":15,"key":"GamblersBrew"},{"floor":15,"key":"ColorlessPotion"}],"is_trial":false,"path_per_floor":["R","M","?","M","M","R","T","E","$","M","M","M","?","M","M","B"],"character_chosen":"THE_SPIRIT","items_purchased":["hexamod:ExtraCrispy"],"campfire_rested":0,"item_purchase_floors":[9],"current_hp_per_floor":[70,70,70,70,70,70,70,57,57,40,32,34,34,39,23,0,0,0],"gold":110,"neow_bonus":"THREE_ENEMY_KILL","is_daily":false,"chose_seed":false,"campfire_upgraded":2,"win_rate":0.0,"timestamp":1611871731,"path_taken":["R","M","?","M","?","R","T","E","$","M","M","M","?","?","M","BOSS"],"items_purchased_type":["Card"],"build_version":"2020-12-22","purchased_purges":0,"victory":false,"max_hp_per_floor":[70,70,70,70,70,70,70,77,77,77,77,77,77,77,77,77,77,77],"relic_stats":{"counters":[11,54],"Boot":[29],"obtain_stats":[{"Strawberry":8,"downfall:HeartsMalice":0,"Boot":7,"hexamod:SpiritBrand":0},{"Strawberry":4,"downfall:HeartsMalice":0,"Boot":3,"hexamod:SpiritBrand":0},{"Strawberry":10,"downfall:HeartsMalice":0,"Boot":0,"hexamod:SpiritBrand":0}]},"card_choices":[{"not_picked":["hexamod:InspiringFlames","hexamod:BacktrackSmack"],"picked":"hexamod:ShieldOfDarkness","floor":2},{"not_picked":["hexamod:SwordOfDarkness","hexamod:RainOfEmbers"],"picked":"hexamod:FastForward","floor":4},{"not_picked":["hexamod:AdvancingGuard","hexamod:ThirdSeal"],"picked":"hexamod:FifthSeal","floor":5},{"not_picked":["hexamod:AdvancingGuard","hexamod:InspiringFlames"],"picked":"hexamod:Incineration","floor":8},{"not_picked":["hexamod:ThirdSeal","hexamod:FirstSeal"],"picked":"hexamod:SixthSeal","floor":8},{"not_picked":["hexamod:InspiringFlames","hexamod:Again"],"picked":"hexamod:GhostShield","floor":9},{"not_picked":["hexamod:SixthSeal","hexamod:FourthSeal"],"picked":"hexamod:FirstSeal","floor":10},{"not_picked":["hexamod:HeatCrush","hexamod:Firestarter","hexamod:GhostOfSpirePast"],"picked":"SKIP","floor":10},{"not_picked":["hexamod:FourthSeal","hexamod:SixthSeal"],"picked":"hexamod:SecondSeal","floor":11},{"not_picked":["hexamod:SpectersWail","hexamod:SkipABeat"],"picked":"hexamod:NightmareGuise","floor":11},{"not_picked":["hexamod:FirstSeal","hexamod:SecondSeal"],"picked":"hexamod:FourthSeal","floor":12},{"not_picked":["hexamod:NightmareStrike","hexamod:HeatCrush","hexamod:SecondSeal"],"picked":"SKIP","floor":12},{"not_picked":["hexamod:GhostLash","hexamod:Rewind"],"picked":"hexamod:ApocalypticArmor","floor":14},{"not_picked":["hexamod:GhostLash","hexamod:Again","hexamod:Firestarter"],"picked":"SKIP","floor":15}],"player_experience":451624,"relics_obtained":[{"floor":7,"key":"Boot"},{"floor":8,"key":"Strawberry"}],"event_choices":[{"damage_healed":0,"gold_gain":0,"player_choice":"Ignored","damage_taken":0,"max_hp_gain":0,"max_hp_loss":0,"event_name":"NoteForYourself","floor":13,"gold_loss":0}],"is_beta":false,"boss_relics":[],"items_purged_floors":[],"is_endless":false,"potions_floor_spawned":[10,11,12,14,15],"killed_by":"SI_SHIV_ARCHETYPE","ascension_level":0}}