{"host":"bxn2em57qlx5u4i0","time":1611799032,"event":{"mods":["BaseMod","Colored Map","Colored Powertips","Highlight Path","Minty Spire (QoL Compilation)","Random Character Button","Relic Sorter","Relic Stats","StSLib","SuperFastMode"],"gold_per_floor":[113,38,12,87,87,87,116,132,132,132,132],"floor_reached":10,"language":"ENG","playtime":99,"items_purged":[],"score":178,"play_id":"036e83ee-0bfd-4674-a5fc-3de642c3f41e","local_time":"20210127205712","is_ascension_mode":true,"campfire_choices":[{"data":"Slice","floor":6,"key":"SMITH"}],"circlet_count":0,"master_deck":["AscendersBane","Strike_G","Strike_G","Strike_G","Strike_G","Defend_G","Defend_G","Defend_G","Defend_G","Defend_G","Survivor","Neutralize","Well Laid Plans","Slice+1","Crippling Poison","Caltrops"],"relics":["Ring of the Snake","NeowsBlessing","Mummified Hand","Centennial Puzzle","HornCleat"],"acts_visited":["Exordium"],"potions_floor_usage":[10],"damage_taken":[{"damage":0,"enemies":"Jaw Worm","floor":1,"turns":1},{"damage":0,"enemies":"3 Sentries","floor":7,"turns":1},{"damage":0,"enemies":"2 Louse","floor":8,"turns":1},{"damage":53,"enemies":"Gremlin Nob","floor":10,"turns":5}],"seed_played":"8930170749625447439","potions_obtained":[{"floor":1,"key":"Weak Potion"},{"floor":8,"key":"Energy Potion"}],"is_trial":false,"path_per_floor":["M","?","$","?","T","R","E","M","T","E"],"character_chosen":"THE_SILENT","items_purchased":["Slice"],"campfire_rested":0,"item_purchase_floors":[3],"current_hp_per_floor":[59,59,59,48,48,48,48,48,48,0,0],"gold":132,"neow_bonus":"THREE_ENEMY_KILL","is_daily":false,"chose_seed":false,"campfire_upgraded":1,"win_rate":0.0,"timestamp":1611799032,"path_taken":["M","?","$","?","?","R","E","?","T","E"],"items_purchased_type":["Card"],"build_version":"2020-12-22","purchased_purges":0,"victory":false,"max_hp_per_floor":[66,66,66,66,66,66,66,66,66,66,66],"relic_stats":{"Centennial Puzzle":[3],"counters":[4,8],"Mummified Hand":[2],"obtain_stats":[{"Centennial Puzzle":7,"HornCleat":9,"NeowsBlessing":0,"Mummified Hand":5,"Ring of the Snake":0},{"Centennial Puzzle":2,"HornCleat":3,"NeowsBlessing":0,"Mummified Hand":1,"Ring of the Snake":0},{"Centennial Puzzle":2,"HornCleat":3,"NeowsBlessing":0,"Mummified Hand":1,"Ring of the Snake":0}],"Ring of the Snake":[8]},"card_choices":[{"not_picked":["Eviscerate","Deflect"],"picked":"Well Laid Plans","floor":1},{"not_picked":["Slice","Dodge and Roll"],"picked":"Crippling Poison","floor":7},{"not_picked":["Backflip","Bane"],"picked":"Caltrops","floor":8}],"player_experience":2957095,"relics_obtained":[{"floor":5,"key":"Mummified Hand"},{"floor":7,"key":"Centennial Puzzle"},{"floor":9,"key":"HornCleat"}],"event_choices":[{"cards_removed":["Strike_G"],"damage_healed":0,"gold_gain":0,"player_choice":"Card Removal","damage_taken":0,"max_hp_gain":0,"max_hp_loss":0,"event_name":"The Cleric","floor":2,"gold_loss":75},{"damage_healed":0,"gold_gain":75,"player_choice":"Gather Gold","damage_taken":11,"max_hp_gain":0,"max_hp_loss":0,"event_name":"World of Goop","floor":4,"gold_loss":0}],"is_beta":false,"boss_relics":[],"items_purged_floors":[],"is_endless":false,"potions_floor_spawned":[1,8],"killed_by":"Gremlin Nob","ascension_level":20}}