{"host":"gbsupkmj5cka9iw4","time":1611829476,"event":{"mods":["BaseMod","Better Note","BetterRewards","Minty Spire (QoL Compilation)","Say the Spire","Shop Mod","StSLib"],"gold_per_floor":[119,43,43,56,56,90,90,101,101,121,121,154,165,193,193,267,267,281,281,281,296,310,310,338,338,411,442,210,241,252,267,267,339,339,353,147,147,147,147],"floor_reached":38,"language":"ENG","playtime":1985,"items_purged":["Strike_R","Strike_R"],"score":975,"play_id":"de45b1c6-d09a-4455-af23-d96f3018d354","local_time":"20210128192436","is_ascension_mode":true,"campfire_choices":[{"data":"Armaments","floor":7.0,"key":"SMITH"},{"data":"Inflame","floor":15.0,"key":"SMITH"},{"floor":23.0,"key":"REST"},{"floor":25.0,"key":"REST"},{"data":"Evolve","floor":32.0,"key":"SMITH"}],"circlet_count":0,"master_deck":["AscendersBane","Strike_R","Strike_R","Strike_R","Defend_R","Defend_R","Defend_R","Defend_R","Bash+1","Cleave","Inflame+1","Armaments+1","Shrug It Off","Infernal Blade","Clothesline+1","Headbutt+1","Evolve+1","Wild Strike+1","Immolate+1","Pommel Strike+1","Fire Breathing","Headbutt+1","Shrug It Off","Disarm","Spot Weakness+1","Power Through","Blood for Blood+1","Shrug It Off+1","Sword Boomerang+1","Reaper+1","Armaments+1","Purity","Flash of Steel+1","Trip","Decay"],"relics":["Black Blood","NeowsBlessing","Letter Opener","Boot","Molten Egg 2","Mercury Hourglass","Odd Mushroom","Nunchaku","Blood Vial","Anchor","Vajra","Singing Bowl","Peace Pipe","Orrery","PreservedInsect","Fusion Hammer"],"acts_visited":["Exordium","TheCity","TheBeyond"],"potions_floor_usage":[],"damage_taken":[{"damage":0.0,"enemies":"Cultist","floor":1.0,"turns":1.0},{"damage":0.0,"enemies":"Jaw Worm","floor":4.0,"turns":1.0},{"damage":0.0,"enemies":"Lagavulin","floor":6.0,"turns":1.0},{"damage":1.0,"enemies":"2 Louse","floor":8.0,"turns":4.0},{"damage":13.0,"enemies":"The Mushroom Lair","floor":10.0,"turns":3.0},{"damage":12.0,"enemies":"3 Sentries","floor":12.0,"turns":5.0},{"damage":5.0,"enemies":"Red Slaver","floor":13.0,"turns":3.0},{"damage":14.0,"enemies":"Lagavulin","floor":14.0,"turns":8.0},{"damage":45.0,"enemies":"The Guardian","floor":16.0,"turns":10.0},{"damage":6.0,"enemies":"3 Byrds","floor":18.0,"turns":2.0},{"damage":20.0,"enemies":"2 Thieves","floor":21.0,"turns":3.0},{"damage":30.0,"enemies":"Shelled Parasite and Fungi","floor":22.0,"turns":5.0},{"damage":35.0,"enemies":"Slavers","floor":24.0,"turns":3.0},{"damage":0.0,"enemies":"Gremlin Leader","floor":27.0,"turns":5.0},{"damage":37.0,"enemies":"Slavers","floor":29.0,"turns":5.0},{"damage":19.0,"enemies":"Snake Plant","floor":30.0,"turns":4.0},{"damage":8.0,"enemies":"Centurion and Healer","floor":31.0,"turns":7.0},{"damage":21.0,"enemies":"Champ","floor":33.0,"turns":10.0},{"damage":0.0,"enemies":"3 Shapes","floor":35.0,"turns":2.0}],"seed_played":"-416603005068212237","potions_obtained":[{"floor":6.0,"key":"FairyPotion"},{"floor":11.0,"key":"CultistPotion"},{"floor":24.0,"key":"AttackPotion"},{"floor":27.0,"key":"Explosive Potion"},{"floor":29.0,"key":"SmokeBomb"},{"floor":30.0,"key":"Energy Potion"}],"is_trial":false,"path_per_floor":["M","$","T","M","T","E","R","M","T","?","?","E","M","E","R","B",null,"M","T","?","M","M","R","E","R","T","E","$","E","M","M","R","B",null,"M","$","?","?"],"character_chosen":"IRONCLAD","items_purchased":["Inflame","Orrery","Purity"],"campfire_rested":2,"item_purchase_floors":[2,28,36],"current_hp_per_floor":[74,74,74,75,75,75,75,75,75,68,68,62,63,55,55,18,61,69,69,69,63,47,69,48,70,70,75,79,56,51,57,57,50,73,81,81,73,73,73],"gold":147,"neow_bonus":"THREE_ENEMY_KILL","is_daily":false,"chose_seed":false,"campfire_upgraded":3,"win_rate":0.0,"timestamp":1611829476,"path_taken":["M","$","?","M","?","E","R","M","T","?","?","E","M","E","R","BOSS","M","?","?","M","M","R","E","R","T","E","$","E","M","M","R","BOSS","M","$","?","?"],"items_purchased_type":["Card","Relic","Card"],"build_version":"2020-12-22","purchased_purges":2,"victory":false,"max_hp_per_floor":[75,75,75,75,75,75,75,75,75,75,75,75,75,75,75,75,75,75,75,75,75,75,75,75,75,75,75,79,81,81,81,81,81,81,81,81,83,83,83],"card_choices":[{"not_picked":["Perfected Strike","Feel No Pain"],"picked":"Cleave","floor":1.0},{"not_picked":["Rage","Headbutt"],"picked":"Armaments","floor":4.0},{"not_picked":["Perfected Strike+1","Clash+1"],"picked":"Shrug It Off","floor":6.0},{"not_picked":["Sentinel","Wild Strike+1"],"picked":"Infernal Blade","floor":8.0},{"not_picked":["Armaments","Headbutt+1"],"picked":"Clothesline+1","floor":10.0},{"not_picked":["Anger+1","Exhume"],"picked":"Headbutt+1","floor":12.0},{"not_picked":["Flex","Heavy Blade+1"],"picked":"Evolve","floor":13.0},{"not_picked":["Havoc","Clash+1"],"picked":"Wild Strike+1","floor":14.0},{"not_picked":["Brutality","Barricade"],"picked":"Immolate+1","floor":16.0},{"not_picked":["Inflame","Battle Trance"],"picked":"Pommel Strike+1","floor":18.0},{"not_picked":["Clothesline+1","Rage"],"picked":"Fire Breathing","floor":21.0},{"not_picked":["Infernal Blade","Clash+1"],"picked":"Headbutt+1","floor":22.0},{"not_picked":["Perfected Strike+1","Berserk"],"picked":"Shrug It Off","floor":24.0},{"not_picked":["Fire Breathing","Heavy Blade+1"],"picked":"Disarm","floor":27.0},{"not_picked":["Exhume","Sentinel"],"picked":"Spot Weakness+1","floor":28.0},{"not_picked":["Entrench+1","Ghostly Armor"],"picked":"Power Through","floor":28.0},{"not_picked":["Heavy Blade+1","Warcry","Anger+1"],"picked":"Singing Bowl","floor":28.0},{"not_picked":["Searing Blow+1","Dropkick+1","Armaments"],"picked":"Singing Bowl","floor":28.0},{"not_picked":["Sever Soul+1","Heavy Blade+1"],"picked":"Blood for Blood+1","floor":28.0},{"not_picked":["Feel No Pain","Hemokinesis+1","Infernal Blade"],"picked":"Singing Bowl","floor":29.0},{"not_picked":["Pommel Strike+1","Body Slam+1"],"picked":"Shrug It Off+1","floor":30.0},{"not_picked":["Body Slam+1","Clothesline+1"],"picked":"Sword Boomerang+1","floor":31.0},{"not_picked":["Barricade","Feed+1"],"picked":"Reaper+1","floor":33.0},{"not_picked":["Intimidate+1","Clash+1"],"picked":"Armaments+1","floor":35.0},{"not_picked":["Violence","Magnetism"],"picked":"Flash of Steel+1","floor":37.0},{"not_picked":["Enlightenment","Good Instincts"],"picked":"Trip","floor":37.0},{"not_picked":["Chrysalis","Finesse","Jack Of All Trades"],"picked":"Singing Bowl","floor":37.0}],"player_experience":786915,"relics_obtained":[{"floor":3.0,"key":"Letter Opener"},{"floor":5.0,"key":"Boot"},{"floor":6.0,"key":"Molten Egg 2"},{"floor":9.0,"key":"Mercury Hourglass"},{"floor":10.0,"key":"Odd Mushroom"},{"floor":12.0,"key":"Nunchaku"},{"floor":14.0,"key":"Blood Vial"},{"floor":19.0,"key":"Anchor"},{"floor":24.0,"key":"Vajra"},{"floor":26.0,"key":"Singing Bowl"},{"floor":27.0,"key":"Peace Pipe"},{"floor":29.0,"key":"PreservedInsect"}],"event_choices":[{"damage_healed":0.0,"max_hp_gain":0.0,"max_hp_loss":0.0,"gold_gain":0.0,"event_name":"Mushrooms","player_choice":"Fought Mushrooms","floor":10.0,"gold_loss":0.0,"damage_taken":0.0},{"damage_healed":0.0,"max_hp_gain":0.0,"max_hp_loss":0.0,"gold_gain":0.0,"event_name":"Lab","player_choice":"Got Potions","floor":11.0,"gold_loss":0.0,"damage_taken":0.0},{"damage_healed":0.0,"max_hp_gain":0.0,"max_hp_loss":0.0,"gold_gain":0.0,"event_name":"Accursed Blacksmith","player_choice":"Forge","floor":20.0,"gold_loss":0.0,"damage_taken":0.0,"cards_upgraded":["Bash"]},{"damage_healed":0.0,"max_hp_gain":0.0,"max_hp_loss":0.0,"gold_gain":0.0,"event_name":"SensoryStone","player_choice":"Memory 3","floor":37.0,"gold_loss":0.0,"damage_taken":10.0}],"is_beta":false,"boss_relics":[{"not_picked":["Calling Bell","Runic Cube"],"picked":"Black Blood"},{"not_picked":["Busted Crown","Black Star"],"picked":"Fusion Hammer"}],"items_purged_floors":[28,36],"is_endless":false,"potions_floor_spawned":[6,13,24,27,29,30,35],"ascension_level":18}}