{"host":"s41rn2jhghpwfrvz","time":1611831762,"event":{"mods":["BaseMod","Minty Spire (QoL Compilation)","Quick Restart","Relic Stats","SuperFastMode"],"gold_per_floor":[111,125,24,24,36,69,86,86,112,146,163,175,186,215,215,293,293,307,38,38,48,68,101,101,128,128,144,172,47,80,94,94,170,170,182,132,148,168,181,214,214,249,272,291,323,337,368,82,82,82,82,82,82,29,57,57],"floor_reached":57,"language":"ENG","playtime":1775,"items_purged":["Crippling Poison","Coolheaded","Masterful Stab"],"score":3837,"play_id":"37925934-134b-4bed-aa1c-8a19899d13de","local_time":"20210128130242","daily_mods":["SealedDeck","Vintage","Diverse"],"is_ascension_mode":true,"campfire_choices":[{"data":"Prostrate","floor":8,"key":"SMITH"},{"data":"Coolheaded","floor":15,"key":"SMITH"},{"data":"Offering","floor":24,"key":"SMITH"},{"floor":32,"key":"RECALL"},{"data":"Feel No Pain","floor":41,"key":"SMITH"},{"data":"Acrobatics","floor":49,"key":"SMITH"},{"data":"Blade Dance","floor":53,"key":"SMITH"}],"circlet_count":0,"master_deck":["AscendersBane","Coolheaded+1","Prostrate+1","Shrug It Off+1","Tactician+1","Prepared","Blade Dance+1","Offering+1","Feel No Pain+1","Scrawl","Acrobatics+1","Prostrate"],"relics":["Burning Blood","Omamori","Akabeko","HornCleat","Centennial Puzzle","Regal Pillow","Lizard Tail","Prayer Wheel","Letter Opener","Oddly Smooth Stone","Cursed Key","Happy Flower","Potion Belt","Du-Vu Doll","Pear","Self Forming Clay","Red Mask","Blue Candle","Pen Nib","Lantern","Strawberry","Bottled Tornado","Empty Cage","Tiny Chest","Torii","Whetstone","PreservedInsect","White Beast Statue","Question Card","Toy Ornithopter","Blood Vial","Bronze Scales","Gremlin Horn","Girya","Shuriken","Pantograph"],"acts_visited":["Exordium","TheCity","TheBeyond","TheEnding"],"potions_floor_usage":[46,50,56,56,56,56],"damage_taken":[{"damage":0,"enemies":"Small Slimes","floor":1,"turns":3},{"damage":0,"enemies":"Jaw Worm","floor":2,"turns":3},{"damage":0,"enemies":"Cultist","floor":5,"turns":3},{"damage":0,"enemies":"Lagavulin","floor":6,"turns":5},{"damage":0,"enemies":"Red Slaver","floor":7,"turns":3},{"damage":11,"enemies":"3 Sentries","floor":10,"turns":7},{"damage":0,"enemies":"Looter","floor":11,"turns":2},{"damage":0,"enemies":"Exordium Thugs","floor":12,"turns":3},{"damage":0,"enemies":"Lots of Slimes","floor":13,"turns":3},{"damage":23,"enemies":"Gremlin Nob","floor":14,"turns":4},{"damage":22,"enemies":"Slime Boss","floor":16,"turns":5},{"damage":6,"enemies":"Chosen","floor":18,"turns":1},{"damage":6,"enemies":"2 Thieves","floor":21,"turns":1},{"damage":6,"enemies":"Centurion and Healer","floor":22,"turns":2},{"damage":8,"enemies":"Slavers","floor":23,"turns":2},{"damage":6,"enemies":"Masked Bandits","floor":25,"turns":1},{"damage":6,"enemies":"Snecko","floor":27,"turns":1},{"damage":6,"enemies":"Book of Stabbing","floor":28,"turns":2},{"damage":6,"enemies":"Slavers","floor":30,"turns":1},{"damage":6,"enemies":"Snake Plant","floor":31,"turns":1},{"damage":6,"enemies":"Champ","floor":33,"turns":5},{"damage":6,"enemies":"3 Darklings","floor":35,"turns":1},{"damage":6,"enemies":"Orb Walker","floor":37,"turns":1},{"damage":6,"enemies":"Transient","floor":38,"turns":6},{"damage":6,"enemies":"3 Darklings","floor":39,"turns":1},{"damage":6,"enemies":"Reptomancer","floor":40,"turns":2},{"damage":0,"enemies":"Giant Head","floor":42,"turns":1},{"damage":6,"enemies":"Writhing Mass","floor":44,"turns":1},{"damage":6,"enemies":"Nemesis","floor":45,"turns":1},{"damage":6,"enemies":"Spire Growth","floor":46,"turns":1},{"damage":6,"enemies":"Giant Head","floor":47,"turns":1},{"damage":102,"enemies":"Time Eater","floor":50,"turns":9},{"damage":0,"enemies":"Awakened One","floor":51,"turns":2},{"damage":6,"enemies":"Shield and Spear","floor":55,"turns":1},{"damage":6,"enemies":"The Heart","floor":56,"turns":7}],"seed_played":"8854865674620117683","potions_obtained":[{"floor":5,"key":"Dexterity Potion"},{"floor":7,"key":"Strength Potion"},{"floor":11,"key":"PowerPotion"},{"floor":25,"key":"PowerPotion"},{"floor":27,"key":"AttackPotion"},{"floor":46,"key":"Fruit Juice"},{"floor":47,"key":"FearPotion"},{"floor":55,"key":"FearPotion"}],"is_trial":true,"path_per_floor":["M","M","$","?","M","E","M","R","T","E","M","M","M","E","R","B",null,"M","$","?","M","M","E","R","?","T","M","E","$","E","M","R","B",null,"M","?","M","M","M","E","R","E","T","M","E","M","E","$","R","B","B",null,"R","$","E","B",null],"character_chosen":"IRONCLAD","items_purchased":["Blade Dance","Potion Belt","Shuriken","Prostrate"],"campfire_rested":0,"item_purchase_floors":[3,19,48,54],"current_hp_per_floor":[74,75,75,75,75,75,75,75,75,70,75,75,75,58,58,42,67,67,67,75,75,85,83,83,83,83,83,83,83,90,90,90,90,92,92,92,92,92,92,92,92,92,92,92,92,97,97,97,97,54,62,88,88,88,90,97],"gold":57,"neow_bonus":"","is_daily":false,"chose_seed":false,"campfire_upgraded":6,"win_rate":0.0,"timestamp":1611831762,"path_taken":["M","M","$","?","M","E","M","R","T","E","M","M","M","E","R","BOSS","M","$","?","M","M","E","R","?","T","M","E","?","E","M","R","BOSS","M","?","M","M","M","E","R","E","T","M","E","?","E","?","R","BOSS","BOSS","R","$","E","BOSS"],"items_purchased_type":["Card","Relic","Relic","Card"],"build_version":"2020-12-22","purchased_purges":3,"victory":true,"max_hp_per_floor":[75,75,75,75,75,75,75,75,75,75,75,75,75,75,75,75,75,75,75,75,75,85,85,85,85,85,85,85,85,92,92,92,92,92,92,92,92,92,92,92,92,92,92,92,92,97,97,97,97,97,97,97,97,97,97,97],"relic_stats":{"Regal Pillow":0,"Happy Flower":[17],"Torii":0,"Gremlin Horn":[4,4],"counters":[35,93],"Self Forming Clay":[27],"Blue Candle":[0],"Pen Nib":[29],"PreservedInsect":448,"Letter Opener":[1108],"Whetstone":[],"Cursed Key":2,"Question Card":3,"Burning Blood":168,"Blood Vial":4,"Centennial Puzzle":[75],"Lizard Tail":48,"Shuriken":[34],"Bronze Scales":[120],"Pantograph":7,"Prayer Wheel":0,"Tiny Chest":0,"obtain_stats":[{"Regal Pillow":10,"Lantern":28,"Torii":37,"Gremlin Horn":46,"Whetstone":38,"Bottled Tornado":31,"Cursed Key":17,"Empty Cage":34,"Burning Blood":0,"Blood Vial":44,"Centennial Puzzle":7,"Lizard Tail":11,"HornCleat":5,"Strawberry":30,"Pantograph":55,"Prayer Wheel":12,"Tiny Chest":35,"Red Mask":25,"Potion Belt":19,"Girya":47,"Pear":22,"Happy Flower":18,"Self Forming Clay":23,"Blue Candle":26,"Oddly Smooth Stone":14,"Pen Nib":27,"PreservedInsect":39,"Omamori":1,"Letter Opener":13,"Question Card":42,"Akabeko":2,"White Beast Statue":40,"Du-Vu Doll":21,"Shuriken":48,"Bronze Scales":45,"Toy Ornithopter":43},{"Regal Pillow":6,"Lantern":18,"Torii":23,"Gremlin Horn":30,"Whetstone":24,"Bottled Tornado":20,"Cursed Key":11,"Empty Cage":21,"Burning Blood":0,"Blood Vial":28,"Centennial Puzzle":5,"Lizard Tail":7,"HornCleat":3,"Strawberry":19,"Pantograph":34,"Prayer Wheel":8,"Tiny Chest":22,"Red Mask":16,"Potion Belt":12,"Girya":31,"Pear":14,"Happy Flower":12,"Self Forming Clay":15,"Blue Candle":16,"Oddly Smooth Stone":10,"Pen Nib":17,"PreservedInsect":25,"Omamori":1,"Letter Opener":9,"Question Card":27,"Akabeko":2,"White Beast Statue":26,"Du-Vu Doll":13,"Shuriken":31,"Bronze Scales":29,"Toy Ornithopter":27},{"Regal Pillow":24,"Lantern":51,"Torii":60,"Gremlin Horn":73,"Whetstone":66,"Bottled Tornado":53,"Cursed Key":41,"Empty Cage":58,"Burning Blood":0,"Blood Vial":71,"Centennial Puzzle":17,"Lizard Tail":26,"HornCleat":9,"Strawberry":52,"Pantograph":86,"Prayer Wheel":29,"Tiny Chest":59,"Red Mask":48,"Potion Belt":42,"Girya":74,"Pear":45,"Happy Flower":42,"Self Forming Clay":47,"Blue Candle":48,"Oddly Smooth Stone":36,"Pen Nib":49,"PreservedInsect":67,"Omamori":3,"Letter Opener":32,"Question Card":70,"Akabeko":6,"White Beast Statue":69,"Du-Vu Doll":43,"Shuriken":74,"Bronze Scales":72,"Toy Ornithopter":70}],"Toy Ornithopter":5},"card_choices":[{"not_picked":["Wild Strike","ForeignInfluence","White Noise"],"picked":"SKIP","floor":6},{"not_picked":["Backstab","Heel Hook","Force Field"],"picked":"SKIP","floor":10},{"not_picked":["Footwork","SashWhip","Evaluate"],"picked":"SKIP","floor":14},{"not_picked":["Venomology","Juggernaut"],"picked":"Offering","floor":16},{"not_picked":["Power Through","Cold Snap","Sweeping Beam"],"picked":"SKIP","floor":23},{"not_picked":["Leg Sweep","Caltrops","Searing Blow+1"],"picked":"SKIP","floor":28},{"not_picked":["Havoc","Sword Boomerang"],"picked":"Feel No Pain","floor":30},{"not_picked":["Amplify","Corpse Explosion"],"picked":"Scrawl","floor":33},{"not_picked":["Feed","Caltrops"],"picked":"Acrobatics","floor":40},{"not_picked":["Sucker Punch+1","Consecrate","Doppelganger"],"picked":"SKIP","floor":42},{"not_picked":["Shrug It Off","Leg Sweep","Prepared","Barrage"],"picked":"SKIP","floor":45},{"not_picked":["DeusExMachina","Infernal Blade","Anger","Headbutt"],"picked":"SKIP","floor":47},{"not_picked":["Poisoned Stab","Ball Lightning","Prepared","Turbo"],"picked":"SKIP","floor":55}],"player_experience":1864624,"relics_obtained":[{"floor":1,"key":"Omamori"},{"floor":2,"key":"Akabeko"},{"floor":5,"key":"HornCleat"},{"floor":7,"key":"Centennial Puzzle"},{"floor":10,"key":"Regal Pillow"},{"floor":11,"key":"Lizard Tail"},{"floor":12,"key":"Prayer Wheel"},{"floor":13,"key":"Letter Opener"},{"floor":14,"key":"Oddly Smooth Stone"},{"floor":18,"key":"Happy Flower"},{"floor":21,"key":"Du-Vu Doll"},{"floor":22,"key":"Pear"},{"floor":23,"key":"Self Forming Clay"},{"floor":25,"key":"Red Mask"},{"floor":26,"key":"Blue Candle"},{"floor":27,"key":"Pen Nib"},{"floor":28,"key":"Lantern"},{"floor":30,"key":"Strawberry"},{"floor":31,"key":"Bottled Tornado"},{"floor":35,"key":"Tiny Chest"},{"floor":37,"key":"Torii"},{"floor":38,"key":"Whetstone"},{"floor":39,"key":"PreservedInsect"},{"floor":40,"key":"White Beast Statue"},{"floor":42,"key":"Question Card"},{"floor":43,"key":"Toy Ornithopter"},{"floor":44,"key":"Blood Vial"},{"floor":45,"key":"Bronze Scales"},{"floor":46,"key":"Gremlin Horn"},{"floor":47,"key":"Girya"},{"floor":55,"key":"Pantograph"}],"event_choices":[{"damage_healed":0,"gold_gain":0,"player_choice":"Ignored","damage_taken":0,"max_hp_gain":0,"max_hp_loss":0,"event_name":"Liars Game","floor":4,"gold_loss":0},{"damage_healed":15,"gold_gain":0,"player_choice":"Heal","damage_taken":0,"max_hp_gain":0,"max_hp_loss":0,"event_name":"The Library","floor":20,"gold_loss":0},{"damage_healed":0,"gold_gain":0,"player_choice":"Fought Bandits","damage_taken":0,"max_hp_gain":0,"max_hp_loss":0,"event_name":"Masked Bandits","floor":25,"gold_loss":0},{"damage_healed":0,"gold_gain":0,"player_choice":"Upgraded Two","damage_taken":0,"max_hp_gain":0,"max_hp_loss":0,"event_name":"Designer","floor":36,"gold_loss":50,"cards_upgraded":["Shrug It Off","Tactician"]}],"is_beta":false,"boss_relics":[{"not_picked":["Calling Bell","Mark of Pain"],"picked":"Cursed Key"},{"not_picked":["SlaversCollar","Snecko Eye"],"picked":"Empty Cage"}],"items_purged_floors":[3,19,29],"is_endless":false,"potions_floor_spawned":[5,7,11,12,16,18,25,27,30,33,35,37,39,42,44,45,46,47,55],"ascension_level":20}}