{"host":"dwyzfvnzfcqffr30","time":1611833510,"event":{"mods":["2.2 Compatiblity","Act Like it!","Aspiration","BaseMod","Beaked The Cultist","Better Altar","Better Match","Better Note","Better Sensory Stone","Better Skull","Better Third Choice","Clockwork Mod","Colored Map","Colored Powertips","Conspire","Downfall","Elementarium","GifTheSpireLib","Halation","Hermit","Hubris","Infinite Spire","Ironclad Rager","Jedi Mod","Menagerie","Mimic Mod","Minty Spire (QoL Compilation)","Permanent Neow","Random Character Button","Reliquary","Replay The Spire","Spicy Shops","Spikes Relics","StSLib","Stuff the Spire","The Construct","The Disciple","The Druid","The Marked","TheFirefly","Trackpad","Wandering Minibosses"],"gold_per_floor":[99,120,147,177,209,253,253,253,280,330,363,363,398,323,355,476,476,176,207,207,235,337,60,97,116,150,177,177,177,177,177,201,319,319,319,354,392,427,466,105,157,157,157,157,185,229,229,229,229,20,35,35,35,64,7,7,7,7],"floor_reached":59,"language":"ENG","playtime":7595,"items_purged":["champ:Execute+1","champ:ArenaPreparation+1","champ:BringItOn+1","champ:Parry+1"],"score":1428,"play_id":"1d40dcc2-9a3b-4156-85da-176522fa8cdb","local_time":"20210128033150","is_ascension_mode":false,"campfire_choices":[{"floor":1,"key":"RECALL"},{"data":"champ:TornadoPunch+1","floor":18,"key":"SMITH"},{"floor":28,"key":"REST"},{"data":"champ:UltimateStance+1","floor":35,"key":"SMITH"}],"circlet_count":0,"master_deck":["champ:Strike+1","champ:Strike+1","champ:Strike+1","champ:Strike+1","champ:Defend+1","champ:Defend+1","champ:Defend+1","champ:Defend+1","champ:Taunt+1","MasterReality+1","Apotheosis+1","champ:FlashCut+1","champ:TornadoPunch+2","champ:SkillfulDodge+1","champ:HoldFirm+1","ReplayUltimateDefense+1","champ:IronFortress+1","champ:Duel+1","champ:DefensiveShout+1","champ:FlashCut+1","champ:CheapShot+1","champ:PreemptiveStrike+1","infinitespire:Execution+1","champ:FalseCounter+1","champ:UltimateStance+2","champ:MurderStrike+1","champ:GladiatorStyle+1","expansioncontent:GuardianWhirl+1","champ:ShieldWall+1"],"relics":["champ:ChampionCrown","halation:SwordOfLegend","Bottled Tornado","halation:Prosthetics","conspire:InfiniteJournal","infinitespire:EvilPickle","Quantum Egg","Molten Egg 2","Toxic Egg 2","Frozen Egg 2","Question Card","Pantograph","downfall:HeartBlessingRed","downfall:HeartBlessingGreen","downfall:HeartBlessingBlue","StuffTheSpire:GrapeVine","reliquary:RedCape","wanderingMiniBosses:Inkheart","White Beast Statue","hubris:TinFlute","Replay:Bottled Flurry","StuffTheSpire:Experiment12","Blood Vial","Membership Card","aspiration:ArtOfWarUpgrade","BlackRope","Nunchaku","BrokenLever","reliquary:WeakTea","Incense Burner","Replay:PocketPolymizer"],"acts_visited":[],"potions_floor_usage":[5,19,23,24,26,26,33,33,46,52,52],"damage_taken":[{"damage":10,"enemies":"Small Slimes","floor":2,"turns":3},{"damage":10,"enemies":"infinitespire:Voidling","floor":3,"turns":3},{"damage":0,"enemies":"Jaw Worm","floor":4,"turns":6},{"damage":1,"enemies":"Exordium Thugs","floor":5,"turns":4},{"damage":12,"enemies":"Gremlin Nob","floor":6,"turns":4},{"damage":5,"enemies":"3 Louse","floor":9,"turns":2},{"damage":0,"enemies":"3 Sentries","floor":10,"turns":5},{"damage":0,"enemies":"2 Fungi Beasts","floor":11,"turns":3},{"damage":0,"enemies":"Red Slaver","floor":13,"turns":2},{"damage":5,"enemies":"conspire:2 RoseBushes","floor":15,"turns":4},{"damage":8,"enemies":"SI_SHIV_ARCHETYPE","floor":16,"turns":6},{"damage":5,"enemies":"Chosen","floor":19,"turns":5},{"damage":2,"enemies":"conspire:FuzzyDice","floor":21,"turns":7},{"damage":0,"enemies":"downfall:FleeingMerchant","floor":23,"turns":5},{"damage":0,"enemies":"Snake Plant","floor":24,"turns":3},{"damage":0,"enemies":"Snake Plant","floor":25,"turns":2},{"damage":6,"enemies":"Slavers","floor":26,"turns":4},{"damage":6,"enemies":"Chosen and Byrds","floor":27,"turns":3},{"damage":0,"enemies":"Shelled Parasite and Fungi","floor":32,"turns":3},{"damage":7,"enemies":"WA_ARCHETYPE_CALM","floor":33,"turns":7},{"damage":22,"enemies":"3 Shapes","floor":36,"turns":4},{"damage":0,"enemies":"Orb Walker","floor":37,"turns":2},{"damage":0,"enemies":"4 Shapes","floor":38,"turns":5},{"damage":0,"enemies":"Transient","floor":39,"turns":5},{"damage":16,"enemies":"Writhing Mass","floor":45,"turns":3},{"damage":7,"enemies":"R_Hoarder","floor":46,"turns":6},{"damage":16,"enemies":"Spire Growth","floor":51,"turns":4},{"damage":47,"enemies":"IC_BLOCK_ARCHETYPE","floor":52,"turns":9},{"damage":0,"enemies":"downfall:CharBossMerchant","floor":54,"turns":5},{"damage":14,"enemies":"downfall:NeowBoss","floor":57,"turns":18},{"damage":6,"enemies":"downfall:NeowBossFinal","floor":58,"turns":6}],"seed_played":"3337998434937025999","potions_obtained":[{"floor":4,"key":"jedi:StrikingPotion"},{"floor":9,"key":"Block Potion"},{"floor":11,"key":"Regen Potion"},{"floor":15,"key":"champ:OpenerPotion"},{"floor":21,"key":"Adrenaline Potion"},{"floor":24,"key":"Strength Potion"},{"floor":26,"key":"jedi:mysterypotion"},{"floor":27,"key":"Energy Potion"},{"floor":33,"key":"LiquidBronze"},{"floor":36,"key":"Languid Potion"},{"floor":37,"key":"CultistPotion"},{"floor":46,"key":"Explosive Potion"},{"floor":54,"key":"champ:OpenerPotion"}],"is_trial":false,"path_per_floor":["R","M","M","M","M","E","T","?","M","E","M","?","M","?","M","B",null,"R","M","AVR","M","?","$","MIM","M","E","M","R","?","?","?","M","B",null,"R","M","M","M","M","$","T","?","R","?","M","E","PTL","PTL","?","$","M","B",null,"E","$","R","B","B",null],"character_chosen":"THE_CHAMP","items_purchased":["White Beast Statue","hubris:TinFlute","Membership Card","Art of War","champ:GladiatorStyle+1","BlackRope","Incense Burner","champ:ShieldWall+1"],"campfire_rested":1,"item_purchase_floors":[23,23,40,40,40,40,50,55],"current_hp_per_floor":[45,45,45,45,44,42,42,42,37,37,37,37,37,37,37,43,46,56,51,51,49,27,27,36,36,30,24,55,55,55,40,42,56,56,56,54,56,56,56,56,56,56,56,56,56,56,56,56,41,41,47,56,56,56,56,56,56,50],"gold":7,"neow_bonus":"ONE_RARE_RELIC","is_daily":false,"chose_seed":false,"campfire_upgraded":2,"win_rate":0.0,"timestamp":1611833510,"path_taken":["R","M","M","M","M","E","T","?","M","E","M","?","?","?","M","BOSS","R","M","AVR","M","?","$","MIM","M","E","M","R","?","?","?","M","BOSS","R","M","M","M","M","$","T","?","R","?","M","E","PTL","PTL","?","$","M","BOSS","E","$","R","BOSS","BOSS"],"items_purchased_type":["Relic","Relic","Relic","Relic","Card","Relic","Relic","Card"],"build_version":"2020-12-22","purchased_purges":4,"victory":true,"max_hp_per_floor":[46,46,46,46,46,46,46,46,46,46,46,46,46,46,46,46,46,56,56,56,56,56,56,56,56,56,56,56,56,56,56,56,56,56,56,56,56,56,56,56,56,56,56,56,56,56,56,56,56,56,56,56,56,56,56,56,56,56],"card_choices":[{"not_picked":["champ:BerserkersShout+1","champ:StanceDance+1"],"picked":"champ:FlashCut+1","floor":2},{"not_picked":["champ:FanOfKnives+1","champ:Encircle+1"],"picked":"champ:TornadoPunch+1","floor":3},{"not_picked":["champ:EndlessRage+1","champ:BladeFlurry+1"],"picked":"champ:SkillfulDodge+1","floor":4},{"not_picked":["champ:Circumvent+1","champ:ArenaPreparation+1"],"picked":"champ:HoldFirm+1","floor":5},{"not_picked":["champ:Shatter+1","champ:Endure+1","champ:EnragedBash+1"],"picked":"SKIP","floor":6},{"not_picked":["Chrysalis+1","Master of Strategy+1","PanicButton+1"],"picked":"ReplayUltimateDefense+1","floor":8},{"not_picked":["champ:CrookedStrike+1","champ:BerserkersShout+1","champ:EnragedBash+1"],"picked":"champ:IronFortress+1","floor":9},{"not_picked":["champ:Duel+1","champ:DeathBlow+1","champ:EnragedBash+1"],"picked":"champ:BringItOn+1","floor":10},{"not_picked":["champ:Haymaker+1","champ:IronFortress+1","champ:AdrenalArmor+1"],"picked":"champ:Duel+1","floor":11},{"not_picked":["champ:RisingSlash+1","champ:TornadoPunch+1","champ:IronFortress+1"],"picked":"champ:ArenaPreparation+1","floor":13},{"not_picked":["champ:Backstep+1","champ:BladeFlurry+1","champ:BringItOn+1"],"picked":"champ:DefensiveShout+1","floor":14},{"not_picked":["champ:Circumvent+1","champ:BladeFlurry+1","champ:PerfectedStrike+1"],"picked":"champ:FlashCut+1","floor":15},{"not_picked":["champ:Devastate+1","champ:SteelEdge+1","champ:LastStand+1"],"picked":"champ:CheapShot+1","floor":16},{"not_picked":["champ:EnragedBash+1","champ:Circumvent+1","champ:CrownThrow+1"],"picked":"champ:PreemptiveStrike+1","floor":19},{"not_picked":["champ:Duel+1","champ:ShieldSlam+1","champ:SetATrap+1","champ:RisingSlash+1"],"picked":"SKIP","floor":21},{"not_picked":["champ:ShieldSlam+1","champ:PreciseThrust+1","champ:HeartStrike+1"],"picked":"champ:FalseCounter+1","floor":22},{"not_picked":["champ:FocusedDefense+1","champ:CrookedStrike+1","champ:TornadoPunch+1","champ:Duel+1"],"picked":"SKIP","floor":23},{"not_picked":["champ:Circumvent+1","champ:HoldFirm+1","champ:CrownThrow+1","champ:FlashCut+1"],"picked":"SKIP","floor":25},{"not_picked":["champ:Endure+1","champ:BringItOn+1","champ:FocusedDefense+1"],"picked":"champ:Parry+1","floor":26},{"not_picked":["champ:PerfectedStrike+1","champ:PreemptiveStrike+1","champ:DeathBlow+1","champ:Endure+1"],"picked":"SKIP","floor":27},{"not_picked":["champ:FancyFootwork+1","champ:Backstep+1","champ:Circumvent+1"],"picked":"champ:UltimateStance+1","floor":32},{"not_picked":["champ:HoldFirm+1","champ:SwordThrow+1","champ:HeavySlash+1"],"picked":"champ:MurderStrike+1","floor":33},{"not_picked":["champ:Duel+1","champ:CrookedStrike+1","champ:PreciseThrust+1","champ:GutPunch+1"],"picked":"SKIP","floor":36},{"not_picked":["champ:EnGarde+1","champ:FocusedDefense+1","champ:PreciseThrust+1","champ:SkillfulDodge+1"],"picked":"SKIP","floor":37},{"not_picked":["champ:CalledShot+1","champ:AdrenalArmor+1","champ:DefensiveShout+1","champ:FaceSlap+1"],"picked":"SKIP","floor":38},{"not_picked":["champ:StanceDance+1","champ:TornadoPunch+1","champ:DeathBlow+1","champ:AdrenalArmor+1"],"picked":"SKIP","floor":39},{"not_picked":["Replay:SS_fish_1","expansioncontent:HyperBeam"],"picked":"expansioncontent:GuardianWhirl","floor":44},{"not_picked":["champ:BladeFlurry+1","champ:DefensiveShout+1","champ:Circumvent+1","champ:MurderStrike+1"],"picked":"SKIP","floor":45},{"not_picked":["champ:BerserkersShout+1","champ:DeathBlow+1","champ:FanOfKnives+1","champ:EnGarde+1"],"picked":"SKIP","floor":46},{"not_picked":["champ:DefensiveShout+1","champ:PreciseThrust+1","champ:BladeFlurry+1","champ:FlashCut+1"],"picked":"SKIP","floor":51},{"not_picked":["champ:BringItOn+1","champ:GladiatorStyle+1","champ:Backstep+1","champ:PerfectedStrike+1"],"picked":"SKIP","floor":54}],"player_experience":2969681,"relics_obtained":[{"floor":6,"key":"Question Card"},{"floor":10,"key":"Pantograph"},{"floor":21,"key":"wanderingMiniBosses:Inkheart"},{"floor":24,"key":"Replay:Bottled Flurry"},{"floor":26,"key":"StuffTheSpire:Experiment12"},{"floor":41,"key":"Nunchaku"},{"floor":46,"key":"BrokenLever"},{"floor":54,"key":"Replay:PocketPolymizer"}],"event_choices":[{"damage_healed":0.0,"max_hp_gain":0.0,"max_hp_loss":8.0,"gold_gain":0.0,"event_name":"betterThird:BetterWriting","player_choice":"Simplicity","floor":0.0,"gold_loss":0.0,"damage_taken":0.0},{"damage_healed":0,"gold_gain":1,"player_choice":"1","damage_taken":0,"max_hp_gain":0,"max_hp_loss":0,"event_name":"betterStone:BetterStone","floor":8,"gold_loss":0},{"cards_removed":["champ:HoldFirm"],"damage_healed":0,"gold_gain":0,"player_choice":"Give","damage_taken":0,"max_hp_gain":0,"max_hp_loss":0,"event_name":"betterNote:BetterNote","floor":12,"gold_loss":0,"cards_obtained":["None"]},{"damage_healed":0,"gold_gain":0,"player_choice":"2","damage_taken":0,"max_hp_gain":0,"max_hp_loss":0,"event_name":"betterMatch:BetterMatch","floor":14,"gold_loss":0,"cards_obtained":["betterMatch:CommonCard"]},{"damage_healed":0,"gold_gain":0,"player_choice":"Ignored","damage_taken":0,"max_hp_gain":0,"max_hp_loss":0,"event_name":"Vampires","floor":29,"gold_loss":0},{"damage_healed":0,"gold_gain":0,"player_choice":" Vial ","damage_taken":15,"relics_obtained":["Blood Vial"],"max_hp_gain":55,"max_hp_loss":40,"event_name":"betterAltar:BetterAltar","floor":31,"potions_obtained":[],"relics_lost":[],"gold_loss":0}],"is_beta":false,"boss_relics":[{"not_picked":["conspire:SlowCooker","conspire:RoyalGoblet","Runic Dome"]},{"not_picked":["Coffee Dripper","Replay:Drink Me","jedi:hotpepper"]}],"items_purged_floors":[20,23,40,50],"is_endless":false,"potions_floor_spawned":[4,9,11,13,15,16,21,24,25,26,27,32,33,36,37,38,39,45,46,51,54],"ascension_level":0}}