{"host":"sq4meqxtkbsvyucx","time":1611868180,"event":{"mods":["2.2 Compatiblity","Aspiration","BaseMod","BetterRewards","Googly Eyes","Highlight Path","Hubris","Infinite Spire","Marisa????????","Mimic Mod","Minty Spire (QoL Compilation)","Rare Cards Sparkle","Replay The Spire","Shop Mod","StSLib","SuperFastMode","The Jungle","Unceasing Turn Reminder"],"gold_per_floor":[119,139,155,2,2,27,27,42,66,66,79,79,79,98,98,172,222,233,233,244,244,262,262,612,61,101,25,25,25,25,58,58,58,58],"floor_reached":33,"language":"ENG","playtime":1183,"items_purged":["Strike_B","Amnesia"],"score":587,"play_id":"39925b6b-54c8-436f-8e42-4ac3751cc40f","local_time":"20210128210940","is_ascension_mode":true,"campfire_choices":[{"data":"Crystallizer","floor":7,"key":"SMITH"},{"floor":10,"key":"REST"},{"floor":13,"key":"REST"},{"data":"aspiration:Polymerization","floor":15,"key":"SMITH"},{"floor":23,"key":"REST"},{"data":"Storm","floor":28,"key":"SMITH"},{"data":"infinitespire:UltimateForm","floor":32,"key":"SMITH"}],"circlet_count":0,"master_deck":["AscendersBane","Strike_B","Strike_B","Strike_B","Defend_B","Defend_B","Defend_B","Defend_B","Zap+1","Dualcast","hubris:PowerSurge","Conserve Battery","Crystallizer+1","aspiration:Polymerization+1","White Noise","White Noise+1","Heatsinks","Ball Lightning","Cold Snap+1","Double Energy+1","Defragment","Biased Cognition","infinitespire:UltimateForm+1","Sickly","Replay:Sluggish","ReplayRNGCard","Storm+1","Shame","infinitespire:FutureSight","ReplayTheSpireMod:Splinters"],"relics":["Cracked Core","NeowsBlessing","hubris:Icosahedron","Matryoshka","DataDisk","Oddly Smooth Stone","Prayer Wheel","Ring of Greed","MealTicket","Ring of Hypnosis","aspiration:MysteriousAuxiliaryCore","MerchantsRug","Replay:Bottled Flurry","Bottled Flame","Ancient Tea Set","hubris:BottledRain"],"acts_visited":["Exordium","TheCity"],"potions_floor_usage":[8,16,16,20,31,33],"damage_taken":[{"damage":0,"enemies":"Cultist","floor":1,"turns":1},{"damage":0,"enemies":"2 Louse","floor":2,"turns":1},{"damage":0,"enemies":"Jaw Worm","floor":3,"turns":1},{"damage":38,"enemies":"Gremlin Nob","floor":6,"turns":5},{"damage":20,"enemies":"Large Slime","floor":8,"turns":6},{"damage":5,"enemies":"Looter","floor":11,"turns":2},{"damage":2,"enemies":"Exordium Wildlife","floor":14,"turns":3},{"damage":36,"enemies":"The Guardian","floor":16,"turns":7},{"damage":10,"enemies":"Chosen","floor":18,"turns":4},{"damage":0,"enemies":"3 Byrds","floor":20,"turns":4},{"damage":24,"enemies":"Cultist and Chosen","floor":22,"turns":4},{"damage":0,"enemies":"Centurion and Healer","floor":26,"turns":6},{"damage":22,"enemies":"Replay:Snechameleon","floor":31,"turns":5},{"damage":37,"enemies":"Automaton","floor":33,"turns":4}],"seed_played":"-1753715682486487317","potions_obtained":[{"floor":6,"key":"Toxic Potion"},{"floor":8,"key":"PowerPotion"},{"floor":11,"key":"Weak Potion"},{"floor":14,"key":"Doom Potion"},{"floor":16,"key":"DistilledChaos"},{"floor":17,"key":"infinitespire:BlackPotion"},{"floor":31,"key":"Adrenaline Potion"}],"is_trial":false,"path_per_floor":["M","M","M","$","?","E","R","M","T","R","M","?","R","M","R","B",null,"M","?","M","AVR","M","R","?","$","MIM","$","R","?","?","E","R","B"],"character_chosen":"DEFECT","items_purchased":["Crystallizer","aspiration:MysteriousAuxiliaryCore","MerchantsRug","Storm"],"campfire_rested":3,"item_purchase_floors":[4,25,25,27],"current_hp_per_floor":[64,64,64,64,64,26,26,6,6,27,22,22,43,41,41,5,60,50,50,50,50,26,48,48,63,63,76,76,76,57,35,35,0,0],"gold":58,"neow_bonus":"THREE_ENEMY_KILL","is_daily":false,"chose_seed":false,"campfire_upgraded":4,"win_rate":0.0,"timestamp":1611868180,"path_taken":["M","M","?","$","?","E","R","M","T","R","M","?","R","M","R","BOSS","M","?","M","AVR","M","R","?","$","MIM","?","R","?","?","E","R","BOSS"],"items_purchased_type":["Card","Relic","Relic","Card"],"build_version":"2020-12-22","purchased_purges":2,"victory":false,"max_hp_per_floor":[71,71,71,71,71,71,71,71,71,71,71,71,71,71,71,71,76,76,76,76,76,76,76,76,76,76,76,76,76,76,76,76,76,76],"card_choices":[{"not_picked":["Beam Cell","Darkness"],"picked":"hubris:PowerSurge","floor":1},{"not_picked":["Hologram","Leap"],"picked":"Conserve Battery","floor":2},{"not_picked":["Recycle","Redo"],"picked":"Steam","floor":3},{"not_picked":["Steam","Recycle"],"picked":"aspiration:Polymerization","floor":6},{"not_picked":["Gash","Melter"],"picked":"White Noise","floor":8},{"not_picked":["Sweeping Beam","Beam Cell","Reinforced Body"],"picked":"SKIP","floor":11},{"not_picked":["ReplayTheSpireMod:Reroute Power","Leap"],"picked":"Heatsinks","floor":14},{"not_picked":["Core Surge","Meteor Strike"],"picked":"ReplayTheSpireMod:Fabricate Wheel","floor":16},{"not_picked":["Hologram","Time Bomb"],"picked":"Ball Lightning","floor":17},{"not_picked":["Melter","Rebound"],"picked":"Cold Snap+1","floor":18},{"not_picked":["Darkness","Coolheaded"],"picked":"Double Energy+1","floor":18},{"not_picked":["Barrage+1","Rebound"],"picked":"Biased Cognition","floor":20},{"not_picked":["Beam Cell","Coolheaded","Skim"],"picked":"SKIP","floor":20},{"not_picked":["Panic Button","Sweeping Beam","Conserve Battery"],"picked":"SKIP","floor":22},{"not_picked":["Ball Lightning","Barrage","Rebound"],"picked":"SKIP","floor":22},{"not_picked":["Ball Lightning","Panic Button"],"picked":"ReplayRNGCard","floor":26},{"not_picked":["infinitespire:Execution","infinitespire:SevenWalls"],"picked":"infinitespire:FutureSight","floor":30},{"not_picked":["Double Energy","Stack","hubris:DoWhile"],"picked":"SKIP","floor":31}],"player_experience":295067,"relics_obtained":[{"floor":6,"key":"Matryoshka"},{"floor":9,"key":"DataDisk"},{"floor":9,"key":"Oddly Smooth Stone"},{"floor":24,"key":"Ring of Greed"},{"floor":24,"key":"Old Coin"},{"floor":24,"key":"MealTicket"},{"floor":24,"key":"Ring of Hypnosis"},{"floor":26,"key":"Replay:Bottled Flurry"},{"floor":26,"key":"Bottled Flame"},{"floor":31,"key":"hubris:BottledRain"}],"event_choices":[{"damage_healed":0,"gold_gain":0,"player_choice":"Read","damage_taken":0,"max_hp_gain":0,"max_hp_loss":0,"event_name":"The Library","floor":19,"gold_loss":0,"cards_obtained":["Defragment"]},{"damage_healed":0,"gold_gain":0,"player_choice":"Stole Relic","damage_taken":0,"relics_obtained":["Ancient Tea Set"],"max_hp_gain":0,"max_hp_loss":0,"event_name":"Addict","floor":29,"gold_loss":0,"cards_obtained":["Shame"]}],"is_beta":false,"boss_relics":[{"not_picked":["aspiration:IroncladSkillbook","aspiration:BursterCore"],"picked":"Tiny House"}],"items_purged_floors":[4,25],"is_endless":false,"potions_floor_spawned":[6,8,11,14,16,31],"killed_by":"Automaton","ascension_level":17}}