{"host":"zlryddw6xv0ljf8b","time":1611826611,"event":{"mods":["AchievementEnabler","BaseMod","Colored Map","Colored Powertips","Highlight Path","Minty Spire (QoL Compilation)","Permanent Neow","Quick Restart","StSLib","UnlockEverythingMod"],"gold_per_floor":[214,230,245,260,435,1,20,50,121,121,121,134,151,161,161,257,257,275,103,103,123,393,426,426,446,516,516,529,540,345,356,356,459,459,476,198,217,229,229,229,259,259,259,259,291,30,30,40,40,40],"floor_reached":51,"language":"ENG","playtime":4109,"items_purged":["Doubt","Corruption","Corruption"],"score":908,"play_id":"4b26660b-03a3-4f52-bcf0-ce98240edb65","local_time":"20210128033651","is_ascension_mode":false,"campfire_choices":[{"data":"Apotheosis","floor":11.0,"key":"SMITH"},{"data":"Metallicize","floor":15.0,"key":"SMITH"},{"data":"Barricade","floor":24.0,"key":"SMITH"},{"floor":27.0,"key":"REST"},{"data":"Immolate","floor":32.0,"key":"SMITH"},{"floor":40.0,"key":"REST"},{"data":"Metallicize","floor":42.0,"key":"SMITH"},{"floor":49,"key":"DIG"}],"circlet_count":0,"master_deck":["Bash","Clothesline","Sword Boomerang","Metallicize+1","Warcry","Shrug It Off","Metallicize","Disarm","Apotheosis+1","Sentinel","Pummel","Disarm","Body Slam","Entrench","Immolate+1","Barricade+1","Impervious","True Grit","Reaper","Uppercut","Clothesline","Armaments+1","Feel No Pain","Metallicize+1","Metallicize+1","Armaments+1","Exhume","Limit Break","Shrug It Off","Flex+1","Body Slam"],"relics":["Burning Blood","Thread and Needle","Eternal Feather","Pandora\u0027s Box","TungstenRod","Bottled Tornado","Lantern","SlaversCollar","OrangePellets","Blood Vial","Paper Frog","Shovel","Letter Opener","Orichalcum"],"acts_visited":["Exordium","TheCity","TheBeyond"],"potions_floor_usage":[47],"damage_taken":[{"damage":15.0,"enemies":"Jaw Worm","floor":1.0,"turns":4.0},{"damage":0.0,"enemies":"2 Louse","floor":2.0,"turns":2.0},{"damage":1.0,"enemies":"Cultist","floor":3.0,"turns":3.0},{"damage":3.0,"enemies":"Blue Slaver","floor":4.0,"turns":5.0},{"damage":25.0,"enemies":"Lots of Slimes","floor":7.0,"turns":6.0},{"damage":41.0,"enemies":"Gremlin Nob","floor":8.0,"turns":6.0},{"damage":0.0,"enemies":"3 Louse","floor":12.0,"turns":3.0},{"damage":21.0,"enemies":"Exordium Thugs","floor":13.0,"turns":4.0},{"damage":0.0,"enemies":"2 Fungi Beasts","floor":14.0,"turns":4.0},{"damage":14.0,"enemies":"The Guardian","floor":16.0,"turns":13.0},{"damage":3.0,"enemies":"Shell Parasite","floor":18.0,"turns":7.0},{"damage":13.0,"enemies":"Spheric Guardian","floor":21.0,"turns":8.0},{"damage":52.0,"enemies":"Gremlin Leader","floor":23.0,"turns":14.0},{"damage":15.0,"enemies":"Centurion and Healer","floor":25.0,"turns":8.0},{"damage":14.0,"enemies":"Snake Plant","floor":28.0,"turns":6.0},{"damage":28.0,"enemies":"3 Cultists","floor":29.0,"turns":10.0},{"damage":4.0,"enemies":"Sentry and Sphere","floor":31.0,"turns":8.0},{"damage":0.0,"enemies":"Automaton","floor":33.0,"turns":10.0},{"damage":0.0,"enemies":"Orb Walker","floor":35.0,"turns":9.0},{"damage":13.0,"enemies":"3 Shapes","floor":37.0,"turns":6.0},{"damage":47.0,"enemies":"Sphere and 2 Shapes","floor":38.0,"turns":9.0},{"damage":0.0,"enemies":"Giant Head","floor":41.0,"turns":8.0},{"damage":0.0,"enemies":"Nemesis","floor":45.0,"turns":9.0},{"damage":0,"enemies":"Jaw Worm Horde","floor":47,"turns":1},{"damage":0,"enemies":"Maw","floor":48,"turns":9},{"damage":0,"enemies":"Time Eater","floor":50,"turns":9}],"seed_played":"-828230530626356955","potions_obtained":[{"floor":3.0,"key":"EssenceOfSteel"},{"floor":4.0,"key":"Regen Potion"},{"floor":13.0,"key":"Fire Potion"},{"floor":14.0,"key":"BloodPotion"},{"floor":16.0,"key":"HeartOfIron"},{"floor":25.0,"key":"Dexterity Potion"},{"floor":29.0,"key":"Explosive Potion"},{"floor":35.0,"key":"SkillPotion"},{"floor":41.0,"key":"SmokeBomb"},{"floor":48,"key":"Regen Potion"}],"is_trial":false,"path_per_floor":["M","M","M","M","?","$","M","E","T","?","R","M","M","M","R","B",null,"M","$","?","M","?","E","R","M","T","R","M","M","$","M","R","B",null,"M","$","M","M","?","R","E","R","T","?","E","$","M","M","R","B",null],"character_chosen":"IRONCLAD","items_purchased":["Shrug It Off","Metallicize","Disarm","Apotheosis","Feel No Pain","Lantern","Fire Potion","OrangePellets","Letter Opener"],"campfire_rested":2,"item_purchase_floors":[6,6,6,6,19,30,30,36,46],"current_hp_per_floor":[71,77,80,80,80,80,61,35,35,61,73,79,64,70,80,72,80,80,80,80,73,46,36,51,42,42,80,72,50,50,52,67,73,80,80,80,73,32,32,74,80,80,80,80,80,80,80,80,80,80],"gold":40,"neow_bonus":"HUNDRED_GOLD","is_daily":false,"chose_seed":false,"campfire_upgraded":5,"win_rate":0.0,"timestamp":1611826611,"path_taken":["M","M","M","M","?","$","M","E","T","?","R","M","M","M","R","BOSS","M","$","?","?","?","E","R","M","T","R","?","M","$","M","R","BOSS","M","$","M","M","?","R","E","R","T","?","E","$","M","M","R","BOSS"],"items_purchased_type":["Card","Card","Card","Card","Card","Relic","Potion","Relic","Relic"],"build_version":"2020-12-22","purchased_purges":3,"victory":true,"max_hp_per_floor":[80,80,80,80,80,80,80,80,80,80,80,80,80,80,80,80,80,80,80,80,80,80,80,80,80,80,80,80,80,80,80,80,80,80,80,80,80,80,80,80,80,80,80,80,80,80,80,80,80,80],"card_choices":[{"not_picked":["Sword Boomerang","Anger"],"picked":"Clothesline","floor":1.0},{"not_picked":["Heavy Blade","True Grit"],"picked":"Sword Boomerang","floor":2.0},{"not_picked":["Cleave","Wild Strike"],"picked":"Metallicize","floor":3.0},{"not_picked":["Twin Strike","Clothesline"],"picked":"Warcry","floor":4.0},{"not_picked":["Second Wind","True Grit"],"picked":"Sentinel","floor":7.0},{"not_picked":["Burning Pact","Feel No Pain"],"picked":"Pummel","floor":8.0},{"not_picked":["Clash","Armaments"],"picked":"Disarm","floor":12.0},{"not_picked":["Limit Break","Anger"],"picked":"Body Slam","floor":13.0},{"not_picked":["Sword Boomerang","Havoc"],"picked":"Entrench","floor":14.0},{"not_picked":["Impervious","Reaper"],"picked":"Immolate","floor":16.0},{"not_picked":["Uppercut","Clothesline"],"picked":"Armaments+1","floor":18.0},{"not_picked":["Havoc","Pommel Strike"],"picked":"Metallicize","floor":21.0},{"not_picked":["Anger","Headbutt","Carnage"],"picked":"SKIP","floor":23.0},{"not_picked":["Anger","Power Through+1","Wild Strike"],"picked":"SKIP","floor":25.0},{"not_picked":["Rupture","Evolve","Sword Boomerang"],"picked":"SKIP","floor":28.0},{"not_picked":["Flex","Thunderclap+1"],"picked":"Armaments+1","floor":29.0},{"not_picked":["Heavy Blade","Uppercut"],"picked":"Exhume","floor":31.0},{"not_picked":["Double Tap","Corruption"],"picked":"Limit Break","floor":33.0},{"not_picked":["Searing Blow","Havoc"],"picked":"Shrug It Off","floor":35.0},{"not_picked":["Anger+1","Clash+1"],"picked":"Flex+1","floor":37.0},{"not_picked":["Infernal Blade+1","Headbutt","Twin Strike+1"],"picked":"SKIP","floor":38.0},{"not_picked":["Inflame+1","Whirlwind+1"],"picked":"Body Slam","floor":41.0},{"not_picked":["Twin Strike","Anger","Iron Wave"],"picked":"SKIP","floor":45.0},{"not_picked":["Rampage+1","Sentinel+1","Headbutt"],"picked":"SKIP","floor":48}],"player_experience":14791,"relics_obtained":[{"floor":8.0,"key":"Thread and Needle"},{"floor":9.0,"key":"Eternal Feather"},{"floor":23.0,"key":"TungstenRod"},{"floor":26.0,"key":"Bottled Tornado"},{"floor":41.0,"key":"Blood Vial"},{"floor":43.0,"key":"Paper Frog"},{"floor":45.0,"key":"Shovel"},{"floor":49,"key":"Orichalcum"}],"event_choices":[{"damage_healed":0.0,"max_hp_gain":0.0,"max_hp_loss":0.0,"gold_gain":175.0,"event_name":"Liars Game","player_choice":"AGREE","floor":5.0,"gold_loss":0.0,"damage_taken":0.0,"cards_obtained":["Doubt"]},{"damage_healed":26.0,"max_hp_gain":0.0,"max_hp_loss":0.0,"gold_gain":0.0,"event_name":"Big Fish","player_choice":"Banana","floor":10.0,"gold_loss":0.0,"damage_taken":0.0},{"damage_healed":0.0,"max_hp_gain":0.0,"max_hp_loss":0.0,"gold_gain":0.0,"event_name":"Duplicator","player_choice":"Copied","floor":20.0,"gold_loss":0.0,"damage_taken":0.0,"cards_obtained":["Metallicize"]},{"damage_healed":0.0,"max_hp_gain":0.0,"max_hp_loss":0.0,"gold_gain":270.0,"event_name":"Knowing Skull","player_choice":"GOLD GOLD GOLD ","floor":22.0,"potions_obtained":[],"gold_loss":0.0,"damage_taken":27.0,"cards_obtained":[]},{"damage_healed":0.0,"max_hp_gain":0.0,"max_hp_loss":0.0,"gold_gain":0.0,"event_name":"SensoryStone","player_choice":"Memory 1","floor":39.0,"gold_loss":0.0,"damage_taken":0.0},{"cards_removed":["Carnage"],"damage_healed":0.0,"max_hp_gain":0.0,"max_hp_loss":0.0,"gold_gain":0.0,"event_name":"Purifier","player_choice":"Purged","floor":44.0,"gold_loss":0.0,"damage_taken":0.0}],"is_beta":false,"boss_relics":[{"not_picked":["Philosopher\u0027s Stone","Black Blood"],"picked":"Pandora\u0027s Box"},{"not_picked":["Astrolabe","Sozu"],"picked":"SlaversCollar"}],"items_purged_floors":[6,19,36],"is_endless":false,"potions_floor_spawned":[3,4,13,14,16,18,21,25,29,35,41,48],"ascension_level":0}}