{"host":"dlqcqir7p8cpkknl","time":1611869566,"event":{"mods":["BaseMod","Colored Map","Downfall","Minty Spire (QoL Compilation)","StSLib"],"gold_per_floor":[99,99,99,99,99,130,153,14,14,32,17,17,17,51,61,157,157,57,70,81,16,16,30,78,91,116,129,29,29,129,146,160,256,256,156,169,40,52,76,76,76,107,107,126,176,190,190,210,227,227,227,254,115,115,115,115,115,115],"floor_reached":56,"language":"ENG","playtime":4056,"items_purged":["bronze:Strike","bronze:Strike","bronze:Strike","bronze:Defend"],"score":905,"play_id":"ce783769-f5d3-489b-a4fd-888368cdcc29","local_time":"20210128213246","is_ascension_mode":false,"campfire_choices":[{"floor":1,"key":"RECALL"},{"floor":9,"key":"DIG"},{"floor":13,"key":"DIG"},{"floor":18,"key":"DIG"},{"floor":28,"key":"DIG"},{"data":"bronze:Goto","floor":35,"key":"SMITH"},{"floor":40,"key":"DIG"},{"floor":47,"key":"DIG"},{"floor":54,"key":"DIG"}],"circlet_count":0,"master_deck":["bronze:Strike","bronze:Defend","bronze:Defend","bronze:Replicate","bronze:Goto+1","bronze:Repair","bronze:Flail","bronze:Spike","bronze:DazingPulse","bronze:Explode","bronze:ItsAFeature","bronze:Repulsor","bronze:BugBarrage","bronze:WhirlingStrike","bronze:Repair","bronze:WildBeam","bronze:Iterate","bronze:Overheat","bronze:BurnOut","bronze:WildBeam","bronze:BugBarrage","bronze:CutThrough","bronze:Boost","Writhe","Writhe","bronze:Format","downfall:Aged","Doubt","bronze:FineTuning","bronze:Assembly","bronze:Verify","bronze:Allocate+1","expansioncontent:Hexaburn","bronze:HardenedForm","Clumsy","Doubt","downfall:Bewildered","downfall:Aged","bronze:GetLatest+1","Parasite","Normality","bronze:Branch+1","bronze:BugBarrage+1","bronze:Repair+1","Finesse+1"],"relics":["bronze:BronzeCore","downfall:HeartsMalice","downfall:ShatteredFragment","Shovel","Strawberry","Dead Branch","Smiling Mask","Letter Opener","Busted Crown","downfall:HeartBlessingRed","Eternal Feather","downfall:KnowingSkull","bronze:SilverBullet","Tiny Chest","downfall:HeartBlessingGreen","Question Card","Molten Egg 2","downfall:ExtraCursedKey","Sozu","downfall:HeartBlessingBlue","Shuriken","Oddly Smooth Stone","Nunchaku","Bottled Lightning","Toxic Egg 2","Centennial Puzzle","Guardian:PocketSentry","Bottled Tornado","Mercury Hourglass"],"acts_visited":["Exordium","TheCity","TheBeyond","TheEnding"],"potions_floor_usage":[21,25,50],"damage_taken":[{"damage":0,"enemies":"Small Slimes","floor":2,"turns":1},{"damage":0,"enemies":"Jaw Worm","floor":4,"turns":1},{"damage":0,"enemies":"Jaw Worm","floor":5,"turns":1},{"damage":23,"enemies":"Gremlin Nob","floor":6,"turns":4},{"damage":0,"enemies":"downfall:FleeingMerchant","floor":8,"turns":4},{"damage":0,"enemies":"Cultist","floor":10,"turns":3},{"damage":6,"enemies":"downfall:FleeingMerchant","floor":11,"turns":4},{"damage":13,"enemies":"3 Sentries","floor":14,"turns":4},{"damage":14,"enemies":"Exordium Wildlife","floor":15,"turns":3},{"damage":61,"enemies":"SI_SHIV_ARCHETYPE","floor":16,"turns":7},{"damage":0,"enemies":"3 Byrds","floor":19,"turns":2},{"damage":23,"enemies":"Shell Parasite","floor":20,"turns":4},{"damage":10,"enemies":"downfall:FleeingMerchant","floor":21,"turns":4},{"damage":24,"enemies":"Snake Plant","floor":23,"turns":3},{"damage":3,"enemies":"3 Cultists","floor":25,"turns":3},{"damage":70,"enemies":"Book of Stabbing","floor":26,"turns":5},{"damage":1,"enemies":"Cultist and Chosen","floor":27,"turns":3},{"damage":1,"enemies":"Centurion and Healer","floor":31,"turns":2},{"damage":5,"enemies":"Shelled Parasite and Fungi","floor":32,"turns":2},{"damage":33,"enemies":"IC_MUSHROOM_ARCHETYPE","floor":33,"turns":7},{"damage":20,"enemies":"3 Shapes","floor":36,"turns":2},{"damage":1,"enemies":"downfall:FleeingMerchant","floor":37,"turns":1},{"damage":1,"enemies":"Orb Walker","floor":38,"turns":1},{"damage":22,"enemies":"Nemesis","floor":42,"turns":3},{"damage":11,"enemies":"4 Shapes","floor":44,"turns":1},{"damage":1,"enemies":"Jaw Worm Horde","floor":46,"turns":1},{"damage":1,"enemies":"3 Darklings","floor":48,"turns":2},{"damage":1,"enemies":"Sphere and 2 Shapes","floor":49,"turns":2},{"damage":39,"enemies":"WA_ARCHETYPE_DIVINITY","floor":50,"turns":9},{"damage":37,"enemies":"downfall:CharBossMerchant","floor":52,"turns":7},{"damage":24,"enemies":"downfall:NeowBoss","floor":55,"turns":12},{"damage":100,"enemies":"downfall:NeowBossFinal","floor":56,"turns":5}],"seed_played":"959277922855124213","potions_obtained":[{"floor":5,"key":"ColorlessPotion"},{"floor":10,"key":"Weak Potion"},{"floor":15,"key":"DistilledChaos"},{"floor":25,"key":"Fruit Juice"},{"floor":27,"key":"Regen Potion"}],"is_trial":false,"path_per_floor":["R","M","?","M","?","E","T","$","R","M","$","T","R","E","M","B",null,"R","M","M","$","?","M","T","M","E","M","R","?","?","M","M","B",null,"R","M","$","M","T","R","T","E","?","M","T","M","R","M","M","B",null,"E","$","R","B","B"],"character_chosen":"THE_AUTOMATON","items_purchased":["bronze:WhirlingStrike","Shuriken","expansioncontent:Hexaburn","bronze:HardenedForm","Finesse+1"],"campfire_rested":0,"item_purchase_floors":[8,37,37,37,53],"current_hp_per_floor":[70,70,49,49,49,26,33,40,40,47,69,69,69,70,56,9,77,77,77,68,58,51,34,34,64,8,21,36,36,41,47,42,23,87,97,77,76,75,75,96,96,74,74,63,63,69,93,92,91,59,97,70,70,97,89,0,0,0],"gold":115,"neow_bonus":"THREE_ENEMY_KILL","is_daily":false,"chose_seed":false,"campfire_upgraded":1,"win_rate":0.0,"timestamp":1611869566,"path_taken":["R","M","?","M","?","E","T","$","R","M","$","?","R","E","M","BOSS","R","M","M","?","?","?","T","M","E","M","R","?","?","?","M","BOSS","R","M","$","M","?","R","T","E","?","M","?","M","R","M","M","BOSS","E","$","R","BOSS","BOSS"],"items_purchased_type":["Card","Relic","Card","Card","Card"],"build_version":"2020-12-22","purchased_purges":4,"victory":false,"max_hp_per_floor":[70,70,70,70,70,70,77,77,77,77,77,77,77,77,77,77,77,77,77,77,77,77,77,77,82,82,82,82,82,87,87,87,87,87,97,97,97,97,97,97,97,97,97,97,97,97,97,97,97,97,97,97,97,97,97,97,97,97],"card_choices":[{"not_picked":["bronze:BuggyMess","bronze:Frontload"],"picked":"bronze:Repair","floor":2},{"not_picked":["bronze:BugBarrage","bronze:FineTuning"],"picked":"bronze:Flail","floor":4},{"not_picked":[],"picked":"bronze:Spike","floor":5},{"not_picked":[],"picked":"bronze:DazingPulse","floor":5},{"not_picked":[],"picked":"bronze:Explode","floor":5},{"not_picked":["bronze:Branch","bronze:Frontload"],"picked":"bronze:ItsAFeature","floor":5},{"not_picked":["bronze:Shield","bronze:BitShift"],"picked":"bronze:Repulsor","floor":6},{"not_picked":["bronze:Overheat","bronze:WhirlingStrike"],"picked":"bronze:BugBarrage","floor":8},{"not_picked":["bronze:Fortify","bronze:ForceShield"],"picked":"bronze:Repair","floor":10},{"not_picked":["bronze:Repair","bronze:SpaghettiCode"],"picked":"bronze:WildBeam","floor":11},{"not_picked":["bronze:Fortify","bronze:Deprecate"],"picked":"bronze:Iterate","floor":14},{"not_picked":["bronze:Shield","bronze:OilSpill"],"picked":"bronze:Overheat","floor":15},{"not_picked":["bronze:Verify","bronze:Break"],"picked":"bronze:BurnOut","floor":16},{"not_picked":[],"picked":"bronze:WildBeam","floor":19},{"not_picked":[],"picked":"bronze:BugBarrage","floor":20},{"not_picked":["bronze:DelayedSlice"],"picked":"SKIP","floor":21},{"not_picked":[],"picked":"bronze:CutThrough","floor":23},{"not_picked":["bronze:Frontload+1"],"picked":"SKIP","floor":25},{"not_picked":["bronze:Flail"],"picked":"SKIP","floor":26},{"not_picked":[],"picked":"bronze:Boost","floor":27},{"not_picked":["bronze:Flail+1"],"picked":"bronze:FineTuning","floor":31},{"not_picked":["bronze:DelayedSlice+1"],"picked":"bronze:Assembly","floor":32},{"not_picked":["bronze:Break+1"],"picked":"bronze:Verify","floor":33},{"not_picked":["bronze:Invalidate+1"],"picked":"bronze:Allocate+1","floor":36},{"not_picked":["bronze:BitShift","bronze:Shell+1"],"picked":"SKIP","floor":37},{"not_picked":["bronze:Turbo","bronze:WhirlingStrike+1"],"picked":"SKIP","floor":38},{"not_picked":["bronze:Deprecate+1","bronze:Overheat+1"],"picked":"SKIP","floor":42},{"not_picked":["bronze:Return+1"],"picked":"bronze:GetLatest+1","floor":44},{"not_picked":["bronze:DarkDash+1","bronze:Deprecate+1"],"picked":"SKIP","floor":46},{"not_picked":["bronze:Frontload+1"],"picked":"bronze:Branch+1","floor":48},{"not_picked":["bronze:CutThrough+1"],"picked":"bronze:BugBarrage+1","floor":49},{"not_picked":["bronze:CloningBeam+1"],"picked":"bronze:Repair+1","floor":52}],"player_experience":299435,"relics_obtained":[{"floor":6,"key":"Shovel"},{"floor":7,"key":"Strawberry"},{"floor":9,"key":"Dead Branch"},{"floor":13,"key":"Smiling Mask"},{"floor":14,"key":"Letter Opener"},{"floor":18,"key":"Eternal Feather"},{"floor":24,"key":"bronze:SilverBullet"},{"floor":26,"key":"Tiny Chest"},{"floor":28,"key":"Question Card"},{"floor":39,"key":"Oddly Smooth Stone"},{"floor":40,"key":"Nunchaku"},{"floor":41,"key":"Bottled Lightning"},{"floor":42,"key":"Toxic Egg 2"},{"floor":45,"key":"Centennial Puzzle"},{"floor":47,"key":"Guardian:PocketSentry"},{"floor":52,"key":"Bottled Tornado"},{"floor":54,"key":"Mercury Hourglass"}],"event_choices":[{"cards_removed":["bronze:Defend"],"damage_healed":0,"gold_gain":0,"player_choice":"Removed Skill","damage_taken":0,"max_hp_gain":0,"max_hp_loss":0,"event_name":"Falling","floor":43,"gold_loss":0}],"is_beta":false,"boss_relics":[{"not_picked":["Coffee Dripper","SacredBark"],"picked":"Busted Crown"},{"not_picked":["SlaversCollar","Philosopher\u0027s Stone"],"picked":"Sozu"}],"items_purged_floors":[8,21,37,53],"is_endless":false,"potions_floor_spawned":[5,10,15,16,19,20,25,27,33,36,42,44,52],"killed_by":"downfall:NeowBossFinal","ascension_level":0}}