{"host":"nnt34ungdh9fkcmy","time":1611860249,"event":{"mods":["BaseMod","Downfall","Minty Spire (QoL Compilation)","StSLib","SuperFastMode"],"gold_per_floor":[99,111,124,151,163,24,47,65,98,98,112,132,146,173,190,290,290,190,190,202,216,234,262,262,262,262,293,308,108,126,160,170,170,170,170],"floor_reached":33,"language":"ENG","playtime":1913,"items_purged":["bronze:Strike"],"score":458,"play_id":"3ecb8a27-4907-4511-b6e9-eaba7ddb3185","local_time":"20210128115729","is_ascension_mode":true,"campfire_choices":[{"data":"Apotheosis","floor":1.0,"key":"SMITH"},{"floor":18.0,"key":"RECALL"},{"floor":29.0,"key":"DIG"}],"circlet_count":0,"master_deck":["bronze:Defend","bronze:Defend","bronze:Defend","bronze:Defend","bronze:Replicate","bronze:Goto","Apotheosis+1","bronze:Refactor","bronze:WildBeam","bronze:BuggyMess","bronze:Constructor","bronze:OilSpill","bronze:Mutator","bronze:BugBarrage","bronze:ChosenStrike","bronze:Refactor","bronze:Iterate","bronze:AlphaBuild","CurseOfTheBell","bronze:OilSpill+1"],"relics":["bronze:BronzeCore","Omamori","Dead Branch","Bronze Scales","Philosopher\u0027s Stone","downfall:HeartBlessingBlue","downfall:ExtraCursedBell","Strawberry","Molten Egg 2","champ:DeflectingBracers","Pen Nib","Mango","bronze:BottledCode","Shovel","downfall:HeartBlessingRed","downfall:HeartBlessingGreen","bronze:Timepiece","Blood Vial"],"acts_visited":["Exordium","TheCity"],"potions_floor_usage":[33],"damage_taken":[{"damage":0.0,"enemies":"Cultist","floor":2.0,"turns":4.0},{"damage":0.0,"enemies":"Small Slimes","floor":3.0,"turns":4.0},{"damage":7.0,"enemies":"Jaw Worm","floor":5.0,"turns":3.0},{"damage":0.0,"enemies":"downfall:FleeingMerchant","floor":6.0,"turns":4.0},{"damage":8.0,"enemies":"3 Louse","floor":8.0,"turns":3.0},{"damage":10.0,"enemies":"Gremlin Nob","floor":9.0,"turns":3.0},{"damage":0.0,"enemies":"Red Slaver","floor":11.0,"turns":3.0},{"damage":6.0,"enemies":"Lots of Slimes","floor":12.0,"turns":6.0},{"damage":0.0,"enemies":"Large Slime","floor":13.0,"turns":3.0},{"damage":0.0,"enemies":"3 Sentries","floor":14.0,"turns":5.0},{"damage":0.0,"enemies":"3 Louse","floor":15.0,"turns":2.0},{"damage":0.0,"enemies":"SI_SHIV_ARCHETYPE","floor":16.0,"turns":7.0},{"damage":9.0,"enemies":"Chosen","floor":20.0,"turns":3.0},{"damage":0.0,"enemies":"Centurion and Healer","floor":21.0,"turns":4.0},{"damage":2.0,"enemies":"Chosen and Byrds","floor":22.0,"turns":4.0},{"damage":23.0,"enemies":"Book of Stabbing","floor":23.0,"turns":6.0},{"damage":24.0,"enemies":"Slavers","floor":27.0,"turns":4.0},{"damage":5.0,"enemies":"Snake Plant","floor":28.0,"turns":2.0},{"damage":0.0,"enemies":"Snecko","floor":30.0,"turns":3.0},{"damage":42.0,"enemies":"Gremlin Leader","floor":31.0,"turns":3.0},{"damage":0.0,"enemies":"Centurion and Healer","floor":32.0,"turns":2.0},{"damage":27,"enemies":"DF_ARCHETYPE_CLAW","floor":33,"turns":5}],"seed_played":"-5147930879813256797","potions_obtained":[{"floor":2.0,"key":"BlessingOfTheForge"},{"floor":3.0,"key":"Guardian:BlockOnCardUsePotion"},{"floor":9.0,"key":"PowerPotion"},{"floor":14.0,"key":"EntropicBrew"},{"floor":15.0,"key":"DuplicationPotion"},{"floor":27.0,"key":"Swift Potion"},{"floor":28.0,"key":"SkillPotion"},{"floor":31.0,"key":"PowerPotion"}],"is_trial":false,"path_per_floor":["R","M","M","T","M","$","T","M","E","?","M","M","M","E","M","B",null,"R","?","M","M","M","E","T","?","?","E","M","R","M","E","M","B"],"character_chosen":"THE_AUTOMATON","items_purchased":["bronze:Constructor"],"campfire_rested":0,"item_purchase_floors":[6],"current_hp_per_floor":[63,63,63,63,56,56,56,48,38,38,38,32,32,32,32,32,63,73,80,71,71,69,46,60,60,84,60,55,55,55,13,15,0,0,0],"gold":170,"neow_bonus":"RANDOM_COLORLESS_2","is_daily":false,"chose_seed":false,"campfire_upgraded":1,"win_rate":0.0,"timestamp":1611860249,"path_taken":["R","M","M","?","M","$","T","M","E","?","M","M","?","E","M","BOSS","R","?","M","M","M","E","T","?","?","E","M","R","M","E","M","BOSS"],"items_purchased_type":["Card"],"build_version":"2020-12-22","purchased_purges":1,"victory":false,"max_hp_per_floor":[63,63,63,63,63,63,63,63,63,63,63,63,63,63,63,63,63,73,80,80,80,80,80,94,84,84,84,84,84,84,84,84,84,84,84],"card_choices":[{"not_picked":["Violence","Magnetism"],"picked":"Apotheosis","floor":0.0},{"not_picked":["bronze:Optimize","bronze:DelayedGuard"],"picked":"bronze:Refactor","floor":2.0},{"not_picked":["bronze:BronzeArmor","bronze:ClassDefault"],"picked":"bronze:WildBeam","floor":3.0},{"not_picked":["bronze:DelayedGuard","bronze:Repair","bronze:DelayedSlice"],"picked":"SKIP","floor":5.0},{"not_picked":["bronze:Flail","bronze:WildBeam"],"picked":"bronze:BuggyMess","floor":6.0},{"not_picked":["bronze:DarkDash","bronze:WhirlingStrike"],"picked":"bronze:OilSpill","floor":8.0},{"not_picked":["bronze:Refactor","bronze:Overheat"],"picked":"bronze:Mutator","floor":9.0},{"not_picked":["bronze:Branch","bronze:Overheat","bronze:Optimize"],"picked":"SKIP","floor":11.0},{"not_picked":["bronze:BronzeArmor","bronze:BuggyMess"],"picked":"bronze:BugBarrage","floor":12.0},{"not_picked":["bronze:Repair","bronze:FollowUp"],"picked":"bronze:ChosenStrike","floor":13.0},{"not_picked":["bronze:Turbo","bronze:DelayedGuard"],"picked":"bronze:Refactor","floor":14.0},{"not_picked":["bronze:NullPointer","bronze:WildBeam"],"picked":"bronze:Iterate","floor":15.0},{"not_picked":["bronze:TinkerersToolbox","bronze:BurnOut"],"picked":"bronze:AlphaBuild","floor":16.0},{"not_picked":["bronze:Fortify+1","bronze:ChildClass","bronze:WhirlingStrike+1"],"picked":"SKIP","floor":20.0},{"not_picked":["bronze:BitShift+1","bronze:Branch+1","bronze:Fortify+1"],"picked":"SKIP","floor":21.0},{"not_picked":["bronze:ChildClass","bronze:DelayedGuard","bronze:Repair"],"picked":"SKIP","floor":22.0},{"not_picked":["bronze:DelayedGuard+1","bronze:Mutator"],"picked":"bronze:OilSpill+1","floor":23.0},{"not_picked":["bronze:DelayedGuard","bronze:Allocate","bronze:Fortify+1"],"picked":"SKIP","floor":27.0},{"not_picked":["bronze:Branch+1","bronze:CutThrough+1","bronze:Overheat+1"],"picked":"SKIP","floor":28.0},{"not_picked":["bronze:Iterate+1","bronze:Philosophize","bronze:CutThrough+1"],"picked":"SKIP","floor":30.0},{"not_picked":["bronze:BugBarrage+1","bronze:Deprecate","bronze:ForLoop"],"picked":"SKIP","floor":31.0},{"not_picked":["bronze:Return","bronze:InfiniteBeams","bronze:Refactor"],"picked":"SKIP","floor":32.0}],"player_experience":271696,"relics_obtained":[{"floor":4.0,"key":"Omamori"},{"floor":9.0,"key":"Dead Branch"},{"floor":14.0,"key":"Bronze Scales"},{"floor":19.0,"key":"Strawberry"},{"floor":19.0,"key":"Molten Egg 2"},{"floor":19.0,"key":"champ:DeflectingBracers"},{"floor":23.0,"key":"Pen Nib"},{"floor":24.0,"key":"Mango"},{"floor":27.0,"key":"Shovel"},{"floor":29.0,"key":"bronze:Timepiece"},{"floor":31.0,"key":"Blood Vial"}],"event_choices":[{"damage_healed":28.0,"max_hp_gain":0.0,"max_hp_loss":0.0,"gold_gain":0.0,"event_name":"The Library","player_choice":"Heal","floor":26.0,"gold_loss":0.0,"damage_taken":0.0}],"is_beta":false,"boss_relics":[{"not_picked":["Pandora\u0027s Box","SacredBark"],"picked":"Philosopher\u0027s Stone"}],"items_purged_floors":[6],"is_endless":false,"potions_floor_spawned":[2,3,9,12,13,14,15,21,27,28,30,31],"killed_by":"DF_ARCHETYPE_CLAW","ascension_level":3}}