{"host":"pnjthw6sukprvbcr","time":1611863606,"event":{"mods":["AchievementEnabler","BaseMod","Block Reminder","Highlight Path","Minty Spire (QoL Compilation)","Relic Stats"],"gold_per_floor":[210,222,222,297,316,343,343,368,368,368,101,101,113,127,127,223,223,237,249,249,94,114,114,92,92,118,128,128,146,146,163,163,266,266,276,326,114,160,160,160,194,210,510,528,528,528,528,544,544,544,544,544,141,176,176,176],"floor_reached":55,"language":"ENG","playtime":2632,"items_purged":["Strike_R"],"score":680,"play_id":"923992e6-47ec-41c2-bf70-bdf3b9eab84c","local_time":"20210128145326","is_ascension_mode":false,"campfire_choices":[{"floor":7.0,"key":"REST"},{"floor":10.0,"key":"RECALL"},{"floor":12.0,"key":"REST"},{"data":"Armaments","floor":15.0,"key":"SMITH"},{"data":"Inflame","floor":23.0,"key":"SMITH"},{"data":"Seeing Red","floor":25.0,"key":"SMITH"},{"floor":28.0,"key":"REST"},{"data":"Heavy Blade","floor":30.0,"key":"SMITH"},{"floor":32.0,"key":"REST"},{"floor":40.0,"key":"REST"},{"floor":46.0,"key":"REST"},{"data":"1","floor":49.0,"key":"LIFT"},{"data":"Entrench","floor":52.0,"key":"SMITH"}],"circlet_count":0,"master_deck":["Strike_R+1","Strike_R+1","Strike_R+1","Strike_R+1","Defend_R+1","Defend_R+1","Defend_R+1","Defend_R+1","Bash+1","Seeing Red+1","Heavy Blade+1","Pommel Strike","Shrug It Off","Sentinel","Armaments+1","Inflame+1","Cleave","Headbutt+1","Spot Weakness","Inflame+1","Body Slam+1","Rampage","Infernal Blade","Impervious","Entrench+1","True Grit+1","Heavy Blade+1","Panacea+1","Metallicize+1","Flex+1","Flame Barrier+1","Infernal Blade+1","Iron Wave+1","Rage+1"],"relics":["Burning Blood","Turnip","Kunai","Nunchaku","Philosopher\u0027s Stone","Sling","Juzu Bracelet","Velvet Choker","Girya","HandDrill","TungstenRod","Toxic Egg 2","Ornamental Fan","Old Coin","Whetstone","Orrery","Strawberry"],"acts_visited":["Exordium","TheCity","TheBeyond","TheEnding"],"potions_floor_usage":[55,55],"damage_taken":[{"damage":10.0,"enemies":"Jaw Worm","floor":1.0,"turns":5.0},{"damage":9.0,"enemies":"2 Louse","floor":2.0,"turns":2.0},{"damage":15.0,"enemies":"Small Slimes","floor":5.0,"turns":5.0},{"damage":37.0,"enemies":"Gremlin Nob","floor":6.0,"turns":5.0},{"damage":33.0,"enemies":"3 Sentries","floor":8.0,"turns":10.0},{"damage":9.0,"enemies":"Exordium Thugs","floor":13.0,"turns":9.0},{"damage":8.0,"enemies":"2 Fungi Beasts","floor":14.0,"turns":4.0},{"damage":22.0,"enemies":"Slime Boss","floor":16.0,"turns":7.0},{"damage":10.0,"enemies":"Spheric Guardian","floor":18.0,"turns":4.0},{"damage":29.0,"enemies":"2 Thieves","floor":19.0,"turns":4.0},{"damage":8.0,"enemies":"Snake Plant","floor":22.0,"turns":4.0},{"damage":21.0,"enemies":"Chosen and Byrds","floor":27.0,"turns":6.0},{"damage":7.0,"enemies":"Centurion and Healer","floor":29.0,"turns":3.0},{"damage":20.0,"enemies":"Shelled Parasite and Fungi","floor":31.0,"turns":3.0},{"damage":66.0,"enemies":"Collector","floor":33.0,"turns":9.0},{"damage":28.0,"enemies":"Orb Walker","floor":35.0,"turns":4.0},{"damage":2.0,"enemies":"Mind Bloom Boss Battle","floor":36.0,"turns":5.0},{"damage":45.0,"enemies":"2 Orb Walkers","floor":38.0,"turns":5.0},{"damage":9.0,"enemies":"Giant Head","floor":41.0,"turns":7.0},{"damage":12.0,"enemies":"3 Shapes","floor":42.0,"turns":4.0},{"damage":9.0,"enemies":"3 Darklings","floor":44.0,"turns":3.0},{"damage":14.0,"enemies":"Maw","floor":48.0,"turns":9.0},{"damage":73.0,"enemies":"Time Eater","floor":50.0,"turns":12.0},{"damage":52,"enemies":"Shield and Spear","floor":54,"turns":8},{"damage":49,"enemies":"The Heart","floor":55,"turns":5}],"seed_played":"4310713560853709390","potions_obtained":[{"floor":6.0,"key":"Fire Potion"},{"floor":8.0,"key":"DuplicationPotion"},{"floor":14.0,"key":"Swift Potion"},{"floor":16.0,"key":"FairyPotion"},{"floor":22.0,"key":"DuplicationPotion"},{"floor":29.0,"key":"SkillPotion"},{"floor":38.0,"key":"GamblersBrew"},{"floor":48.0,"key":"Dexterity Potion"},{"floor":54,"key":"Explosive Potion"}],"is_trial":false,"path_per_floor":["M","M","?","?","M","E","R","E","T","R","$","R","M","M","R","B",null,"M","M","?","$","M","R","$","R","T","M","R","M","R","M","R","B",null,"M","?","$","?","T","R","E","M","T","M","?","R","?","M","R","B",null,"R","$","E","B"],"character_chosen":"IRONCLAD","items_purchased":["Armaments","Nunchaku","Sling","Body Slam","Entrench","HandDrill","Whetstone","Flex+1","LiquidMemories","Orrery"],"campfire_rested":6,"item_purchase_floors":[11,11,21,24,37,37,53,53,53,53],"current_hp_per_floor":[76,73,78,67,58,27,52,25,25,25,25,50,47,45,45,29,85,81,58,58,58,56,56,56,56,56,41,66,65,65,51,76,16,85,63,67,67,28,28,53,50,44,44,41,41,66,66,58,58,18,85,85,85,46,0,0],"gold":176,"neow_bonus":"HUNDRED_GOLD","is_daily":false,"chose_seed":false,"campfire_upgraded":5,"win_rate":0.0,"timestamp":1611863606,"path_taken":["M","M","?","?","M","E","R","E","T","R","$","R","M","M","R","BOSS","M","M","?","$","M","R","$","R","T","M","R","M","R","M","R","BOSS","M","?","?","?","?","R","E","M","T","M","?","R","?","M","R","BOSS","R","$","E","BOSS"],"items_purchased_type":["Card","Relic","Relic","Card","Card","Relic","Relic","Card","Potion","Relic"],"build_version":"2020-12-22","purchased_purges":1,"victory":false,"max_hp_per_floor":[80,80,85,85,85,85,85,85,85,85,85,85,85,85,85,85,85,85,85,85,85,85,85,85,85,85,85,85,85,85,85,85,85,85,85,85,85,85,85,85,85,85,85,85,85,85,85,85,85,85,85,85,85,92,92,92],"relic_stats":{"Nunchaku":[21],"counters":[25,142],"Ornamental Fan":[56],"Turnip":[23],"Juzu Bracelet":1,"HandDrill":[6],"Kunai":[30],"Whetstone":["Body Slam","Bash"],"obtain_stats":[{"Girya":36,"Velvet Choker":34,"Juzu Bracelet":26,"Whetstone":53,"Sling":21,"Burning Blood":0,"Old Coin":43,"Nunchaku":11,"Ornamental Fan":41,"Strawberry":54,"Orrery":53,"Philosopher\u0027s Stone":17,"Turnip":6,"HandDrill":37,"Kunai":8,"Toxic Egg 2":39,"TungstenRod":38},{"Girya":17,"Velvet Choker":15,"Juzu Bracelet":11,"Whetstone":23,"Sling":10,"Burning Blood":0,"Old Coin":20,"Nunchaku":5,"Ornamental Fan":19,"Strawberry":24,"Orrery":23,"Philosopher\u0027s Stone":8,"Turnip":4,"HandDrill":17,"Kunai":5,"Toxic Egg 2":18,"TungstenRod":18},{"Girya":89,"Velvet Choker":80,"Juzu Bracelet":59,"Whetstone":129,"Sling":55,"Burning Blood":0,"Old Coin":105,"Nunchaku":27,"Ornamental Fan":101,"Strawberry":137,"Orrery":129,"Philosopher\u0027s Stone":47,"Turnip":17,"HandDrill":89,"Kunai":27,"Toxic Egg 2":94,"TungstenRod":94}],"Burning Blood":144,"TungstenRod":33},"card_choices":[{"not_picked":["Thunderclap","Twin Strike"],"picked":"Seeing Red","floor":1.0},{"not_picked":["Twin Strike","Intimidate"],"picked":"Heavy Blade","floor":2.0},{"not_picked":["Anger","Dual Wield"],"picked":"Pommel Strike","floor":5.0},{"not_picked":["Flex","Clothesline"],"picked":"Shrug It Off","floor":6.0},{"not_picked":["Seeing Red","Searing Blow"],"picked":"Sentinel","floor":8.0},{"not_picked":["Shrug It Off","Whirlwind"],"picked":"Inflame","floor":13.0},{"not_picked":["Bloodletting","Heavy Blade"],"picked":"Cleave","floor":14.0},{"not_picked":["Fiend Fire","Feed"],"picked":"Barricade","floor":16.0},{"not_picked":["Armaments","Warcry"],"picked":"Headbutt+1","floor":18.0},{"not_picked":["Pommel Strike","Shrug It Off+1"],"picked":"Spot Weakness","floor":19.0},{"not_picked":["Thunderclap+1","Cleave"],"picked":"Inflame+1","floor":22.0},{"not_picked":["Wild Strike+1","Armaments+1"],"picked":"Rampage","floor":27.0},{"not_picked":["Armaments","Cleave"],"picked":"Infernal Blade","floor":29.0},{"not_picked":["Intimidate","Havoc","Thunderclap+1"],"picked":"SKIP","floor":31.0},{"not_picked":["Immolate","Bludgeon"],"picked":"Impervious","floor":33.0},{"not_picked":["Warcry","Anger","Clash"],"picked":"SKIP","floor":35.0},{"not_picked":["Thunderclap+1","Dropkick"],"picked":"True Grit+1","floor":38.0},{"not_picked":["Sword Boomerang+1","Bloodletting+1"],"picked":"Heavy Blade+1","floor":41.0},{"not_picked":["Uppercut+1","Body Slam+1","Perfected Strike+1"],"picked":"SKIP","floor":42.0},{"not_picked":["Brutality","Reckless Charge+1","Battle Trance+1"],"picked":"SKIP","floor":44.0},{"not_picked":["Sadistic Nature","Swift Strike"],"picked":"Panacea+1","floor":47.0},{"not_picked":["Iron Wave+1","Perfected Strike+1"],"picked":"Metallicize+1","floor":48.0},{"not_picked":["Bloodletting+1","Intimidate+1"],"picked":"Flame Barrier+1","floor":53.0},{"not_picked":["Dropkick","Whirlwind"],"picked":"Infernal Blade+1","floor":53.0},{"not_picked":["Combust+1","Dropkick"],"picked":"Iron Wave+1","floor":53.0},{"not_picked":["Pommel Strike+1","Carnage+1"],"picked":"Rage+1","floor":53.0},{"not_picked":["Uppercut+1","Brutality","Cleave"],"picked":"SKIP","floor":54}],"player_experience":164112,"relics_obtained":[{"floor":6.0,"key":"Turnip"},{"floor":8.0,"key":"Kunai"},{"floor":26.0,"key":"Juzu Bracelet"},{"floor":36.0,"key":"Girya"},{"floor":38.0,"key":"TungstenRod"},{"floor":39.0,"key":"Toxic Egg 2"},{"floor":41.0,"key":"Ornamental Fan"},{"floor":43.0,"key":"Old Coin"},{"floor":54,"key":"Strawberry"}],"event_choices":[{"damage_healed":0.0,"max_hp_gain":5.0,"max_hp_loss":0.0,"gold_gain":0.0,"event_name":"Big Fish","player_choice":"Donut","floor":3.0,"gold_loss":0.0,"damage_taken":0.0},{"damage_healed":0.0,"max_hp_gain":0.0,"max_hp_loss":0.0,"gold_gain":75.0,"event_name":"World of Goop","player_choice":"Gather Gold","floor":4.0,"gold_loss":0.0,"damage_taken":11.0},{"damage_healed":0.0,"max_hp_gain":0.0,"max_hp_loss":0.0,"gold_gain":0.0,"event_name":"Back to Basics","player_choice":"Simplicity","floor":20.0,"gold_loss":0.0,"damage_taken":0.0,"cards_upgraded":["Strike_R","Strike_R","Strike_R","Strike_R","Defend_R","Defend_R","Defend_R","Defend_R"]},{"damage_healed":0.0,"max_hp_gain":0.0,"max_hp_loss":0.0,"gold_gain":0.0,"event_name":"MindBloom","player_choice":"Fight","floor":36.0,"gold_loss":0.0,"damage_taken":0.0},{"damage_healed":0.0,"max_hp_gain":0.0,"max_hp_loss":0.0,"gold_gain":0.0,"event_name":"Mysterious Sphere","player_choice":"Fight","floor":38.0,"gold_loss":0.0,"damage_taken":0.0},{"cards_removed":["Barricade"],"damage_healed":0.0,"max_hp_gain":0.0,"max_hp_loss":0.0,"gold_gain":0.0,"event_name":"Falling","player_choice":"Removed Power","floor":45.0,"gold_loss":0.0,"damage_taken":0.0},{"damage_healed":0.0,"max_hp_gain":0.0,"max_hp_loss":0.0,"gold_gain":0.0,"event_name":"SensoryStone","player_choice":"Memory 1","floor":47.0,"gold_loss":0.0,"damage_taken":0.0}],"is_beta":false,"boss_relics":[{"not_picked":["Runic Dome","Runic Pyramid"],"picked":"Philosopher\u0027s Stone"},{"not_picked":["Coffee Dripper","Runic Cube"],"picked":"Velvet Choker"}],"items_purged_floors":[11],"is_endless":false,"potions_floor_spawned":[6,8,14,16,22,29,38,48,54],"killed_by":"The Heart","ascension_level":0}}