{"host":"609l7sx3bs4zmbf1","time":1611872314,"event":{"mods":["AchievementEnabler","Aspiration","BaseMod","Bestiary","Better Altar","Better Match","Better Note","Better Sensory Stone","Better Skull","Better Third Choice","BetterRewards","Conspire","GifTheSpireLib","Hero for Fun","Hubris","Minty Spire (QoL Compilation)","Rare Cards Sparkle","Spicy Shops","StSLib","Stuff the Spire","The Blue Laboratory","Uncapped","Waifu the Spire"],"gold_per_floor":[109,109,89,108,122,156,173,173,173,173,102,102,131,147,147,245,245,261,536,536,461,472,571,12,37,37,68,268,48,61,80,80,80,80],"floor_reached":33,"language":"ENG","playtime":1871,"items_purged":["Injury"],"score":443,"play_id":"f57efe1b-532f-479a-90c4-f638db1274dd","local_time":"20210128161834","is_ascension_mode":false,"campfire_choices":[{"floor":8.0,"key":"REST"},{"floor":10.0,"key":"RECALL"},{"floor":15.0,"key":"REST"},{"floor":32,"key":"REST"}],"circlet_count":0,"master_deck":["Strike_B","Strike_B","Strike_B","Strike_B","Defend_B","Defend_B","Defend_B","Defend_B","Zap","Dualcast","Lockon","Thinking Ahead","Genetic Algorithm","Chaos","Barrage+1","Biased Cognition","Sunder+1","Ball Lightning+1","Rebound+1","Rebound+1","Machine Learning","Streamline+1","Regret","WheelKick+1","Auto Shields","Defragment","White Noise+1","Streamline+1","Streamline+1","Leap+1","Core Surge+1","Sweeping Beam+1","Echo Form","Turbo+1"],"relics":["Cracked Core","Sling","MealTicket","Molten Egg 2","conspire:TopHat","conspire:DeflatedDodgeball","hubris:Towel","hubris:AstralHammer","Toxic Egg 2","aspiration:Nostalgia","PureWater","aspiration:FetidBarrel","Dream Catcher","StuffTheSpire:BottledEssence"],"acts_visited":["Exordium","TheCity"],"potions_floor_usage":[31],"damage_taken":[{"damage":0.0,"enemies":"Small Slimes","floor":1.0,"turns":2.0},{"damage":6.0,"enemies":"Cultist","floor":4.0,"turns":3.0},{"damage":0.0,"enemies":"2 Louse","floor":5.0,"turns":1.0},{"damage":6.0,"enemies":"Gremlin Nob","floor":6.0,"turns":3.0},{"damage":16.0,"enemies":"Large Slime","floor":7.0,"turns":5.0},{"damage":21.0,"enemies":"3 Sentries","floor":13.0,"turns":4.0},{"damage":0.0,"enemies":"3 Louse","floor":14.0,"turns":3.0},{"damage":0.0,"enemies":"Slime Boss","floor":16.0,"turns":5.0},{"damage":26.0,"enemies":"Shell Parasite","floor":18.0,"turns":4.0},{"damage":18.0,"enemies":"3 Byrds","floor":22.0,"turns":4.0},{"damage":27.0,"enemies":"conspire:Head Lice","floor":25.0,"turns":3.0},{"damage":21.0,"enemies":"conspire:SneckoGhost","floor":27.0,"turns":6.0},{"damage":14.0,"enemies":"Centurion and Healer","floor":30.0,"turns":3.0},{"damage":13,"enemies":"3 Cultists","floor":31,"turns":5},{"damage":12,"enemies":"Automaton","floor":33,"turns":4}],"seed_played":"8145079656050346406","potions_obtained":[{"floor":1.0,"key":"Block Potion"},{"floor":3.0,"key":"Explosive Potion"},{"floor":5.0,"key":"AttackPotion"},{"floor":22.0,"key":"AttackPotion"},{"floor":27.0,"key":"Explosive Potion"},{"floor":30.0,"key":"blueLaboratory:PhilterOfMotion"}],"is_trial":false,"path_per_floor":["M","?","?","M","M","E","M","R","T","R","$","?","E","M","R","B",null,"M","?","?","$","M","?","$","E","T","E","?","$","M","M","R","B"],"character_chosen":"DEFECT","items_purchased":["Sling","MealTicket","Lockon","Ball Lightning+1","Toxic Egg 2","aspiration:Nostalgia","Defragment","White Noise+1","Streamline+1","StuffTheSpire:BottledEssence","Core Surge+1"],"campfire_rested":3,"item_purchase_floors":[0,0,0,11,24,24,24,24,24,29,29],"current_hp_per_floor":[60,60,60,54,54,48,32,54,54,54,69,69,48,48,70,70,75,49,49,49,64,46,46,61,34,34,13,13,28,14,1,23,11,11],"gold":80,"neow_bonus":"","is_daily":false,"chose_seed":false,"campfire_upgraded":0,"win_rate":0.0,"timestamp":1611872314,"path_taken":["M","?","?","?","M","E","M","R","T","R","$","?","E","M","R","BOSS","M","?","?","$","?","?","$","E","T","E","?","$","M","?","R","BOSS"],"items_purchased_type":["Relic","Relic","Card","Card","Relic","Relic","Card","Card","Card","Relic","Card"],"build_version":"2020-12-22","purchased_purges":1,"victory":false,"max_hp_per_floor":[75,75,75,75,75,75,75,75,75,75,75,75,75,75,75,75,75,75,75,75,75,75,75,75,75,75,75,75,75,75,75,75,75,75],"card_choices":[{"not_picked":["Skim","Rebound"],"picked":"Genetic Algorithm","floor":1.0},{"not_picked":["StuffTheSpire:Plugnplay","Chill"],"picked":"Chaos","floor":4.0},{"not_picked":["Cold Snap+1","Coolheaded"],"picked":"Barrage+1","floor":5.0},{"not_picked":["Leap","Turbo"],"picked":"Biased Cognition","floor":6.0},{"not_picked":["Go for the Eyes+1","Self Repair"],"picked":"Sunder+1","floor":7.0},{"not_picked":["FTL+1","Consume"],"picked":"Rebound+1","floor":13.0},{"not_picked":["Tempest","StuffTheSpire:ShieldGenerator"],"picked":"Rebound+1","floor":14.0},{"not_picked":["hubris:DoWhile","StuffTheSpire:Purify"],"picked":"Machine Learning","floor":16.0},{"not_picked":["Redo","StuffTheSpire:GlassShard+1"],"picked":"Streamline+1","floor":18.0},{"not_picked":["Undo","Reprogram"],"picked":"Auto Shields","floor":22.0},{"not_picked":["Go for the Eyes+1","Turbo+1"],"picked":"Streamline+1","floor":25.0},{"not_picked":["Gash+1","Go for the Eyes+1"],"picked":"Leap+1","floor":27.0},{"not_picked":["conspire:Rain+1","Redo+1"],"picked":"Sweeping Beam+1","floor":30.0},{"not_picked":["Leap+1","Aggregate+1"],"picked":"Echo Form","floor":31},{"not_picked":["Compile Driver+1","StuffTheSpire:Synthwave"],"picked":"Turbo+1","floor":32}],"player_experience":424241,"relics_obtained":[{"floor":6.0,"key":"conspire:TopHat"},{"floor":9.0,"key":"conspire:DeflatedDodgeball"},{"floor":13.0,"key":"hubris:AstralHammer"},{"floor":25.0,"key":"aspiration:FetidBarrel"},{"floor":27.0,"key":"Dream Catcher"}],"event_choices":[{"damage_healed":0.0,"max_hp_gain":0.0,"max_hp_loss":0.0,"gold_gain":0.0,"event_name":"The Woman in Blue","player_choice":"Bought 1 Potion","floor":3.0,"gold_loss":0.0,"damage_taken":0.0},{"damage_healed":0.0,"max_hp_gain":0.0,"max_hp_loss":0.0,"gold_gain":275.0,"event_name":"Golden Shrine","player_choice":"Desecrate","floor":19.0,"gold_loss":0.0,"damage_taken":0.0,"cards_obtained":["Regret"]},{"cards_removed":["Sunder"],"damage_healed":0.0,"max_hp_gain":0.0,"max_hp_loss":0.0,"gold_gain":0.0,"event_name":"betterNote:BetterNote","player_choice":"Take \u0026 Give","floor":20.0,"gold_loss":0.0,"damage_taken":0.0,"cards_obtained":["WheelKick"]},{"damage_healed":0.0,"max_hp_gain":0.0,"max_hp_loss":0.0,"gold_gain":99.0,"event_name":"betterThird:BetterNest","player_choice":"Steal","floor":23.0,"gold_loss":0.0,"damage_taken":0.0},{"damage_healed":0.0,"max_hp_gain":0.0,"max_hp_loss":0.0,"gold_gain":250.0,"event_name":"The Joust","player_choice":"Bet on Owner","floor":28.0,"gold_loss":50.0,"damage_taken":0.0}],"is_beta":false,"boss_relics":[{"not_picked":["StuffTheSpire:ModemDavis","Runic Dome","hubris:GrandSneckoEye"]}],"items_purged_floors":[21],"is_endless":false,"potions_floor_spawned":[1,5,22,27,30],"killed_by":"Automaton","ascension_level":0}}