{"host":"gobyjzz6xbwq9f9i","time":1611803249,"event":{"mods":["AchievementEnabler","BaseMod","Bestiary","Colored Map","Minty Spire (QoL Compilation)"],"gold_per_floor":[119,132,148,148,158,158,196,224,247,259,271,283,322,358,370,489,501,541,573,613,625,625],"floor_reached":21,"language":"ENG","playtime":942,"items_purged":[],"score":290,"play_id":"8f835e54-0dda-40d7-9e05-0529e5d5b7bd","local_time":"20210127190729","is_ascension_mode":true,"campfire_choices":[{"data":"Scrape","floor":6.0,"key":"SMITH"},{"floor":10,"key":"REST"},{"data":"Reprogram","floor":12,"key":"SMITH"},{"data":"Gash","floor":15,"key":"SMITH"}],"circlet_count":0,"master_deck":["AscendersBane","Strike_B","Strike_B","Strike_B","Strike_B","Defend_B","Defend_B","Defend_B","Defend_B","Zap+1","Dualcast","Go for the Eyes","Scrape+1","Go for the Eyes","Turbo","Reprogram+1","Coolheaded","Gash+1","Echo Form","Fusion","Gash+1","Undo"],"relics":["Cracked Core","CeramicFish","MawBank","Nunchaku","Philosopher\u0027s Stone"],"acts_visited":["Exordium","TheCity"],"potions_floor_usage":[13,16,16,20,20],"damage_taken":[{"damage":1.0,"enemies":"2 Louse","floor":1.0,"turns":2.0},{"damage":8.0,"enemies":"Small Slimes","floor":2.0,"turns":5.0},{"damage":0.0,"enemies":"Cultist","floor":3.0,"turns":3.0},{"damage":14.0,"enemies":"Lots of Slimes","floor":5.0,"turns":5.0},{"damage":29.0,"enemies":"Gremlin Nob","floor":7.0,"turns":4.0},{"damage":19,"enemies":"Large Slime","floor":8,"turns":6},{"damage":16,"enemies":"Lagavulin","floor":13,"turns":7},{"damage":1,"enemies":"Looter","floor":14,"turns":3},{"damage":27,"enemies":"The Guardian","floor":16,"turns":10},{"damage":20,"enemies":"Shell Parasite","floor":18,"turns":6},{"damage":30,"enemies":"Spheric Guardian","floor":19,"turns":4},{"damage":14,"enemies":"Cultist and Chosen","floor":20,"turns":6},{"damage":7,"enemies":"Snake Plant","floor":21,"turns":2}],"seed_played":"-3443394105631916297","potions_obtained":[{"floor":5.0,"key":"Swift Potion"},{"floor":7,"key":"Fire Potion"},{"floor":8,"key":"AttackPotion"},{"floor":13,"key":"PowerPotion"},{"floor":18,"key":"SneckoOil"},{"floor":20,"key":"SteroidPotion"}],"is_trial":false,"path_per_floor":["M","M","M","?","M","R","E","M","T","R","?","R","E","M","R","B",null,"M","M","M","M"],"character_chosen":"DEFECT","items_purchased":[],"campfire_rested":1,"item_purchase_floors":[],"current_hp_per_floor":[74,66,66,66,52,52,23,4,4,28,82,82,66,65,65,38,71,51,21,7,0,0],"gold":625,"neow_bonus":"TEN_PERCENT_HP_BONUS","is_daily":false,"chose_seed":false,"campfire_upgraded":3,"win_rate":0.0,"timestamp":1611803249,"path_taken":["M","M","M","?","M","R","E","M","T","R","?","R","E","M","R","BOSS","M","M","?","M"],"items_purchased_type":[],"build_version":"2020-12-22","purchased_purges":0,"victory":false,"max_hp_per_floor":[82,82,82,82,82,82,82,82,82,82,82,82,82,82,82,82,82,82,82,82,82,82],"card_choices":[{"not_picked":["Hologram","Recycle"],"picked":"Go for the Eyes","floor":1.0},{"not_picked":["Streamline","Leap"],"picked":"Scrape","floor":2.0},{"not_picked":["Doom and Gloom","Genetic Algorithm"],"picked":"Go for the Eyes","floor":3.0},{"not_picked":["Streamline","Lockon"],"picked":"Turbo","floor":5.0},{"not_picked":["Compile Driver","Leap"],"picked":"Reprogram","floor":7},{"not_picked":["Chaos","Cold Snap"],"picked":"Coolheaded","floor":8},{"not_picked":["Melter","Static Discharge","Lockon"],"picked":"SKIP","floor":13},{"not_picked":["Stack","Redo"],"picked":"Gash","floor":14},{"not_picked":["Meteor Strike","Hyperbeam"],"picked":"Echo Form","floor":16},{"not_picked":["Cold Snap","Go for the Eyes"],"picked":"Fusion","floor":18},{"not_picked":["Rip and Tear+1","Capacitor"],"picked":"Gash+1","floor":19},{"not_picked":["Loop","Stack"],"picked":"Undo","floor":20}],"player_experience":1186989,"relics_obtained":[{"floor":7,"key":"CeramicFish"},{"floor":9,"key":"MawBank"},{"floor":13,"key":"Nunchaku"}],"event_choices":[{"damage_healed":0.0,"max_hp_gain":0.0,"max_hp_loss":0.0,"gold_gain":0.0,"event_name":"Living Wall","player_choice":"Grow","floor":4.0,"gold_loss":0.0,"damage_taken":0.0,"cards_upgraded":["Zap"]},{"damage_healed":54,"gold_gain":0,"player_choice":"Full Heal","damage_taken":0,"max_hp_gain":0,"max_hp_loss":0,"event_name":"Wheel of Change","floor":11,"gold_loss":0}],"is_beta":false,"boss_relics":[{"not_picked":["Runic Pyramid","SlaversCollar"],"picked":"Philosopher\u0027s Stone"}],"items_purged_floors":[],"is_endless":false,"potions_floor_spawned":[5,7,8,13,14,18,20],"killed_by":"Snake Plant","ascension_level":10}}