{"host":"58njlu7hme3ojrlz","time":1611795636,"event":{"mods":["AchievementEnabler","Act Like it!","Arknights The Spire","BaseMod","Block Reminder","Colored Map","Colored Powertips","DeckTracker","Downfall","Gensokyo","Hallownest","Highlight Path","Infinite Spire","Marisa????????","Minty Spire (QoL Compilation)","Relic Sorter","Replay The Spire","StSLib","The Alterego","The Bug Knight","The Servant 0.9.4","The Wild Card"],"gold_per_floor":[109,129,146,146,146,171,171,201,226,238,238,251,251,267,267,363,363,373,373,373,373,150,150,161,161,185,185,219,219,230,55,55,55,55],"floor_reached":33,"language":"ENG","playtime":4655,"items_purged":["downfall:Bewildered","Strike_S","Strike_S"],"score":273,"play_id":"0d1118c5-2e05-405d-93f1-13a79f02caab","local_time":"20210128080036","is_ascension_mode":false,"campfire_choices":[{"floor":7,"key":"REST"},{"floor":11,"key":"REST"},{"floor":13,"key":"REST"},{"data":"FlawlessForm","floor":23,"key":"SMITH"},{"floor":27,"key":"REST"},{"floor":29,"key":"REST"},{"floor":32,"key":"REST"}],"circlet_count":0,"master_deck":["Strike_S","Strike_S","Defend_S","Defend_S","Defend_S","Defend_S","KidneyShot","Exchange","Snipe+1","Spin","BottledTime","FanOfKnives+1","Revamp","StarChef","BottledTime","Snipe","FlawlessForm+1","Unruled","Rearm","Starlight","Alleviate","ShatteredReality"],"relics":["Uniform","Pen Nib","Pet Ghost","sneckomod:BlankCard","Simple Rune","Replay:Bronze Core","sneckomod:BabySnecko","alterego_mod:SomeoneToFightFor","infinitespire:Lucky Rock","MutagenicStrength","Slimebound:StickyStick","Lantern"],"acts_visited":["Exordium","TheCity"],"potions_floor_usage":[6,16,28,30,33,33],"damage_taken":[{"damage":10,"enemies":"Cultist","floor":1,"turns":6},{"damage":3,"enemies":"2 Louse","floor":2,"turns":4},{"damage":1,"enemies":"Jaw Worm","floor":3,"turns":2},{"damage":17,"enemies":"3 Sentries","floor":6,"turns":6},{"damage":24,"enemies":"Gremlin Nob","floor":8,"turns":4},{"damage":7,"enemies":"Gremlin Gang","floor":10,"turns":5},{"damage":2,"enemies":"Looter","floor":12,"turns":4},{"damage":9,"enemies":"Blue Slaver","floor":14,"turns":2},{"damage":31,"enemies":"Fading Forest","floor":16,"turns":11},{"damage":16,"enemies":"2 Thieves","floor":18,"turns":4},{"damage":41,"enemies":"Spheric Guardian","floor":24,"turns":6},{"damage":29,"enemies":"Nightmare","floor":28,"turns":6},{"damage":20,"enemies":"Cultist and Chosen","floor":30,"turns":9},{"damage":57,"enemies":"Automaton","floor":33,"turns":6}],"seed_played":"3677736144808708678","potions_obtained":[{"floor":1,"key":"Swift Potion"},{"floor":6,"key":"Energy Potion"},{"floor":8,"key":"SteroidPotion"},{"floor":12,"key":"LiquidMemories"},{"floor":24,"key":"Explosive Potion"},{"floor":28,"key":"sneckomod:MuddlingPotion"}],"is_trial":false,"path_per_floor":["M","M","M","?","?","E","R","E","T","M","R","M","R","M","R_BF","B",null,"M","?","?","AVR","$","R","M","?","T","R","NM","R","M","$","R","B"],"character_chosen":"THE_SERVANT","items_purchased":["Pen Nib","Alleviate","ShatteredReality"],"campfire_rested":6,"item_purchase_floors":[22,31,31],"current_hp_per_floor":[60,57,56,56,42,25,46,22,22,15,36,34,55,46,67,46,70,54,54,54,54,54,54,13,13,13,34,5,26,6,6,27,0,0],"gold":55,"neow_bonus":"RANDOM_EVENT","is_daily":false,"chose_seed":false,"campfire_upgraded":1,"win_rate":0.0,"timestamp":1611795636,"path_taken":["M","M","?","?","?","E","R","E","T","M","R","M","R","M","R_BF","BOSS","M","?","?","AVR","?","R","?","?","T","R","NM","R","M","$","R","BOSS"],"items_purchased_type":["Relic","Card","Card"],"build_version":"2020-12-22","purchased_purges":3,"victory":false,"max_hp_per_floor":[70,70,70,70,70,70,70,70,70,70,70,70,70,70,70,70,70,70,70,70,70,70,70,70,70,70,70,70,70,70,70,70,70,70],"card_choices":[{"not_picked":["WasteNot","Shuttle"],"picked":"Snipe","floor":1},{"not_picked":["Desolation","Unruled"],"picked":"Spin","floor":2},{"not_picked":["Defy","StarChef"],"picked":"BottledTime","floor":3},{"not_picked":["BottledTime","Duplication"],"picked":"FanOfKnives","floor":6},{"not_picked":["FloweringNight","ReturningBlade"],"picked":"Revamp","floor":8},{"not_picked":["FanOfKnives","Replace"],"picked":"StarChef","floor":10},{"not_picked":["Defy","Revamp"],"picked":"BottledTime","floor":12},{"not_picked":["DoubleEdge","Defy"],"picked":"Snipe","floor":14},{"not_picked":["FloweringNight","Deny"],"picked":"FlawlessForm","floor":16},{"not_picked":["Shuttle","Rearm"],"picked":"Unruled","floor":18},{"not_picked":["ShiftingGears","Spin"],"picked":"Rearm","floor":24},{"not_picked":["FanOfKnives","Revamp","Potential"],"picked":"SKIP","floor":28},{"not_picked":["BottledTime","FanOfKnives"],"picked":"Starlight","floor":30}],"player_experience":120697,"relics_obtained":[{"floor":6,"key":"Pet Ghost"},{"floor":8,"key":"sneckomod:BlankCard"},{"floor":9,"key":"Simple Rune"},{"floor":26,"key":"Slimebound:StickyStick"},{"floor":28,"key":"Lantern"}],"event_choices":[{"damage_healed":0,"gold_gain":0,"player_choice":"Donut","damage_taken":0,"max_hp_gain":5,"max_hp_loss":0,"event_name":"Big Fish","floor":0,"gold_loss":0},{"damage_healed":0,"gold_gain":0,"player_choice":"Entered Light","damage_taken":14,"max_hp_gain":0,"max_hp_loss":0,"event_name":"Shining Light","floor":5,"gold_loss":0,"cards_upgraded":["Defend_S","Defend_S"]},{"damage_healed":0,"gold_gain":0,"player_choice":"Choice 2","damage_taken":0,"relics_obtained":["alterego_mod:SomeoneToFightFor"],"max_hp_gain":0,"max_hp_loss":0,"event_name":"Secret Garden","floor":20,"gold_loss":0},{"damage_healed":0,"gold_gain":0,"player_choice":"Inject Mutagens","damage_taken":0,"relics_obtained":["MutagenicStrength"],"max_hp_gain":0,"max_hp_loss":0,"event_name":"Drug Dealer","floor":25,"gold_loss":0}],"is_beta":false,"boss_relics":[{"not_picked":["Cursed Key","Fusion Hammer"],"picked":"Replay:Bronze Core"}],"items_purged_floors":[21,22,31],"is_endless":true,"potions_floor_spawned":[1,6,8,12,24,28],"killed_by":"Automaton","ascension_level":0}}