{"host":"Tylorde","time":1611804610,"event":{"mods":["BaseMod","Minty Spire (QoL Compilation)","Weighted Paths"],"gold_per_floor":[109,59,59,59,73,106,106,117,117,117,117,130,130,144,144,240,240,257,268,238,248,264,264,264,264],"floor_reached":24,"language":"ENG","playtime":1587,"items_purged":[],"score":346,"play_id":"ca8312b2-634d-4871-a608-163b50498a6e","local_time":"20210127193010","is_ascension_mode":true,"campfire_choices":[{"data":"Dash","floor":7,"key":"SMITH"},{"data":"Cloak And Dagger","floor":10,"key":"SMITH"},{"data":"Survivor","floor":13,"key":"SMITH"},{"data":"Infinite Blades","floor":15,"key":"SMITH"},{"data":"Prepared","floor":23,"key":"SMITH"}],"circlet_count":0,"master_deck":["AscendersBane","Survivor+1","Neutralize+1","Terror+1","Decay","Dash+1","Cloak And Dagger+1","Caltrops","Flying Knee","Infinite Blades+1","A Thousand Cuts","Prepared+1","Leg Sweep","Envenom","Prepared","A Thousand Cuts","Bane","Setup","Burst","Skewer","Cloak And Dagger+1","Flying Knee"],"relics":["Ring of the Snake","NeowsBlessing","Shuriken","Omamori","Bottled Lightning","Pandora\u0027s Box"],"acts_visited":["TheCity"],"potions_floor_usage":[14,16,21,24],"damage_taken":[{"damage":0,"enemies":"2 Louse","floor":1,"turns":1},{"damage":0,"enemies":"Jaw Worm","floor":5,"turns":1},{"damage":0,"enemies":"Gremlin Nob","floor":6,"turns":1},{"damage":0,"enemies":"Small Slimes","floor":8,"turns":3},{"damage":5,"enemies":"Red Slaver","floor":12,"turns":4},{"damage":5,"enemies":"Exordium Thugs","floor":14,"turns":4},{"damage":16,"enemies":"Slime Boss","floor":16,"turns":7},{"damage":1,"enemies":"Chosen","floor":18,"turns":5},{"damage":22,"enemies":"Spheric Guardian","floor":19,"turns":4},{"damage":4,"enemies":"Snecko","floor":21,"turns":5},{"damage":3,"enemies":"Centurion and Healer","floor":22,"turns":7},{"damage":36,"enemies":"Slavers","floor":24,"turns":5}],"seed_played":"7035777882755532572","potions_obtained":[{"floor":1,"key":"Fruit Juice"},{"floor":5,"key":"LiquidMemories"},{"floor":14,"key":"Ancient Potion"},{"floor":19,"key":"SteroidPotion"},{"floor":20,"key":"Block Potion"}],"is_trial":false,"path_per_floor":["M","?","?","?","M","E","R","M","T","R","T","M","R","M","R","B",null,"M","M","?","M","M","R","E"],"character_chosen":"THE_SILENT","items_purchased":[],"campfire_rested":0,"item_purchase_floors":[],"current_hp_per_floor":[63,63,49,49,49,49,49,49,49,49,49,44,44,44,44,28,63,62,40,40,36,33,33,0,0],"gold":264,"neow_bonus":"THREE_ENEMY_KILL","is_daily":false,"chose_seed":false,"campfire_upgraded":5,"win_rate":0.0,"timestamp":1611804610,"path_taken":["M","?","?","?","?","E","R","M","T","R","?","M","R","M","R","BOSS","M","M","?","?","M","R","E"],"items_purchased_type":[],"build_version":"2020-12-18","purchased_purges":0,"victory":false,"max_hp_per_floor":[70,70,70,70,70,70,70,70,70,70,70,70,70,75,75,75,75,75,75,75,75,75,75,75,75],"card_choices":[{"not_picked":["Flechettes","PiercingWail"],"picked":"Terror","floor":1},{"not_picked":["Blur","Sucker Punch"],"picked":"Dash","floor":5},{"not_picked":["Deflect","PiercingWail"],"picked":"Cloak And Dagger","floor":6},{"not_picked":["Dash","Tactician"],"picked":"Caltrops","floor":8},{"not_picked":["Acrobatics","Dodge and Roll"],"picked":"Flying Knee","floor":12},{"not_picked":["Outmaneuver","Bouncing Flask"],"picked":"Infinite Blades","floor":14},{"not_picked":["Glass Knife","Die Die Die"],"picked":"A Thousand Cuts","floor":16},{"not_picked":["Sucker Punch","Dagger Spray","Dagger Throw+1"],"picked":"SKIP","floor":18},{"not_picked":["Noxious Fumes","Bane"],"picked":"Cloak And Dagger+1","floor":19},{"not_picked":["Prepared","Quick Slash","Dagger Throw"],"picked":"SKIP","floor":21},{"not_picked":["Deadly Poison","Infinite Blades"],"picked":"Flying Knee","floor":22}],"player_experience":851198,"relics_obtained":[{"floor":6,"key":"Shuriken"},{"floor":9,"key":"Omamori"},{"floor":11,"key":"Bottled Lightning"}],"event_choices":[{"cards_removed":["Strike_G"],"damage_healed":0,"gold_gain":0,"player_choice":"Card Removal","damage_taken":0,"max_hp_gain":0,"max_hp_loss":0,"event_name":"The Cleric","floor":2,"gold_loss":50},{"damage_healed":0,"gold_gain":0,"player_choice":"Entered Light","damage_taken":14,"max_hp_gain":0,"max_hp_loss":0,"event_name":"Shining Light","floor":3,"gold_loss":0,"cards_upgraded":["Terror","Neutralize"]},{"damage_healed":0,"gold_gain":0,"player_choice":"Cursed","damage_taken":0,"max_hp_gain":0,"max_hp_loss":0,"event_name":"Wheel of Change","floor":4,"gold_loss":0,"cards_obtained":["Decay"]},{"damage_healed":0,"gold_gain":0,"player_choice":"Bought 2 Potions","damage_taken":0,"max_hp_gain":0,"max_hp_loss":0,"event_name":"The Woman in Blue","floor":20,"gold_loss":0}],"is_beta":true,"boss_relics":[{"not_picked":["Coffee Dripper","Sozu"],"picked":"Pandora\u0027s Box"}],"items_purged_floors":[],"is_endless":false,"potions_floor_spawned":[1,5,14,19],"killed_by":"Slavers","ascension_level":11}}