{"host":"oz4ht6ec7xzo36kd","time":1611849969,"event":{"mods":["Act Like it!","BaseMod","Friendly Minions","Marisa¡]Ãú«B¡@Å]²z¨F¡^","Minty Spire (QoL Compilation)","Remilia¡]Á¢¦Ì²ú?¡^","StSLib","The Marked","The Servant 0.9.4","WarShipGirlsR/??¤Ö¤kR mod","Youmu¡]»î¾z§¯?¡^"],"gold_per_floor":[119,119,119,134,152,152,170,184,184,184,134,146,166,201,201,299,299,313,238,238,258,278,307,307,338,383,383,399,399,399],"floor_reached":29,"language":"ZHT","playtime":1091,"items_purged":[],"score":317,"play_id":"ee919bdc-ad9c-4883-90dd-80f105a54adf","local_time":"20210129000609","is_ascension_mode":false,"campfire_choices":[{"floor":6,"key":"RECALL"},{"data":"theMarked:Seal","floor":10,"key":"SMITH"},{"data":"theMarked:EmpowerWeapon","floor":15,"key":"SMITH"},{"data":"theMarked:Reabsorb","floor":24,"key":"SMITH"},{"data":"theMarked:RogueSparks","floor":27,"key":"SMITH"}],"circlet_count":0,"master_deck":["theMarked:Strike","theMarked:Strike","theMarked:Defend","theMarked:Defend","theMarked:Defend","theMarked:SoldierOfQuellstein+1","theMarked:ResourceFulStrike","theMarked:SelfDefenseTraining","theMarked:EmpowerWeapon+1","theMarked:Overcharge","theMarked:Seal+1","theMarked:SuspiciousRaven","theMarked:Heritage","theMarked:Reabsorb+1","theMarked:ThrowWeapon","theMarked:Panic+1","theMarked:TheMission+1","theMarked:Improvise+1","theMarked:Reabsorb","theMarked:BanishingStrike","theMarked:Memento","theMarked:RogueSparks+1","theMarked:ChainLightning"],"relics":["theMarked:ArtifactOfAir","NeowsBlessing","Akabeko","Sundial","Astrolabe","Dead Branch","Pen Nib","Anchor"],"acts_visited":["Exordium","TheCity"],"potions_floor_usage":[14,16,16,16,21,23,23,25],"damage_taken":[{"damage":0,"enemies":"Small Slimes","floor":1,"turns":1},{"damage":0,"enemies":"Cultist","floor":4,"turns":1},{"damage":0,"enemies":"Jaw Worm","floor":5,"turns":1},{"damage":6,"enemies":"3 Louse","floor":7,"turns":2},{"damage":3,"enemies":"Red Slaver","floor":8,"turns":2},{"damage":3,"enemies":"Exordium Wildlife","floor":12,"turns":3},{"damage":5,"enemies":"Looter","floor":13,"turns":3},{"damage":3,"enemies":"Lagavulin","floor":14,"turns":5},{"damage":9,"enemies":"Slime Boss","floor":16,"turns":8},{"damage":8,"enemies":"Spheric Guardian","floor":18,"turns":3},{"damage":16,"enemies":"2 Thieves","floor":21,"turns":5},{"damage":30,"enemies":"Snake Plant","floor":22,"turns":4},{"damage":0,"enemies":"Gremlin Leader","floor":23,"turns":3},{"damage":0,"enemies":"Book of Stabbing","floor":25,"turns":1},{"damage":0,"enemies":"Sentry and Sphere","floor":28,"turns":3},{"damage":23,"enemies":"Shelled Parasite and Fungi","floor":29,"turns":3}],"seed_played":"5439744827995871185","potions_obtained":[{"floor":1,"key":"Swift Potion"},{"floor":7,"key":"DuplicationPotion"},{"floor":8,"key":"Swift Potion"},{"floor":14,"key":"BlessingOfTheForge"},{"floor":18,"key":"SpeedPotion"},{"floor":20,"key":"Energy Potion"},{"floor":20,"key":"AttackPotion"},{"floor":20,"key":"Weak Potion"},{"floor":21,"key":"FearPotion"},{"floor":23,"key":"SpeedPotion"},{"floor":28,"key":"PowerPotion"}],"is_trial":false,"path_per_floor":["M","?","?","M","M","R","M","M","T","R","?","M","M","E","R","B",null,"M","?","?","M","M","E","R","E","T","R","M","M"],"character_chosen":"THE_DEFAULT","items_purchased":[],"campfire_rested":0,"item_purchase_floors":[],"current_hp_per_floor":[70,70,70,70,70,70,64,61,61,61,61,58,53,50,50,41,70,62,62,62,46,16,16,16,16,16,16,16,0,0],"gold":399,"neow_bonus":"THREE_ENEMY_KILL","is_daily":false,"chose_seed":false,"campfire_upgraded":4,"win_rate":0.0,"timestamp":1611849969,"path_taken":["M","?","?","?","M","R","M","M","T","R","?","M","M","E","R","BOSS","M","?","?","?","M","E","R","E","T","R","M","M"],"items_purchased_type":[],"build_version":"2020-12-22","purchased_purges":0,"victory":false,"max_hp_per_floor":[70,70,70,70,70,70,70,70,70,70,70,70,70,70,70,70,70,70,70,70,70,70,70,70,70,70,70,70,70,70],"card_choices":[{"not_picked":["theMarked:Static","theMarked:TakeCover"],"picked":"theMarked:ResourceFulStrike","floor":1},{"not_picked":["theMarked:RepellingDischarge","theMarked:TakeCover"],"picked":"theMarked:SelfDefenseTraining","floor":4},{"not_picked":["theMarked:Memento","theMarked:Aftermath"],"picked":"theMarked:EmpowerWeapon","floor":5},{"not_picked":["theMarked:Overthink","theMarked:Pokerface"],"picked":"theMarked:Overcharge","floor":7},{"not_picked":["theMarked:WardOff","theMarked:RepellingDischarge"],"picked":"theMarked:Seal","floor":8},{"not_picked":["theMarked:TwofoldDefense","theMarked:Parkour"],"picked":"theMarked:SuspiciousRaven","floor":12},{"not_picked":["theMarked:RepellingDischarge","theMarked:HeightenedSenses"],"picked":"theMarked:Heritage","floor":13},{"not_picked":["theMarked:ChannelForce","theMarked:WardOff"],"picked":"theMarked:Reabsorb","floor":14},{"not_picked":["theMarked:Levitate","theMarked:TurnInvisible"],"picked":"theMarked:ThrowWeapon","floor":16},{"not_picked":["theMarked:Generate","theMarked:Panic"],"picked":"theMarked:Reabsorb","floor":18},{"not_picked":["theMarked:ResourceFulStrike","theMarked:Parkour"],"picked":"theMarked:BanishingStrike","floor":21},{"not_picked":["theMarked:Heritage+1","theMarked:Frustration"],"picked":"theMarked:Memento","floor":22},{"not_picked":["theMarked:RepellingDischarge","theMarked:SwordAndMagic"],"picked":"theMarked:RogueSparks","floor":23},{"not_picked":["theMarked:TwofoldDefense","theMarked:Overcharge"],"picked":"theMarked:ChainLightning","floor":25},{"not_picked":["theMarked:EmpowerWeapon","theMarked:Friction+1","theMarked:RepellingDischarge"],"picked":"SKIP","floor":28}],"player_experience":409073,"relics_obtained":[{"floor":14,"key":"Sundial"},{"floor":23,"key":"Dead Branch"},{"floor":25,"key":"Pen Nib"},{"floor":26,"key":"Anchor"}],"event_choices":[{"damage_healed":0,"gold_gain":0,"player_choice":"Box","damage_taken":0,"relics_obtained":["Akabeko"],"max_hp_gain":0,"max_hp_loss":0,"event_name":"Big Fish","floor":2,"gold_loss":0,"cards_obtained":["Regret"]},{"damage_healed":0,"gold_gain":0,"player_choice":"Upgraded","damage_taken":0,"max_hp_gain":0,"max_hp_loss":0,"event_name":"Upgrade Shrine","floor":3,"gold_loss":0,"cards_upgraded":["theMarked:SoldierOfQuellstein"]},{"cards_removed":["Regret"],"damage_healed":0,"gold_gain":0,"player_choice":"Card Removal","damage_taken":0,"max_hp_gain":0,"max_hp_loss":0,"event_name":"The Cleric","floor":11,"gold_loss":50},{"cards_removed":["theMarked:Defend"],"damage_healed":0,"gold_gain":0,"player_choice":"Gave Gold","damage_taken":0,"max_hp_gain":0,"max_hp_loss":0,"event_name":"Beggar","floor":19,"gold_loss":75},{"damage_healed":0,"gold_gain":0,"player_choice":"Got Potions","damage_taken":0,"max_hp_gain":0,"max_hp_loss":0,"event_name":"Lab","floor":20,"gold_loss":0}],"is_beta":false,"boss_relics":[{"not_picked":["SacredBark","Calling Bell"],"picked":"Astrolabe"}],"items_purged_floors":[],"is_endless":false,"potions_floor_spawned":[1,7,8,14,18,21,23,28],"killed_by":"Shelled Parasite and Fungi","ascension_level":0}}