{"host":"7k2a2omxz3voj5ax","time":1611849023,"event":{"mods":["BaseMod","Marisa£¨ìFÓê¡¡Ä§ÀíÉ³£©","Minty Spire (QoL Compilation)","Quick Restart","Spicy Shops","StSLib","Starting Relic: Pandora\u0027s Box","Yakumo Yukari mod","¡¾ÒÅÎï¿¨ÅÆ¡¿REMEMod","óô»ðÖ¸ÄÏ"],"gold_per_floor":[12,30,44,44,58,58,89,103,132,58,103,103,117,117,117,136,136,136,240,290,305,320,320,352,129,154,168,168,192,192,225,225,244,97,116,116,215,215,229,229,242,262,15,32,63,63,95,115,139,139,159,159,159,170,170,170,170,170,19,44,44],"floor_reached":62,"language":"ZHS","playtime":2227,"items_purged":["DC","UpSweep"],"score":1550,"play_id":"3f59dd3b-e680-499e-9a37-1d5c2bfa63f6","local_time":"20210129005023","is_ascension_mode":true,"campfire_choices":[{"data":"SuperNova","floor":6.0,"key":"SMITH"},{"data":"MysteriousBeam","floor":12.0,"key":"SMITH"},{"data":"UltimateShortwave","floor":15.0,"key":"SMITH"},{"data":"Singularity","floor":17.0,"key":"SMITH"},{"data":"GasGiant","floor":18.0,"key":"SMITH"},{"data":"SuperNova","floor":32.0,"key":"SMITH"},{"data":"EscapeVelocity","floor":36.0,"key":"SMITH"},{"data":"GasGiant","floor":46.0,"key":"SMITH"},{"floor":50,"key":"REST"},{"floor":53,"key":"RECALL"},{"floor":55,"key":"DIG"},{"floor":58,"key":"DIG"}],"circlet_count":0,"master_deck":["MysteriousBeam+1","MeteoricShower+1","WitchLeyline+1","SporeBomb+1","GasGiant+1","DragonMeteor+1","SuperNova+1","REME_EmptyShield+1","GasGiant+1","Singularity+1","GasGiant+1","UltimateShortwave+1","EscapeVelocity+1","SuperNova+1","SuperPerseids+1","GasGiant+1"],"relics":["MiniHakkero","REME_ComplimentaryCards","Bronze Scales","Lantern","MealTicket","Tiny House","Red Mask","Medical Kit","BreadOfAWashokuLover","Blood Vial","Toy Ornithopter","Orrery","RampagingMagicTools","Chemical X","Shovel","Prayer Wheel","Bag of Marbles","Anchor","Bottled Tornado","Unceasing Top"],"acts_visited":["Exordium","TheCity","TheBeyond","TheEnding"],"potions_floor_usage":[52,52,61,61],"damage_taken":[{"damage":0.0,"enemies":"2 Louse","floor":1.0,"turns":1.0},{"damage":0.0,"enemies":"Jaw Worm","floor":2.0,"turns":2.0},{"damage":7.0,"enemies":"Small Slimes","floor":3.0,"turns":3.0},{"damage":12.0,"enemies":"Blue Slaver","floor":5.0,"turns":3.0},{"damage":16.0,"enemies":"Gremlin Nob","floor":7.0,"turns":3.0},{"damage":3.0,"enemies":"Lots of Slimes","floor":8.0,"turns":2.0},{"damage":0.0,"enemies":"3 Sentries","floor":9.0,"turns":5.0},{"damage":0.0,"enemies":"Looter","floor":13.0,"turns":2.0},{"damage":0.0,"enemies":"3 Louse","floor":16.0,"turns":2.0},{"damage":0.0,"enemies":"Slime Boss","floor":19.0,"turns":5.0},{"damage":1.0,"enemies":"Chosen","floor":21.0,"turns":4.0},{"damage":6.0,"enemies":"2 Thieves","floor":22.0,"turns":3.0},{"damage":0.0,"enemies":"Masked Bandits","floor":24.0,"turns":3.0},{"damage":12.0,"enemies":"Book of Stabbing","floor":26.0,"turns":3.0},{"damage":21.0,"enemies":"Snake Plant","floor":27.0,"turns":3.0},{"damage":40.0,"enemies":"Gremlin Leader","floor":31.0,"turns":4.0},{"damage":0.0,"enemies":"Centurion and Healer","floor":33.0,"turns":3.0},{"damage":2.0,"enemies":"Chosen and Byrds","floor":35.0,"turns":5.0},{"damage":0.0,"enemies":"Champ","floor":37.0,"turns":4.0},{"damage":0.0,"enemies":"3 Shapes","floor":39.0,"turns":7.0},{"damage":0.0,"enemies":"Orb Walker","floor":41.0,"turns":3.0},{"damage":9.0,"enemies":"3 Darklings","floor":42.0,"turns":4.0},{"damage":48.0,"enemies":"4 Shapes","floor":44.0,"turns":5.0},{"damage":0.0,"enemies":"Giant Head","floor":45.0,"turns":4.0},{"damage":25.0,"enemies":"Reptomancer","floor":47.0,"turns":3.0},{"damage":33,"enemies":"Spire Growth","floor":48,"turns":3},{"damage":0,"enemies":"Maw","floor":51,"turns":4},{"damage":0,"enemies":"Maw","floor":52,"turns":5},{"damage":0,"enemies":"Transient","floor":54,"turns":4},{"damage":30,"enemies":"Time Eater","floor":56,"turns":7},{"damage":28,"enemies":"Shield and Spear","floor":60,"turns":4},{"damage":72,"enemies":"The Heart","floor":61,"turns":5}],"seed_played":"7933043131006932649","potions_obtained":[{"floor":1.0,"key":"FearPotion"},{"floor":5.0,"key":"SpeedPotion"},{"floor":8.0,"key":"BottledSpark"},{"floor":9.0,"key":"PowerPotion"},{"floor":20.0,"key":"CultistPotion"},{"floor":24.0,"key":"DistilledChaos"},{"floor":51,"key":"DistilledChaos"},{"floor":60,"key":"DuplicationPotion"}],"is_trial":false,"path_per_floor":["M","M","M","$","M","R","E","M","E","R","T","R","M","?","R","M","R","R","B",null,"M","M","?","?","$","E","M","?","T","?","E","R","M","$","M","R","B",null,"M","?","M","M","$","M","E","R","E","M","T","R","M","?","R","M","R","B",null,"R","$","E","B",null],"character_chosen":"MARISA","items_purchased":["MealTicket","Medical Kit","Orrery","Chemical X","Swift Potion","DuplicationPotion"],"campfire_rested":1,"item_purchase_floors":[10,25,34,43,59,59],"current_hp_per_floor":[75,75,68,68,56,56,40,37,37,37,37,37,37,30,30,30,30,30,30,80,79,73,73,73,80,68,50,50,50,50,16,16,35,50,50,50,52,93,93,93,93,84,93,45,47,47,34,3,3,30,32,93,93,93,93,63,93,93,93,65,5],"gold":44,"neow_bonus":"THREE_RARE_CARDS","is_daily":false,"chose_seed":false,"campfire_upgraded":8,"win_rate":0.0,"timestamp":1611849023,"path_taken":["M","M","M","$","M","R","E","M","E","R","T","R","M","?","R","M","R","R","BOSS","M","M","?","?","$","E","M","?","T","?","E","R","M","$","M","R","BOSS","M","?","?","M","$","M","E","R","E","M","T","R","M","?","R","M","R","BOSS","R","$","E","BOSS"],"items_purchased_type":["Relic","Relic","Relic","Relic","Potion","Potion"],"build_version":"2020-12-22","purchased_purges":2,"victory":true,"max_hp_per_floor":[75,75,75,75,75,75,75,75,75,75,75,75,75,75,75,75,75,75,75,80,80,80,80,80,80,80,80,80,80,80,80,80,93,93,93,93,93,93,93,93,93,93,93,93,93,93,93,93,93,93,93,93,93,93,93,93,93,93,93,93,93],"card_choices":[{"not_picked":["FinalSpark","BlazingStar"],"picked":"SuperNova","floor":0.0},{"not_picked":["UnstableBomb","OneTimeOff"],"picked":"GasGiant","floor":1.0},{"not_picked":["MilkyWay","IllusionStar"],"picked":"Singularity","floor":2.0},{"not_picked":["MagicAbsorber","MachineGunSpark","GrandCross"],"picked":"SKIP","floor":3.0},{"not_picked":["EnergyRecoil","ChargingUp","ManaConvection"],"picked":"SKIP","floor":5.0},{"not_picked":["MysteriousBeam","EnergyRecoil","UnstableBomb"],"picked":"SKIP","floor":7.0},{"not_picked":["PulseMagic","WitchOfGreed","TreasureHunter"],"picked":"SKIP","floor":8.0},{"not_picked":["UnstableBomb","GrandCross"],"picked":"GasGiant","floor":9.0},{"not_picked":["GalacticHalo","GrandCross"],"picked":"UltimateShortwave","floor":13.0},{"not_picked":["MilkyWay","StarlightTyphoon","SporeBomb"],"picked":"SKIP","floor":16.0},{"not_picked":["BlazingStar","CasketOfStar"],"picked":"EscapeVelocity","floor":19.0},{"not_picked":["WitchLeyline+1","OneTimeOff","IllusionStar+1"],"picked":"SKIP","floor":21.0},{"not_picked":["OortCloud+1","AsteroidBelt","WitchLeyline"],"picked":"SKIP","floor":22.0},{"not_picked":["MysteriousBeam","DC"],"picked":"SuperNova","floor":26.0},{"not_picked":["ShootingEcho","SprinkleStarSeal","Acceleration"],"picked":"SKIP","floor":27.0},{"not_picked":["WitchLeyline+1","ShootTheMoon+1","MagicAbsorber+1"],"picked":"SKIP","floor":31.0},{"not_picked":["GravityBeat","MeteoricShower","Occultation"],"picked":"SKIP","floor":33.0},{"not_picked":["Acceleration","DarkMatter"],"picked":"SuperPerseids","floor":34.0},{"not_picked":["ManaConvection","FairyDestructionRay"],"picked":"GasGiant+1","floor":34.0},{"not_picked":["FinalSpark","WitchLeyline+1","EnergyRecoil"],"picked":"SKIP","floor":35.0},{"not_picked":["DarkSpark+1","GravityBeat","ChargeUpSpray"],"picked":"SKIP","floor":39.0},{"not_picked":["UnstableBomb+1","AlicesGift","6A"],"picked":"SKIP","floor":41.0},{"not_picked":["MysteriousBeam+1","DC+1","Singularity+1"],"picked":"SKIP","floor":42.0},{"not_picked":["DarkMatter+1","GravityBeat+1","EventHorizon"],"picked":"SKIP","floor":44.0},{"not_picked":["AsteroidBelt+1","ChargingUp+1","OrrerysSun"],"picked":"SKIP","floor":45.0},{"not_picked":["MagicAbsorber+1","NonDirectionalLaser+1","OneTimeOff"],"picked":"SKIP","floor":47.0},{"not_picked":["DarkSpark+1","UnstableBomb","AsteroidBelt+1"],"picked":"SKIP","floor":48},{"not_picked":["PulseMagic","RefractionSpark+1","GasGiant"],"picked":"SKIP","floor":48},{"not_picked":["WitchLeyline","DC+1","StarlightTyphoon+1"],"picked":"SKIP","floor":51},{"not_picked":["SporeBomb+1","OortCloud+1","UnstableBomb+1"],"picked":"SKIP","floor":51},{"not_picked":["MeteoricShower+1","GrandCross","SuperNova"],"picked":"SKIP","floor":54},{"not_picked":["SporeBomb+1","LuminesStrike+1","GalacticHalo+1"],"picked":"SKIP","floor":54},{"not_picked":["BlazeAway+1","MilkyWay","Acceleration"],"picked":"SKIP","floor":60}],"player_experience":271305,"relics_obtained":[{"floor":7.0,"key":"Bronze Scales"},{"floor":9.0,"key":"Lantern"},{"floor":24.0,"key":"Red Mask"},{"floor":26.0,"key":"BreadOfAWashokuLover"},{"floor":29.0,"key":"Blood Vial"},{"floor":31.0,"key":"Toy Ornithopter"},{"floor":45.0,"key":"Shovel"},{"floor":47.0,"key":"Prayer Wheel"},{"floor":49,"key":"Bag of Marbles"},{"floor":55,"key":"Anchor"},{"floor":58,"key":"Bottled Tornado"},{"floor":60,"key":"Unceasing Top"}],"event_choices":[{"cards_removed":["MasterSpark"],"damage_healed":0.0,"max_hp_gain":0.0,"max_hp_loss":0.0,"gold_gain":0.0,"event_name":"Golden Wing","player_choice":"Card Removal","floor":14.0,"gold_loss":0.0,"damage_taken":7.0},{"damage_healed":0.0,"max_hp_gain":0.0,"max_hp_loss":0.0,"gold_gain":0.0,"event_name":"Cursed Tome","player_choice":"Ignored","floor":23.0,"gold_loss":0.0,"damage_taken":0.0},{"damage_healed":0.0,"max_hp_gain":0.0,"max_hp_loss":0.0,"gold_gain":0.0,"event_name":"Masked Bandits","player_choice":"Fought Bandits","floor":24.0,"gold_loss":0.0,"damage_taken":0.0},{"damage_healed":0.0,"max_hp_gain":0.0,"max_hp_loss":0.0,"gold_gain":0.0,"event_name":"The Mausoleum","player_choice":"Ignored","floor":28.0,"gold_loss":0.0,"damage_taken":0.0},{"damage_healed":0.0,"max_hp_gain":0.0,"max_hp_loss":0.0,"gold_gain":0.0,"event_name":"Ghosts","player_choice":"Ignored","floor":30.0,"gold_loss":0.0,"damage_taken":0.0},{"cards_removed":["LuminesStrike"],"damage_healed":0.0,"max_hp_gain":0.0,"max_hp_loss":0.0,"gold_gain":0.0,"event_name":"Wheel of Change","player_choice":"Card Removal","floor":40.0,"gold_loss":0.0,"damage_taken":0.0}],"is_beta":false,"boss_relics":[{"not_picked":["Philosopher\u0027s Stone","Ectoplasm"],"picked":"Tiny House"},{"not_picked":["Calling Bell","ExperimentalFamiliar"],"picked":"RampagingMagicTools"}],"items_purged_floors":[25,43],"is_endless":false,"potions_floor_spawned":[1,5,8,9,24,27,33,37,39,45,51,52,60],"ascension_level":1}}