{"host":"ow66nzv2xecjoor3","time":1611815857,"event":{"mods":["BaseMod","Bestiary","Block Reminder","Colored Powertips","Curses Come First","Highlight Path","Keyboard Shortcuts","Minty Spire (QoL Compilation)","Permanent Neow","Relic Stats","StSLib","UnlockEverythingMod"],"gold_per_floor":[109,109,126,145,29,29,64,64,64,64,64,83,98,118,118,197,197,212,227,99,129,139,139,139,139],"floor_reached":24,"language":"ENG","playtime":586,"items_purged":["Strike_R","Perfected Strike"],"score":396,"play_id":"ea114b4f-f6c1-4362-82fa-64865a989e99","local_time":"20210128003737","is_ascension_mode":true,"campfire_choices":[{"data":"Bash","floor":6,"key":"SMITH"},{"data":"Flame Barrier","floor":8,"key":"SMITH"},{"data":"Inflame","floor":10,"key":"SMITH"},{"data":"Heavy Blade","floor":15,"key":"SMITH"},{"floor":23,"key":"REST"}],"circlet_count":0,"master_deck":["AscendersBane","Strike_R","Strike_R","Strike_R","Strike_R","Defend_R","Defend_R","Defend_R","Defend_R","Bash+1","Flame Barrier+1","Inflame+1","Heavy Blade+1","Bludgeon","Power Through","Shrug It Off","Shrug It Off","Shrug It Off","Metallicize"],"relics":["Busted Crown","StrikeDummy","Vajra","Shuriken","Sozu","Red Mask"],"acts_visited":["Exordium","TheCity"],"potions_floor_usage":[7],"damage_taken":[{"damage":5,"enemies":"Small Slimes","floor":1,"turns":4},{"damage":2,"enemies":"Jaw Worm","floor":3,"turns":3},{"damage":0,"enemies":"Cultist","floor":4,"turns":2},{"damage":12,"enemies":"Gremlin Nob","floor":7,"turns":4},{"damage":1,"enemies":"2 Fungi Beasts","floor":12,"turns":3},{"damage":0,"enemies":"Looter","floor":13,"turns":3},{"damage":0,"enemies":"3 Louse","floor":14,"turns":2},{"damage":2,"enemies":"Slime Boss","floor":16,"turns":7},{"damage":18,"enemies":"3 Byrds","floor":18,"turns":4},{"damage":18,"enemies":"Shell Parasite","floor":19,"turns":4},{"damage":26,"enemies":"Masked Bandits","floor":21,"turns":5},{"damage":0,"enemies":"Snecko","floor":22,"turns":4},{"damage":35,"enemies":"Book of Stabbing","floor":24,"turns":4}],"seed_played":"6362181472496485487","potions_obtained":[{"floor":1,"key":"Weak Potion"},{"floor":12,"key":"Block Potion"},{"floor":16,"key":"SpeedPotion"}],"is_trial":false,"path_per_floor":["M","?","M","M","$","R","E","R","T","R","?","M","M","M","R","B",null,"M","M","$","?","M","R","E"],"character_chosen":"IRONCLAD","items_purchased":["Inflame","Shrug It Off"],"campfire_rested":1,"item_purchase_floors":[5,20],"current_hp_per_floor":[63,58,56,56,56,56,44,44,44,44,75,74,74,74,74,72,74,56,38,38,12,12,34,0,0],"gold":139,"neow_bonus":"BOSS_RELIC","is_daily":false,"chose_seed":false,"campfire_upgraded":4,"win_rate":0.0,"timestamp":1611815857,"path_taken":["M","?","M","M","$","R","E","R","T","R","?","?","M","M","R","BOSS","M","M","$","?","M","R","E"],"items_purchased_type":["Card","Card"],"build_version":"2020-12-22","purchased_purges":2,"victory":false,"max_hp_per_floor":[75,75,75,75,75,75,75,75,75,75,75,75,75,75,75,75,75,75,75,75,75,75,75,75,75],"relic_stats":{"Sozu":1,"Busted Crown":24,"counters":[13,49],"Shuriken":[5],"obtain_stats":[{"Sozu":17,"Busted Crown":0,"Shuriken":9,"Vajra":7,"Red Mask":21,"StrikeDummy":2,"Burning Blood":0},{"Sozu":8,"Busted Crown":0,"Shuriken":4,"Vajra":4,"Red Mask":11,"StrikeDummy":1,"Burning Blood":0},{"Sozu":28,"Busted Crown":0,"Shuriken":13,"Vajra":13,"Red Mask":41,"StrikeDummy":4,"Burning Blood":0}]},"card_choices":[{"not_picked":["Bloodletting"],"picked":"SKIP","floor":1},{"not_picked":[],"picked":"Flame Barrier","floor":3},{"not_picked":["Thunderclap"],"picked":"SKIP","floor":4},{"not_picked":[],"picked":"Seeing Red","floor":7},{"not_picked":[],"picked":"Perfected Strike","floor":12},{"not_picked":["Entrench"],"picked":"SKIP","floor":13},{"not_picked":[],"picked":"Heavy Blade","floor":14},{"not_picked":[],"picked":"Bludgeon","floor":16},{"not_picked":[],"picked":"Power Through","floor":18},{"not_picked":[],"picked":"Shrug It Off","floor":19},{"not_picked":[],"picked":"Shrug It Off","floor":21},{"not_picked":[],"picked":"Metallicize","floor":22}],"player_experience":2751259,"relics_obtained":[{"floor":7,"key":"Vajra"},{"floor":9,"key":"Shuriken"},{"floor":21,"key":"Red Mask"}],"event_choices":[{"damage_healed":0,"gold_gain":0,"player_choice":"Success","damage_taken":5,"relics_obtained":["StrikeDummy"],"max_hp_gain":0,"max_hp_loss":0,"event_name":"Scrap Ooze","floor":2,"gold_loss":0},{"cards_removed":["Seeing Red"],"damage_healed":31,"gold_gain":0,"player_choice":"Offered Uncommon","damage_taken":0,"max_hp_gain":0,"max_hp_loss":0,"event_name":"Bonfire Elementals","floor":11,"gold_loss":0},{"damage_healed":0,"gold_gain":0,"player_choice":"Fought Bandits","damage_taken":0,"max_hp_gain":0,"max_hp_loss":0,"event_name":"Masked Bandits","floor":21,"gold_loss":0}],"is_beta":false,"boss_relics":[{"not_picked":["Fusion Hammer","Calling Bell"],"picked":"Sozu"}],"items_purged_floors":[5,20],"is_endless":false,"potions_floor_spawned":[1,12,16,19],"killed_by":"Book of Stabbing","ascension_level":20}}