{"host":"5ddwedapke4fsx0r","time":1611857099,"event":{"mods":["BaseMod","ChefMod","Downfall","Hermit","Infinite Spire","Minty Spire (QoL Compilation)","StSLib","The Cursed","The Dragon Tamer"],"gold_per_floor":[0,19,19,19,4,21,21,56,56,113,123,151,51,62,79,175,175,175,185,170,186,286,186,186,217,217,217,230,230,262,282,295,400,400,300,314,333,333,383,399,399,411,423,435,435],"floor_reached":44,"language":"ENG","playtime":3260,"items_purged":[],"score":681,"play_id":"9a8ee809-4c17-489f-aafe-a2d0524af22c","local_time":"20210128190459","is_ascension_mode":true,"campfire_choices":[{"data":"Sadistic Nature","floor":1,"key":"SMITH"},{"data":"chefmod:SearedScallops","floor":9,"key":"SMITH"},{"data":"chefmod:NewMenu","floor":13,"key":"SMITH"},{"floor":18,"key":"RECALL"},{"data":"chefmod:CandyBowl","floor":23,"key":"SMITH"},{"data":"chefmod:NewMenu","floor":29,"key":"SMITH"},{"data":"chefmod:FarmersMarket","floor":35,"key":"SMITH"},{"data":"chefmod:SearedScallops","floor":42,"key":"SMITH"}],"circlet_count":0,"master_deck":["chefmod:Strike","chefmod:Strike","chefmod:Strike","chefmod:Strike","chefmod:QuickThaw","chefmod:Defend","chefmod:Defend","chefmod:Defend","chefmod:Defend","chefmod:TodaysSpecial","Sadistic Nature+1","chefmod:Granita","chefmod:SearedScallops+1","chefmod:AllYouCanEat","chefmod:NewMenu+1","chefmod:FireUp","chefmod:SearedScallops+1","chefmod:NewMenu+1","chefmod:CandyBowl+1","chefmod:Gelato+1","chefmod:FrozenTuna+1","chefmod:PrepCook","chefmod:FarmersMarket+1","chefmod:DeathByChocolate+1","chefmod:Granita+1","Parasite","downfall:Aged","downfall:Haunted","downfall:Haunted","Writhe","chefmod:Canape"],"relics":["chefmod:TrustyPot","Matryoshka","Nunchaku","Meat on the Bone","infinitespire:Satchel","infinitespire:Beetle Shell","downfall:HeartBlessingBlue","Coffee Dripper","FossilizedHelix","Darkstone Periapt","downfall:HeartBlessingRed","Molten Egg 2","Eternal Feather","HornCleat","SlaversCollar","chefmod:WoodenSpoon","Ornamental Fan","Cursed Key","downfall:HeartBlessingGreen","Calipers","MawBank","Du-Vu Doll"],"acts_visited":["Exordium","TheCity","TheBeyond"],"potions_floor_usage":[8,8,10,10,16,21,25,25,30,30,39,40],"damage_taken":[{"damage":2,"enemies":"2 Louse","floor":2,"turns":2},{"damage":0,"enemies":"downfall:FleeingMerchant","floor":5,"turns":4},{"damage":0,"enemies":"Small Slimes","floor":6,"turns":3},{"damage":22,"enemies":"Gremlin Nob","floor":8,"turns":4},{"damage":23,"enemies":"Lagavulin Event","floor":10,"turns":6},{"damage":0,"enemies":"Jaw Worm","floor":11,"turns":5},{"damage":9,"enemies":"Lagavulin","floor":12,"turns":4},{"damage":0,"enemies":"Exordium Wildlife","floor":14,"turns":2},{"damage":2,"enemies":"2 Fungi Beasts","floor":15,"turns":3},{"damage":11,"enemies":"IC_STATUS_ARCHETYPE","floor":16,"turns":7},{"damage":0,"enemies":"Shell Parasite","floor":19,"turns":4},{"damage":5,"enemies":"downfall:FleeingMerchant","floor":20,"turns":4},{"damage":0,"enemies":"3 Byrds","floor":21,"turns":4},{"damage":1,"enemies":"SI_SHIV_ARCHETYPE","floor":22,"turns":5},{"damage":0,"enemies":"Book of Stabbing","floor":25,"turns":5},{"damage":0,"enemies":"3 Cultists","floor":28,"turns":4},{"damage":0,"enemies":"Slavers","floor":30,"turns":2},{"damage":0,"enemies":"Snake Plant","floor":31,"turns":3},{"damage":5,"enemies":"Sentry and Sphere","floor":32,"turns":4},{"damage":4,"enemies":"DF_ARCHETYPE_CLAW","floor":33,"turns":4},{"damage":0,"enemies":"3 Darklings","floor":36,"turns":3},{"damage":0,"enemies":"Orb Walker","floor":37,"turns":2},{"damage":0,"enemies":"Orb Walker","floor":39,"turns":3},{"damage":0,"enemies":"Writhing Mass","floor":40,"turns":3},{"damage":27,"enemies":"infinitespire:Three Voidlings","floor":44,"turns":5},{"damage":125,"enemies":"Nightmare_Alpha","floor":44,"turns":11}],"seed_played":"-3642986991944067809","potions_obtained":[{"floor":6,"key":"EntropicBrew"},{"floor":8,"key":"SpeedPotion"},{"floor":11,"key":"SkillPotion"},{"floor":16,"key":"AttackPotion"},{"floor":22,"key":"DuplicationPotion"},{"floor":25,"key":"Dexterity Potion"},{"floor":28,"key":"bronze:BurnAndBuffPotion"},{"floor":30,"key":"Weak Potion"},{"floor":31,"key":"FairyPotion"},{"floor":36,"key":"PowerPotion"}],"is_trial":false,"path_per_floor":["R","M","?","?","$","M","T","E","R","?","M","E","R","M","M","B",null,"R","M","$","M","?","R","T","E","AVR","?","M","R","E","M","M","B",null,"R","M","M","?","?","M","T","R","?","?"],"character_chosen":"THE_CHEF","items_purchased":[],"campfire_rested":0,"item_purchase_floors":[],"current_hp_per_floor":[76,74,74,74,74,74,74,52,52,44,44,47,57,57,55,44,86,86,86,81,81,80,80,80,80,80,80,80,86,86,86,81,77,86,86,86,86,86,86,92,98,98,116,0,0],"gold":435,"neow_bonus":"RANDOM_COLORLESS_2","is_daily":false,"chose_seed":false,"campfire_upgraded":7,"win_rate":0.0,"timestamp":1611857099,"path_taken":["R","M","?","?","$","M","T","E","R","?","M","E","R","M","M","BOSS","R","M","$","M","?","R","T","E","AVR","?","M","R","E","M","M","BOSS","R","M","M","?","?","M","T","R","?","?"],"items_purchased_type":[],"build_version":"2020-12-22","purchased_purges":0,"victory":false,"max_hp_per_floor":[76,76,76,76,76,76,76,76,76,76,76,76,86,86,86,86,86,86,86,86,86,86,86,86,86,86,86,86,86,86,86,86,86,86,86,86,86,86,86,92,98,98,116,116,116],"card_choices":[{"not_picked":["Violence","Magnetism"],"picked":"Sadistic Nature","floor":0},{"not_picked":["chefmod:ColdSteel","chefmod:Cleavers"],"picked":"chefmod:Granita","floor":2},{"not_picked":["chefmod:Sorbet","chefmod:HotSoup"],"picked":"chefmod:SearedScallops","floor":5},{"not_picked":["chefmod:BaoBuns","chefmod:DinoKale"],"picked":"chefmod:AllYouCanEat","floor":6},{"not_picked":["chefmod:Puree","chefmod:HotSoup","chefmod:CuttingBoard"],"picked":"SKIP","floor":8},{"not_picked":["chefmod:Defrost","chefmod:Fillet"],"picked":"chefmod:NewMenu","floor":10},{"not_picked":["chefmod:Chop","chefmod:QuickChop","chefmod:HotSoup"],"picked":"SKIP","floor":11},{"not_picked":["chefmod:Gelato","chefmod:HotSoup"],"picked":"chefmod:FireUp","floor":12},{"not_picked":["chefmod:Granita","chefmod:FiveAlarmChili"],"picked":"chefmod:SearedScallops","floor":14},{"not_picked":["chefmod:LocoMoco","chefmod:IcePick"],"picked":"chefmod:NewMenu","floor":15},{"not_picked":["chefmod:PrepCook","chefmod:TwoForOne"],"picked":"chefmod:CandyBowl","floor":16},{"not_picked":["chefmod:Escargot","chefmod:IcePick","chefmod:Fillet"],"picked":"SKIP","floor":19},{"not_picked":["chefmod:Sorbet+1","chefmod:FiveAlarmChili"],"picked":"chefmod:Gelato+1","floor":20},{"not_picked":["chefmod:LiquidNitrogen","chefmod:ZaruSoba","chefmod:DinoKale"],"picked":"SKIP","floor":21},{"not_picked":["chefmod:DoubleChop+1","chefmod:SliceAndDice+1"],"picked":"chefmod:FrozenTuna+1","floor":25},{"not_picked":["chefmod:Gelato+1","chefmod:BaoBuns","chefmod:CuttingBoard"],"picked":"SKIP","floor":28},{"not_picked":["chefmod:Fillet+1","chefmod:DinoKale+1"],"picked":"chefmod:PrepCook","floor":30},{"not_picked":["chefmod:KnifeFlurry+1","chefmod:SliceAndDice+1","chefmod:Defrost"],"picked":"SKIP","floor":31},{"not_picked":["chefmod:Granita+1","chefmod:GroceryDelivery"],"picked":"chefmod:FarmersMarket","floor":32},{"not_picked":["chefmod:RisingDough","chefmod:PrepCook"],"picked":"chefmod:DeathByChocolate+1","floor":33},{"not_picked":["chefmod:Gelato+1","chefmod:Defrost","chefmod:ZaruSoba+1"],"picked":"SKIP","floor":36},{"not_picked":["chefmod:CayenneCloud+1","chefmod:QuickChop+1","chefmod:Sorbet+1"],"picked":"SKIP","floor":37},{"not_picked":["chefmod:FarmersMarket+1","chefmod:Defrost+1"],"picked":"chefmod:Granita+1","floor":39},{"not_picked":["chefmod:Defrost+1","chefmod:Gelato","chefmod:SearedScallops"],"picked":"SKIP","floor":40}],"player_experience":478145,"relics_obtained":[{"floor":3,"key":"Matryoshka"},{"floor":7,"key":"Nunchaku"},{"floor":8,"key":"Meat on the Bone"},{"floor":10,"key":"infinitespire:Satchel"},{"floor":12,"key":"infinitespire:Beetle Shell"},{"floor":22,"key":"FossilizedHelix"},{"floor":22,"key":"Darkstone Periapt"},{"floor":24,"key":"Molten Egg 2"},{"floor":24,"key":"Eternal Feather"},{"floor":25,"key":"HornCleat"},{"floor":30,"key":"Ornamental Fan"},{"floor":39,"key":"Calipers"},{"floor":41,"key":"MawBank"}],"event_choices":[],"is_beta":false,"boss_relics":[{"not_picked":["Calling Bell","Velvet Choker"],"picked":"Coffee Dripper"},{"not_picked":["bronze:MakeshiftBattery","Runic Pyramid"],"picked":"Cursed Key"}],"items_purged_floors":[],"is_endless":false,"potions_floor_spawned":[6,8,11,16,22,25,28,30,31,36,44],"killed_by":"Nightmare_Alpha","ascension_level":1}}