{"host":"8x42s7jbptnlw65q","time":1611858251,"event":{"mods":["AchievementEnabler","BaseMod","Downfall","Highlight Path","Minty Spire (QoL Compilation)","StSLib"],"gold_per_floor":[99,113,113,27,45,59,83,110,110,124,157,169,181,215,225,323,323,123,143,160,173,190,214,226,261,291,303,415,577,662,487,502,600,600,600,615,633,683,400,117,140,140,156,184,84,104,104,120,131,131,131,160,112,112,112,112,112,112],"floor_reached":56,"language":"ENG","playtime":7019,"items_purged":["hexamod:Defend","hexamod:Defend"],"score":945,"play_id":"062078b3-00df-4095-81d5-f4520112b16c","local_time":"20210128132411","is_ascension_mode":false,"campfire_choices":[{"floor":1,"key":"RECALL"},{"data":"hexamod:TurnItUp","floor":18,"key":"SMITH"},{"data":"hexamod:WildfireWeapon","floor":27,"key":"SMITH"},{"data":"hexamod:DynamicBlow","floor":35,"key":"SMITH"},{"data":"expansioncontent:QuickStudy","floor":42,"key":"SMITH"},{"data":"hexamod:FastForward","floor":45,"key":"SMITH"},{"floor":54,"key":"REST"}],"circlet_count":0,"master_deck":["hexamod:Strike","hexamod:Strike","hexamod:Strike","hexamod:Strike+1","hexamod:Defend+1","hexamod:Defend+1","hexamod:Sear+1","hexamod:Float","hexamod:SwordOfDarkness+1","hexamod:SwordOfDarkness","hexamod:Hexaguard","hexamod:TimeOfNeed+1","hexamod:SpectersWail+1","hexamod:HauntingEcho","hexamod:RadiantFlame+1","hexamod:TurnItUp+1","hexamod:Firestarter+1","hexamod:DynamicBlow+1","hexamod:Rewind+1","hexamod:RecurringNightmare+1","hexamod:AdvancingGuard+1","hexamod:GhostLash+1","hexamod:WildfireWeapon+1","hexamod:SwordOfDarkness+1","hexamod:SixthSeal","hexamod:HeatShield+1","hexamod:RadiantFlame+1","hexamod:GhostLash","hexamod:AdvancingGuard","hexamod:Hexaguard","hexamod:FifthSeal","hexamod:ExtraCrispy+1","hexamod:ThirdSeal","hexamod:AdvancingGuard","expansioncontent:QuickStudy+1","hexamod:FastForward+1","hexamod:Again+1","hexamod:RainOfEmbers+1","hexamod:FirstSeal","hexamod:NightmareStrike+1","hexamod:ThermalTransfer+1","hexamod:CatchUp"],"relics":["hexamod:SpiritBrand","Odd Mushroom","downfall:ShatteredFragment","hexamod:SoulConsumer","Orichalcum","Velvet Choker","downfall:HeartBlessingRed","downfall:HeartBlessingBlue","MawBank","Juzu Bracelet","hexamod:TheBrokenSeal","downfall:CloakOfManyFaces","CultistMask","FaceOfCleric","NlothsMask","GremlinMask","SsserpentHead","Bronze Scales","Runic Pyramid","Mummified Hand","White Beast Statue","Sling","PreservedInsect","Potion Belt","downfall:HeartBlessingGreen","Happy Flower"],"acts_visited":["Exordium","TheCity","TheBeyond","TheEnding"],"potions_floor_usage":[13,14,16,16,19,20,20,22,31,33,33,33,48,50,52,55,56,56,56],"damage_taken":[{"damage":0,"enemies":"Cultist","floor":2,"turns":3},{"damage":0,"enemies":"downfall:FleeingMerchant","floor":4,"turns":4},{"damage":0,"enemies":"2 Louse","floor":5,"turns":2},{"damage":0,"enemies":"Jaw Worm","floor":6,"turns":2},{"damage":7,"enemies":"The Mushroom Lair","floor":8,"turns":3},{"damage":3,"enemies":"Red Slaver","floor":10,"turns":3},{"damage":8,"enemies":"Gremlin Nob","floor":11,"turns":3},{"damage":8,"enemies":"Lots of Slimes","floor":12,"turns":3},{"damage":7,"enemies":"Exordium Thugs","floor":13,"turns":3},{"damage":11,"enemies":"Lagavulin","floor":14,"turns":5},{"damage":2,"enemies":"Exordium Wildlife","floor":15,"turns":5},{"damage":0,"enemies":"WA_ARCHETYPE_RETAIN","floor":16,"turns":4},{"damage":8,"enemies":"Spheric Guardian","floor":19,"turns":4},{"damage":10,"enemies":"Shelled Parasite and Fungi","floor":20,"turns":5},{"damage":11,"enemies":"Sentry and Sphere","floor":21,"turns":5},{"damage":8,"enemies":"Snake Plant","floor":22,"turns":4},{"damage":28,"enemies":"Cultist and Chosen","floor":25,"turns":7},{"damage":0,"enemies":"Snecko","floor":26,"turns":4},{"damage":10,"enemies":"downfall:FaceTrader","floor":28,"turns":6},{"damage":1,"enemies":"downfall:FleeingMerchant","floor":31,"turns":4},{"damage":16,"enemies":"Snake Plant","floor":32,"turns":2},{"damage":49,"enemies":"IC_MUSHROOM_ARCHETYPE","floor":33,"turns":5},{"damage":17,"enemies":"3 Shapes","floor":36,"turns":4},{"damage":0,"enemies":"3 Darklings","floor":37,"turns":4},{"damage":11,"enemies":"downfall:FleeingMerchant","floor":40,"turns":4},{"damage":34,"enemies":"Jaw Worm Horde","floor":43,"turns":3},{"damage":20,"enemies":"Reptomancer","floor":44,"turns":3},{"damage":7,"enemies":"Sphere and 2 Shapes","floor":46,"turns":4},{"damage":0,"enemies":"Spire Growth","floor":48,"turns":3},{"damage":15,"enemies":"4 Shapes","floor":49,"turns":4},{"damage":40,"enemies":"SI_POISON_ARCHETYPE","floor":50,"turns":9},{"damage":47,"enemies":"downfall:CharBossMerchant","floor":52,"turns":7},{"damage":69,"enemies":"downfall:NeowBoss","floor":55,"turns":15},{"damage":83,"enemies":"downfall:NeowBossFinal","floor":56,"turns":8}],"seed_played":"-3094291195899720687","potions_obtained":[{"floor":5,"key":"ColorlessPotion"},{"floor":11,"key":"PowerPotion"},{"floor":12,"key":"Explosive Potion"},{"floor":13,"key":"EssenceOfSteel"},{"floor":14,"key":"hexamod:SoulburnPotion"},{"floor":15,"key":"CultistPotion"},{"floor":16,"key":"Regen Potion"},{"floor":16,"key":"BlessingOfTheForge"},{"floor":19,"key":"FearPotion"},{"floor":20,"key":"Fruit Juice"},{"floor":21,"key":"Dexterity Potion"},{"floor":22,"key":"EntropicBrew"},{"floor":22,"key":"champ:CounterPotion"},{"floor":32,"key":"AttackPotion"},{"floor":36,"key":"hexamod:SoulburnPotion"},{"floor":44,"key":"CultistPotion"},{"floor":46,"key":"ColorlessPotion"},{"floor":48,"key":"GamblersBrew"},{"floor":49,"key":"sneckomod:MuddlingPotion"},{"floor":52,"key":"LiquidBronze"}],"is_trial":false,"path_per_floor":["R","M","?","$","M","M","T","?","?","M","E","M","M","E","M","B",null,"R","M","M","M","M","T","T","M","M","R","?","?","T","$","M","B",null,"R","M","M","?","?","$","T","R","M","E","R","M","$","M","M","B",null,"E","$","R","B","B"],"character_chosen":"THE_SPIRIT","items_purchased":["hexamod:TimeOfNeed","Bronze Scales","expansioncontent:QuickStudy","White Beast Statue","Sling","hexamod:SoulburnPotion"],"campfire_rested":1,"item_purchase_floors":[4,31,40,40,40,53],"current_hp_per_floor":[77,77,77,77,77,77,77,70,49,46,38,34,31,24,26,30,77,87,83,87,83,91,91,91,102,102,102,96,96,96,100,85,41,105,105,93,98,98,120,114,114,114,85,70,70,68,68,73,59,24,127,92,92,128,64,0,0,0],"gold":112,"neow_bonus":"TEN_PERCENT_HP_BONUS","is_daily":false,"chose_seed":false,"campfire_upgraded":5,"win_rate":0.0,"timestamp":1611858251,"path_taken":["R","?","?","?","M","M","T","?","?","M","E","M","?","E","M","BOSS","R","M","M","M","M","?","T","M","M","R","?","?","?","?","M","BOSS","R","M","M","?","?","?","T","R","M","E","R","M","$","M","M","BOSS","E","$","R","BOSS","BOSS"],"items_purchased_type":["Card","Relic","Card","Relic","Relic","Potion"],"build_version":"2020-12-22","purchased_purges":2,"victory":false,"max_hp_per_floor":[77,77,77,77,77,77,77,77,77,77,77,77,77,77,77,77,77,87,87,87,87,92,92,92,102,102,102,102,102,102,103,104,105,105,105,106,107,107,120,121,121,121,122,123,123,124,124,125,126,127,127,128,128,128,129,129,129,129],"card_choices":[{"not_picked":["hexamod:AdvancingGuard","hexamod:CatchUp"],"picked":"hexamod:SwordOfDarkness","floor":2},{"not_picked":["hexamod:ShieldOfDarkness","hexamod:BurningTouch"],"picked":"hexamod:Hexaguard","floor":4},{"not_picked":["hexamod:GhostLash","hexamod:GhostOfSpirePresent"],"picked":"hexamod:SpectersWail","floor":5},{"not_picked":["hexamod:Incineration","hexamod:NecessarySacrifice"],"picked":"hexamod:HauntingEcho","floor":6},{"not_picked":["hexamod:Firestarter","hexamod:HauntingEcho"],"picked":"hexamod:RadiantFlame","floor":8},{"not_picked":["hexamod:Rewind","hexamod:NightmareGuise"],"picked":"hexamod:TurnItUp","floor":10},{"not_picked":["hexamod:Firestarter","hexamod:GhostShield"],"picked":"hexamod:FourthSeal","floor":11},{"not_picked":["hexamod:FastForward","hexamod:GhostShield"],"picked":"hexamod:Firestarter","floor":12},{"not_picked":["hexamod:ThermalTransfer","hexamod:SwordOfDarkness"],"picked":"hexamod:DynamicBlow","floor":13},{"not_picked":["hexamod:UnlimitedPower","hexamod:NightmareGuise"],"picked":"hexamod:Rewind","floor":14},{"not_picked":["hexamod:GhostLash","hexamod:FastForward"],"picked":"hexamod:RecurringNightmare","floor":15},{"not_picked":["hexamod:VolcanoVisage","hexamod:TurnItUp"],"picked":"hexamod:FifthSeal","floor":16},{"not_picked":["hexamod:SecondSeal","hexamod:FirstSeal"],"picked":"hexamod:SixthSeal","floor":19},{"not_picked":["hexamod:RainOfEmbers","hexamod:BurningTouch"],"picked":"hexamod:AdvancingGuard+1","floor":19},{"not_picked":["hexamod:SecondSeal","hexamod:FourthSeal"],"picked":"hexamod:FirstSeal","floor":20},{"not_picked":["hexamod:ExtraCrispy","hexamod:SkipABeat"],"picked":"hexamod:GhostLash+1","floor":20},{"not_picked":["hexamod:SecondSeal","hexamod:FirstSeal"],"picked":"hexamod:ThirdSeal","floor":21},{"not_picked":["hexamod:NecessarySacrifice+1","hexamod:GhostOfSpireFuture"],"picked":"hexamod:WildfireWeapon","floor":21},{"not_picked":["hexamod:CatchUp","hexamod:SpectralAdrenaline"],"picked":"hexamod:SwordOfDarkness","floor":22},{"not_picked":["hexamod:EmpoweredFlame","hexamod:NightmareGuise"],"picked":"hexamod:SecondSeal","floor":22},{"not_picked":["hexamod:FirstSeal","hexamod:ThirdSeal"],"picked":"hexamod:SixthSeal","floor":22},{"not_picked":["hexamod:FastForward","hexamod:GhostOfSpirePast"],"picked":"hexamod:HeatShield+1","floor":25},{"not_picked":["hexamod:StepThrough","hexamod:Hexaguard"],"picked":"hexamod:RadiantFlame+1","floor":26},{"not_picked":["hexamod:UnlimitedPower","hexamod:SwordOfDarkness"],"picked":"hexamod:GhostLash","floor":28},{"not_picked":["hexamod:ExtraCrispy","hexamod:ThermalTransfer"],"picked":"hexamod:AdvancingGuard","floor":31},{"not_picked":["hexamod:PhantomFireball+1","hexamod:ShieldOfDarkness"],"picked":"hexamod:Hexaguard","floor":32},{"not_picked":["hexamod:ForkedFlame","hexamod:SearingWound"],"picked":"hexamod:FifthSeal","floor":33},{"not_picked":["hexamod:GhostLash+1","hexamod:BacktrackSmack"],"picked":"hexamod:ExtraCrispy+1","floor":36},{"not_picked":["hexamod:FourthSeal","hexamod:SixthSeal"],"picked":"hexamod:ThirdSeal","floor":37},{"not_picked":["hexamod:HeatShield","hexamod:BacktrackSmack+1","hexamod:BurningTouch"],"picked":"SKIP","floor":37},{"not_picked":["hexamod:FifthSeal","hexamod:FirstSeal"],"picked":"hexamod:AdvancingGuard","floor":40},{"not_picked":["hexamod:ThermalTransfer","hexamod:BacktrackSmack"],"picked":"hexamod:FastForward","floor":43},{"not_picked":["hexamod:BurningTouch","hexamod:SpectralAdrenaline"],"picked":"hexamod:Again+1","floor":43},{"not_picked":["hexamod:Again","hexamod:Firestarter"],"picked":"hexamod:RainOfEmbers+1","floor":44},{"not_picked":["hexamod:SecondSeal","hexamod:ThirdSeal"],"picked":"hexamod:FirstSeal","floor":46},{"not_picked":["hexamod:HeatCrush+1","hexamod:ThirdSeal","hexamod:SpectersWail"],"picked":"SKIP","floor":46},{"not_picked":["hexamod:SpectersWail+1","hexamod:NecessarySacrifice+1"],"picked":"hexamod:NightmareStrike+1","floor":48},{"not_picked":["hexamod:SwordOfDarkness","hexamod:DynamicBlow+1"],"picked":"hexamod:ThermalTransfer+1","floor":49},{"not_picked":["hexamod:ExtraCrispy+1","hexamod:SpectersWail+1"],"picked":"hexamod:CatchUp","floor":52}],"player_experience":8717,"relics_obtained":[{"floor":8,"key":"Odd Mushroom"},{"floor":11,"key":"hexamod:SoulConsumer"},{"floor":14,"key":"Orichalcum"},{"floor":23,"key":"MawBank"},{"floor":24,"key":"Juzu Bracelet"},{"floor":28,"key":"downfall:CloakOfManyFaces"},{"floor":38,"key":"Mummified Hand"},{"floor":41,"key":"PreservedInsect"},{"floor":44,"key":"Potion Belt"},{"floor":52,"key":"Happy Flower"}],"event_choices":[{"damage_healed":0,"gold_gain":0,"player_choice":"Fought Mushrooms","damage_taken":0,"max_hp_gain":0,"max_hp_loss":0,"event_name":"Mushrooms","floor":8,"gold_loss":0}],"is_beta":false,"boss_relics":[{"not_picked":["SlaversCollar","Runic Dome"],"picked":"Velvet Choker"},{"not_picked":["bronze:MakeshiftBattery","Busted Crown"],"picked":"Runic Pyramid"}],"items_purged_floors":[31,40],"is_endless":false,"potions_floor_spawned":[5,11,12,13,14,15,16,21,22,25,32,33,36,37,43,44,46,48,49,52],"killed_by":"downfall:NeowBossFinal","ascension_level":0}}