{"host":"p9t7qd83igtcp2bh","time":1611815734,"event":{"mods":["2.2 Compatiblity","AchievementEnabler","BaseMod","Colored Map","Colored Powertips","Custom Start","DeckTracker","Keyboard Shortcuts","Minty Spire (QoL Compilation)","Permanent Neow","Spicy Shops","StSLib","SuperFastMode","everything is the same but u backflip on backflip"],"gold_per_floor":[112,112,37,49,152,152,163,198,198,198,215,230,230,245,245,322,322,339,339,369,52,72,72,72,107,107,107,133,133,133,164,164,237,237,251,59,72,294,11,11,22,52,52,52,68,95,95,115,115,115,115,115,115,12,45,45],"floor_reached":57,"language":"KOR","playtime":2144,"items_purged":["Strike_G","Infinite Blades","Predator","Parasite"],"score":3107,"play_id":"765a7760-b217-4cf7-a76f-e68636d255f3","local_time":"20210128153534","is_ascension_mode":true,"campfire_choices":[{"data":"Dagger Spray","floor":6.0,"key":"SMITH"},{"floor":10.0,"key":"REST"},{"data":"Skewer","floor":15.0,"key":"SMITH"},{"data":"Footwork","floor":23.0,"key":"SMITH"},{"floor":27.0,"key":"REST"},{"data":"Glass Knife","floor":30,"key":"SMITH"},{"floor":32,"key":"RECALL"},{"data":"Noxious Fumes","floor":40,"key":"SMITH"},{"data":"Master of Strategy","floor":44,"key":"SMITH"},{"data":"Deadly Poison","floor":49,"key":"SMITH"},{"floor":53,"key":"REST"}],"circlet_count":0,"master_deck":["AscendersBane","Survivor","Neutralize","Master of Strategy+1","Deadly Poison+1","Dagger Spray+1","Backflip+1","Crippling Poison+1","Skewer+1","Acrobatics+1","Burst+1","Footwork+1","Expertise+1","Venomology+1","Noxious Fumes+1","Glass Knife+1","Prepared+1","Escape Plan+1","Well Laid Plans+1","Corpse Explosion+1","Blur+1"],"relics":["Ring of the Snake","Membership Card","Sundial","Toy Ornithopter","Toxic Egg 2","Medical Kit","Omamori","Gremlin Horn","Pandora\u0027s Box","Regal Pillow","Red Mask","Chemical X","Juzu Bracelet","Blood Vial","InkBottle","WarpedTongs","Centennial Puzzle","Bottled Lightning","Happy Flower","MutagenicStrength","Vajra","Cursed Key","TwistedFunnel","Orrery","Strawberry","Oddly Smooth Stone","ClockworkSouvenir","Pear","Thread and Needle","Pantograph"],"acts_visited":["Exordium","TheCity","TheBeyond","TheEnding"],"potions_floor_usage":[31,33,33,35,37,37,42,45,46,46,50,50,55,55,55,55,55,55,56,56,56,56,56,56,56,56,56,56,56,56],"damage_taken":[{"damage":0.0,"enemies":"Jaw Worm","floor":1.0,"turns":4.0},{"damage":7.0,"enemies":"2 Louse","floor":4.0,"turns":3.0},{"damage":10.0,"enemies":"Small Slimes","floor":7.0,"turns":3.0},{"damage":31.0,"enemies":"Lagavulin","floor":8.0,"turns":7.0},{"damage":5.0,"enemies":"Gremlin Gang","floor":11.0,"turns":2.0},{"damage":3.0,"enemies":"Looter","floor":12.0,"turns":3.0},{"damage":2.0,"enemies":"Red Slaver","floor":14.0,"turns":4.0},{"damage":26.0,"enemies":"The Guardian","floor":16.0,"turns":12.0},{"damage":6.0,"enemies":"3 Byrds","floor":18.0,"turns":2.0},{"damage":13.0,"enemies":"Masked Bandits","floor":20.0,"turns":3.0},{"damage":16.0,"enemies":"2 Thieves","floor":22.0,"turns":3.0},{"damage":7.0,"enemies":"Gremlin Leader","floor":25.0,"turns":4.0},{"damage":14.0,"enemies":"Book of Stabbing","floor":28.0,"turns":4.0},{"damage":0,"enemies":"Gremlin Leader","floor":31,"turns":3},{"damage":11,"enemies":"Automaton","floor":33,"turns":5},{"damage":6,"enemies":"3 Shapes","floor":35,"turns":3},{"damage":0,"enemies":"3 Darklings","floor":37,"turns":2},{"damage":12,"enemies":"Jaw Worm Horde","floor":41,"turns":2},{"damage":0,"enemies":"Reptomancer","floor":42,"turns":3},{"damage":10,"enemies":"Maw","floor":45,"turns":5},{"damage":0,"enemies":"Giant Head","floor":46,"turns":5},{"damage":6,"enemies":"Spire Growth","floor":48,"turns":4},{"damage":14,"enemies":"Awakened One","floor":50,"turns":10},{"damage":55,"enemies":"Time Eater","floor":51,"turns":11},{"damage":48,"enemies":"Shield and Spear","floor":55,"turns":3},{"damage":13,"enemies":"The Heart","floor":56,"turns":7}],"seed_played":"-8498107600655299543","potions_obtained":[{"floor":11.0,"key":"AttackPotion"},{"floor":12.0,"key":"DuplicationPotion"},{"floor":22.0,"key":"LiquidMemories"},{"floor":25.0,"key":"Regen Potion"},{"floor":28.0,"key":"Swift Potion"},{"floor":33,"key":"Weak Potion"},{"floor":41,"key":"GhostInAJar"},{"floor":55,"key":"SkillPotion"}],"is_trial":false,"path_per_floor":["M","?","?","M","$","R","M","E","T","R","M","M","?","M","R","B",null,"M","?","?","$","M","R","?","E","T","R","E","?","R","E","R","B",null,"M","$","M","?","$","R","M","E","T","R","M","E","?","M","R","B","B",null,"R","$","E","B",null],"character_chosen":"THE_SILENT","items_purchased":["Membership Card","Sundial","Toy Ornithopter","Toxic Egg 2","Medical Kit","Chemical X","Juzu Bracelet","Blood Vial","InkBottle","TwistedFunnel","Orrery","Strawberry","Oddly Smooth Stone","ClockworkSouvenir","Blur+1","Dexterity Potion"],"campfire_rested":3,"item_purchase_floors":[5,5,5,5,5,21,21,21,21,36,36,39,39,39,39,54],"current_hp_per_floor":[59,64,64,57,57,57,47,16,16,35,30,27,27,25,25,4,50,49,49,41,41,27,27,27,27,27,61,51,51,51,65,65,54,62,63,63,65,65,72,72,60,77,77,77,72,82,82,76,76,73,20,67,82,79,56,78],"gold":45,"neow_bonus":"RANDOM_COLORLESS_2","is_daily":false,"chose_seed":false,"campfire_upgraded":7,"win_rate":0.0,"timestamp":1611815734,"path_taken":["M","?","?","M","$","R","M","E","T","R","M","M","?","M","R","BOSS","M","?","?","$","M","R","?","E","T","R","E","?","R","E","R","BOSS","M","$","M","?","$","R","M","E","T","R","M","E","?","M","R","BOSS","BOSS","R","$","E","BOSS"],"items_purchased_type":["Relic","Relic","Relic","Relic","Relic","Relic","Relic","Relic","Relic","Relic","Relic","Relic","Relic","Relic","Card","Potion"],"build_version":"2020-12-22","purchased_purges":4,"victory":true,"max_hp_per_floor":[60,65,65,65,65,65,65,65,65,65,65,65,65,65,65,65,65,65,65,65,65,65,65,65,65,65,65,65,65,65,65,65,65,65,65,65,65,65,72,72,72,82,82,82,82,82,82,82,82,82,82,82,82,79,79,79],"card_choices":[{"not_picked":["Secret Weapon","Magnetism"],"picked":"Master of Strategy","floor":0.0},{"not_picked":["Sucker Punch","Terror"],"picked":"Deadly Poison","floor":1.0},{"not_picked":["Dodge and Roll","Cloak And Dagger"],"picked":"Dagger Spray","floor":4.0},{"not_picked":["Cloak And Dagger+1","Flying Knee"],"picked":"Backflip+1","floor":7.0},{"not_picked":["Escape Plan+1","Dagger Spray"],"picked":"Crippling Poison+1","floor":8.0},{"not_picked":["Caltrops","Backstab"],"picked":"Skewer","floor":11.0},{"not_picked":["Blur+1","Deflect+1"],"picked":"Acrobatics+1","floor":12.0},{"not_picked":["Setup+1","PiercingWail+1","Crippling Poison+1"],"picked":"SKIP","floor":14.0},{"not_picked":["Venomology+1","Grand Finale"],"picked":"Burst+1","floor":16.0},{"not_picked":["Well Laid Plans","Outmaneuver+1"],"picked":"Prepared+1","floor":18.0},{"not_picked":["Dagger Throw","Heel Hook"],"picked":"Escape Plan+1","floor":22.0},{"not_picked":["Masterful Stab","Poisoned Stab","Expertise+1"],"picked":"SKIP","floor":25.0},{"not_picked":["Unload","Underhanded Strike"],"picked":"Well Laid Plans+1","floor":28.0},{"not_picked":["Prepared+1","Sucker Punch","Dagger Spray"],"picked":"SKIP","floor":31},{"not_picked":["Deadly Poison+1","Predator+1","Sucker Punch"],"picked":"SKIP","floor":35},{"not_picked":["Expertise+1","Quick Slash"],"picked":"Corpse Explosion+1","floor":36},{"not_picked":["Leg Sweep+1","Dash+1","Dagger Spray"],"picked":"SKIP","floor":37},{"not_picked":["Wraith Form v2","Choke","Quick Slash+1"],"picked":"SKIP","floor":41},{"not_picked":["Deadly Poison+1","Cloak And Dagger+1","Quick Slash"],"picked":"SKIP","floor":42},{"not_picked":["Outmaneuver+1","Quick Slash+1","Grand Finale"],"picked":"SKIP","floor":45},{"not_picked":["Prepared+1","Blur+1","Heel Hook"],"picked":"SKIP","floor":46},{"not_picked":["Prepared+1","Blur+1","Heel Hook"],"picked":"SKIP","floor":46},{"not_picked":["Underhanded Strike","PiercingWail+1","Skewer"],"picked":"SKIP","floor":48},{"not_picked":["Flying Knee","Well Laid Plans","Blade Dance+1"],"picked":"SKIP","floor":55}],"player_experience":698378,"relics_obtained":[{"floor":8.0,"key":"Omamori"},{"floor":9.0,"key":"Gremlin Horn"},{"floor":20.0,"key":"Red Mask"},{"floor":25.0,"key":"Centennial Puzzle"},{"floor":26.0,"key":"Bottled Lightning"},{"floor":28.0,"key":"Happy Flower"},{"floor":31,"key":"Vajra"},{"floor":42,"key":"Pear"},{"floor":46,"key":"Thread and Needle"},{"floor":55,"key":"Pantograph"}],"event_choices":[{"damage_healed":0.0,"max_hp_gain":5.0,"max_hp_loss":0.0,"gold_gain":0.0,"event_name":"Big Fish","player_choice":"Donut","floor":2.0,"gold_loss":0.0,"damage_taken":0.0},{"cards_removed":["Defend_G"],"damage_healed":0.0,"max_hp_gain":0.0,"max_hp_loss":0.0,"gold_gain":0.0,"event_name":"The Cleric","player_choice":"Card Removal","floor":3.0,"gold_loss":75.0,"damage_taken":0.0},{"cards_removed":["Strike_G"],"damage_healed":0.0,"max_hp_gain":0.0,"max_hp_loss":0.0,"gold_gain":0.0,"event_name":"Living Wall","player_choice":"Forget","floor":13.0,"gold_loss":0.0,"damage_taken":0.0},{"damage_healed":0.0,"max_hp_gain":0.0,"max_hp_loss":0.0,"gold_gain":0.0,"event_name":"The Mausoleum","player_choice":"Opened","floor":19.0,"gold_loss":0.0,"damage_taken":0.0,"relics_obtained":["Regal Pillow"],"cards_obtained":["Writhe"]},{"damage_healed":0.0,"max_hp_gain":0.0,"max_hp_loss":0.0,"gold_gain":0.0,"event_name":"Masked Bandits","player_choice":"Fought Bandits","floor":20.0,"gold_loss":0.0,"damage_taken":0.0},{"damage_healed":0.0,"max_hp_gain":0.0,"max_hp_loss":0.0,"gold_gain":0.0,"event_name":"Accursed Blacksmith","player_choice":"Rummage","floor":24.0,"gold_loss":0.0,"damage_taken":0.0,"relics_obtained":["WarpedTongs"],"cards_obtained":["Pain"]},{"damage_healed":0,"gold_gain":0,"player_choice":"Inject Mutagens","damage_taken":0,"relics_obtained":["MutagenicStrength"],"max_hp_gain":0,"max_hp_loss":0,"event_name":"Drug Dealer","floor":29,"gold_loss":0},{"damage_healed":0,"gold_gain":222,"player_choice":"Wore Mask","damage_taken":0,"max_hp_gain":0,"max_hp_loss":0,"event_name":"Tomb of Lord Red Mask","floor":38,"gold_loss":0},{"damage_healed":0,"gold_gain":0,"player_choice":"Ignored","damage_taken":0,"max_hp_gain":0,"max_hp_loss":0,"event_name":"SecretPortal","floor":47,"gold_loss":0}],"is_beta":false,"boss_relics":[{"not_picked":["Sozu","Coffee Dripper"],"picked":"Pandora\u0027s Box"},{"not_picked":["SlaversCollar","Astrolabe"],"picked":"Cursed Key"}],"items_purged_floors":[5,21,36,54],"is_endless":false,"potions_floor_spawned":[11,12,14,22,25,28,33,35,41,42,45,55],"ascension_level":20}}