{"host":"kydqlojjt9mno5rv","time":1611865393,"event":{"mods":["AchievementEnabler","BaseMod","Colored Powertips","Curses Come First","DeckTracker","Minty Spire (QoL Compilation)","Quick Restart","Replay The Spire","Shop Mod","Spicy Shops","StSLib","SuperFastMode","Synergy Search","Weighted Paths"],"gold_per_floor":[118,64,80,80,80,105,105,105,131,131,150,150,181,356,356,356,356],"floor_reached":16,"language":"ENG","playtime":331,"items_purged":[],"score":144,"play_id":"fa4ffee3-5233-4624-8848-26f58e499467","local_time":"20210128152313","is_ascension_mode":true,"campfire_choices":[{"data":"Flex","floor":7,"key":"SMITH"},{"floor":10,"key":"RECALL"},{"floor":15,"key":"REST"}],"circlet_count":0,"master_deck":["Strike_R+1","Strike_R","Strike_R+1","Strike_R+1","Defend_R","Defend_R","Defend_R","Defend_R","Bash","Perfected Strike","Flex+1","Replay:Undeath\u0027s Touch","Immolate","Flex+1","Heavy Blade","Doubt"],"relics":["Burning Blood","NeowsBlessing","MealTicket","Gremlin Food"],"acts_visited":["Exordium"],"potions_floor_usage":[],"damage_taken":[{"damage":0,"enemies":"Cultist","floor":1,"turns":1},{"damage":1,"enemies":"Small Slimes","floor":3,"turns":2},{"damage":0,"enemies":"Gremlin Nob","floor":6,"turns":1},{"damage":0,"enemies":"Jaw Worm","floor":11,"turns":1},{"damage":18,"enemies":"3 Sentries","floor":13,"turns":4},{"damage":81,"enemies":"The Guardian","floor":16,"turns":9}],"seed_played":"-3547315986947081435","potions_obtained":[{"floor":3,"key":"Regen Potion"},{"floor":11,"key":"AttackPotion"}],"is_trial":false,"path_per_floor":["M","$","M","?","?","E","R","$","T","R","M","?","E","?","R","B"],"character_chosen":"IRONCLAD","items_purchased":["Flex"],"campfire_rested":1,"item_purchase_floors":[2],"current_hp_per_floor":[80,80,80,80,64,70,70,80,80,80,80,80,68,68,80,0,0],"gold":356,"neow_bonus":"THREE_ENEMY_KILL","is_daily":false,"chose_seed":false,"campfire_upgraded":1,"win_rate":0.0,"timestamp":1611865393,"path_taken":["M","?","M","?","?","E","R","$","T","R","?","?","E","?","R","BOSS"],"items_purchased_type":["Card"],"build_version":"2020-12-22","purchased_purges":0,"victory":false,"max_hp_per_floor":[80,80,80,80,80,80,80,80,80,80,80,80,80,80,80,80,80],"card_choices":[{"not_picked":["Warcry","Sever Soul"],"picked":"Perfected Strike","floor":1},{"not_picked":["Armaments","Havoc"],"picked":"Replay:Undeath\u0027s Touch","floor":3},{"not_picked":["Havoc","Thunderclap"],"picked":"Immolate","floor":6},{"not_picked":["Pummel","Feel No Pain"],"picked":"Flex","floor":11},{"not_picked":["Wild Strike","Body Slam"],"picked":"Heavy Blade","floor":13}],"player_experience":150670,"relics_obtained":[{"floor":6,"key":"MealTicket"},{"floor":13,"key":"Gremlin Food"}],"event_choices":[{"damage_healed":0,"gold_gain":0,"player_choice":"Entered Light","damage_taken":16,"max_hp_gain":0,"max_hp_loss":0,"event_name":"Shining Light","floor":5,"gold_loss":0,"cards_upgraded":["Strike_R","Strike_R"]},{"damage_healed":0,"gold_gain":0,"player_choice":"Grow","damage_taken":0,"max_hp_gain":0,"max_hp_loss":0,"event_name":"Living Wall","floor":12,"gold_loss":0,"cards_upgraded":["Flex"]},{"damage_healed":0,"gold_gain":175,"player_choice":"AGREE","damage_taken":0,"max_hp_gain":0,"max_hp_loss":0,"event_name":"Liars Game","floor":14,"gold_loss":0,"cards_obtained":["Doubt"]}],"is_beta":false,"boss_relics":[],"items_purged_floors":[],"is_endless":false,"potions_floor_spawned":[3,11],"killed_by":"The Guardian","ascension_level":2}}