{"host":"v79nb9qnzs8cga96","time":1611828974,"event":{"mods":["Aspiration","BaseMod","Better Note","Block Reminder","GifTheSpireLib","Minty Spire (QoL Compilation)","Quarter Circle Forward PUNCH!","SacredBarkPlus","Slumbering Mod","Small Relic Pack","StSLib","Stuff the Spire","The Florist","The Poker Player","The Spell Scribe","[IsaacMod]????"],"gold_per_floor":[117,117,134,150,101,133,133,164,232,262,277,289,289,307,307,407,407,422,422,160,171,183,214,234,234,316,335,335,335,367,73,73,174,174,194,194,194,207,207,232,232,258,303,313,328,328,17,34,34,34],"floor_reached":51,"language":"ENG","playtime":3356,"items_purged":[],"score":804,"play_id":"21a9703d-2db7-4f07-9b90-49283a2c8bf7","local_time":"20210128121614","is_ascension_mode":true,"campfire_choices":[{"data":"Poisoned Stab","floor":7,"key":"SMITH"},{"floor":13,"key":"REST"},{"floor":15,"key":"REST"},{"floor":25,"key":"REST"},{"floor":29,"key":"REST"},{"floor":32,"key":"REST"},{"floor":41,"key":"REST"},{"floor":49,"key":"REST"}],"circlet_count":0,"master_deck":["Strike_G","Strike_G","Strike_G","Strike_G","Defend_G","Defend_G","Defend_G","Defend_G","Survivor+1","Neutralize+1","Dodge and Roll+1","Poisoned Stab+1","StuffTheSpire:DoubleShiv+1","StuffTheSpire:Shiver+1","Storm of Steel+1","Prostrate+1","Armaments+1","Cloak And Dagger+1","Riddle With Holes+1","PiercingWail+1","Accuracy+1","Envenom+1","Dual Wield+1","Madness","Madness","Backstab+1","Endless Agony+1","Blade Dance+1","Heavy Blade+1"],"relics":["Ring of the Snake","HushsDoor","aspiration:Nostalgia","PokerPlayerMod:DeckCase","DeathBook","TheBible","qcfpunch:Fighting_Gloves","Blue Candle","Unceasing Top","qcfpunch:Killian_Engine_Alpha","Frozen Egg 2","HowToJump","Pantograph","Paper Crane","OrangePellets","Juzu Bracelet","aspiration:IroncladSkillbook","relicPack:DSword","StuffTheSpire:MayFlowers","Lantern","Ancient Tea Set","Ice Cream"],"acts_visited":["Exordium","TheCity","TheBeyond"],"potions_floor_usage":[42,45],"damage_taken":[{"damage":0,"enemies":"theSlumbering:NewCultist","floor":1,"turns":5},{"damage":0,"enemies":"Small Slimes","floor":3,"turns":5},{"damage":2,"enemies":"Jaw Worm","floor":4,"turns":8},{"damage":17,"enemies":"Lagavulin","floor":6,"turns":8},{"damage":0,"enemies":"theSlumbering:Adrasteia","floor":8,"turns":8},{"damage":13,"enemies":"3 Sentries","floor":10,"turns":10},{"damage":1,"enemies":"Looter","floor":11,"turns":3},{"damage":1,"enemies":"3 Louse","floor":12,"turns":3},{"damage":3,"enemies":"2 Fungi Beasts","floor":14,"turns":2},{"damage":49,"enemies":"The Guardian","floor":16,"turns":16},{"damage":29,"enemies":"Spheric Guardian","floor":18,"turns":9},{"damage":1,"enemies":"Shell Parasite","floor":21,"turns":7},{"damage":23,"enemies":"Snake Plant","floor":22,"turns":7},{"damage":10,"enemies":"Slavers","floor":23,"turns":5},{"damage":6,"enemies":"Shelled Parasite and Fungi","floor":24,"turns":8},{"damage":0,"enemies":"Dream Cultist and Chosen","floor":27,"turns":6},{"damage":7,"enemies":"Gremlin Leader","floor":30,"turns":10},{"damage":58,"enemies":"Champ","floor":33,"turns":12},{"damage":0,"enemies":"3 Darklings","floor":35,"turns":3},{"damage":7,"enemies":"3 Shapes","floor":38,"turns":5},{"damage":31,"enemies":"Reptomancer","floor":40,"turns":6},{"damage":18,"enemies":"Nemesis","floor":42,"turns":5},{"damage":18,"enemies":"Spire Growth","floor":44,"turns":4},{"damage":0,"enemies":"Maw","floor":45,"turns":5},{"damage":0,"enemies":"Sphere and 2 Shapes","floor":48,"turns":3},{"damage":47,"enemies":"Time Eater","floor":50,"turns":8}],"seed_played":"-6017969757366993921","potions_obtained":[{"floor":6,"key":"DuplicationPotion"},{"floor":8,"key":"Ancient Potion"},{"floor":12,"key":"GhostInAJar"},{"floor":14,"key":"FairyPotion"},{"floor":40,"key":"SteroidPotion"},{"floor":42,"key":"SteroidPotion"}],"is_trial":false,"path_per_floor":["M","?","M","M","?","E","R","E","T","E","M","M","R","M","R","B",null,"M","?","$","M","M","E","M","R","T","M","?","R","E","$","R","B",null,"M","?","?","M","?","E","R","E","T","M","M","?","$","M","R","B",null],"character_chosen":"THE_SILENT","items_purchased":["Frozen Egg 2","OrangePellets","Juzu Bracelet","Ice Cream"],"campfire_rested":7,"item_purchase_floors":[20,31,31,47],"current_hp_per_floor":[70,70,70,68,68,51,51,51,51,38,37,36,57,54,70,21,70,41,41,41,40,17,7,1,22,22,22,22,43,36,36,57,12,70,70,61,26,23,23,19,40,26,26,12,16,16,16,20,41,29],"gold":34,"neow_bonus":"NOSTALGIA","is_daily":false,"chose_seed":false,"campfire_upgraded":1,"win_rate":0.0,"timestamp":1611828974,"path_taken":["M","?","M","?","?","E","R","E","T","E","M","M","R","M","R","BOSS","M","?","$","M","M","E","M","R","T","M","?","R","E","$","R","BOSS","M","?","?","M","?","E","R","E","T","M","M","?","?","M","R","BOSS"],"items_purchased_type":["Relic","Relic","Relic","Relic"],"build_version":"2020-12-22","purchased_purges":0,"victory":true,"max_hp_per_floor":[70,70,70,70,70,70,70,70,70,70,70,70,70,70,70,70,70,70,70,70,70,70,70,70,70,70,70,70,70,70,70,70,70,70,70,70,70,70,70,70,70,70,70,70,70,70,70,70,70,70],"card_choices":[{"not_picked":["Blur","StuffTheSpire:Injection"],"picked":"Dodge and Roll","floor":1},{"not_picked":["Calculated Gamble","Backflip","Dagger Throw"],"picked":"SKIP","floor":3},{"not_picked":["Dodge and Roll","PiercingWail"],"picked":"Poisoned Stab","floor":4},{"not_picked":["Dagger Throw","Doppelganger","StuffTheSpire:Python"],"picked":"SKIP","floor":6},{"not_picked":["Bomb","Flying Knee"],"picked":"StuffTheSpire:DoubleShiv","floor":8},{"not_picked":["StuffTheSpire:Incursion","Dash"],"picked":"StuffTheSpire:Shiver","floor":10},{"not_picked":["StuffTheSpire:Fury","Deadly Poison","Concentrate"],"picked":"SKIP","floor":11},{"not_picked":["StuffTheSpire:Incursion","All Out Attack","Quick Slash"],"picked":"SKIP","floor":12},{"not_picked":["Outmaneuver","Dagger Throw","Dodge and Roll"],"picked":"SKIP","floor":14},{"not_picked":["Unload","A Thousand Cuts"],"picked":"Storm of Steel","floor":16},{"not_picked":["Quick Slash+1","Dash"],"picked":"Cloak And Dagger","floor":18},{"not_picked":["StuffTheSpire:Repulse","Dagger Throw","Skewer"],"picked":"SKIP","floor":21},{"not_picked":["Poisoned Stab","StuffTheSpire:Repulse+1","StuffTheSpire:ClusterCrunch"],"picked":"SKIP","floor":22},{"not_picked":["Blur","Deflect+1"],"picked":"Riddle With Holes","floor":23},{"not_picked":["Choke","Dagger Spray"],"picked":"PiercingWail+1","floor":24},{"not_picked":["Deadly Poison+1","Slice","Backflip+1"],"picked":"SKIP","floor":27},{"not_picked":["StuffTheSpire:ClusterCrunch","Bane"],"picked":"Accuracy+1","floor":30},{"not_picked":["Glass Knife","Phantasmal Killer"],"picked":"Envenom+1","floor":33},{"not_picked":["StuffTheSpire:Injection+1","Setup+1","StuffTheSpire:Slingshot+1"],"picked":"Dual Wield+1","floor":35},{"not_picked":["Deflect","Dodge and Roll+1","Perfected Strike+1","Clash"],"picked":"SKIP","floor":38},{"not_picked":["Choke+1","StuffTheSpire:DoubleShiv+1","Eviscerate+1"],"picked":"Backstab+1","floor":40},{"not_picked":["StuffTheSpire:RagingBull+1","Brutality+1","Dodge and Roll+1"],"picked":"Endless Agony+1","floor":42},{"not_picked":["Dodge and Roll","Havoc+1","StuffTheSpire:Injection","Corruption+1"],"picked":"SKIP","floor":44},{"not_picked":["Cleave+1","Outmaneuver+1","Uppercut+1"],"picked":"Blade Dance","floor":45},{"not_picked":["True Grit","StuffTheSpire:FinalStruggle","Underhanded Strike+1"],"picked":"Heavy Blade","floor":48}],"player_experience":378246,"relics_obtained":[{"floor":6,"key":"TheBible"},{"floor":8,"key":"qcfpunch:Fighting_Gloves"},{"floor":9,"key":"Blue Candle"},{"floor":10,"key":"Unceasing Top"},{"floor":23,"key":"HowToJump"},{"floor":26,"key":"Pantograph"},{"floor":30,"key":"Paper Crane"},{"floor":40,"key":"StuffTheSpire:MayFlowers"},{"floor":42,"key":"Lantern"},{"floor":43,"key":"Ancient Tea Set"}],"event_choices":[{"damage_healed":0,"gold_gain":0,"player_choice":"Grow","damage_taken":0,"max_hp_gain":0,"max_hp_loss":0,"event_name":"Living Wall","floor":2,"gold_loss":0,"cards_upgraded":["Dodge and Roll"]},{"damage_healed":0,"gold_gain":0,"player_choice":"Left Gold","damage_taken":0,"max_hp_gain":0,"max_hp_loss":0,"event_name":"World of Goop","floor":5,"gold_loss":49},{"damage_healed":0,"gold_gain":0,"player_choice":"Ignored","damage_taken":0,"max_hp_gain":0,"max_hp_loss":0,"event_name":"Beggar","floor":28,"gold_loss":0},{"damage_healed":0,"gold_gain":0,"player_choice":"Embrace Madness","damage_taken":9,"max_hp_gain":0,"max_hp_loss":0,"event_name":"Winding Halls","floor":36,"gold_loss":0,"cards_obtained":["Madness","Madness"]}],"is_beta":false,"boss_relics":[{"not_picked":["Pandora\u0027s Box","Runic Pyramid"],"picked":"qcfpunch:Killian_Engine_Alpha"},{"not_picked":[]},{"not_picked":["Snecko Eye","theSlumbering:EnchantedHammer"],"picked":"aspiration:IroncladSkillbook"},{"not_picked":[]}],"items_purged_floors":[],"is_endless":false,"potions_floor_spawned":[6,8,12,14,16,18,23,30,40,42,44],"ascension_level":1}}