{"host":"yq2wmfr0u0wuvxc0","time":1611874638,"event":{"mods":["Act Like it!","Aspiration","BaseMod","Curses Come First","Downfall","Friendly Minions","Gensokyo","Hubris","Infinite Spire","Marisa????????","Minty Spire (QoL Compilation)","Pale of the Ancients","Remilia??????","Shop Mod","Smile Girya","Spicy Shops","StSLib","The Jungle","The Servant 0.9.4","Wide Potions"],"gold_per_floor":[99,99,99,24,24,24,72,64,83,116,136,136,136,156,176,273,273,273,292,292,292,320,358,438,230,249,281,308,336,336,379,399,611,611,611,629,629,629,647,647,672,22,36,62,62,105,105,132,151,151],"floor_reached":51,"language":"ZHS","playtime":3276,"items_purged":["hexamod:Defend","hexamod:Strike","downfall:Malfunctioning"],"score":827,"play_id":"570b4c48-b723-4334-be46-021e514c8a89","local_time":"20210128145718","is_ascension_mode":true,"campfire_choices":[{"data":"hexamod:Sear","floor":1.0,"key":"SMITH"},{"data":"hexamod:HeatMetal","floor":6.0,"key":"SMITH"},{"data":"hexamod:SearingWound","floor":12.0,"key":"SMITH"},{"data":"hexamod:RainOfEmbers","floor":18.0,"key":"SMITH"},{"data":"hexamod:SpectralAdrenaline","floor":30.0,"key":"SMITH"},{"data":"hexamod:SearingWound","floor":35,"key":"SMITH"},{"floor":45,"key":"REST"}],"circlet_count":0,"master_deck":["hexamod:Strike","hexamod:Defend","hexamod:Sear+1","hexamod:Float","hexamod:HeatMetal+1","hexamod:FlamesFromBeyond","hexamod:FirstSeal","hexamod:SearingWound+1","hexamod:FastForward","hexamod:RainOfEmbers+1","hexamod:EmpoweredFlame","hexamod:ForkedFlame+1","hexamod:ExtraCrispy+1","Doubt","hexamod:Hexaguard+1","hexamod:GiftsFromTheDead+1","hexamod:SpectralAdrenaline+1","hexamod:ShieldOfDarkness+1","hexamod:SearingWound+1","hexamod:SearingWound","hexamod:GhostflameBarrier+1","hexamod:NightmareStrike","hexamod:WildfireWeapon","hexamod:TimeWarp","hexamod:AdvancingGuard","hexamod:Haunt","expansioncontent:StudyTheSpire","hexamod:Hexaguard","Flash of Steel","expansioncontent:AwakenDeath","hexamod:BurningTouch+1"],"relics":["hexamod:UnbrokenSoul","downfall:HeartsMalice","Toy Ornithopter","hexamod:InflammatoryLetter","hubris:Towel","hubris:Icosahedron","Tiny Chest","hubris:SphereOfDissonance","Bottled Tornado","Happy Flower","Bronze Scales","Runic Dome","Potion Belt","PreservedInsect","hubris:CrystalStatue","Toolbox","infinitespire:ShieldingShard","hubris:CuriousFeather","hexamod:TheBrokenSeal"],"acts_visited":["Exordium","TheCity","TheBeyond"],"potions_floor_usage":[42,42,46,46,50,50,50],"damage_taken":[{"damage":0.0,"enemies":"2 Louse","floor":2.0,"turns":1.0},{"damage":0.0,"enemies":"Cultist","floor":3.0,"turns":1.0},{"damage":0.0,"enemies":"downfall:FleeingMerchant","floor":4.0,"turns":1.0},{"damage":5.0,"enemies":"Small Slimes","floor":9.0,"turns":3.0},{"damage":16.0,"enemies":"Lagavulin","floor":10.0,"turns":6.0},{"damage":11.0,"enemies":"3 Louse","floor":11.0,"turns":3.0},{"damage":0.0,"enemies":"Exordium Wildlife","floor":14.0,"turns":3.0},{"damage":7.0,"enemies":"Gremlin Gang","floor":15.0,"turns":4.0},{"damage":14.0,"enemies":"SI_SHIV_ARCHETYPE","floor":16.0,"turns":6.0},{"damage":0.0,"enemies":"3 Byrds","floor":19.0,"turns":3.0},{"damage":25.0,"enemies":"Snake Plant","floor":22.0,"turns":3.0},{"damage":22.0,"enemies":"Slavers","floor":23.0,"turns":4.0},{"damage":0.0,"enemies":"downfall:FleeingMerchant","floor":25.0,"turns":4.0},{"damage":31.0,"enemies":"3 Cultists","floor":26.0,"turns":5.0},{"damage":18.0,"enemies":"Gremlin Leader","floor":27.0,"turns":5.0},{"damage":3.0,"enemies":"Centurion and Healer","floor":28.0,"turns":6.0},{"damage":11.0,"enemies":"Shelled Parasite and Fungi","floor":29.0,"turns":3.0},{"damage":21.0,"enemies":"Nightmare","floor":31.0,"turns":6.0},{"damage":5.0,"enemies":"Cultist and Chosen","floor":32.0,"turns":5.0},{"damage":43.0,"enemies":"IC_MUSHROOM_ARCHETYPE","floor":33.0,"turns":6.0},{"damage":31,"enemies":"3 Shapes","floor":36,"turns":4},{"damage":3,"enemies":"Orb Walker","floor":39,"turns":3},{"damage":9,"enemies":"downfall:FleeingMerchant","floor":42,"turns":4},{"damage":0,"enemies":"Writhing Mass","floor":43,"turns":3},{"damage":33,"enemies":"Sphere and 2 Shapes","floor":44,"turns":4},{"damage":33,"enemies":"Reptomancer","floor":46,"turns":4},{"damage":9,"enemies":"Nemesis","floor":48,"turns":3},{"damage":47,"enemies":"Maw","floor":49,"turns":6},{"damage":42,"enemies":"WA_ARCHETYPE_DIVINITY","floor":50,"turns":6}],"seed_played":"173184920727719810","potions_obtained":[{"floor":9.0,"key":"Regen Potion"},{"floor":10.0,"key":"LiquidMemories"},{"floor":16.0,"key":"Fire Potion"},{"floor":26.0,"key":"Fire Potion"},{"floor":27.0,"key":"EntropicBrew"},{"floor":28.0,"key":"Fire Potion"},{"floor":31.0,"key":"Fire Potion"},{"floor":33.0,"key":"champ:CounterPotion"},{"floor":36,"key":"hexamod:EctoCoolerPotion"},{"floor":48,"key":"champ:CounterPotion"},{"floor":49,"key":"Ancient Potion"}],"is_trial":false,"path_per_floor":["R","M","M","$","?","R","T","?","M","E","M","R","?","M","M","B",null,"R","M","?","?","M","E","T","$","M","E","M","M","R","NM","M","B",null,"R","M","?","?","M","T","T","$","M","M","R","E","?","E","M","B",null],"character_chosen":"THE_SPIRIT","items_purchased":["Bottled Tornado","expansioncontent:StudyTheSpire","hexamod:Hexaguard","Flash of Steel","Fire Potion","Weak Potion","hubris:CrystalStatue","Toolbox"],"campfire_rested":1,"item_purchase_floors":[25,42,42,42,42,42,42,42],"current_hp_per_floor":[70,70,70,70,70,70,70,63,70,61,64,64,64,70,70,63,70,70,70,70,70,52,40,40,47,30,32,48,37,37,35,44,20,70,70,46,46,46,57,57,57,70,70,44,65,49,49,40,69,50],"gold":151,"neow_bonus":"THREE_ENEMY_KILL","is_daily":false,"chose_seed":false,"campfire_upgraded":6,"win_rate":0.0,"timestamp":1611874638,"path_taken":["R","M","M","$","?","R","T","?","?","E","M","R","?","M","M","BOSS","R","M","?","?","M","E","T","$","M","E","?","M","R","NM","M","BOSS","R","M","?","?","M","?","T","$","M","?","R","E","?","E","M","BOSS"],"items_purchased_type":["Relic","Card","Card","Card","Potion","Potion","Relic","Relic"],"build_version":"2020-12-22","purchased_purges":3,"victory":true,"max_hp_per_floor":[70,70,70,70,70,70,70,70,70,70,70,70,70,70,70,70,70,70,70,70,70,70,70,70,70,70,70,70,70,70,70,70,70,70,70,70,70,70,70,70,70,70,70,70,70,70,70,70,80,80],"card_choices":[{"not_picked":["hexamod:NightmareStrike","hexamod:EtherealExpedition"],"picked":"hexamod:FirstSeal","floor":2.0},{"not_picked":["hexamod:HauntingEcho","hexamod:ThermalTransfer"],"picked":"hexamod:HeatMetal","floor":3.0},{"not_picked":["hexamod:Hexaguard","hexamod:NightmareGuise"],"picked":"hexamod:FlamesFromBeyond","floor":4.0},{"not_picked":["hexamod:PowerFromBeyond","hexamod:ShieldOfDarkness"],"picked":"hexamod:SearingWound","floor":9.0},{"not_picked":["hexamod:PowerFromBeyond","hexamod:AdvancingGuard"],"picked":"hexamod:FastForward","floor":10.0},{"not_picked":["hexamod:BurningTouch","hexamod:RecurringNightmare"],"picked":"hexamod:RainOfEmbers","floor":11.0},{"not_picked":["hexamod:RadiantFlame","hexamod:FirstSeal"],"picked":"hexamod:EmpoweredFlame","floor":14.0},{"not_picked":["hexamod:FlamesFromBeyond","hexamod:EmpoweredFlame","hexamod:Again"],"picked":"SKIP","floor":15.0},{"not_picked":["hexamod:UnleashSpirits","hexamod:VolcanoVisage"],"picked":"hexamod:ForkedFlame","floor":16.0},{"not_picked":["hexamod:GhostLash","hexamod:Firestarter+1"],"picked":"hexamod:ExtraCrispy","floor":19.0},{"not_picked":["hexamod:ThermalTransfer","hexamod:GhostShield","hexamod:BacktrackSmack"],"picked":"SKIP","floor":22.0},{"not_picked":["hexamod:SpectersWail","hexamod:FastForward","hexamod:GhostLash"],"picked":"SKIP","floor":23.0},{"not_picked":["hexamod:ForkedFlame","hexamod:GhostOfSpirePresent"],"picked":"hexamod:ThirdSeal","floor":25.0},{"not_picked":["hexamod:NightmareGuise","hexamod:ChargedBarrage"],"picked":"hexamod:Hexaguard+1","floor":26.0},{"not_picked":["hexamod:PhantomCloak","hexamod:FlamesFromBeyond","hexamod:ThirdSeal"],"picked":"SKIP","floor":26.0},{"not_picked":["hexamod:ThermalTransfer","hexamod:SecondSeal","hexamod:SkipABeat"],"picked":"SKIP","floor":27.0},{"not_picked":["hexamod:Incineration+1","hexamod:ThirdSeal"],"picked":"hexamod:GiftsFromTheDead","floor":28.0},{"not_picked":["hexamod:ThermalTransfer","hexamod:FlamesFromBeyond","hexamod:NightmareStrike"],"picked":"SKIP","floor":28.0},{"not_picked":["hexamod:DynamicBlow","hexamod:HeatMetal"],"picked":"hexamod:SpectralAdrenaline","floor":29.0},{"not_picked":["hexamod:NightmareStrike","hexamod:CatchUp"],"picked":"hexamod:ShieldOfDarkness","floor":29.0},{"not_picked":["hexamod:SoulSteal","hexamod:SuperheatedStrike","hexamod:HauntingEcho+1"],"picked":"SKIP","floor":31.0},{"not_picked":["hexamod:HeatCrush","hexamod:FastForward"],"picked":"hexamod:FifthSeal","floor":32.0},{"not_picked":["hexamod:Rewind+1","hexamod:Firestarter","hexamod:ExtraCrispy"],"picked":"SKIP","floor":32.0},{"not_picked":["hexamod:ParanormalForm","hexamod:TurnItUp"],"picked":"hexamod:SearingWound","floor":33.0},{"not_picked":["hexamod:GiftsFromTheDead","hexamod:GhostOfSpirePresent"],"picked":"hexamod:SearingWound","floor":33.0},{"not_picked":["hexamod:ThirdSeal","hexamod:FirstSeal"],"picked":"hexamod:SixthSeal","floor":36},{"not_picked":["hexamod:SwordOfDarkness","hexamod:SuperheatedStrike+1"],"picked":"hexamod:GhostflameBarrier","floor":36},{"not_picked":["hexamod:FlamesFromBeyond+1","hexamod:HauntingEcho+1","hexamod:HeatCrush+1"],"picked":"SKIP","floor":36},{"not_picked":["hexamod:HauntingEcho","hexamod:FlamesFromBeyond+1"],"picked":"hexamod:AdvancingGuard","floor":39},{"not_picked":["hexamod:GhostShield+1","hexamod:BacktrackSmack","hexamod:GhostLash"],"picked":"SKIP","floor":39},{"not_picked":["hexamod:ParanormalForm","hexamod:Toasty"],"picked":"hexamod:Haunt","floor":42},{"not_picked":["hexamod:SwordOfDarkness+1","hexamod:Firestarter+1","hexamod:FlamesFromBeyond"],"picked":"SKIP","floor":42},{"not_picked":["hexamod:Firestarter+1","hexamod:ThirdSeal","hexamod:RetreatToShadows"],"picked":"SKIP","floor":43},{"not_picked":["hexamod:SpectersWail+1","hexamod:Hexaguard","hexamod:Firestarter+1"],"picked":"SKIP","floor":44},{"not_picked":["hexamod:Hexaguard","hexamod:EtherealExpedition+1","hexamod:GhostShield"],"picked":"SKIP","floor":44},{"not_picked":["hexamod:SixthSeal","hexamod:SecondSeal"],"picked":"hexamod:FourthSeal","floor":46},{"not_picked":["hexamod:Haunt","hexamod:HauntingEcho+1","hexamod:Firestarter+1"],"picked":"SKIP","floor":46},{"not_picked":["expansioncontent:InvincibleStrength","expansioncontent:QuickStudy"],"picked":"expansioncontent:AwakenDeath","floor":47},{"not_picked":["hexamod:HauntingEcho+1","hexamod:ThirdSeal"],"picked":"hexamod:BurningTouch+1","floor":48},{"not_picked":["hexamod:NightmareGuise","hexamod:Again","hexamod:InspiringFlames"],"picked":"SKIP","floor":49}],"player_experience":280203,"relics_obtained":[{"floor":7.0,"key":"Toy Ornithopter"},{"floor":10.0,"key":"hexamod:InflammatoryLetter"},{"floor":23.0,"key":"Tiny Chest"},{"floor":24.0,"key":"hubris:SphereOfDissonance"},{"floor":27.0,"key":"Happy Flower"},{"floor":31.0,"key":"Bronze Scales"},{"floor":40,"key":"Potion Belt"},{"floor":41,"key":"PreservedInsect"},{"floor":46,"key":"infinitespire:ShieldingShard"},{"floor":48,"key":"hubris:CuriousFeather"}],"event_choices":[{"cards_removed":["hexamod:Strike"],"damage_healed":0.0,"max_hp_gain":0.0,"max_hp_loss":0.0,"gold_gain":0.0,"event_name":"The Cleric","player_choice":"Card Removal","floor":5.0,"gold_loss":0.0,"damage_taken":0.0},{"damage_healed":0.0,"max_hp_gain":0.0,"max_hp_loss":0.0,"gold_gain":0.0,"event_name":"Accursed Blacksmith","player_choice":"Forge","floor":21.0,"gold_loss":0.0,"damage_taken":0.0,"cards_upgraded":["hexamod:ForkedFlame"]}],"is_beta":false,"boss_relics":[{"not_picked":["aspiration:SilentSkillbook","infinitespire:Cupcake"],"picked":"hexamod:UnbrokenSoul"},{"not_picked":["hubris:Stopwatch","aspiration:PoetsPen_weak"],"picked":"Runic Dome"}],"items_purged_floors":[4,25,42],"is_endless":false,"potions_floor_spawned":[9,10,15,16,26,27,28,31,33,36,39,48,49],"ascension_level":1}}