{"host":"na09lpbrez4gbfiz","time":1611862646,"event":{"mods":["Act Like it!","BaseMod","BetterRewards","Colored Map","Colored Powertips","DeckTracker","Googly Eyes","Highlight Path","Minty Spire (QoL Compilation)","Quick Restart","Spicy Shops","StSLib","SuperFastMode","Synergy Search"],"gold_per_floor":[117,192,192,192,206,234,250,267,293,293,368,368,386,386,386,460,460,479,496,496,496],"floor_reached":20,"language":"ENG","playtime":908,"items_purged":[],"score":287,"play_id":"5e2e276e-65d4-493d-82ed-3bc5305c877f","local_time":"20210128203726","is_ascension_mode":true,"campfire_choices":[{"floor":10,"key":"REST"},{"data":"Metallicize","floor":12,"key":"SMITH"},{"floor":15,"key":"REST"}],"circlet_count":0,"master_deck":["AscendersBane","Strike_R+1","Strike_R+1","Strike_R","Strike_R","Defend_R","Defend_R","Defend_R","Defend_R","Bash","Metallicize+1","Shrug It Off","Flame Barrier","True Grit","Purity","Blood for Blood"],"relics":["SlaversCollar","White Beast Statue","Whetstone","Bag of Marbles","SacredBark"],"acts_visited":["Exordium","TheCity"],"potions_floor_usage":[5,6,8,16,16,18,19,20],"damage_taken":[{"damage":2,"enemies":"2 Louse","floor":1,"turns":3},{"damage":6,"enemies":"Jaw Worm","floor":5,"turns":5},{"damage":22,"enemies":"Gremlin Nob","floor":6,"turns":4},{"damage":9,"enemies":"Small Slimes","floor":7,"turns":4},{"damage":1,"enemies":"Red Slaver","floor":8,"turns":4},{"damage":0,"enemies":"Blue Slaver","floor":13,"turns":7},{"damage":42,"enemies":"Slime Boss","floor":16,"turns":26},{"damage":6,"enemies":"Shell Parasite","floor":18,"turns":16},{"damage":26,"enemies":"Spheric Guardian","floor":19,"turns":42},{"damage":40,"enemies":"Snecko","floor":20,"turns":7}],"seed_played":"3735421104444703205","potions_obtained":[{"floor":1,"key":"Dexterity Potion"},{"floor":5,"key":"BlessingOfTheForge"},{"floor":6,"key":"Fire Potion"},{"floor":7,"key":"SpeedPotion"},{"floor":8,"key":"GamblersBrew"},{"floor":13,"key":"PowerPotion"},{"floor":16,"key":"PowerPotion"},{"floor":18,"key":"Block Potion"},{"floor":19,"key":"SpeedPotion"}],"is_trial":false,"path_per_floor":["M","?","?","T","M","E","M","M","T","R","?","R","M","?","R","B",null,"M","M","M"],"character_chosen":"IRONCLAD","items_purchased":[],"campfire_rested":2,"item_purchase_floors":[],"current_hp_per_floor":[70,59,52,52,46,24,15,14,14,38,30,30,30,30,54,12,63,57,31,0,0],"gold":496,"neow_bonus":"BOSS_RELIC","is_daily":false,"chose_seed":false,"campfire_upgraded":1,"win_rate":0.0,"timestamp":1611862646,"path_taken":["M","?","?","?","M","E","M","M","T","R","?","R","?","?","R","BOSS","M","M","M"],"items_purchased_type":[],"build_version":"2020-12-22","purchased_purges":0,"victory":false,"max_hp_per_floor":[80,80,80,80,80,80,80,80,80,80,80,80,80,80,80,80,80,80,80,80,80],"card_choices":[{"not_picked":["Flex","Disarm"],"picked":"Metallicize","floor":1},{"not_picked":["Clash","Clothesline","Dropkick"],"picked":"SKIP","floor":5},{"not_picked":["Combust","Clothesline"],"picked":"Shrug It Off","floor":6},{"not_picked":["Infernal Blade","Shrug It Off","Clothesline"],"picked":"SKIP","floor":7},{"not_picked":["Iron Wave","Thunderclap"],"picked":"Flame Barrier","floor":8},{"not_picked":["Double Tap","Anger"],"picked":"True Grit","floor":13},{"not_picked":["Pommel Strike+1","Sword Boomerang","Burning Pact"],"picked":"SKIP","floor":18},{"not_picked":["Flex+1","Battle Trance+1"],"picked":"Blood for Blood","floor":19}],"player_experience":195165,"relics_obtained":[{"floor":4,"key":"White Beast Statue"},{"floor":6,"key":"Whetstone"},{"floor":9,"key":"Bag of Marbles"}],"event_choices":[{"damage_healed":0,"gold_gain":75,"player_choice":"Gather Gold","damage_taken":11,"max_hp_gain":0,"max_hp_loss":0,"event_name":"World of Goop","floor":2,"gold_loss":0},{"cards_removed":["Strike_R"],"damage_healed":0,"gold_gain":0,"player_choice":"Card Removal","damage_taken":7,"max_hp_gain":0,"max_hp_loss":0,"event_name":"Golden Wing","floor":3,"gold_loss":0},{"damage_healed":0,"gold_gain":75,"player_choice":"Touch","damage_taken":8,"max_hp_gain":0,"max_hp_loss":0,"event_name":"FaceTrader","floor":11,"gold_loss":0},{"damage_healed":0,"gold_gain":0,"player_choice":"1 cards matched","damage_taken":0,"max_hp_gain":0,"max_hp_loss":0,"event_name":"Match and Keep!","floor":14,"gold_loss":0,"cards_obtained":["Purity"]}],"is_beta":false,"boss_relics":[{"not_picked":["Coffee Dripper","Black Star"],"picked":"SacredBark"}],"items_purged_floors":[],"is_endless":false,"potions_floor_spawned":[1,5,6,7,8,13,16,18,19],"killed_by":"Snecko","ascension_level":13}}