{"host":"z7p9vpu3tdvnhwui","time":1611860614,"event":{"mods":["2.2 Compatiblity","Act Like it!","BaseMod","Better Third Choice","Colored Powertips","DeckTracker","Defuse TimeMaze Blight","Friendly Minions","Hermit","Hubris","Infinite Spire","Marisa????????","Minty Spire (QoL Compilation)","Quick Restart","Rare Cards Sparkle","Replay The Spire","Robot Space Explorer","Shop Mod","Somnambulant","Spicy Shops","StSLib","The Cursed","The Forsaken","The Necromancer","The Servant 0.9.4","TheSwordswoman"],"gold_per_floor":[115,132,132,146,146,146,177,177,177,177,211,211,223,251,251,347,347,358,358,373,373,373,373,406,406,406,447,459,459,473,475,475,584,584,603,603,721,721,735,735,745,745,745,783,783,785,785,799,799,920,920,913,95,95,95,69,72,72,38,38,40,40,0,71,85,85,87,87,130,130,85,2,2,11,20,28,17,35,109,49,49,49,45,45,45,102,202,188,219,219,219,219,219,204,200,212,224,128,140,159,144,156,180,192,188,198,206,205,213,225,232,244,256,275,287,306,318,15,15,154,154,167,167,25,23,23,23,28,18,18,18,27,29,29,2,2],"floor_reached":135,"language":"ENG","playtime":20858,"items_purged":["somnambulantmod: SomnambulantStrike+1","Looming Evil","ReplayTheSpireMod:Splinters","hubris:Wrath","CommonCold","CommonCold","somnambulantmod: DarkeningMind"],"score":3033,"play_id":"2f1bd755-9e51-482c-bab2-af05a92af4ef","local_time":"20210128190334","is_ascension_mode":false,"campfire_choices":[{"floor":6.0,"key":"REST"},{"floor":8.0,"key":"REST"},{"data":"somnambulantmod: LightSleeper","floor":10.0,"key":"SMITH"},{"floor":15.0,"key":"REST"},{"floor":23.0,"key":"REST"},{"data":"somnambulantmod: Withdraw","floor":29.0,"key":"SMITH"},{"floor":32.0,"key":"REST"},{"floor":40.0,"key":"REST"},{"floor":42.0,"key":"REST"},{"floor":47.0,"key":"REST"},{"data":"somnambulantmod: SomnambulantStrike+1","floor":49.0,"key":"PURGE"},{"floor":66.0,"key":"REST"},{"floor":68.0,"key":"REST"},{"floor":81.0,"key":"REST"},{"data":"ReplayTheSpireMod:LeadingStrike","floor":85.0,"key":"PURGE"},{"floor":93.0,"key":"REST"},{"floor":97.0,"key":"REST"},{"floor":102.0,"key":"REST"},{"floor":110.0,"key":"REST"},{"floor":119.0,"key":"REST"},{"floor":127.0,"key":"REST"},{"floor":131,"key":"REST"}],"circlet_count":0,"master_deck":["somnambulantmod: QuickNap+1","somnambulantmod: PrimingPunch+1","somnambulantmod: AllForNothing+1","somnambulantmod: LightSleeper+1","somnambulantmod: LightSleeper+1","somnambulantmod: Lucidity+1","somnambulantmod: Withdraw+1","somnambulantmod: Cower+1","somnambulantmod: SleepParalysis+1","somnambulantmod: Blink+1","somnambulantmod: Unknow+1","somnambulantmod: Relive+1","somnambulantmod: Remember+1","somnambulantmod: Narcolepsy+1","hubris:Fate+1","somnambulantmod: LostMind+1","hubris:Fate+1","somnambulantmod: Blink+1","infinitespire:TheBestDefense+1","somnambulantmod: Blink+1","ReplayTheSpireMod:Brewmster+1","somnambulantmod: Blink+1","somnambulantmod: GalaxyBrain","infinitespire:UltimateForm+1","Enlightenment+1","somnambulantmod: LoseForm+1","Sentinel","somnambulantmod: NewDawn","infinitespire:Oblivion+1","CommonCold","Clumsy","somnambulantmod: Refracture","somnambulantmod: Withdraw+1","Hemogenesis","somnambulantmod: DeeperSleep","somnambulantmod: Refracture+1","CurseOfTheBell","theForsaken:PlagueCurse","hubris:DuctTapeCard"],"relics":["somnambulantmod: DreamJournal","hubris:MysteriousPyramids","FossilizedHelix","Regal Pillow","Juzu Bracelet","Kintsugi","Ring of Peace","infinitespire:Midas Blood","hubris:BottledRain","infinitespire:Eraser","Fusion Hammer","hubris:HollowSoul","Guide Book","infinitespire:Lychee Nut","hubris:TenFootPole","Bronze Scales","hubris:Backtick","hermit:Horseshoe","hubris:DuctTape","hubris:EmptyBottle","ReplayTheSpireMod:TigerMarble","hubris:DisguiseKit","hubris:EvacipatedBox","hubris:KleinBottle","Membership Card","hubris:OldNail","infinitespire:Golems Mask","Meat on the Bone","hubris:ToyBattleship","SacredBark","Snack Pack","Du-Vu Doll","hubris:MobiusCoin","Replay:Ancient Bell","somnambulantmod: MemoryHouse","The Courier","Replay:Towering Pillar of Hats","MawBank","Empty Cage","Question Card","Singing Bowl","GremlinMask","Bag of Marbles","Replay:Baseball","Replay:Wax Seal","Lee\u0027s Waffle","infinitespire:Beetle Shell","Chemical X","Calling Bell","War Paint","Bird Faced Urn","ReplayTheSpireMod:Shallot","BargainBundle","Nunchaku","theForsaken:PlagueMask","Mercury Hourglass","infinitespire:Magic Flask","Replay:Bandana","hubris:BottledHeart","MutagenicStrength"],"acts_visited":["Exordium","TheCity","TheBeyond","Exordium","TheCity","TheBeyond","Exordium","TheCity"],"potions_floor_usage":[128,128,128,129,129,132,132,132,135,135],"damage_taken":[{"damage":10.0,"enemies":"Cultist","floor":1.0,"turns":4.0},{"damage":9.0,"enemies":"2 Louse","floor":2.0,"turns":4.0},{"damage":6.0,"enemies":"Jaw Worm","floor":4.0,"turns":3.0},{"damage":25.0,"enemies":"Gremlin Nob","floor":7.0,"turns":4.0},{"damage":0.0,"enemies":"Lagavulin","floor":11.0,"turns":4.0},{"damage":24.0,"enemies":"3 Louse","floor":13.0,"turns":4.0},{"damage":42.0,"enemies":"3 Sentries","floor":14.0,"turns":5.0},{"damage":0.0,"enemies":"Slime Boss","floor":16.0,"turns":8.0},{"damage":0.0,"enemies":"Shell Parasite","floor":18.0,"turns":6.0},{"damage":21.0,"enemies":"Chosen","floor":20.0,"turns":5.0},{"damage":0.0,"enemies":"Book of Stabbing","floor":24.0,"turns":5.0},{"damage":12.0,"enemies":"Replay:Snechameleon","floor":27.0,"turns":6.0},{"damage":6.0,"enemies":"Centurion and Healer","floor":28.0,"turns":5.0},{"damage":0.0,"enemies":"Snecko","floor":30.0,"turns":6.0},{"damage":40.0,"enemies":"Automaton","floor":33.0,"turns":6.0},{"damage":1.0,"enemies":"Orb Walker","floor":35.0,"turns":4.0},{"damage":31.0,"enemies":"infinitespire:Three Voidlings","floor":37.0,"turns":5.0},{"damage":0.0,"enemies":"Nightmare_Alpha","floor":37.0,"turns":1.0},{"damage":0.0,"enemies":"3 Darklings","floor":39.0,"turns":4.0},{"damage":0.0,"enemies":"Sphere and 2 Shapes","floor":41.0,"turns":3.0},{"damage":3.0,"enemies":"Giant Head","floor":44.0,"turns":10.0},{"damage":0.0,"enemies":"Spire Growth","floor":48.0,"turns":5.0},{"damage":42.0,"enemies":"infinitespire:MassOfShapes","floor":50.0,"turns":9.0},{"damage":14.0,"enemies":"Cultist","floor":52.0,"turns":5.0},{"damage":0.0,"enemies":"Jaw Worm","floor":56.0,"turns":2.0},{"damage":0.0,"enemies":"Small Slimes","floor":57.0,"turns":3.0},{"damage":0.0,"enemies":"3 Sentries","floor":59.0,"turns":3.0},{"damage":1.0,"enemies":"3 Sentries","floor":65.0,"turns":4.0},{"damage":0.0,"enemies":"Slime Boss","floor":69.0,"turns":4.0},{"damage":0.0,"enemies":"Spheric Guardian","floor":71.0,"turns":3.0},{"damage":1.0,"enemies":"2 Thieves","floor":72.0,"turns":5.0},{"damage":19.0,"enemies":"Cultist and Chosen","floor":74.0,"turns":4.0},{"damage":4.0,"enemies":"Snecko","floor":75.0,"turns":4.0},{"damage":44.0,"enemies":"Slavers","floor":76.0,"turns":5.0},{"damage":1.0,"enemies":"Sentry and Sphere","floor":77.0,"turns":3.0},{"damage":21.0,"enemies":"Replay:Snechameleon","floor":78.0,"turns":3.0},{"damage":0.0,"enemies":"Centurion and Healer","floor":83.0,"turns":2.0},{"damage":26.0,"enemies":"Champ","floor":86.0,"turns":6.0},{"damage":5.0,"enemies":"3 Shapes","floor":88.0,"turns":2.0},{"damage":0.0,"enemies":"R_Hoarder","floor":94.0,"turns":4.0},{"damage":33.0,"enemies":"Orb Walker","floor":95.0,"turns":6.0},{"damage":8.0,"enemies":"Transient","floor":98.0,"turns":4.0},{"damage":0.0,"enemies":"Jaw Worm Horde","floor":100.0,"turns":1.0},{"damage":0.0,"enemies":"Maw","floor":101.0,"turns":2.0},{"damage":0.0,"enemies":"Awakened One","floor":103.0,"turns":9.0},{"damage":0.0,"enemies":"Small Slimes","floor":105.0,"turns":2.0},{"damage":0.0,"enemies":"Jaw Worm","floor":106.0,"turns":2.0},{"damage":0.0,"enemies":"Cultist","floor":107.0,"turns":3.0},{"damage":0.0,"enemies":"Blue Slaver","floor":108.0,"turns":3.0},{"damage":0.0,"enemies":"Large Slime","floor":109.0,"turns":3.0},{"damage":0.0,"enemies":"2 Fungi Beasts","floor":111.0,"turns":4.0},{"damage":0.0,"enemies":"Gremlin Nob","floor":114.0,"turns":3.0},{"damage":0.0,"enemies":"Replay:BlueRogue","floor":116.0,"turns":4.0},{"damage":6.0,"enemies":"Hexaghost","floor":120.0,"turns":3.0},{"damage":0.0,"enemies":"Spheric Guardian","floor":122.0,"turns":1.0},{"damage":0.0,"enemies":"Shell Parasite","floor":125.0,"turns":2.0},{"damage":5,"enemies":"Book of Stabbing","floor":128,"turns":5},{"damage":3,"enemies":"3 Cultists","floor":129,"turns":2},{"damage":5,"enemies":"Slavers","floor":132,"turns":2},{"damage":0,"enemies":"Nightmare","floor":135,"turns":1}],"seed_played":"-362063277421257282","potions_obtained":[{"floor":1.0,"key":"BlessingOfTheForge"},{"floor":2.0,"key":"LiquidMemories"},{"floor":4.0,"key":"Toxic Potion"},{"floor":16.0,"key":"FairyPotion"},{"floor":27.0,"key":"Toxic Potion"},{"floor":30.0,"key":"Strength Potion"},{"floor":35.0,"key":"DistilledChaos"},{"floor":39.0,"key":"Ancient Potion"},{"floor":48.0,"key":"Venom Potion"},{"floor":50.0,"key":"AttackPotion"},{"floor":74.0,"key":"Reflective Coating"},{"floor":77.0,"key":"Explosive Potion"},{"floor":83.0,"key":"Dexterity Potion"},{"floor":88.0,"key":"GamblersBrew"},{"floor":89.0,"key":"AttackPotion"},{"floor":89.0,"key":"Toxic Potion"},{"floor":98.0,"key":"Energy Potion"},{"floor":105.0,"key":"SpeedPotion"},{"floor":109.0,"key":"Strength Potion"},{"floor":111.0,"key":"AttackPotion"},{"floor":120.0,"key":"Death Potion"},{"floor":122.0,"key":"Adrenaline Potion"},{"floor":129,"key":"BlessingOfTheForge"}],"is_trial":false,"path_per_floor":["M","M","?","M","$","R","E","R","T","R","E","?","M","E","R","B",null,"M","?","M","?","?","R","E","?","T","E","M","R","M","?","R","B",null,"M","AVR","?","?","M","R","M","R","T","E","?","?","R","M","R","B",null,"M","$","PTL","PTL","M","M","$","E","?","$","T","?","T","?","R","?","R","B",null,"M","M","$","M","M","E","M","E","T","?","R","?","M","?","R","B",null,"M","?","?","?","?","R","E","M","T","R","M","$","M","M","R","B",null,"M","M","M","M","M","R","M","?","T","E","?","E","T","$","R","B",null,"M","?","$","M","?","R","E","M","T","R","E","?","?","NM"],"character_chosen":"THE_SOMNAMBULANT","items_purchased":["hubris:DuctTape","hubris:EmptyBottle","somnambulantmod: MuscleMemory","ReplayTheSpireMod:TigerMarble","hubris:EvacipatedBox","hubris:KleinBottle","Membership Card","Energy Potion","SkillPotion","hubris:OldNail","Replay:Wax Seal","Lee\u0027s Waffle","infinitespire:Beetle Shell","SkillPotion","Chemical X","BargainBundle","Nunchaku"],"campfire_rested":18,"item_purchase_floors":[53,53,53,53,61,61,61,61,61,61,118,118,118,118,118,124,124],"current_hp_per_floor":[67,58,53,47,47,72,47,72,72,72,72,72,48,6,47,47,83,83,83,62,62,62,85,85,85,85,73,67,67,67,45,87,47,87,86,86,65,65,65,67,67,69,69,66,66,63,71,71,71,29,71,57,57,57,57,60,65,65,71,71,5,5,11,11,28,68,60,81,81,81,81,80,80,67,69,43,53,45,45,45,83,83,83,83,83,73,83,80,64,64,64,83,85,85,52,52,87,85,85,87,87,89,89,89,89,89,89,89,89,91,91,91,91,93,93,95,95,102,104,100,104,106,106,106,108,108,110,110,114,114,116,117,1,1,1,1],"gold":2,"neow_bonus":"TEN_PERCENT_HP_BONUS","is_daily":false,"chose_seed":false,"campfire_upgraded":2,"win_rate":0.0,"timestamp":1611860614,"path_taken":["M","M","?","M","$","R","E","R","T","R","E","?","?","E","R","BOSS","M","?","M","?","?","R","E","?","T","E","M","R","M","?","R","BOSS","M","AVR","?","?","M","R","M","R","T","E","?","?","R","M","R","BOSS","M","?","PTL","PTL","M","M","$","E","?","?","T","?","?","?","R","?","R","BOSS","M","M","$","M","M","E","M","E","T","?","R","?","M","?","R","BOSS","M","?","?","?","?","R","E","M","T","R","M","$","M","M","R","BOSS","M","M","M","M","M","R","M","?","T","E","?","E","?","$","R","BOSS","M","?","?","M","?","R","E","M","T","R","E","?","?","NM"],"items_purchased_type":["Relic","Relic","Card","Relic","Relic","Relic","Relic","Potion","Potion","Relic","Relic","Relic","Relic","Potion","Relic","Relic","Relic"],"build_version":"2020-12-22","purchased_purges":7,"victory":false,"max_hp_per_floor":[77,77,77,77,77,79,79,81,81,81,81,81,81,81,83,83,83,83,83,83,83,83,85,85,85,85,85,85,85,85,85,87,87,87,87,87,65,65,65,67,67,69,69,69,69,69,71,71,71,71,71,71,71,71,71,71,71,71,71,71,71,71,77,77,77,79,79,81,81,81,81,81,81,81,81,81,81,81,81,81,83,83,83,83,83,83,83,83,83,83,83,83,85,85,85,85,87,87,87,87,87,89,89,89,89,89,89,89,89,91,91,91,91,93,93,95,95,102,104,104,104,106,106,106,108,108,110,112,114,114,116,118,1,1,1,1],"card_choices":[{"not_picked":["somnambulantmod: Trauma","somnambulantmod: LeechFears"],"picked":"somnambulantmod: AllForNothing","floor":1.0},{"not_picked":["somnambulantmod: TrepanningBlow","somnambulantmod: Reject"],"picked":"somnambulantmod: LightSleeper","floor":2.0},{"not_picked":["somnambulantmod: Relive","somnambulantmod: ShowerThought"],"picked":"somnambulantmod: Harden","floor":4.0},{"not_picked":["somnambulantmod: Wake","somnambulantmod: Stimulus"],"picked":"somnambulantmod: LightSleeper","floor":7.0},{"not_picked":["somnambulantmod: Harden","somnambulantmod: TrepanningBlow"],"picked":"somnambulantmod: Lucidity","floor":11.0},{"not_picked":["somnambulantmod: MindWave","somnambulantmod: Unknow"],"picked":"somnambulantmod: Cower","floor":13.0},{"not_picked":["somnambulantmod: ShowerThought","somnambulantmod: Unmake","somnambulantmod: Pinch"],"picked":"SKIP","floor":14.0},{"not_picked":["somnambulantmod: Amnausea","somnambulantmod: LostMind"],"picked":"somnambulantmod: SleepParalysis","floor":16.0},{"not_picked":["somnambulantmod: PourItOut+1","somnambulantmod: Trauma"],"picked":"somnambulantmod: Unknow","floor":18.0},{"not_picked":["somnambulantmod: Nosebleed","somnambulantmod: Overshare+1"],"picked":"somnambulantmod: Blink","floor":20.0},{"not_picked":["somnambulantmod: Sleepyhead","somnambulantmod: Cower","somnambulantmod: Unmake+1"],"picked":"SKIP","floor":24.0},{"not_picked":["somnambulantmod: Nosebleed","somnambulantmod: OpeningUp"],"picked":"somnambulantmod: Remember","floor":27.0},{"not_picked":["somnambulantmod: Pinch+1","somnambulantmod: Repression"],"picked":"somnambulantmod: Narcolepsy","floor":28.0},{"not_picked":["somnambulantmod: BadIdea","somnambulantmod: Trauma+1","somnambulantmod: SickeningSwathe"],"picked":"SKIP","floor":30.0},{"not_picked":["ReplayTheSpireMod:Chaos Vortex","infinitespire:FutureSight"],"picked":"hubris:Fate","floor":31.0},{"not_picked":["somnambulantmod: Unburden","somnambulantmod: Ignorance"],"picked":"somnambulantmod: LostMind","floor":33.0},{"not_picked":["somnambulantmod: Remember+1","somnambulantmod: NightmareFuel"],"picked":"somnambulantmod: MindWave+1","floor":35.0},{"not_picked":["somnambulantmod: UnthoughtKnown+1","somnambulantmod: Stumble+1"],"picked":"somnambulantmod: Blink","floor":37.0},{"not_picked":["infinitespire:NeuralNetwork","infinitespire:FinalStrike"],"picked":"infinitespire:TheBestDefense","floor":37.0},{"not_picked":["somnambulantmod: LeechFears","somnambulantmod: Remember+1","somnambulantmod: Mindlessness"],"picked":"SKIP","floor":39.0},{"not_picked":["somnambulantmod: HorrificThought","somnambulantmod: HeavyLids+1"],"picked":"somnambulantmod: Blink+1","floor":41.0},{"not_picked":["somnambulantmod: BadIdea","somnambulantmod: Cower"],"picked":"somnambulantmod: DarkeningMind","floor":44.0},{"not_picked":["Dramatic Entrance","Madness"],"picked":"ReplayTheSpireMod:Brewmster","floor":45.0},{"not_picked":["somnambulantmod: Bruise","somnambulantmod: Trauma+1"],"picked":"somnambulantmod: Blink+1","floor":48.0},{"not_picked":["somnambulantmod: Damping","somnambulantmod: Amnausea"],"picked":"somnambulantmod: GalaxyBrain","floor":50.0},{"not_picked":["somnambulantmod: Nosebleed","somnambulantmod: TrepanningBlow","somnambulantmod: RecurringDream"],"picked":"SKIP","floor":52.0},{"not_picked":["somnambulantmod: ShimmeringVeil","somnambulantmod: Blink","somnambulantmod: Extract"],"picked":"SKIP","floor":56.0},{"not_picked":["somnambulantmod: HappyThoughts","somnambulantmod: Unmake","somnambulantmod: Unknow"],"picked":"SKIP","floor":57.0},{"not_picked":["somnambulantmod: ViralIdea","somnambulantmod: RacingThoughts","somnambulantmod: Stumble"],"picked":"SKIP","floor":59.0},{"not_picked":["ReplayTheSpireMod:Haul","infinitespire:TheBestDefense"],"picked":"infinitespire:UltimateForm","floor":61.0},{"not_picked":["somnambulantmod: RuthlessStudy","somnambulantmod: Lucidity","Hemogenesis"],"picked":"somnambulantmod: LoseForm","floor":69.0},{"not_picked":["somnambulantmod: Blink","somnambulantmod: Nosebleed","somnambulantmod: HorrificThought","Clothesline"],"picked":"SKIP","floor":71.0},{"not_picked":["somnambulantmod: BadIdea+1","somnambulantmod: HeavyLids","somnambulantmod: Nosebleed","True Grit"],"picked":"SKIP","floor":72.0},{"not_picked":["somnambulantmod: PillowFort","somnambulantmod: AllForNothing","somnambulantmod: Cower","Body Slam"],"picked":"SKIP","floor":74.0},{"not_picked":["somnambulantmod: Unmake","somnambulantmod: MindWave","somnambulantmod: MuscleMemory","ReplayReversal"],"picked":"SKIP","floor":75.0},{"not_picked":["somnambulantmod: Bruise","somnambulantmod: HappyThoughts","somnambulantmod: DreamBig"],"picked":"ReplayTheSpireMod:LeadingStrike","floor":76.0},{"not_picked":["somnambulantmod: RecurringDream","somnambulantmod: AllForNothing+1","somnambulantmod: Harden","Headbutt"],"picked":"SKIP","floor":77.0},{"not_picked":["somnambulantmod: NightmareFuel","somnambulantmod: HappyThoughts","somnambulantmod: Bloom"],"picked":"Sentinel","floor":78.0},{"not_picked":["somnambulantmod: Cower+1","somnambulantmod: Harden+1","somnambulantmod: OpeningUp","Armaments"],"picked":"SKIP","floor":83.0},{"not_picked":["somnambulantmod: Reinterpret","somnambulantmod: LoseForm","Double Tap"],"picked":"somnambulantmod: NewDawn","floor":86.0},{"not_picked":["infinitespire:Execution","infinitespire:DeathsTouch"],"picked":"infinitespire:Oblivion","floor":87.0},{"not_picked":["ReplayTheSpireMod:Splinters","Voices","hubris:Sloth"],"picked":"CommonCold","floor":87.0},{"not_picked":["Delirium","Writhe","hubris:Disease"],"picked":"CommonCold","floor":87.0},{"not_picked":["Voices","Overencumbered","Decay"],"picked":"Clumsy","floor":87.0},{"not_picked":["somnambulantmod: ShimmeringVeil","somnambulantmod: RecurringDream","somnambulantmod: HorrificThought+1","Blood for Blood"],"picked":"SKIP","floor":88.0},{"not_picked":["somnambulantmod: ShimmeringVeil","somnambulantmod: TrepanningBlow","Armaments"],"picked":"somnambulantmod: Refracture","floor":89.0},{"not_picked":["somnambulantmod: LayeredDefense","somnambulantmod: Extract+1","somnambulantmod: LightSleeper","Reckless Charge"],"picked":"SKIP","floor":94.0},{"not_picked":["somnambulantmod: Bloom+1","somnambulantmod: Overshare","somnambulantmod: ViralIdea+1","Clash"],"picked":"SKIP","floor":95.0},{"not_picked":["somnambulantmod: HeadSmack+1","somnambulantmod: Unknow+1","somnambulantmod: Unmake","Pommel Strike"],"picked":"SKIP","floor":98.0},{"not_picked":["somnambulantmod: Nosebleed+1","somnambulantmod: Harden+1","somnambulantmod: HeadSmack+1","hubris:SharpeningStone"],"picked":"SKIP","floor":100.0},{"not_picked":["somnambulantmod: Nosebleed+1","somnambulantmod: HappyThoughts+1","somnambulantmod: Trauma","Entrench"],"picked":"SKIP","floor":101.0},{"not_picked":["somnambulantmod: NightHaunts","somnambulantmod: Narcolepsy","hubris:StunningStrike"],"picked":"somnambulantmod: Withdraw","floor":103.0},{"not_picked":["somnambulantmod: Trauma","somnambulantmod: SnuggleUp","somnambulantmod: RacingThoughts","Headbutt"],"picked":"SKIP","floor":105.0},{"not_picked":["somnambulantmod: Trauma","somnambulantmod: PillowFort","somnambulantmod: Bruise","Flex"],"picked":"SKIP","floor":106.0},{"not_picked":["somnambulantmod: Stumble","somnambulantmod: AllForNothing","somnambulantmod: SleepingBody"],"picked":"Hemogenesis","floor":107.0},{"not_picked":["somnambulantmod: TimeCompression","somnambulantmod: HeadSmack","somnambulantmod: LeechFears","Carnage"],"picked":"SKIP","floor":108.0},{"not_picked":["somnambulantmod: BadIdea","somnambulantmod: HeavyLids","Pommel Strike"],"picked":"somnambulantmod: DeeperSleep","floor":109.0},{"not_picked":["somnambulantmod: DarkeningMind","somnambulantmod: RacingThoughts","somnambulantmod: Unknow","Heavy Blade"],"picked":"SKIP","floor":111.0},{"not_picked":["somnambulantmod: LightSleeper","somnambulantmod: Overshare","somnambulantmod: Unburden","somnambulantmod: Trauma","Anger"],"picked":"Singing Bowl","floor":114.0},{"not_picked":["somnambulantmod: InLimbo","somnambulantmod: LayeredDefense","somnambulantmod: MuscleMemory","somnambulantmod: Nosebleed","ReplayTheSpireMod:Strike From Hell"],"picked":"Singing Bowl","floor":116.0},{"not_picked":["somnambulantmod: Damping","somnambulantmod: Amnausea","somnambulantmod: LoseForm","Bludgeon"],"picked":"somnambulantmod: Refracture","floor":120.0},{"not_picked":["somnambulantmod: TrepanningBlow+1","somnambulantmod: DeeperSleep","somnambulantmod: LayeredDefense","somnambulantmod: NightmareFuel","Shrug It Off"],"picked":"Singing Bowl","floor":122.0},{"not_picked":["somnambulantmod: DeeperSleep","somnambulantmod: Pinch+1","somnambulantmod: MindWave+1","somnambulantmod: PillowFort","Armaments"],"picked":"Singing Bowl","floor":125.0},{"not_picked":["somnambulantmod: ShimmeringVeil","somnambulantmod: ShowerThought","somnambulantmod: Stumble+1","somnambulantmod: Stimulus","Battle Trance"],"picked":"Singing Bowl","floor":128},{"not_picked":["somnambulantmod: BrainFeeder","somnambulantmod: Bruise","somnambulantmod: LoseForm","somnambulantmod: Unmake+1","Whirlwind"],"picked":"Singing Bowl","floor":129},{"not_picked":["somnambulantmod: TimeCompression","somnambulantmod: HeadSmack","somnambulantmod: BadIdea","somnambulantmod: HeavyLids+1","ReplayTheSpireMod:Muscle Training"],"picked":"Singing Bowl","floor":132}],"player_experience":636626,"relics_obtained":[{"floor":7.0,"key":"hubris:MysteriousPyramids"},{"floor":9.0,"key":"FossilizedHelix"},{"floor":11.0,"key":"Regal Pillow"},{"floor":14.0,"key":"Juzu Bracelet"},{"floor":22.0,"key":"Ring of Peace"},{"floor":24.0,"key":"infinitespire:Midas Blood"},{"floor":26.0,"key":"hubris:BottledRain"},{"floor":27.0,"key":"infinitespire:Eraser"},{"floor":37.0,"key":"infinitespire:Lychee Nut"},{"floor":43.0,"key":"hubris:TenFootPole"},{"floor":44.0,"key":"Bronze Scales"},{"floor":59.0,"key":"hubris:DisguiseKit"},{"floor":62.0,"key":"infinitespire:Golems Mask"},{"floor":64.0,"key":"Meat on the Bone"},{"floor":65.0,"key":"hubris:ToyBattleship"},{"floor":76.0,"key":"Snack Pack"},{"floor":78.0,"key":"Du-Vu Doll"},{"floor":79.0,"key":"hubris:MobiusCoin"},{"floor":94.0,"key":"MawBank"},{"floor":113.0,"key":"Question Card"},{"floor":114.0,"key":"Singing Bowl"},{"floor":116.0,"key":"Bag of Marbles"},{"floor":117.0,"key":"Replay:Baseball"},{"floor":121.0,"key":"War Paint"},{"floor":121.0,"key":"Bird Faced Urn"},{"floor":121.0,"key":"ReplayTheSpireMod:Shallot"},{"floor":128,"key":"Mercury Hourglass"},{"floor":130,"key":"infinitespire:Magic Flask"},{"floor":132,"key":"Replay:Bandana"}],"event_choices":[{"damage_healed":0.0,"max_hp_gain":0.0,"max_hp_loss":0.0,"gold_gain":0.0,"event_name":"Match and Keep!","player_choice":"2 cards matched","floor":12.0,"gold_loss":0.0,"damage_taken":0.0,"cards_obtained":["CommonCold","somnambulantmod: Withdraw"]},{"damage_healed":0.0,"max_hp_gain":0.0,"max_hp_loss":0.0,"gold_gain":0.0,"event_name":"Upgrade Shrine","player_choice":"Upgraded","floor":19.0,"gold_loss":0.0,"damage_taken":0.0,"cards_upgraded":["somnambulantmod: Lucidity"]},{"cards_removed":["somnambulantmod: Defend_Somnambulant"],"damage_healed":0.0,"max_hp_gain":0.0,"max_hp_loss":0.0,"gold_gain":0.0,"event_name":"betterThird:BetterWriting","player_choice":"Elegance","floor":21.0,"gold_loss":0.0,"damage_taken":0.0},{"damage_healed":0.0,"max_hp_gain":0.0,"max_hp_loss":0.0,"gold_gain":0.0,"cards_transformed":["somnambulantmod: Defend_Somnambulant","somnambulantmod: Unknow"],"event_name":"Drug Dealer","player_choice":"Became Test Subject","floor":25.0,"gold_loss":0.0,"damage_taken":0.0,"cards_obtained":["somnambulantmod: Unknow","somnambulantmod: Relive"]},{"damage_healed":0.0,"max_hp_gain":0.0,"max_hp_loss":0.0,"gold_gain":0.0,"event_name":"SensoryStone","player_choice":"Memory 1","floor":45.0,"gold_loss":0.0,"damage_taken":0.0},{"damage_healed":0.0,"max_hp_gain":0.0,"max_hp_loss":0.0,"gold_gain":0.0,"event_name":"Wheel of Change","player_choice":"Damaged","floor":46.0,"gold_loss":0.0,"damage_taken":6.0},{"damage_healed":0.0,"max_hp_gain":0.0,"max_hp_loss":0.0,"gold_gain":0.0,"event_name":"betterThird:BetterSerpent","player_choice":"RENOUNCE","floor":63.0,"gold_loss":40.0,"damage_taken":40.0,"cards_obtained":["Enlightenment"]},{"damage_healed":0.0,"max_hp_gain":0.0,"max_hp_loss":0.0,"gold_gain":0.0,"event_name":"Dead Adventurer","player_choice":"Searched \u00271\u0027 times","floor":65.0,"gold_loss":0.0,"damage_taken":0.0},{"damage_healed":68.0,"max_hp_gain":0.0,"max_hp_loss":79.0,"gold_gain":0.0,"event_name":"betterThird:BetterShining","player_choice":"Upgrade","floor":67.0,"gold_loss":0.0,"damage_taken":16.0,"cards_upgraded":["somnambulantmod: Blink","infinitespire:UltimateForm"]},{"cards_removed":["somnambulantmod: MuscleMemory"],"damage_healed":0.0,"max_hp_gain":0.0,"max_hp_loss":0.0,"gold_gain":0.0,"event_name":"betterThird:BetterWriting","player_choice":"Elegance","floor":82.0,"gold_loss":0.0,"damage_taken":0.0},{"damage_healed":27.0,"max_hp_gain":0.0,"max_hp_loss":0.0,"gold_gain":0.0,"event_name":"The Library","player_choice":"Heal","floor":84.0,"gold_loss":0.0,"damage_taken":0.0},{"damage_healed":0.0,"max_hp_gain":0.0,"max_hp_loss":0.0,"gold_gain":0.0,"event_name":"Tomb of Lord Red Mask","player_choice":"Ignored","floor":90.0,"gold_loss":0.0,"damage_taken":0.0},{"damage_healed":0.0,"max_hp_gain":0.0,"max_hp_loss":0.0,"gold_gain":0.0,"event_name":"OrinTheCat","player_choice":"Ignored","floor":91.0,"gold_loss":0.0,"damage_taken":0.0},{"damage_healed":21.0,"max_hp_gain":0.0,"max_hp_loss":0.0,"gold_gain":0.0,"event_name":"Winding Halls","player_choice":"Writhe","floor":92.0,"gold_loss":0.0,"damage_taken":0.0,"cards_obtained":["Writhe"]},{"damage_healed":0.0,"max_hp_gain":0.0,"max_hp_loss":0.0,"gold_gain":0.0,"event_name":"NoteForYourself","player_choice":"Ignored","floor":112.0,"gold_loss":0.0,"damage_taken":0.0},{"damage_healed":0.0,"max_hp_gain":0.0,"max_hp_loss":0.0,"gold_gain":0.0,"event_name":"FaceTrader","player_choice":"Trade","floor":115.0,"gold_loss":0.0,"damage_taken":0.0,"relics_obtained":["GremlinMask"]},{"damage_healed":0.0,"max_hp_gain":0.0,"max_hp_loss":0.0,"gold_gain":0.0,"event_name":"Match and Keep!","player_choice":"0 cards matched","floor":123.0,"gold_loss":0.0,"damage_taken":0.0,"cards_obtained":[]},{"damage_healed":0.0,"max_hp_gain":0.0,"max_hp_loss":0.0,"gold_gain":0.0,"event_name":"Plague Doctor","player_choice":"Obtain Plague Curse","floor":126.0,"gold_loss":0.0,"damage_taken":0.0,"cards_obtained":["theForsaken:PlagueCurse"]},{"damage_healed":0,"gold_gain":0,"player_choice":"Inject Mutagens","damage_taken":0,"relics_obtained":["MutagenicStrength"],"max_hp_gain":0,"max_hp_loss":0,"event_name":"Drug Dealer","floor":134,"gold_loss":0}],"is_beta":false,"boss_relics":[{"not_picked":["Runic Dome","Astrolabe"],"picked":"Kintsugi"},{"not_picked":["Velvet Choker","Runic Pyramid"],"picked":"Fusion Hammer"},{"not_picked":["hubris:ScarierMask","Replay:Bronze Core"],"picked":"hubris:Backtick"},{"not_picked":["Snecko Eye","Philosopher\u0027s Stone","Pandora\u0027s Box"],"picked":"SacredBark"},{"not_picked":["Replay:Grab Bag","ReplayTheSpireMod:SealedPack","Painkiller Herb"],"picked":"Replay:Ancient Bell"},{"not_picked":["Centennial Puzzle","Orichalcum","Replay:Drink Me"],"picked":"somnambulantmod: MemoryHouse"},{"not_picked":["White Beast Statue","theForsaken:ScaryMask","Runic Dome"],"picked":"The Courier"},{"not_picked":["StoneCalendar","hubris:64BitClover","hubris:ScarierMask"],"picked":"Replay:Towering Pillar of Hats"},{"not_picked":["Tiny House","hubris:RunicObelisk","Ring of Chaos"],"picked":"Empty Cage"},{"not_picked":["ReplayTheSpireMod:DimensionalGlitch","SlaversCollar","Cursed Key"],"picked":"Calling Bell"}],"items_purged_floors":[36,53,53,61,118,118,124],"is_endless":true,"potions_floor_spawned":[1,2,4,16,27,30,35,39,48,50,56,74,77,83,88,98,105,109,111,120,122,129],"killed_by":"Nightmare","ascension_level":0}}