{"host":"kxbvub3a5s21lqnr","time":1611830804,"event":{"mods":["Bard","BaseMod","Dota2Spire","Minty Spire (QoL Compilation)","MostiFishMod","Reimu£®≤©¿ˆ¡È√Œ£©","Remilia£®¿Ÿ√◊¿Ú—«£©","StSLib","The Cursed","The Hierophant","Yakumo Yukari mod","Youmu£®ªÍ∆«—˝√Œ£©","Yuyuko"],"gold_per_floor":[116,76,151,168,168,200,200,200,278,291,291,41,41,74,74,172,172,191,201,11,11,25,57,57,57,57],"floor_reached":25,"language":"ZHS","playtime":672,"items_purged":[],"score":265,"play_id":"3f24bb77-8660-428a-86bf-814a6bc05fe3","local_time":"20210128184644","is_ascension_mode":true,"campfire_choices":[{"floor":8.0,"key":"REST"},{"data":"Outmaneuver","floor":11.0,"key":"SMITH"},{"data":"Neutralize","floor":13.0,"key":"SMITH"},{"data":"MostiFishMod:JungleRules","floor":15.0,"key":"SMITH"},{"floor":24.0,"key":"RECALL"}],"circlet_count":0,"master_deck":["Strike_G","Strike_G","Strike_G","Strike_G","Strike_G","Defend_G","Defend_G","Defend_G","Defend_G","Defend_G","Survivor","Neutralize+1","Quick Slash","Backstab","Outmaneuver+1","Dagger Spray","MostiFishMod:JungleRules+1","Expertise","MostiFishMod:SpreadingSpore","PiercingWail+1","Tactician","MostiFishMod:Galeforce","Writhe","Phantasmal Killer","Dagger Throw+1"],"relics":["Ring of the Snake","DaveBox","Chemical X","SynthV:TestCard","PaintedHorse:ReiMu","Dota2Spire:Dagon","Vajra","Tea:ReiMu","Bird Faced Urn","ShadowXiaoBlade","Dota2Spire:DivineRapier","Toy Ornithopter"],"acts_visited":["Exordium","TheCity"],"potions_floor_usage":[25],"damage_taken":[{"damage":3.0,"enemies":"Jaw Worm","floor":1.0,"turns":4.0},{"damage":2.0,"enemies":"2 Louse","floor":4.0,"turns":3.0},{"damage":20.0,"enemies":"3 Sentries","floor":6.0,"turns":10.0},{"damage":2.0,"enemies":"Small Slimes","floor":10.0,"turns":2.0},{"damage":0.0,"enemies":"Gremlin Nob","floor":14.0,"turns":2.0},{"damage":12.0,"enemies":"Hexaghost","floor":16.0,"turns":4.0},{"damage":5.0,"enemies":"Chosen","floor":18.0,"turns":3.0},{"damage":11.0,"enemies":"2 Thieves","floor":19.0,"turns":3.0},{"damage":12.0,"enemies":"Sentry and Sphere","floor":22.0,"turns":3.0},{"damage":27.0,"enemies":"Gremlin Leader","floor":23.0,"turns":5.0},{"damage":43,"enemies":"Book of Stabbing","floor":25,"turns":3}],"seed_played":"-175269943685519225","potions_obtained":[{"floor":1.0,"key":"Ancient Potion"},{"floor":7.0,"key":"PowerPotion"},{"floor":7.0,"key":"PanachePotion"},{"floor":10.0,"key":"Strength Potion"},{"floor":14.0,"key":"DistilledChaos"},{"floor":19.0,"key":"PanachePotion"},{"floor":23.0,"key":"Explosive Potion"}],"is_trial":false,"path_per_floor":["M","?","?","M","?","E","?","R","T","M","R","$","R","E","R","B",null,"M","M","$","?","M","E","R","E"],"character_chosen":"THE_SILENT","items_purchased":["MostiFishMod:JungleRules","MostiFishMod:Galeforce"],"campfire_rested":1,"item_purchase_floors":[12,20],"current_hp_per_floor":[74,74,63,61,49,29,29,52,52,50,50,50,73,73,73,69,77,72,61,61,61,52,30,30,0,0],"gold":57,"neow_bonus":"TEN_PERCENT_HP_BONUS","is_daily":false,"chose_seed":false,"campfire_upgraded":3,"win_rate":0.0,"timestamp":1611830804,"path_taken":["M","?","?","M","?","E","?","R","T","?","R","$","R","E","R","BOSS","M","M","$","?","M","E","R","E"],"items_purchased_type":["Card","Card"],"build_version":"2020-12-22","purchased_purges":0,"victory":false,"max_hp_per_floor":[77,77,77,77,77,77,77,77,77,77,77,77,77,77,77,77,77,77,77,77,77,77,77,77,77,77],"card_choices":[{"not_picked":["Acrobatics","Reflex"],"picked":"Quick Slash","floor":1.0},{"not_picked":["Caltrops","Dagger Spray","Eviscerate","Choke"],"picked":"Backstab","floor":4.0},{"not_picked":["Well Laid Plans","Poisoned Stab","Flechettes","Deadly Poison"],"picked":"Outmaneuver","floor":6.0},{"not_picked":["Outmaneuver","Underhanded Strike","Slice","Sucker Punch"],"picked":"Dagger Spray","floor":10.0},{"not_picked":["Blade Dance","Poisoned Stab","Predator","Acrobatics"],"picked":"Expertise","floor":14.0},{"not_picked":["MostiFishMod:WinterMarkForm","MostiFishMod:Opportunism","MostiFishMod:HiddenBlade","MostiFishMod:AdrenalineArouse"],"picked":"MostiFishMod:SpreadingSpore","floor":16.0},{"not_picked":["Deflect","Masterful Stab+1","Outmaneuver","Riddle With Holes"],"picked":"PiercingWail+1","floor":18.0},{"not_picked":["Leg Sweep+1","Quick Slash+1","Deflect+1","Choke+1"],"picked":"Tactician","floor":19.0},{"not_picked":["Deflect","Choke","Sucker Punch+1","Tactician+1"],"picked":"Phantasmal Killer","floor":22.0},{"not_picked":["Outmaneuver","Flying Knee","Infinite Blades+1","MostiFishMod:PerfectParry"],"picked":"Dagger Throw+1","floor":23.0}],"player_experience":83280,"relics_obtained":[{"floor":1.0,"key":"SynthV:TestCard"},{"floor":6.0,"key":"Vajra"},{"floor":9.0,"key":"Tea:ReiMu"},{"floor":14.0,"key":"Bird Faced Urn"},{"floor":23.0,"key":"Toy Ornithopter"}],"event_choices":[{"damage_healed":0.0,"max_hp_gain":0.0,"max_hp_loss":0.0,"gold_gain":0.0,"event_name":"yidonshenshe","player_choice":"»˚«Æ","floor":2.0,"gold_loss":40.0,"damage_taken":0.0,"relics_obtained":["PaintedHorse:ReiMu"]},{"damage_healed":0.0,"max_hp_gain":0.0,"max_hp_loss":0.0,"gold_gain":75.0,"event_name":"World of Goop","player_choice":"Gather Gold","floor":3.0,"gold_loss":0.0,"damage_taken":11.0},{"damage_healed":0.0,"max_hp_gain":0.0,"max_hp_loss":0.0,"gold_gain":0.0,"event_name":"Scrap Ooze","player_choice":"Success","floor":5.0,"gold_loss":0.0,"damage_taken":12.0,"relics_obtained":["Dota2Spire:Dagon"]},{"damage_healed":0.0,"max_hp_gain":0.0,"max_hp_loss":0.0,"gold_gain":0.0,"event_name":"Lab","player_choice":"Got Potions","floor":7.0,"gold_loss":0.0,"damage_taken":0.0},{"damage_healed":0.0,"max_hp_gain":0.0,"max_hp_loss":0.0,"gold_gain":0.0,"event_name":"The Mausoleum","player_choice":"Opened","floor":21.0,"gold_loss":0.0,"damage_taken":0.0,"relics_obtained":["Dota2Spire:DivineRapier"],"cards_obtained":["Writhe"]}],"is_beta":false,"boss_relics":[{"not_picked":["SacredBark","OneHitWonderSystem"],"picked":"ShadowXiaoBlade"}],"items_purged_floors":[],"is_endless":false,"potions_floor_spawned":[1,10,14,19,23],"killed_by":"Book of Stabbing","ascension_level":1}}