{"host":"anox4050deqdcqoh","time":1611820385,"event":{"mods":["BaseMod","Colored Map","Highlight Path","Minty Spire (QoL Compilation)","Quick Restart","Rare Cards Sparkle","everything is the same but u backflip on backflip"],"gold_per_floor":[113,213,228,228,239,239,295,320,320,320,332,332,351,362,362,463,463,483,483,499,499,515,542,542,561,586,605,617,636,636,636],"floor_reached":30,"language":"ENG","playtime":1846,"items_purged":[],"score":294,"play_id":"be6518e6-f966-425f-ac90-3f086fde1b91","local_time":"20210128025305","is_ascension_mode":true,"campfire_choices":[{"data":"Barricade","floor":6,"key":"SMITH"},{"data":"Inflame","floor":10,"key":"SMITH"},{"data":"True Grit","floor":12,"key":"SMITH"},{"floor":15,"key":"REST"},{"floor":24,"key":"REST"}],"circlet_count":0,"master_deck":["Strike_R+1","Strike_R+1","Strike_R+1","Strike_R+1","Strike_R+1","Defend_R+1","Defend_R+1","Defend_R+1","Defend_R+1","Bash+1","Inflame+1","Iron Wave","Barricade+1","Inflame","Intimidate","Cleave","True Grit+1","Immolate","Metallicize","Shrug It Off","Iron Wave+1","Body Slam","Thunderclap+1","Berserk"],"relics":["Burning Blood","Whetstone","Meat on the Bone","Calipers","HornCleat","Black Star","Question Card","Tiny Chest","Pantograph"],"acts_visited":["Exordium","TheCity"],"potions_floor_usage":[16,23,23,23],"damage_taken":[{"damage":1,"enemies":"2 Louse","floor":1,"turns":3},{"damage":6,"enemies":"Cultist","floor":3,"turns":3},{"damage":0,"enemies":"Small Slimes","floor":5,"turns":3},{"damage":32,"enemies":"Gremlin Nob","floor":7,"turns":4},{"damage":26,"enemies":"Lagavulin","floor":8,"turns":8},{"damage":9,"enemies":"Exordium Wildlife","floor":11,"turns":4},{"damage":11,"enemies":"Looter","floor":13,"turns":2},{"damage":0,"enemies":"3 Louse","floor":14,"turns":3},{"damage":29,"enemies":"Hexaghost","floor":16,"turns":13},{"damage":23,"enemies":"2 Thieves","floor":18,"turns":5},{"damage":3,"enemies":"Chosen","floor":20,"turns":6},{"damage":10,"enemies":"3 Cultists","floor":22,"turns":6},{"damage":55,"enemies":"Slavers","floor":23,"turns":10},{"damage":23,"enemies":"Sentry and Sphere","floor":25,"turns":8},{"damage":20,"enemies":"Cultist and Chosen","floor":27,"turns":8},{"damage":35,"enemies":"Chosen and Byrds","floor":28,"turns":7},{"damage":18,"enemies":"Snake Plant","floor":29,"turns":3},{"damage":29,"enemies":"Centurion and Healer","floor":30,"turns":4}],"seed_played":"-4133586064281835006","potions_obtained":[{"floor":1,"key":"EssenceOfSteel"},{"floor":13,"key":"SpeedPotion"},{"floor":16,"key":"BlessingOfTheForge"},{"floor":18,"key":"Swift Potion"},{"floor":22,"key":"Weak Potion"},{"floor":25,"key":"Strength Potion"},{"floor":29,"key":"BlessingOfTheForge"}],"is_trial":false,"path_per_floor":["M","?","M","?","M","R","?","E","T","R","M","R","M","M","R","B",null,"M","?","M","?","M","E","R","M","T","M","M","M","M"],"character_chosen":"IRONCLAD","items_purchased":[],"campfire_rested":2,"item_purchase_floors":[],"current_hp_per_floor":[80,80,80,80,80,80,54,46,46,46,55,55,50,56,80,57,80,63,63,66,66,62,25,49,44,44,42,25,25,0,0],"gold":636,"neow_bonus":"RANDOM_COMMON_RELIC","is_daily":false,"chose_seed":false,"campfire_upgraded":3,"win_rate":0.0,"timestamp":1611820385,"path_taken":["M","?","?","?","?","R","?","E","T","R","M","R","M","M","R","BOSS","M","?","M","?","M","E","R","M","T","M","M","M","M"],"items_purchased_type":[],"build_version":"2020-12-22","purchased_purges":0,"victory":false,"max_hp_per_floor":[80,80,80,80,80,80,80,80,80,80,80,80,80,80,80,80,80,80,80,80,80,80,80,80,80,80,80,80,80,80,80],"card_choices":[{"not_picked":["Power Through","Wild Strike"],"picked":"Inflame","floor":1},{"not_picked":["Flex","True Grit"],"picked":"Iron Wave","floor":3},{"not_picked":["Hemokinesis","Wild Strike"],"picked":"Inflame","floor":5},{"not_picked":["Thunderclap","Warcry"],"picked":"Intimidate","floor":7},{"not_picked":["Reaper","Rupture"],"picked":"Cleave","floor":8},{"not_picked":["Anger","Inflame"],"picked":"True Grit","floor":11},{"not_picked":["Shockwave","Sentinel","Blood for Blood"],"picked":"SKIP","floor":13},{"not_picked":["Bloodletting","True Grit","Rupture"],"picked":"SKIP","floor":14},{"not_picked":["Exhume","Corruption"],"picked":"Immolate","floor":16},{"not_picked":["Reckless Charge","Wild Strike"],"picked":"Metallicize","floor":18},{"not_picked":["Headbutt","Clothesline+1","Carnage"],"picked":"Shrug It Off","floor":20},{"not_picked":["Rage","Headbutt+1","Inflame"],"picked":"Iron Wave+1","floor":22},{"not_picked":["Perfected Strike","Infernal Blade+1","Second Wind+1"],"picked":"Body Slam","floor":23},{"not_picked":["Clothesline","Whirlwind","Rage"],"picked":"Thunderclap+1","floor":25},{"not_picked":["Heavy Blade","True Grit","Flex","Intimidate"],"picked":"SKIP","floor":27},{"not_picked":["Cleave+1","Rupture","Combust"],"picked":"Berserk","floor":28},{"not_picked":["Heavy Blade","Clothesline","Hemokinesis","Rampage"],"picked":"SKIP","floor":29}],"player_experience":413263,"relics_obtained":[{"floor":7,"key":"Meat on the Bone"},{"floor":8,"key":"Calipers"},{"floor":9,"key":"HornCleat"},{"floor":23,"key":"Tiny Chest"},{"floor":23,"key":"Pantograph"}],"event_choices":[{"damage_healed":0,"gold_gain":100,"player_choice":"Gold","damage_taken":0,"max_hp_gain":0,"max_hp_loss":0,"event_name":"Wheel of Change","floor":2,"gold_loss":0},{"damage_healed":0,"gold_gain":0,"player_choice":"1 cards matched","damage_taken":0,"max_hp_gain":0,"max_hp_loss":0,"event_name":"Match and Keep!","floor":4,"gold_loss":0,"cards_obtained":["Barricade"]},{"damage_healed":0,"gold_gain":30,"player_choice":"Searched \u00272\u0027 times","damage_taken":0,"max_hp_gain":0,"max_hp_loss":0,"event_name":"Dead Adventurer","floor":7,"gold_loss":0},{"damage_healed":0,"gold_gain":0,"player_choice":"Opened","damage_taken":0,"relics_obtained":["Question Card"],"max_hp_gain":0,"max_hp_loss":0,"event_name":"The Mausoleum","floor":19,"gold_loss":0},{"damage_healed":0,"gold_gain":0,"player_choice":"Simplicity","damage_taken":0,"max_hp_gain":0,"max_hp_loss":0,"event_name":"Back to Basics","floor":21,"gold_loss":0,"cards_upgraded":["Strike_R","Strike_R","Strike_R","Strike_R","Defend_R","Defend_R","Defend_R","Defend_R"]}],"is_beta":false,"boss_relics":[{"not_picked":["Sozu","SacredBark"],"picked":"Black Star"}],"items_purged_floors":[],"is_endless":false,"potions_floor_spawned":[1,13,16,18,22,25,29],"killed_by":"Centurion and Healer","ascension_level":3}}