{"host":"knoo6yq0od847mqf","time":1611842250,"event":{"mods":["100% Spire Juice","Arknights The Spire","BaseMod","Bestiary","Displayed Cursed Tome","Downfall","Hubris","Koishi","Luminous","Marisa????????","Minty Spire (QoL Compilation)","Replay The Spire","Spire Arcade","StSLib","The Alterego","The Bug Knight","The Marked","Wandering Minibosses","Yuri Mod"],"gold_per_floor":[118,130,141,160,160,160,190,207,231,231,293,323,339,339,339,440,440,455,475,475,475,493,493,493,493],"floor_reached":24,"language":"ENG","playtime":983,"items_purged":[],"score":208,"play_id":"933508c2-5052-43ad-9d0e-e46c182c509c","local_time":"20210128145730","is_ascension_mode":false,"campfire_choices":[{"data":"ats:Closed Bolt Burst Fire","floor":6,"key":"SMITH"},{"data":"ats:Thorns","floor":10,"key":"SMITH"},{"data":"ats:Spore Proliferation","floor":15,"key":"SMITH"},{"floor":23,"key":"REST"}],"circlet_count":0,"master_deck":["ats:Strike C","ats:Strike G","ats:Strike S","ats:Strike V","ats:Armor Crushing Shot","ats:Defend","ats:Defend","ats:Defend","ats:Defend","ats:Emotion Absorption","ats:Thorns+1","ats:Curse Doll","ats:Closed Bolt Burst Fire+1","ats:Closed Bolt Burst Fire","ats:Revitalization","ats:Spore Proliferation+1","ReplayTheSpireMod:Splinters","ats:Disruption Kick+1","ats:Red Shift","Pot Of Greed","Pot Of Greed","ats:Volcano","ats:Dogmatic Field","ats:Flame Of Heaven","ats:Demon Strength"],"relics":["ats:Sanity","NeowsBlessing","ats:Originium","yuri:PortableGlitches","Smiling Mask","hubris:SlimyHat","Grinning Jar","Black Star","hubris:Towel"],"acts_visited":["Exordium","TheCity"],"potions_floor_usage":[18,22],"damage_taken":[{"damage":0,"enemies":"Jaw Worm","floor":1,"turns":1},{"damage":0,"enemies":"Cultist","floor":2,"turns":1},{"damage":0,"enemies":"Small Slimes","floor":3,"turns":1},{"damage":5,"enemies":"3 Louse","floor":4,"turns":4},{"damage":13,"enemies":"Lagavulin","floor":7,"turns":6},{"damage":5,"enemies":"Exordium Wildlife","floor":8,"turns":4},{"damage":10,"enemies":"Gremlin Nob","floor":12,"turns":4},{"damage":1,"enemies":"Blue Slaver","floor":13,"turns":3},{"damage":23,"enemies":"Hexaghost","floor":16,"turns":11},{"damage":10,"enemies":"Shell Parasite","floor":18,"turns":7},{"damage":6,"enemies":"Chosen","floor":19,"turns":4},{"damage":25,"enemies":"Centurion and Healer","floor":22,"turns":4},{"damage":61,"enemies":"Gremlin Leader","floor":24,"turns":6}],"seed_played":"6309862663593057918","potions_obtained":[{"floor":3,"key":"SpeedPotion"},{"floor":4,"key":"GamblersBrew"},{"floor":11,"key":"ats:Top Emergency Sanity Potion"},{"floor":19,"key":"Toxic Potion"}],"is_trial":false,"path_per_floor":["M","M","M","M","?","R","E","M","T","R","?","E","M","?","R","B",null,"M","M","?","?","M","R","E"],"character_chosen":"DOCTOR_CLASS","items_purchased":[],"campfire_rested":1,"item_purchase_floors":[],"current_hp_per_floor":[72,72,72,67,67,67,54,52,52,52,52,42,41,41,41,24,72,65,59,59,59,34,55,0,0],"gold":493,"neow_bonus":"THREE_ENEMY_KILL","is_daily":false,"chose_seed":false,"campfire_upgraded":3,"win_rate":0.0,"timestamp":1611842250,"path_taken":["M","M","M","M","?","R","E","?","T","R","?","E","M","?","R","BOSS","M","M","?","?","M","R","E"],"items_purchased_type":[],"build_version":"2020-12-22","purchased_purges":0,"victory":false,"max_hp_per_floor":[72,72,72,72,72,72,72,72,72,72,72,72,72,72,72,72,72,72,72,72,72,72,72,72,72],"card_choices":[{"not_picked":["ats:Curse Doll","ats:Hammer On"],"picked":"ats:Thorns","floor":1},{"not_picked":["ats:Explosion Area Strengthen","ats:Sunburst"],"picked":"ats:Curse Doll","floor":2},{"not_picked":["ats:Explosion Area Strengthen","ats:Poison Spread"],"picked":"ats:Closed Bolt Burst Fire","floor":3},{"not_picked":["ats:Explosion Area Strengthen","ats:Serious Mode"],"picked":"ats:Closed Bolt Burst Fire","floor":4},{"not_picked":["ats:Collapsing Strike","ats:Soul Absorption"],"picked":"ats:Revitalization","floor":7},{"not_picked":["ats:Very Hot Blade","ats:Consecutive Shot Auto"],"picked":"ats:Spore Proliferation","floor":8},{"not_picked":["ats:Cat Scratch","ats:Very Hot Blade"],"picked":"ats:Disruption Kick","floor":11},{"not_picked":["ats:Encircling Forest","ats:Guard Mode"],"picked":"ats:Red Shift","floor":11},{"not_picked":["ats:Revitalization","ats:Consecutive Shot Auto"],"picked":"ats:Volcano","floor":12},{"not_picked":["ats:Overload","ats:Explosion Area Strengthen","ats:Hammer On"],"picked":"SKIP","floor":13},{"not_picked":["ats:Wolf Pack","ats:Disruption Kick"],"picked":"ats:Dogmatic Field","floor":16},{"not_picked":["ats:Revitalization","ats:Mental Burst"],"picked":"ats:Flame Of Heaven","floor":18},{"not_picked":["ats:Very Hot Blade","ats:Cat Scratch+1","ats:Powerful Strike"],"picked":"SKIP","floor":19},{"not_picked":["ats:Assault Order+1","ats:Encircling Forest"],"picked":"ats:Demon Strength","floor":22}],"player_experience":205086,"relics_obtained":[{"floor":7,"key":"ats:Originium"},{"floor":7,"key":"yuri:PortableGlitches"},{"floor":9,"key":"Smiling Mask"},{"floor":11,"key":"hubris:SlimyHat"},{"floor":12,"key":"ats:Originium"},{"floor":12,"key":"Grinning Jar"}],"event_choices":[{"damage_healed":0,"gold_gain":0,"player_choice":"Bought 0 Potions","damage_taken":0,"max_hp_gain":0,"max_hp_loss":0,"event_name":"The Woman in Blue","floor":5,"gold_loss":0},{"damage_healed":0,"gold_gain":0,"player_choice":"Grow","damage_taken":0,"max_hp_gain":0,"max_hp_loss":0,"event_name":"Living Wall","floor":14,"gold_loss":0,"cards_upgraded":["ats:Disruption Kick"]}],"is_beta":false,"boss_relics":[{"not_picked":["hubris:ScarierMask","Coffee Dripper"],"picked":"Black Star"}],"items_purged_floors":[],"is_endless":false,"potions_floor_spawned":[3,4,12,19],"killed_by":"Gremlin Leader","ascension_level":0}}