{"host":"k2mw1od0xoi9pcfj","time":1611807372,"event":{"mods":["100% Spire Juice","Act Like it!","Aspiration","BaseMod","Beaked The Cultist","Downfall","Energized Spire","Hermit","Highlight Path","Minty Spire (QoL Compilation)","Permanent Neow","Relic Stats","Replay The Spire","Retaliation","StSLib","TheHeartMod"],"gold_per_floor":[113,210,210,226,236,266,279,279,305,334,334,353,366,386,386,482,482,500,500,55,75,89,118,118,118,118,118,118,78,78,88,88,187,187,197,216,216,216,65,65,97,110,110,110,110],"floor_reached":44,"language":"ENG","playtime":3130,"items_purged":[],"score":618,"play_id":"cd73e853-cfd0-4e35-aa09-ce97b9174f57","local_time":"20210127221612","is_ascension_mode":false,"campfire_choices":[{"data":"beaked:MaddeningMurmurs","floor":8,"key":"SMITH"},{"data":"beaked:AwakenedForm","floor":15,"key":"SMITH"},{"data":"beaked:MimicMachine","floor":24,"key":"SMITH"},{"floor":28,"key":"RECALL"},{"floor":32,"key":"DIG"},{"data":"beaked:AwakenedForm","floor":40,"key":"SMITH"}],"circlet_count":0,"master_deck":["beaked:Strike_Y","beaked:Strike_Y","beaked:Strike_Y","beaked:Strike_Y","beaked:Strike_Y","beaked:Strike_Y","beaked:Defend_Y","beaked:Defend_Y","beaked:Defend_Y","beaked:Defend_Y","beaked:Ceremony","beaked:Ceremony","beaked:Ceremony","beaked:MaddeningMurmurs+1","beaked:MachineEssence","beaked:Hexing","beaked:Foresight","beaked:CrazyRituals","beaked:Hexing","beaked:MimicMachine+1","beaked:CrazyRituals","beaked:Evade","beaked:AwakenedForm+1","beaked:Sacrifice","beaked:Molting+1","DDmod:MulticlassingSkill","beaked:Insight","beaked:Insight+1","beaked:MimicWarrior","beaked:Insight","beaked:Insight","beaked:MaddeningMurmurs","beaked:Evade","Electrodynamics","beaked:KnowThyFoe","Armaments","beaked:MaddeningMurmurs","beaked:Poke+1","beaked:BraceForImpact+1","beaked:MaddeningMurmurs+1","beaked:AwakenedForm+1","Madness","Madness","Heavy Blade","Fire Breathing","beaked:Hexing+1"],"relics":["beaked:MendingPlumage","aspiration:Nostalgia","Slimebound:AbsorbEndCombat","FossilizedHelix","ReplayTheSpireMod:Ninjato","Sozu","Dead Branch","Durian","Prayer Wheel","Boot","aspiration:ChemicalBlood","aspiration:FrozenJewel","ReplayTheSpireMod:TigerMarble","Prayer Wheel","aspiration:IroncladSkillbook","Chemical X","Turnip","Sundial"],"acts_visited":["Exordium","TheCity","TheBeyond"],"potions_floor_usage":[],"damage_taken":[{"damage":8,"enemies":"Jaw Worm","floor":1,"turns":5},{"damage":16,"enemies":"Small Slimes","floor":4,"turns":8},{"damage":12,"enemies":"Cultist","floor":5,"turns":5},{"damage":44,"enemies":"3 Sentries","floor":6,"turns":11},{"damage":32,"enemies":"3 Louse","floor":7,"turns":9},{"damage":26,"enemies":"Lagavulin","floor":10,"turns":8},{"damage":47,"enemies":"Exordium Thugs","floor":12,"turns":7},{"damage":0,"enemies":"Large Slime","floor":13,"turns":8},{"damage":29,"enemies":"Blue Slaver","floor":14,"turns":8},{"damage":10,"enemies":"The Guardian","floor":16,"turns":11},{"damage":49,"enemies":"3 Byrds","floor":18,"turns":6},{"damage":6,"enemies":"Spheric Guardian","floor":21,"turns":8},{"damage":6,"enemies":"Snecko","floor":22,"turns":6},{"damage":53,"enemies":"Gremlin Leader","floor":23,"turns":5},{"damage":0,"enemies":"3 Cultists","floor":31,"turns":5},{"damage":15,"enemies":"Automaton","floor":33,"turns":5},{"damage":78,"enemies":"Orb Walker","floor":35,"turns":7},{"damage":24,"enemies":"3 Darklings","floor":36,"turns":6},{"damage":24,"enemies":"Giant Head","floor":41,"turns":7},{"damage":56,"enemies":"Transient","floor":42,"turns":5},{"damage":125,"enemies":"2 Orb Walkers","floor":44,"turns":6}],"seed_played":"-8055250719841238195","potions_obtained":[{"floor":5,"key":"Venom Potion"},{"floor":6,"key":"DDmod:CleansePotion"},{"floor":7,"key":"Adrenaline Potion"},{"floor":11,"key":"Dexterity Potion"}],"is_trial":false,"path_per_floor":["M","?","?","M","M","E","M","R","T","E","?","M","M","M","R","B",null,"M","?","$","M","M","E","R","T","T","?","R","$","?","M","R","B",null,"M","M","?","?","$","R","E","M","T","?"],"character_chosen":"BEAKED_THE_CULTIST","items_purchased":["Durian","DDmod:MulticlassingSkill","beaked:Insight","beaked:Insight","Chemical X"],"campfire_rested":0,"item_purchase_floors":[20,20,20,29,39],"current_hp_per_floor":[50,38,38,50,49,50,46,46,46,33,33,19,50,47,47,46,50,53,53,58,60,60,65,65,65,65,65,65,65,65,71,71,73,73,55,76,76,66,66,66,76,64,64,0,0],"gold":110,"neow_bonus":"NOSTALGIA","is_daily":false,"chose_seed":false,"campfire_upgraded":4,"win_rate":0.0,"timestamp":1611807372,"path_taken":["M","?","?","M","M","E","M","R","T","E","?","?","M","M","R","BOSS","M","?","$","M","M","E","R","?","T","?","R","$","?","M","R","BOSS","M","M","?","?","$","R","E","M","T","?"],"items_purchased_type":["Relic","Card","Card","Card","Relic"],"build_version":"2020-12-22","purchased_purges":0,"victory":false,"max_hp_per_floor":[50,50,50,50,50,50,50,50,50,50,50,50,50,50,50,50,50,53,53,58,63,65,65,65,65,65,65,65,65,65,71,71,73,73,73,76,76,76,76,76,76,78,78,78,78],"relic_stats":{"Sozu":7,"counters":[21,146],"Sundial":[0],"Dead Branch":[129],"Prayer Wheel":6,"Turnip":[0],"Chemical X":[4],"Boot":[16],"obtain_stats":[{"ReplayTheSpireMod:Ninjato":10,"aspiration:Nostalgia":0,"Dead Branch":19,"Boot":23,"aspiration:FrozenJewel":26,"aspiration:IroncladSkillbook":34,"Sozu":17,"Sundial":43,"Prayer Wheel":21,"Turnip":41,"Slimebound:AbsorbEndCombat":0,"Durian":20,"ReplayTheSpireMod:TigerMarble":32,"Chemical X":39,"beaked:MendingPlumage":0,"FossilizedHelix":6,"aspiration:ChemicalBlood":25},{"ReplayTheSpireMod:Ninjato":6,"aspiration:Nostalgia":0,"Dead Branch":11,"Boot":14,"aspiration:FrozenJewel":14,"aspiration:IroncladSkillbook":16,"Sozu":10,"Sundial":20,"Prayer Wheel":12,"Turnip":19,"Slimebound:AbsorbEndCombat":0,"Durian":11,"ReplayTheSpireMod:TigerMarble":15,"Chemical X":18,"beaked:MendingPlumage":0,"FossilizedHelix":4,"aspiration:ChemicalBlood":14},{"ReplayTheSpireMod:Ninjato":46,"aspiration:Nostalgia":0,"Dead Branch":86,"Boot":105,"aspiration:FrozenJewel":105,"aspiration:IroncladSkillbook":115,"Sozu":80,"Sundial":140,"Prayer Wheel":91,"Turnip":135,"Slimebound:AbsorbEndCombat":0,"Durian":86,"ReplayTheSpireMod:TigerMarble":110,"Chemical X":128,"beaked:MendingPlumage":0,"FossilizedHelix":29,"aspiration:ChemicalBlood":105}]},"card_choices":[{"not_picked":["beaked:Evade","beaked:Flinch"],"picked":"beaked:MaddeningMurmurs","floor":1},{"not_picked":["beaked:VigorBurst","beaked:Tweet"],"picked":"beaked:MachineEssence","floor":2},{"not_picked":["beaked:Resilience","beaked:SurvivalInstinct"],"picked":"beaked:Hexing","floor":2},{"not_picked":["beaked:Cower","beaked:Mantra"],"picked":"beaked:Foresight","floor":4},{"not_picked":["beaked:SacrificialDive","beaked:SurvivalInstinct","beaked:Resilience"],"picked":"SKIP","floor":5},{"not_picked":["beaked:FullHouse","beaked:Daydream"],"picked":"beaked:CrazyRituals","floor":6},{"not_picked":["beaked:Resilience","beaked:WarriorEssence"],"picked":"beaked:Hexing","floor":7},{"not_picked":["beaked:SacrificialDive","beaked:DesperateSwing"],"picked":"beaked:MimicMachine","floor":10},{"not_picked":["beaked:WarriorEssence","beaked:Molting"],"picked":"beaked:CrazyRituals","floor":12},{"not_picked":["beaked:BounceBack","beaked:Poke"],"picked":"beaked:Evade","floor":13},{"not_picked":["beaked:CursingBlood","beaked:Cower"],"picked":"beaked:AwakenedForm","floor":14},{"not_picked":["beaked:Caw","beaked:Brainwash"],"picked":"beaked:Sacrifice","floor":16},{"not_picked":["beaked:DigDeep+1","beaked:Resilience"],"picked":"beaked:Molting+1","floor":18},{"not_picked":["beaked:TuckingFeathers+1","beaked:CursingBlood"],"picked":"beaked:Insight+1","floor":21},{"not_picked":["beaked:BounceBack","beaked:BloodForTheGods","beaked:Cower+1"],"picked":"SKIP","floor":21},{"not_picked":["beaked:Devastation","beaked:Tradeoff"],"picked":"beaked:Evade","floor":22},{"not_picked":["beaked:SurvivalInstinct","beaked:VigorBurst+1"],"picked":"beaked:MimicWarrior","floor":22},{"not_picked":["beaked:Devastation","beaked:Flinch","beaked:Tradeoff"],"picked":"SKIP","floor":23},{"not_picked":["beaked:CursingBlood","beaked:Roost+1"],"picked":"beaked:MaddeningMurmurs","floor":31},{"not_picked":["beaked:Tweet","beaked:BarbedWire"],"picked":"beaked:Evade","floor":31},{"not_picked":["beaked:VolatileMisfortune","beaked:LiftOff"],"picked":"beaked:KnowThyFoe","floor":33},{"not_picked":["DDmod:SpikedSkill+1","beaked:WarriorSpirit","Dropkick+1"],"picked":"Armaments","floor":35},{"not_picked":["beaked:Resilience+1","Whirlwind","beaked:Flinch+1"],"picked":"beaked:MaddeningMurmurs","floor":35},{"not_picked":["DDmod:UnstoppableAttack","DDmod:PokeAttack+1","Flame Barrier"],"picked":"beaked:Poke+1","floor":35},{"not_picked":["Warcry+1","beaked:Tradeoff","DDmod:CallousedSkill+1"],"picked":"beaked:BraceForImpact+1","floor":36},{"not_picked":["Cleave+1","ReplayTheSpireMod:Strike From Hell+1","DDmod:PokeAttack+1"],"picked":"beaked:MaddeningMurmurs+1","floor":36},{"not_picked":["Clash+1","Shockwave","DDmod:ScaleUpSkill"],"picked":"beaked:AwakenedForm","floor":36},{"not_picked":["Sever Soul+1","DDmod:PokeAttack","beaked:Tweet","beaked:Replenish+1"],"picked":"SKIP","floor":41},{"not_picked":["beaked:BounceBack","beaked:Flinch","Rage+1"],"picked":"Heavy Blade","floor":42},{"not_picked":["beaked:Resilience","beaked:DigDeep","beaked:Brace"],"picked":"Fire Breathing","floor":42},{"not_picked":["DDmod:SpikedSkill","beaked:BounceBack+1","beaked:Windmill"],"picked":"beaked:Hexing+1","floor":42}],"player_experience":864864,"relics_obtained":[{"floor":6,"key":"FossilizedHelix"},{"floor":10,"key":"ReplayTheSpireMod:Ninjato"},{"floor":23,"key":"Boot"},{"floor":25,"key":"aspiration:ChemicalBlood"},{"floor":26,"key":"aspiration:FrozenJewel"},{"floor":32,"key":"ReplayTheSpireMod:TigerMarble"},{"floor":41,"key":"Turnip"},{"floor":43,"key":"Sundial"}],"event_choices":[{"damage_healed":0,"gold_gain":0,"player_choice":"Leave","damage_taken":0,"max_hp_gain":0,"max_hp_loss":0,"event_name":"The Cleric","floor":3,"gold_loss":0},{"damage_healed":0,"gold_gain":0,"player_choice":"Got Potions","damage_taken":0,"max_hp_gain":0,"max_hp_loss":0,"event_name":"Lab","floor":11,"gold_loss":0},{"damage_healed":0,"gold_gain":0,"player_choice":"Ignored","damage_taken":0,"max_hp_gain":0,"max_hp_loss":0,"event_name":"Beggar","floor":27,"gold_loss":0},{"damage_healed":0,"gold_gain":0,"player_choice":"Ignored","damage_taken":0,"max_hp_gain":0,"max_hp_loss":0,"event_name":"Ghosts","floor":30,"gold_loss":0},{"cards_removed":["beaked:Evade"],"damage_healed":0,"gold_gain":0,"player_choice":"Removed Skill","damage_taken":0,"max_hp_gain":0,"max_hp_loss":0,"event_name":"Falling","floor":37,"gold_loss":0},{"damage_healed":0,"gold_gain":0,"player_choice":"Embrace Madness","damage_taken":10,"max_hp_gain":0,"max_hp_loss":0,"event_name":"Winding Halls","floor":38,"gold_loss":0,"cards_obtained":["Madness","Madness"]},{"damage_healed":0,"gold_gain":0,"player_choice":"Fight","damage_taken":0,"max_hp_gain":0,"max_hp_loss":0,"event_name":"Mysterious Sphere","floor":44,"gold_loss":0}],"is_beta":false,"boss_relics":[{"not_picked":["beaked:SacredDeck","Runic Pyramid"],"picked":"Sozu"},{"not_picked":["Replay:Drink Me","aspiration:FutureDiary"],"picked":"aspiration:IroncladSkillbook"}],"items_purged_floors":[],"is_endless":false,"potions_floor_spawned":[5,6,7,13,16,18,23,31,33,36,41,42],"killed_by":"2 Orb Walkers","ascension_level":0}}