{"host":"zyv4qd6no272sqjf","time":1611803859,"event":{"mods":["AchievementEnabler","BaseMod","Colored Map","Minty Spire (QoL Compilation)","Relic Stats","Slay the Relics Exporter","StSLib","everything is the same but u backflip on backflip"],"gold_per_floor":[109,122,136,136,149,149,160,172,241,241,271,51,51,71,71,143,143,143,143],"floor_reached":18,"language":"ENG","playtime":754,"items_purged":[],"score":320,"play_id":"3cd476f9-f01e-4b41-8586-333ea3d6890a","local_time":"20210128131739","is_ascension_mode":true,"campfire_choices":[{"data":"Predator","floor":6.0,"key":"SMITH"},{"floor":10.0,"key":"REST"},{"floor":15,"key":"REST"}],"circlet_count":0,"master_deck":["AscendersBane","Strike_G","Strike_G","Strike_G","Strike_G","Defend_G","Defend_G","Defend_G","Defend_G","Survivor","Neutralize","Quick Slash","Predator+1","Backflip","Sucker Punch","Phantasmal Killer","Blade Dance","Footwork","Venomology"],"relics":["SlaversCollar","Mummified Hand","Shuriken","Incense Burner","Empty Cage"],"acts_visited":["Exordium","TheCity"],"potions_floor_usage":[14],"damage_taken":[{"damage":5.0,"enemies":"Cultist","floor":1.0,"turns":5.0},{"damage":4.0,"enemies":"2 Louse","floor":2.0,"turns":5.0},{"damage":2.0,"enemies":"Jaw Worm","floor":3.0,"turns":5.0},{"damage":4.0,"enemies":"Exordium Wildlife","floor":5.0,"turns":6.0},{"damage":3.0,"enemies":"Looter","floor":7.0,"turns":3.0},{"damage":2.0,"enemies":"Red Slaver","floor":8.0,"turns":3.0},{"damage":12.0,"enemies":"Lagavulin","floor":11.0,"turns":6.0},{"damage":10,"enemies":"3 Louse","floor":14,"turns":4},{"damage":1,"enemies":"Hexaghost","floor":16,"turns":9},{"damage":6,"enemies":"3 Byrds","floor":18,"turns":3}],"seed_played":"-1590405723502162774","potions_obtained":[{"floor":1.0,"key":"Block Potion"},{"floor":2.0,"key":"BlessingOfTheForge"},{"floor":5.0,"key":"SteroidPotion"},{"floor":8.0,"key":"Fire Potion"},{"floor":11.0,"key":"ColorlessPotion"}],"is_trial":false,"path_per_floor":["M","M","M","$","M","R","M","M","T","R","E","$","?","M","R","B",null,"M"],"character_chosen":"THE_SILENT","items_purchased":["Phantasmal Killer","Blade Dance"],"campfire_rested":2,"item_purchase_floors":[12,12],"current_hp_per_floor":[54,50,48,48,44,44,41,39,39,58,46,46,46,36,55,54,63,57,57],"gold":143,"neow_bonus":"BOSS_RELIC","is_daily":false,"chose_seed":false,"campfire_upgraded":1,"win_rate":0.0,"timestamp":1611803859,"path_taken":["M","M","?","?","M","R","M","M","T","R","E","?","?","M","R","BOSS","M"],"items_purchased_type":["Card","Card"],"build_version":"2020-12-22","purchased_purges":0,"victory":false,"max_hp_per_floor":[66,66,66,66,66,66,66,66,66,66,66,66,66,66,66,66,66,66,66],"relic_stats":{"counters":[10,49],"Mummified Hand":[2],"Shuriken":[5],"obtain_stats":[{"SlaversCollar":0,"Mummified Hand":9,"Shuriken":11,"Incense Burner":13,"Empty Cage":17,"Ring of the Snake":0},{"SlaversCollar":0,"Mummified Hand":6,"Shuriken":7,"Incense Burner":7,"Empty Cage":9,"Ring of the Snake":0},{"SlaversCollar":0,"Mummified Hand":27,"Shuriken":33,"Incense Burner":33,"Empty Cage":46,"Ring of the Snake":0}]},"card_choices":[{"not_picked":["Concentrate","Tactician","Escape Plan"],"picked":"SKIP","floor":1.0},{"not_picked":["Riddle With Holes","Dodge and Roll"],"picked":"Quick Slash","floor":2.0},{"not_picked":["Sucker Punch","Bane"],"picked":"Predator","floor":3.0},{"not_picked":["Flying Knee","Calculated Gamble"],"picked":"Backflip","floor":5.0},{"not_picked":["Noxious Fumes","Escape Plan","Deflect"],"picked":"SKIP","floor":7.0},{"not_picked":["Masterful Stab","Underhanded Strike","Deadly Poison"],"picked":"SKIP","floor":8.0},{"not_picked":["Dodge and Roll","Poisoned Stab"],"picked":"Sucker Punch","floor":11.0},{"not_picked":["Deadly Poison","Sucker Punch"],"picked":"Footwork","floor":14},{"not_picked":["Bullet Time","Envenom"],"picked":"Venomology","floor":16}],"player_experience":401644,"relics_obtained":[{"floor":9.0,"key":"Mummified Hand"},{"floor":11.0,"key":"Shuriken"}],"event_choices":[{"damage_healed":0,"gold_gain":0,"player_choice":"Searched \u00271\u0027 times","damage_taken":0,"relics_obtained":["Incense Burner"],"max_hp_gain":0,"max_hp_loss":0,"event_name":"Dead Adventurer","floor":13,"gold_loss":0}],"is_beta":false,"boss_relics":[{"not_picked":["Sozu","Busted Crown"],"picked":"Empty Cage"}],"items_purged_floors":[],"is_endless":false,"potions_floor_spawned":[1,2,5,8,11],"killed_by":"3 Byrds","ascension_level":19}}