{"host":"viepjj0bn20d0lzc","time":1611803142,"event":{"mods":["AchievementEnabler","BaseMod","Better Altar","Better Match","Better Note","Better Sensory Stone","Better Skull","Better Third Choice","Better Vampires","Block Reminder","Colored Map","Colored Powertips","Disable Question Mark Monsters","Downfall","Hermit","Highlight Path","Hubris","Mimic Mod","Minty Spire (QoL Compilation)","Permanent Neow","Practice Mode","Quick Restart","Random Character Button","Rare Cards Sparkle","Relic Sorter","Reliquary","Replay The Spire","StSLib","The Blue Laboratory","The Cursed","The Jungle","The Runesmith","Wandering Minibosses"],"gold_per_floor":[99,118,218,232,248,248,248,274,274,74,87,97,97,131,142,238,238,238,250,250,263,263,277,277,297,307,292,309,336,18,36,49,146,146,46,59,70,400,419,436,436,361,361,361,361,372,406,426,442,442,442,442],"floor_reached":50,"language":"ENG","playtime":4579,"items_purged":["Guardian:Planning"],"score":612,"play_id":"b71d7b5d-e739-4113-9aa3-74249f7dbde9","local_time":"20210127210542","is_ascension_mode":false,"campfire_choices":[{"floor":6.0,"key":"RECALL"},{"data":"Guardian:PiercingHide","floor":10.0,"key":"SMITH"},{"floor":13.0,"key":"REST"},{"data":"Guardian:SentryBeam","floor":18.0,"key":"SMITH"},{"data":"Guardian:RevengeProtocol","floor":35,"key":"SMITH"},{"data":"Guardian:SphericShield","floor":43,"key":"SMITH"},{"data":"Guardian:TwinSlam","floor":45,"key":"SMITH"}],"circlet_count":0,"master_deck":["Guardian:Strike_Guardian","Guardian:Strike_Guardian","Guardian:Strike_Guardian","Guardian:Strike_Guardian+1","Guardian:Defend_Guardian","Guardian:Defend_Guardian","Guardian:Defend_Guardian","Guardian:Defend_Guardian","Guardian:CurlUp","Guardian:TwinSlam+1","Guardian:PiercingHide+1","Guardian:PrimingBeam","Guardian:EvasiveProtocol+1","Guardian:RevengeProtocol+1","Guardian:SentryBeam+1","Guardian:RollAttack+1","Guardian:PolyBeam+1","Guardian:ChargeCore","Guardian:WalkerClaw+1","Guardian:ArmoredProtocol+1","Guardian:SpikerProtocol","Guardian:RevengeProtocol+1","Guardian:GuardianWhirl+1","Guardian:SphericShield+1","Guardian:TemporalStrike","Guardian:PiercingHide+1","Voices","Guardian:Gem_Green","Guardian:Gem_Purple"],"relics":["Guardian:ModeShifter","hubris:Towel","hubris:Spice","downfall:HeartBlessingBlue","downfall:HeartBlessingRed","reliquary:Buckler","Sozu","reliquary:KinkedSpring","SlaversCollar","Whetstone","Calipers","Blood Vial","Pen Nib","hubris:Stopwatch","downfall:HeartBlessingGreen","Shuriken","ReplayTheSpireMod:Ring of Collecting","ReplayTheSpireMod:Ring of Exchange","Mango"],"acts_visited":["Exordium","TheCity","TheBeyond"],"potions_floor_usage":[],"damage_taken":[{"damage":2.0,"enemies":"Small Slimes","floor":2.0,"turns":6.0},{"damage":1.0,"enemies":"Jaw Worm","floor":4.0,"turns":4.0},{"damage":1.0,"enemies":"Cultist","floor":5.0,"turns":5.0},{"damage":36.0,"enemies":"Replay:BlueRogue","floor":8.0,"turns":12.0},{"damage":5.0,"enemies":"2 Fungi Beasts","floor":11.0,"turns":6.0},{"damage":0.0,"enemies":"Exordium Thugs","floor":12.0,"turns":3.0},{"damage":19.0,"enemies":"3 Sentries","floor":14.0,"turns":11.0},{"damage":22.0,"enemies":"3 Louse","floor":15.0,"turns":6.0},{"damage":97.0,"enemies":"WA_ARCHETYPE_RETAIN","floor":16.0,"turns":19.0},{"damage":0.0,"enemies":"3 Byrds","floor":19.0,"turns":4.0},{"damage":0.0,"enemies":"Spheric Guardian","floor":21.0,"turns":4.0},{"damage":7.0,"enemies":"Snake Plant","floor":23.0,"turns":5.0},{"damage":0.0,"enemies":"Sentry and Sphere","floor":25.0,"turns":4.0},{"damage":0.0,"enemies":"3 Cultists","floor":26.0,"turns":5.0},{"damage":5,"enemies":"downfall:FleeingMerchant","floor":27,"turns":4},{"damage":13,"enemies":"Snake Plant","floor":28,"turns":3},{"damage":29,"enemies":"Gremlin Leader","floor":29,"turns":5},{"damage":0,"enemies":"downfall:FleeingMerchant","floor":30,"turns":4},{"damage":5,"enemies":"Cultist and Chosen","floor":31,"turns":4},{"damage":11,"enemies":"Shelled Parasite and Fungi","floor":32,"turns":4},{"damage":21,"enemies":"SI_MIRROR_ARCHETYPE","floor":33,"turns":10},{"damage":4,"enemies":"3 Darklings","floor":36,"turns":7},{"damage":0,"enemies":"3 Shapes","floor":37,"turns":4},{"damage":0,"enemies":"downfall:FleeingMerchant","floor":38,"turns":4},{"damage":12,"enemies":"Jaw Worm Horde","floor":39,"turns":3},{"damage":11,"enemies":"Spire Growth","floor":40,"turns":4},{"damage":0,"enemies":"Transient","floor":46,"turns":5},{"damage":26,"enemies":"Reptomancer","floor":47,"turns":4},{"damage":11,"enemies":"4 Shapes","floor":48,"turns":6},{"damage":0,"enemies":"Sphere and 2 Shapes","floor":49,"turns":1},{"damage":73,"enemies":"IC_BLOCK_ARCHETYPE","floor":50,"turns":12}],"seed_played":"4517569310498496873","potions_obtained":[{"floor":2.0,"key":"Dexterity Potion"},{"floor":12.0,"key":"Guardian:StasisDiscoveryPotion"},{"floor":14.0,"key":"Elixir"}],"is_trial":false,"path_per_floor":["R_BF","M","?","M","M","R","T","E","?","R","M","M","R","E","M","B",null,"R","M","?","M","?","M","T","M","M","$","M","E","$","M","M","B",null,"R","M","M","$","M","M","T","$","R","?","R","M","E","M","M","B"],"character_chosen":"GUARDIAN","items_purchased":["Blood Vial","Pen Nib"],"campfire_rested":1,"item_purchase_floors":[30,30],"current_hp_per_floor":[88,86,86,85,84,84,84,56,56,66,61,61,92,73,71,27,106,106,106,75,75,75,68,68,68,68,63,50,21,21,23,14,6,106,106,102,104,106,94,85,85,85,85,85,85,87,77,68,70,0,0,0],"gold":442,"neow_bonus":"TEN_PERCENT_HP_BONUS","is_daily":false,"chose_seed":false,"campfire_upgraded":5,"win_rate":0.0,"timestamp":1611803142,"path_taken":["R_BF","M","?","M","M","R","T","E","?","R","M","M","R","E","M","BOSS","R","M","?","M","?","M","T","?","M","?","M","E","$","M","M","BOSS","R","M","M","$","M","M","T","$","R","?","R","M","E","M","M","BOSS"],"items_purchased_type":["Relic","Relic"],"build_version":"2020-12-22","purchased_purges":1,"victory":false,"max_hp_per_floor":[88,88,88,88,88,88,88,96,96,106,106,106,106,106,106,106,106,106,106,106,106,106,106,106,106,106,106,106,106,106,106,106,106,106,106,106,106,106,106,106,106,106,106,106,106,106,120,120,120,120,120,120],"card_choices":[{"not_picked":["Guardian:CrystalBeam","Guardian:Reroute"],"picked":"Guardian:Gem_Blue","floor":2.0},{"not_picked":["Guardian:ShieldCharger","Guardian:TemporalShield"],"picked":"Guardian:Gem_Cyan","floor":4.0},{"not_picked":["Guardian:PrismaticBarrier","Guardian:EvasiveProtocol"],"picked":"Guardian:PiercingHide","floor":5.0},{"not_picked":["Guardian:Incinerate","Guardian:Gem_Green"],"picked":"Guardian:PrimingBeam","floor":8.0},{"not_picked":["Guardian:ExploitGems","Guardian:ShieldSpikes"],"picked":"Guardian:EvasiveProtocol","floor":11.0},{"not_picked":["Guardian:CrystalBeam","Guardian:Gem_Cyan"],"picked":"Guardian:Planning","floor":12.0},{"not_picked":["Guardian:Planning","Guardian:TemporalStrike"],"picked":"Guardian:RevengeProtocol","floor":14.0},{"not_picked":["Guardian:Repulse","Guardian:Reroute"],"picked":"Guardian:SentryBeam","floor":15.0},{"not_picked":["Guardian:SphericShield","Guardian:AncientConstruct"],"picked":"Guardian:Gem_Synthetic","floor":16.0},{"not_picked":["Guardian:BronzeOrb","Guardian:WalkerClaw"],"picked":"Guardian:RollAttack","floor":19.0},{"not_picked":["Guardian:Preprogram","Guardian:Planning"],"picked":"Guardian:PolyBeam+1","floor":21.0},{"not_picked":["Guardian:TimeCapacitor","Guardian:TemporalShield"],"picked":"Guardian:ChargeCore","floor":23.0},{"not_picked":["Guardian:Reroute","Guardian:WalkerClaw"],"picked":"Guardian:Gem_Lightblue","floor":25.0},{"not_picked":["Guardian:TimeBomb+1","Guardian:Gem_Green"],"picked":"Guardian:WalkerClaw+1","floor":26.0},{"not_picked":["Guardian:SpikerProtocol","Guardian:PrimingBeam"],"picked":"Guardian:Gem_Orange","floor":27},{"not_picked":["Guardian:Gem_White","Guardian:ShieldCharger"],"picked":"Guardian:ArmoredProtocol+1","floor":28},{"not_picked":["Guardian:Gem_White","Guardian:Planning+1"],"picked":"Guardian:SpikerProtocol","floor":29},{"not_picked":["Guardian:PiercingHide","Guardian:Gem_Lightblue"],"picked":"Guardian:RevengeProtocol","floor":30},{"not_picked":["Guardian:Clone","Guardian:ShieldCharger","Guardian:Reroute"],"picked":"SKIP","floor":31},{"not_picked":["Guardian:Suspension","Guardian:PiercingHide"],"picked":"Guardian:GuardianWhirl+1","floor":32},{"not_picked":["Guardian:StasisStrike","Guardian:Gem_Orange"],"picked":"Guardian:SphericShield","floor":33},{"not_picked":["Guardian:PolyBeam+1","Guardian:CrystalBeam+1"],"picked":"Guardian:Gem_Green","floor":36},{"not_picked":["Guardian:BodySlam","Guardian:Repulse+1"],"picked":"Guardian:Gem_Fragmented","floor":37},{"not_picked":["Guardian:BronzeOrb+1","Guardian:PrismaticBarrier"],"picked":"Guardian:TemporalStrike","floor":38},{"not_picked":["Guardian:PrismaticBeam","Guardian:RollAttack","Guardian:Incinerate"],"picked":"SKIP","floor":39},{"not_picked":["Guardian:Suspension","Guardian:Planning+1"],"picked":"Guardian:PiercingHide+1","floor":40},{"not_picked":["Guardian:Gem_Crimson","Guardian:PrismaticBeam"],"picked":"Guardian:Gem_Green","floor":46},{"not_picked":["Guardian:SentryBeam","Guardian:TimeCapacitor","Guardian:Suspension"],"picked":"SKIP","floor":47},{"not_picked":["Guardian:TemporalShield","Guardian:Gem_Fragmented","Guardian:Repulse+1"],"picked":"SKIP","floor":48},{"not_picked":["Guardian:StasisField","Guardian:RollAttack"],"picked":"Guardian:Gem_Purple","floor":49}],"player_experience":36349,"relics_obtained":[{"floor":8.0,"key":"hubris:Spice"},{"floor":14.0,"key":"reliquary:Buckler"},{"floor":24.0,"key":"Whetstone"},{"floor":29,"key":"Calipers"},{"floor":41,"key":"Shuriken"},{"floor":44,"key":"ReplayTheSpireMod:Ring of Collecting"},{"floor":44,"key":"ReplayTheSpireMod:Ring of Exchange"},{"floor":47,"key":"Mango"}],"event_choices":[{"cards_removed":["Guardian:PolyBeam"],"damage_healed":0.0,"max_hp_gain":0.0,"max_hp_loss":0.0,"gold_gain":0.0,"event_name":"betterNote:BetterNote","player_choice":"Give","floor":22.0,"gold_loss":0.0,"damage_taken":0.0,"cards_obtained":["Slimebound:SplitLeeching"]}],"is_beta":false,"boss_relics":[{"not_picked":["ChewingGum","Painkiller Herb"],"picked":"Replay:Grab Bag"},{"not_picked":["hubris:VirtuousBlindfold","hubris:GrandSneckoEye"],"picked":"Sozu"},{"not_picked":["ReplayTheSpireMod:DimensionalGlitch","Runic Dome"],"picked":"reliquary:KinkedSpring"},{"not_picked":["Kintsugi","Astrolabe"],"picked":"SlaversCollar"},{"not_picked":["Snecko Eye","SacredBark"],"picked":"hubris:Stopwatch"}],"items_purged_floors":[42],"is_endless":false,"potions_floor_spawned":[2,12,14,16,23,26,28,31,33,37,39,40,48,49],"killed_by":"IC_BLOCK_ARCHETYPE","ascension_level":0}}