{"host":"28p8ce41sjwa6lzf","time":1611855874,"event":{"mods":["BaseMod","Bestiary","Colored Map","Colored Powertips","Dark Map","Highlight Path","Minty Spire (QoL Compilation)","Permanent Neow","Quick Restart","Random Character Button","Rare Cards Sparkle","Relic Stats","StSLib","Unceasing Turn Reminder"],"gold_per_floor":[113,132,142,142,142,142,170,181,204,204,43,43,57,92,92,92,92],"floor_reached":16,"language":"ENG","playtime":642,"items_purged":[],"score":220,"play_id":"189f82aa-0615-404f-a166-910be9fe198c","local_time":"20210128114434","is_ascension_mode":true,"campfire_choices":[{"data":"Sword Boomerang","floor":6.0,"key":"SMITH"},{"data":"Inflame","floor":12.0,"key":"SMITH"},{"data":"True Grit","floor":15,"key":"SMITH"}],"circlet_count":0,"master_deck":["AscendersBane","Strike_R","Strike_R","Strike_R","Strike_R","Strike_R","Defend_R","Defend_R","Defend_R","Defend_R","Bash","Inflame+1","Anger","Sword Boomerang+1","Shrug It Off","True Grit+1","Reaper"],"relics":["Burning Blood","Art of War","Toy Ornithopter","Regal Pillow","Anchor","Lee\u0027s Waffle","Oddly Smooth Stone"],"acts_visited":["Exordium"],"potions_floor_usage":[14],"damage_taken":[{"damage":15.0,"enemies":"Small Slimes","floor":1.0,"turns":6.0},{"damage":6.0,"enemies":"2 Louse","floor":2.0,"turns":4.0},{"damage":4.0,"enemies":"Jaw Worm","floor":3.0,"turns":4.0},{"damage":32.0,"enemies":"Gremlin Nob","floor":7.0,"turns":4.0},{"damage":7.0,"enemies":"Exordium Wildlife","floor":8.0,"turns":4.0},{"damage":0.0,"enemies":"Looter","floor":13.0,"turns":4.0},{"damage":43,"enemies":"3 Sentries","floor":14,"turns":10},{"damage":84,"enemies":"Slime Boss","floor":16,"turns":10}],"seed_played":"-7200652826546108165","potions_obtained":[{"floor":3.0,"key":"SkillPotion"},{"floor":7.0,"key":"FearPotion"}],"is_trial":false,"path_per_floor":["M","M","M","?","?","R","E","M","T","T","$","R","M","E","R","B"],"character_chosen":"IRONCLAD","items_purchased":["Lee\u0027s Waffle"],"campfire_rested":0,"item_purchase_floors":[11],"current_hp_per_floor":[59,59,61,66,66,66,40,39,39,39,87,87,87,57,57,0,0],"gold":92,"neow_bonus":"RANDOM_COMMON_RELIC","is_daily":false,"chose_seed":false,"campfire_upgraded":3,"win_rate":0.0,"timestamp":1611855874,"path_taken":["M","M","M","?","?","R","E","M","T","?","$","R","M","E","R","BOSS"],"items_purchased_type":["Relic"],"build_version":"2020-12-22","purchased_purges":0,"victory":false,"max_hp_per_floor":[75,75,75,80,80,80,80,80,80,80,87,87,87,87,87,87,87],"relic_stats":{"Regal Pillow":0,"Lee\u0027s Waffle":48,"counters":[8,46],"Art of War":[1],"obtain_stats":[{"Regal Pillow":9,"Anchor":10,"Lee\u0027s Waffle":11,"Oddly Smooth Stone":14,"Art of War":0,"Burning Blood":0,"Toy Ornithopter":7},{"Regal Pillow":5,"Anchor":5,"Lee\u0027s Waffle":5,"Oddly Smooth Stone":7,"Art of War":0,"Burning Blood":0,"Toy Ornithopter":4},{"Regal Pillow":22,"Anchor":22,"Lee\u0027s Waffle":22,"Oddly Smooth Stone":36,"Art of War":0,"Burning Blood":0,"Toy Ornithopter":18}],"Burning Blood":36,"Toy Ornithopter":0},"card_choices":[{"not_picked":["Wild Strike","Second Wind"],"picked":"Inflame","floor":1.0},{"not_picked":["Clash","Armaments"],"picked":"Anger","floor":2.0},{"not_picked":["Seeing Red","Body Slam"],"picked":"Sword Boomerang","floor":3.0},{"not_picked":["Rage","Flex"],"picked":"Shrug It Off","floor":7.0},{"not_picked":["Dark Embrace","Perfected Strike"],"picked":"True Grit","floor":8.0},{"not_picked":["Perfected Strike","Battle Trance"],"picked":"Reaper","floor":13.0},{"not_picked":["Pommel Strike","Cleave","Body Slam"],"picked":"SKIP","floor":14}],"player_experience":1194595,"relics_obtained":[{"floor":7.0,"key":"Toy Ornithopter"},{"floor":9.0,"key":"Regal Pillow"},{"floor":10.0,"key":"Anchor"},{"floor":14,"key":"Oddly Smooth Stone"}],"event_choices":[{"damage_healed":0.0,"max_hp_gain":5.0,"max_hp_loss":0.0,"gold_gain":0.0,"event_name":"Big Fish","player_choice":"Donut","floor":4.0,"gold_loss":0.0,"damage_taken":0.0},{"damage_healed":0.0,"max_hp_gain":0.0,"max_hp_loss":0.0,"gold_gain":0.0,"event_name":"Shining Light","player_choice":"Ignored","floor":5.0,"gold_loss":0.0,"damage_taken":0.0}],"is_beta":false,"boss_relics":[],"items_purged_floors":[],"is_endless":false,"potions_floor_spawned":[3,7,13],"killed_by":"Slime Boss","ascension_level":20}}