{"host":"dxb4eoww080epc4n","time":1611861559,"event":{"mods":["AchievementEnabler","BaseMod","Better Note","BetterRewards","Colored Powertips","Conspire","Energized Spire","GifTheSpireLib","Gremlin Skip","Hubris","KinomotoSakuraMod(????)","Minty Spire (QoL Compilation)","Permanent Neow","Quick Restart","Rare Cards Sparkle","Relic Sorter","Replay The Spire","Shop Mod","Spikes Relics","StSLib","The Animator"],"gold_per_floor":[228,228,248,248,26,26,64,64,110,110,129,47,61,85,85,85,85],"floor_reached":16,"language":"ENG","playtime":1124,"items_purged":[],"score":100,"play_id":"8e391e8e-bafd-4b1d-81bd-a54852319e7b","local_time":"20210128201919","is_ascension_mode":false,"campfire_choices":[{"floor":6,"key":"RECALL"},{"floor":8,"key":"REST"},{"data":"animator:EmiyaShirou","floor":10,"key":"SMITH"},{"floor":15,"key":"REST"}],"circlet_count":0,"master_deck":["animator:Strike_Fate","animator:Defend_Fate+1","animator:Strike","animator:Strike","animator:Strike","animator:Defend","animator:Defend","animator:Defend","animator:Alexander","animator:Rider","animator:Assassin","animator:EmiyaShirou+1","animator:YuiTsuruno","animator:Berserker","animator:Lancer","animator:Arpeggio","animator:Archer"],"relics":["animator:LivingPicture","animator:TheMissingPiece","MerchantsRug","Red Skull"],"acts_visited":["Exordium"],"potions_floor_usage":[],"damage_taken":[{"damage":5,"enemies":"Small Slimes","floor":1,"turns":4},{"damage":0,"enemies":"2 Louse","floor":3,"turns":3},{"damage":26,"enemies":"3 Sentries","floor":7,"turns":11},{"damage":0,"enemies":"Jaw Worm","floor":11,"turns":4},{"damage":0,"enemies":"3 Louse","floor":13,"turns":3},{"damage":45,"enemies":"Gremlin Gang","floor":14,"turns":7},{"damage":31,"enemies":"Hexaghost","floor":16,"turns":11}],"seed_played":"-9114080914886543026","potions_obtained":[{"floor":7,"key":"FearPotion"},{"floor":11,"key":"Elixir"}],"is_trial":false,"path_per_floor":["M","?","M","?","$","R","E","R","T","R","M","$","M","M","R","B"],"character_chosen":"THE_ANIMATOR","items_purchased":["MerchantsRug","animator:EmiyaShirou","animator:Lancer"],"campfire_rested":2,"item_purchase_floors":[5,5,12],"current_hp_per_floor":[61,61,61,61,61,61,35,54,54,54,55,55,55,10,30,0,0],"gold":85,"neow_bonus":"HUNDRED_GOLD","is_daily":false,"chose_seed":false,"campfire_upgraded":1,"win_rate":0.0,"timestamp":1611861559,"path_taken":["M","?","M","?","$","R","E","R","T","R","M","$","M","M","R","BOSS"],"items_purchased_type":["Relic","Card","Card"],"build_version":"2020-12-22","purchased_purges":0,"victory":false,"max_hp_per_floor":[66,66,66,66,66,66,66,66,66,66,67,67,67,67,67,67,67],"card_choices":[{"not_picked":["animator:Yoichi","animator:KrulTepes"],"picked":"animator:Assassin","floor":1},{"not_picked":["animator:Bozes","animator:Pride","animator:Demiurge"],"picked":"SKIP","floor":3},{"not_picked":["animator:Sloth","animator:OrikoMikuni"],"picked":"animator:YuiTsuruno","floor":7},{"not_picked":["animator:EmiyaShirou","animator:Illya"],"picked":"animator:Berserker","floor":11},{"not_picked":["animator:Pride","animator:Guren"],"picked":"animator:Arpeggio","floor":13},{"not_picked":["animator:Shinoa","animator:GazelDwargon"],"picked":"animator:Archer","floor":14}],"player_experience":167717,"relics_obtained":[{"floor":7,"key":"Red Skull"}],"event_choices":[{"damage_healed":0,"gold_gain":0,"player_choice":"Grow","damage_taken":0,"max_hp_gain":0,"max_hp_loss":0,"event_name":"Living Wall","floor":2,"gold_loss":0,"cards_upgraded":["animator:Defend_Fate"]}],"is_beta":false,"boss_relics":[],"items_purged_floors":[],"is_endless":false,"potions_floor_spawned":[7,11],"killed_by":"Hexaghost","ascension_level":0}}