{"host":"vqgrg90fv56geajp","time":1611867069,"event":{"mods":["BaseMod","Colored Map","Colored Powertips","Minty Spire (QoL Compilation)","Quick Restart","Rare Cards Sparkle","Relic Stats"],"gold_per_floor":[115,129,109,121,140,140,172,190,270,270,270,270,270],"floor_reached":12,"language":"ENG","playtime":692,"items_purged":[],"score":160,"play_id":"18bebf0c-7bc5-4c4c-b2a7-92cced7348b7","local_time":"20210128225109","is_ascension_mode":true,"campfire_choices":[{"floor":6,"key":"REST"},{"floor":10,"key":"REST"}],"circlet_count":0,"master_deck":["AscendersBane","Strike_G","Strike_G","Strike_G","Strike_G","Strike_G","Defend_G","Defend_G","Defend_G","Defend_G","Defend_G","Survivor","Neutralize","Endless Agony","Footwork","Footwork","Die Die Die","Escape Plan"],"relics":["Ring of the Snake","Bottled Tornado","Pear"],"acts_visited":["Exordium"],"potions_floor_usage":[5,7],"damage_taken":[{"damage":6,"enemies":"Cultist","floor":1,"turns":5},{"damage":9,"enemies":"Jaw Worm","floor":2,"turns":7},{"damage":0,"enemies":"2 Louse","floor":4,"turns":2},{"damage":9,"enemies":"Gremlin Gang","floor":5,"turns":5},{"damage":35,"enemies":"Gremlin Nob","floor":7,"turns":5},{"damage":4,"enemies":"Exordium Wildlife","floor":8,"turns":3},{"damage":19,"enemies":"Lagavulin","floor":12,"turns":13}],"seed_played":"6477765189830493028","potions_obtained":[{"floor":2,"key":"Swift Potion"},{"floor":3,"key":"Fire Potion"},{"floor":7,"key":"Weak Potion"}],"is_trial":false,"path_per_floor":["M","M","?","M","M","R","E","M","T","R","?","E"],"character_chosen":"THE_SILENT","items_purchased":[],"campfire_rested":2,"item_purchase_floors":[],"current_hp_per_floor":[59,50,50,50,41,62,27,23,33,57,82,63,63],"gold":270,"neow_bonus":"TEN_PERCENT_HP_BONUS","is_daily":false,"chose_seed":false,"campfire_upgraded":0,"win_rate":0.0,"timestamp":1611867069,"path_taken":["M","M","?","M","M","R","E","?","T","R","?","E"],"items_purchased_type":[],"build_version":"2020-12-22","purchased_purges":0,"victory":false,"max_hp_per_floor":[72,72,72,72,72,72,72,72,82,82,82,82,82],"relic_stats":{"counters":[7,40],"obtain_stats":[{"Pear":9,"Bottled Tornado":7,"Ring of the Snake":0},{"Pear":6,"Bottled Tornado":5,"Ring of the Snake":0},{"Pear":27,"Bottled Tornado":24,"Ring of the Snake":0}],"Ring of the Snake":[14]},"card_choices":[{"not_picked":["Sucker Punch","Distraction"],"picked":"Endless Agony","floor":1},{"not_picked":["Outmaneuver","Catalyst"],"picked":"Backstab","floor":2},{"not_picked":["Caltrops","Choke"],"picked":"Footwork","floor":4},{"not_picked":["Reflex","Dodge and Roll"],"picked":"Footwork","floor":5},{"not_picked":["Dagger Spray","Caltrops"],"picked":"Die Die Die","floor":7},{"not_picked":["Eviscerate","Endless Agony"],"picked":"Escape Plan","floor":8}],"player_experience":2515611,"relics_obtained":[{"floor":7,"key":"Bottled Tornado"},{"floor":9,"key":"Pear"}],"event_choices":[{"damage_healed":0,"gold_gain":0,"player_choice":"Bought 1 Potion","damage_taken":0,"max_hp_gain":0,"max_hp_loss":0,"event_name":"The Woman in Blue","floor":3,"gold_loss":0},{"cards_removed":["Backstab"],"damage_healed":25,"gold_gain":0,"player_choice":"Offered Uncommon","damage_taken":0,"max_hp_gain":0,"max_hp_loss":0,"event_name":"Bonfire Elementals","floor":11,"gold_loss":0}],"is_beta":false,"boss_relics":[],"items_purged_floors":[],"is_endless":false,"potions_floor_spawned":[2,7],"killed_by":"Lagavulin","ascension_level":20}}