{"host":"9slw7l0ws16384qq","time":1611816207,"event":{"mods":["A Penny For Your Troubles","BaseMod","Clockwork Mod","Colored Map","Evolution","Fiend Mod","Hermit","Hubris","Minty Spire (QoL Compilation)","Railgun Mod","Replay The Spire","Shedinja","StS++","StSLib"],"gold_per_floor":[114,59,2,21,21,21,54,66,66,66,66,83,129,156,156,257,257,275,200,200,174,74,74,86,86,111,118,118],"floor_reached":27,"language":"FRA","playtime":1098,"items_purged":["Replay:Hysterical Blindness","hermit:Defend_Hermit"],"score":342,"play_id":"8d741a30-a39b-456e-8bdd-425e86f28008","local_time":"20210128074327","is_ascension_mode":true,"campfire_choices":[{"data":"hermit:Brawl","floor":6.0,"key":"SMITH"},{"data":"hermit:Scavenge","floor":11.0,"key":"SMITH"},{"data":"hermit:Scavenge","floor":15.0,"key":"SMITH"},{"data":"hermit:Adapt","floor":23.0,"key":"SMITH"}],"circlet_count":0,"master_deck":["hermit:TrackingShot","hermit:TrackingShot","hermit:Strike_Hermit","hermit:Strike_Hermit","hermit:Defend_Hermit+1","hermit:Defend_Hermit","hermit:Defend_Hermit+1","hermit:Snapshot","hermit:Covet","hermit:Brawl+1","hermit:Brawl","hermit:Scavenge+1","hermit:Scavenge+1","hermit:Adapt+1","hermit:GoldenBullet"],"relics":["hermit:Momento","EVO:Axolotl","NeowsBlessing","Nunchaku","Potion Belt","hermit:RyeStalk","hubris:Towel","hubris:FunFungus","Regal Pillow","Replay:Ancient Bell","ReplayFunnel","StrikeDummy","hubris:Spice","Simple Rune","Akabeko"],"acts_visited":["Exordium","TheCity"],"potions_floor_usage":[],"damage_taken":[{"damage":0.0,"enemies":"Jaw Worm","floor":1.0,"turns":1.0},{"damage":0.0,"enemies":"Cultist","floor":4.0,"turns":1.0},{"damage":0.0,"enemies":"Lagavulin","floor":7.0,"turns":1.0},{"damage":7.0,"enemies":"Small Slimes","floor":8.0,"turns":4.0},{"damage":3.0,"enemies":"Blue Slaver","floor":12.0,"turns":4.0},{"damage":20.0,"enemies":"Replay:BlueRogue","floor":13.0,"turns":7.0},{"damage":20.0,"enemies":"Hexaghost","floor":16.0,"turns":9.0},{"damage":5.0,"enemies":"Shell Parasite","floor":18.0,"turns":8.0},{"damage":17.0,"enemies":"2 Thieves","floor":21.0,"turns":5.0},{"damage":1.0,"enemies":"Cultist and Chosen","floor":24.0,"turns":6.0},{"damage":49,"enemies":"Book of Stabbing","floor":27,"turns":8}],"seed_played":"3781859319725654209","potions_obtained":[{"floor":8.0,"key":"Dexterity Potion"},{"floor":16.0,"key":"Energy Potion"},{"floor":18.0,"key":"GamblersBrew"}],"is_trial":false,"path_per_floor":["M","$","?","M","?","R","E","M","T","?","R","M","E","T","R","B",null,"M","$","?","M","$","R","M","T","T","E"],"character_chosen":"HERMIT","items_purchased":["hermit:Brawl"],"campfire_rested":0,"item_purchase_floors":[2],"current_hp_per_floor":[68,68,68,68,68,68,68,61,61,61,61,58,38,38,38,23,70,65,65,65,48,48,48,48,48,48,0,0],"gold":118,"neow_bonus":"THREE_ENEMY_KILL","is_daily":false,"chose_seed":false,"campfire_upgraded":4,"win_rate":0.0,"timestamp":1611816207,"path_taken":["M","$","?","?","?","R","E","M","T","?","R","M","E","?","R","BOSS","M","$","?","?","$","R","M","?","T","E"],"items_purchased_type":["Card"],"build_version":"2020-12-22","purchased_purges":2,"victory":false,"max_hp_per_floor":[75,75,75,75,75,75,75,75,75,75,75,75,75,75,75,75,83,83,83,83,83,83,83,83,83,83,83,83],"card_choices":[{"not_picked":["hermit:Quickdraw","hermit:BodyArmor","hermit:Gestalt"],"picked":"SKIP","floor":1.0},{"not_picked":["hermit:WideOpen","hermit:FullyLoaded","hermit:LuckOfTheDraw"],"picked":"SKIP","floor":4.0},{"not_picked":["hermit:WideOpen","hermit:Misfire","hermit:Vantage"],"picked":"SKIP","floor":7.0},{"not_picked":["hermit:Grudge","hermit:Deadeye"],"picked":"hermit:Scavenge","floor":8.0},{"not_picked":["hermit:BigShot","hermit:Dive"],"picked":"hermit:Scavenge","floor":12.0},{"not_picked":["hermit:Gestalt","hermit:EyeOfTheStorm","hermit:LoneWolf"],"picked":"SKIP","floor":13.0},{"not_picked":["hermit:Roughhouse","hermit:DeadOrAlive"],"picked":"hermit:Adapt","floor":16.0},{"not_picked":["Voices","Amnesia"],"picked":"Replay:Hysterical Blindness","floor":17.0},{"not_picked":["Delirium","Voices"],"picked":"Languid","floor":17.0},{"not_picked":["ReplayTheSpireMod:Faulty Equipment","Doubt"],"picked":"hubris:Despair","floor":17.0},{"not_picked":["hermit:TrackingShot","hermit:Ricochet+1"],"picked":"hermit:GoldenBullet","floor":18.0},{"not_picked":["hermit:LoneWolf+1","hermit:DeadMansHand","hermit:Virtue+1"],"picked":"SKIP","floor":21.0},{"not_picked":["hermit:Snipe","hermit:Desperado","hermit:RoundhouseKick"],"picked":"SKIP","floor":24.0}],"player_experience":1946969,"relics_obtained":[{"floor":7.0,"key":"Potion Belt"},{"floor":9.0,"key":"hermit:RyeStalk"},{"floor":13.0,"key":"hubris:FunFungus"},{"floor":14.0,"key":"Regal Pillow"},{"floor":25.0,"key":"Simple Rune"},{"floor":26.0,"key":"Akabeko"}],"event_choices":[{"damage_healed":0.0,"max_hp_gain":0.0,"max_hp_loss":0.0,"gold_gain":0.0,"event_name":"WeMeetAgain","player_choice":"Paid Gold","floor":3.0,"gold_loss":57.0,"damage_taken":0.0,"relics_obtained":["Nunchaku"]},{"damage_healed":0.0,"max_hp_gain":0.0,"max_hp_loss":0.0,"gold_gain":0.0,"event_name":"Liars Game","player_choice":"Ignored","floor":5.0,"gold_loss":0.0,"damage_taken":0.0},{"cards_removed":["hubris:Despair","Languid"],"damage_healed":0.0,"max_hp_gain":0.0,"max_hp_loss":0.0,"gold_gain":0.0,"event_name":"Fountain of Cleansing","player_choice":"Removed Curses","floor":20.0,"gold_loss":0.0,"damage_taken":0.0}],"is_beta":false,"boss_relics":[{"not_picked":["Runic Dome","Painkiller Herb"],"picked":"Replay:Ancient Bell"},{"not_picked":["Dream Catcher","Gremlin Food"],"picked":"ReplayFunnel"},{"not_picked":["Blue Candle","hubris:MysteriousPyramids"],"picked":"StrikeDummy"},{"not_picked":["hermit:CharredGlove","WingedGreaves"],"picked":"hubris:Spice"}],"items_purged_floors":[19,22],"is_endless":false,"potions_floor_spawned":[8,16,18],"killed_by":"Book of Stabbing","ascension_level":8}}