{"host":"ya062ahhhuj9au1o","time":1611795072,"event":{"mods":["BaseMod","Better Third Choice","Downfall","Filter the Spire","Hermit","Minty Spire (QoL Compilation)","Random Character Button","Robot Space Explorer","Somnambulant","StSLib","The Bug Knight","The Cursed","The Marked","The Servant 0.9.4"],"gold_per_floor":[111,111,13,28,128,161,178,178,178,178,196,215,239,190,190,263,263,277,277,277,31,48,48,62,62,62],"floor_reached":25,"language":"ENG","playtime":1700,"items_purged":["HollowMod:NailStrikeStart"],"score":342,"play_id":"61b86eb9-ae42-43dc-9004-756851c35be5","local_time":"20210127195112","is_ascension_mode":true,"campfire_choices":[{"floor":8.0,"key":"REST"},{"data":"HollowMod:DashSlash","floor":10.0,"key":"SMITH"},{"floor":15.0,"key":"REST"},{"floor":23,"key":"REST"}],"circlet_count":0,"master_deck":["AscendersBane","HollowMod:NailStrikeStart","HollowMod:FocusHealStart","HollowMod:PogoStrike","HollowMod:NewJinnsSoul","HollowMod:SoulStrike","HollowMod:DashSlash+1","HollowMod:QuirrelsAssistance","HollowMod:CycloneSlash","HollowMod:CloakDash","HollowMod:ChannelNail","HollowMod:ChannelNail","HollowMod:ElderbugsWisdom+1","HollowMod:VengefulVoid+1","HollowMod:AbyssShriek+1","HollowMod:DreamGate+1","HollowMod:GrimmsGift+1","HollowMod:CornifersMapStart","HollowMod:DungDefenderAura","HollowMod:HuntersJournal","Finesse","HollowMod:SoulSplash+1","HollowMod:NewJinnsSoul"],"relics":["HollowMod:VesselMask","Letter Opener","Frozen Egg 2","Odd Mushroom","Astrolabe"],"acts_visited":["Exordium","TheCity"],"potions_floor_usage":[],"damage_taken":[{"damage":4.0,"enemies":"Small Slimes","floor":1.0,"turns":3.0},{"damage":0.0,"enemies":"Cultist","floor":4.0,"turns":4.0},{"damage":65.0,"enemies":"Lagavulin","floor":6.0,"turns":8.0},{"damage":4.0,"enemies":"2 Louse","floor":7.0,"turns":3.0},{"damage":15.0,"enemies":"Gremlin Gang","floor":11.0,"turns":3.0},{"damage":1.0,"enemies":"3 Louse","floor":12.0,"turns":3.0},{"damage":10.0,"enemies":"The Mushroom Lair","floor":13.0,"turns":3.0},{"damage":48.0,"enemies":"Hexaghost","floor":16.0,"turns":10.0},{"damage":0,"enemies":"Spheric Guardian","floor":18,"turns":3},{"damage":33,"enemies":"2 Thieves","floor":22,"turns":3},{"damage":13,"enemies":"Cultist and Chosen","floor":24,"turns":6},{"damage":0,"enemies":"Snecko","floor":25,"turns":2}],"seed_played":"-8163051797730097014","potions_obtained":[{"floor":7.0,"key":"FearPotion"},{"floor":12.0,"key":"LiquidMemories"},{"floor":13.0,"key":"Strength Potion"},{"floor":18,"key":"sneckomod:MuddlingPotion"},{"floor":24,"key":"Strength Potion"}],"is_trial":false,"path_per_floor":["M","?","$","M","?","E","M","R","T","R","M","M","?","?","R","B",null,"M","?","?","$","M","R","M","M"],"character_chosen":"THE_BUGKNIGHT","items_purchased":["HollowMod:SoulStrike","HollowMod:DungDefenderAura","HollowMod:HuntersJournal","Finesse"],"campfire_rested":3,"item_purchase_floors":[3,21,21,21],"current_hp_per_floor":[52,52,52,62,62,7,9,31,31,31,16,25,21,21,43,7,58,58,58,58,58,25,47,34,34,34],"gold":62,"neow_bonus":"REMOVE_TWO","is_daily":false,"chose_seed":false,"campfire_upgraded":1,"win_rate":0.0,"timestamp":1611795072,"path_taken":["M","?","?","M","?","E","M","R","T","R","?","M","?","?","R","BOSS","M","?","?","$","M","R","M","M"],"items_purchased_type":["Card","Card","Card","Card"],"build_version":"2020-12-22","purchased_purges":1,"victory":false,"max_hp_per_floor":[75,75,75,75,75,75,75,75,75,75,75,75,75,75,75,75,75,75,75,75,75,75,75,75,75,75],"card_choices":[{"not_picked":["HollowMod:TaintedHusks","HollowMod:Grubsong"],"picked":"HollowMod:NewJinnsSoul","floor":1.0},{"not_picked":["HollowMod:MonomonsArchive","HollowMod:PerfectDash"],"picked":"HollowMod:DashSlash","floor":4.0},{"not_picked":["HollowMod:InfectedAttack","HollowMod:SharpenedShadows"],"picked":"HollowMod:QuirrelsAssistance","floor":6.0},{"not_picked":["HollowMod:PureNailStrike","HollowMod:SoulShaman"],"picked":"HollowMod:CycloneSlash","floor":7.0},{"not_picked":["HollowMod:GrimmsGift","HollowMod:DescendingDark"],"picked":"HollowMod:CloakDash","floor":11.0},{"not_picked":["HollowMod:LuriensSpire","HollowMod:SharpenedShadows+1"],"picked":"HollowMod:ChannelNail","floor":12.0},{"not_picked":["HollowMod:SiblingsSouls","HollowMod:GreatSlash"],"picked":"HollowMod:ChannelNail","floor":13.0},{"not_picked":["HollowMod:SoulMaster+1","HollowMod:RadiancesLament"],"picked":"HollowMod:ElderbugsWisdom+1","floor":16.0},{"not_picked":["HollowMod:InfectedCysts","HollowMod:DashSlash"],"picked":"HollowMod:GrimmsGift+1","floor":18},{"not_picked":["HollowMod:FastStrike","HollowMod:InfectedAttack"],"picked":"HollowMod:SoulSplash+1","floor":22},{"not_picked":["HollowMod:DescendingDark","HollowMod:PureNailStrike"],"picked":"HollowMod:NewJinnsSoul","floor":24}],"player_experience":1818435,"relics_obtained":[{"floor":6.0,"key":"Letter Opener"},{"floor":9.0,"key":"Frozen Egg 2"},{"floor":13.0,"key":"Odd Mushroom"}],"event_choices":[{"cards_removed":["HollowMod:QuickDashStart"],"damage_healed":0.0,"max_hp_gain":0.0,"max_hp_loss":0.0,"gold_gain":0.0,"event_name":"Bonfire Elementals","player_choice":"Offered Basic","floor":2.0,"gold_loss":0.0,"damage_taken":0.0},{"damage_healed":0.0,"max_hp_gain":0.0,"max_hp_loss":0.0,"gold_gain":100.0,"event_name":"Golden Shrine","player_choice":"Pray","floor":5.0,"gold_loss":0.0,"damage_taken":0.0},{"damage_healed":0.0,"max_hp_gain":0.0,"max_hp_loss":0.0,"gold_gain":0.0,"event_name":"Mushrooms","player_choice":"Fought Mushrooms","floor":13.0,"gold_loss":0.0,"damage_taken":0.0},{"damage_healed":0.0,"max_hp_gain":0.0,"max_hp_loss":0.0,"gold_gain":0.0,"event_name":"betterThird:BetterGoop","player_choice":"Left","floor":14.0,"gold_loss":49.0,"damage_taken":0.0},{"damage_healed":0,"gold_gain":0,"player_choice":"Read","damage_taken":0,"max_hp_gain":0,"max_hp_loss":0,"event_name":"The Library","floor":20,"gold_loss":0,"cards_obtained":["HollowMod:CornifersMapStart"]}],"is_beta":false,"boss_relics":[{"not_picked":["Snecko Eye","SlaversCollar"],"picked":"Astrolabe"}],"items_purged_floors":[3],"is_endless":false,"potions_floor_spawned":[7,12,13,18,24],"killed_by":"Snecko","ascension_level":14}}