{"host":"rwmcmr2m88k7tuzm","time":1611799656,"event":{"mods":["BaseMod","BetterRewards","Conspire","Downfall","Hubris","Infinite Spire","Minty Spire (QoL Compilation)","Quick Restart","Replay The Spire","Shop Mod","StSLib","SuperFastMode"],"gold_per_floor":[109,284,284,301,201,201,47,47,95,113,144,144,144,157,157,252,252,263,263,263,282,301,326,326,339,339,339,439,459,459,487,487,487,487],"floor_reached":33,"language":"ENG","playtime":839,"items_purged":["Doubt"],"score":383,"play_id":"c66b29dd-717e-452b-855a-5974344ca6bb","local_time":"20210128020736","is_ascension_mode":false,"campfire_choices":[{"floor":6,"key":"REST"},{"data":"Ghostly","floor":8,"key":"SMITH"},{"data":"Dropkick","floor":12,"key":"SMITH"},{"data":"Inflame","floor":15,"key":"SMITH"},{"floor":24,"key":"REST"},{"floor":27,"key":"REST"},{"floor":30,"key":"REST"},{"floor":32,"key":"REST"}],"circlet_count":0,"master_deck":["Strike_R","Strike_R","Strike_R","Strike_R","Strike_R","Defend_R","Defend_R","Defend_R","Defend_R","Bash+1","Shrug It Off+1","Flame Barrier","Ghostly+1","Dropkick+1","hubris:CleavingFinish","Flex+1","Inflame+1","Bludgeon","Inflame","Searing Blow+1","Flex+1","Offering+1","ReplayTheSpireMod:Corrosion Curse+1","Armaments+1","hubris:StunningStrike"],"relics":["Burning Blood","hubris:TenFootPole","Blood Vial","Paper Frog","Unceasing Top","Bag of Marbles","Toxic Egg 2","hubris:Icosahedron","Calipers","Replay:Bottled Steam","hubris:IronBody"],"acts_visited":["Exordium","TheCity"],"potions_floor_usage":[22,23,23,29,29,31],"damage_taken":[{"damage":0,"enemies":"2 Louse","floor":1,"turns":3},{"damage":4,"enemies":"Jaw Worm","floor":4,"turns":4},{"damage":1,"enemies":"Cultist","floor":10,"turns":4},{"damage":5,"enemies":"Gremlin Nob","floor":11,"turns":5},{"damage":1,"enemies":"Blue Slaver","floor":14,"turns":2},{"damage":35,"enemies":"Hexaghost","floor":16,"turns":11},{"damage":21,"enemies":"2 Thieves","floor":18,"turns":4},{"damage":10,"enemies":"Chosen","floor":21,"turns":3},{"damage":37,"enemies":"Centurion and Healer","floor":22,"turns":7},{"damage":18,"enemies":"conspire:SneckoGhost","floor":23,"turns":8},{"damage":37,"enemies":"Shelled Parasite and Fungi","floor":25,"turns":7},{"damage":21,"enemies":"3 Cultists","floor":29,"turns":6},{"damage":39,"enemies":"Replay:Snechameleon","floor":31,"turns":6},{"damage":52,"enemies":"Pondfish","floor":33,"turns":6}],"seed_played":"220730902647399719","potions_obtained":[{"floor":1,"key":"Swift Potion"},{"floor":16,"key":"PowerPotion"},{"floor":18,"key":"Energy Potion"},{"floor":22,"key":"Languid Potion"},{"floor":25,"key":"Explosive Potion"},{"floor":29,"key":"FearPotion"}],"is_trial":false,"path_per_floor":["M","?","?","M","?","R","$","R","T","M","E","R","?","M","R","B",null,"M","?","?","M","M","E","R","M","T","R","?","M","R","E","R","B"],"character_chosen":"IRONCLAD","items_purchased":["hubris:TenFootPole","Blood Vial","Paper Frog","Unceasing Top","Dropkick"],"campfire_rested":5,"item_purchase_floors":[0,0,0,0,7],"current_hp_per_floor":[52,52,52,56,56,80,80,80,80,80,80,80,80,80,80,51,80,65,65,65,63,34,24,48,19,19,43,43,30,54,23,47,0,0],"gold":487,"neow_bonus":"","is_daily":false,"chose_seed":false,"campfire_upgraded":3,"win_rate":0.0,"timestamp":1611799656,"path_taken":["M","?","?","M","?","R","$","R","T","M","E","R","?","M","R","BOSS","M","?","?","M","?","E","R","M","T","R","?","?","R","E","R","BOSS"],"items_purchased_type":["Relic","Relic","Relic","Relic","Card"],"build_version":"2020-12-22","purchased_purges":1,"victory":false,"max_hp_per_floor":[80,80,80,80,80,80,80,80,80,80,80,80,80,80,80,80,80,80,80,80,80,80,80,80,80,80,80,80,80,80,80,80,80,80],"card_choices":[{"not_picked":["Ghostly Armor","Disarm"],"picked":"Shrug It Off","floor":1},{"not_picked":["Combust","Battle Trance"],"picked":"Flame Barrier","floor":4},{"not_picked":["True Grit","Bloodletting"],"picked":"hubris:CleavingFinish","floor":10},{"not_picked":["Hemogenesis","hubris:SharpeningStone+1"],"picked":"Flex+1","floor":11},{"not_picked":["Body Slam","Perfected Strike"],"picked":"Inflame","floor":14},{"not_picked":["Exhume+1","conspire:Purge+1"],"picked":"Bludgeon","floor":16},{"not_picked":["Battle Trance+1","Shrug It Off+1"],"picked":"Inflame","floor":18},{"not_picked":["Abandon+1","Run Through"],"picked":"Searing Blow+1","floor":21},{"not_picked":["Iron Wave","Ghostly Armor+1"],"picked":"Flex+1","floor":22},{"not_picked":["Corruption","Wild Strike+1"],"picked":"Offering+1","floor":23},{"not_picked":["Hemokinesis","Second Wind+1"],"picked":"ReplayTheSpireMod:Corrosion Curse+1","floor":25},{"not_picked":["Headbutt+1","Shrug It Off+1"],"picked":"Armaments+1","floor":29},{"not_picked":["Sword Boomerang","Iron Wave"],"picked":"hubris:StunningStrike","floor":31}],"player_experience":164438,"relics_obtained":[{"floor":9,"key":"Bag of Marbles"},{"floor":11,"key":"Toxic Egg 2"},{"floor":23,"key":"Calipers"},{"floor":26,"key":"Replay:Bottled Steam"},{"floor":31,"key":"hubris:IronBody"}],"event_choices":[{"damage_healed":0,"gold_gain":175,"player_choice":"AGREE","damage_taken":0,"max_hp_gain":0,"max_hp_loss":0,"event_name":"Liars Game","floor":2,"gold_loss":0,"cards_obtained":["Doubt"]},{"damage_healed":0,"gold_gain":0,"player_choice":"Grow","damage_taken":0,"max_hp_gain":0,"max_hp_loss":0,"event_name":"Living Wall","floor":3,"gold_loss":0,"cards_upgraded":["Bash"]},{"damage_healed":0,"gold_gain":0,"player_choice":"Argue","damage_taken":0,"max_hp_gain":0,"max_hp_loss":0,"event_name":"conspire:LoneGhost","floor":5,"gold_loss":0},{"damage_healed":0,"gold_gain":0,"player_choice":"Ignored","damage_taken":0,"max_hp_gain":0,"max_hp_loss":0,"event_name":"NoteForYourself","floor":20,"gold_loss":0},{"damage_healed":0,"gold_gain":100,"player_choice":"Pray","damage_taken":0,"max_hp_gain":0,"max_hp_loss":0,"event_name":"Golden Shrine","floor":28,"gold_loss":0}],"is_beta":false,"boss_relics":[{"not_picked":["Replay:Grab Bag","Snecko Eye","Calling Bell"]}],"items_purged_floors":[7],"is_endless":false,"potions_floor_spawned":[1,16,18,22,25,29],"killed_by":"Pondfish","ascension_level":0}}