{"host":"zdhcon9z6t4xbcdl","time":1611834407,"event":{"mods":["BaseMod","Minty Spire (QoL Compilation)"],"gold_per_floor":[144,189,189,234,279,279,29,29,79,124,45,45,90,180,180,480,480,525,570,570,570,570,570],"floor_reached":22,"language":"ENG","playtime":1141,"items_purged":[],"score":186,"play_id":"607211b3-dcfe-46e3-96ff-2c75ec25ebfe","local_time":"20210128114647","daily_mods":["Draft","Purple Cards","Midas"],"is_ascension_mode":false,"campfire_choices":[{"floor":6,"key":"REST"},{"floor":8,"key":"REST"},{"floor":15,"key":"REST"}],"circlet_count":0,"master_deck":["BattleHymn","Static Discharge+1","Gash","Redo","Hologram","PathToVictory","Cold Snap","Beam Cell","FollowUp","Ball Lightning","Prostrate","Coolheaded","CrushJoints","Scrape","TalkToTheHand","Ball Lightning","Aggregate","Rebound","Doom and Gloom","Doom and Gloom","Chaos+1","Rebound","All For One","Barrage","Gash+1","Necronomicurse"],"relics":["Cracked Core","Bag of Marbles","Toxic Egg 2","Regal Pillow","Sundial","Eternal Feather","Inserter","Necronomicon"],"acts_visited":["Exordium","TheCity"],"potions_floor_usage":[19,22,22],"damage_taken":[{"damage":0,"enemies":"Cultist","floor":1,"turns":2},{"damage":9,"enemies":"Jaw Worm","floor":2,"turns":2},{"damage":8,"enemies":"Small Slimes","floor":4,"turns":3},{"damage":15,"enemies":"3 Louse","floor":5,"turns":3},{"damage":2,"enemies":"2 Fungi Beasts","floor":10,"turns":2},{"damage":8,"enemies":"Exordium Thugs","floor":13,"turns":2},{"damage":14,"enemies":"Gremlin Nob","floor":14,"turns":3},{"damage":34,"enemies":"Slime Boss","floor":16,"turns":6},{"damage":43,"enemies":"2 Thieves","floor":18,"turns":3},{"damage":14,"enemies":"Chosen","floor":19,"turns":3},{"damage":2,"enemies":"Snecko","floor":22,"turns":2}],"seed_played":"9192803745042345800","potions_obtained":[{"floor":2,"key":"GamblersBrew"},{"floor":4,"key":"Ancient Potion"},{"floor":14,"key":"AttackPotion"},{"floor":19,"key":"Dexterity Potion"}],"is_trial":false,"path_per_floor":["M","M","?","M","M","R","$","R","T","M","$","?","M","E","R","B",null,"M","M","?","?","M"],"character_chosen":"DEFECT","items_purchased":["Toxic Egg 2","Doom and Gloom"],"campfire_rested":3,"item_purchase_floors":[7,11],"current_hp_per_floor":[75,66,66,58,43,65,65,75,75,73,73,48,40,26,75,41,75,32,18,2,2,0,0],"gold":570,"neow_bonus":"","is_daily":true,"chose_seed":false,"campfire_upgraded":0,"win_rate":0.0,"timestamp":1611834407,"path_taken":["M","?","?","M","?","R","$","R","T","M","$","?","M","E","R","BOSS","M","M","?","?","?"],"items_purchased_type":["Relic","Card"],"build_version":"2020-12-22","purchased_purges":0,"victory":false,"max_hp_per_floor":[75,75,75,75,75,75,75,75,75,75,75,75,75,75,75,75,75,75,75,75,75,75,75],"card_choices":[{"not_picked":["EmptyFist","FlyingSleeves"],"picked":"BattleHymn","floor":0},{"not_picked":["CutThroughFate","Worship"],"picked":"Static Discharge","floor":0},{"not_picked":["Halt","EmptyBody"],"picked":"Gash","floor":0},{"not_picked":["Conserve Battery","Rebound"],"picked":"Redo","floor":0},{"not_picked":["CutThroughFate","Consume"],"picked":"Hologram","floor":0},{"not_picked":["FollowUp","Turbo"],"picked":"PathToVictory","floor":0},{"not_picked":["CrushJoints","Study"],"picked":"Cold Snap","floor":0},{"not_picked":["Perseverance","Rebound"],"picked":"Beam Cell","floor":0},{"not_picked":["CrushJoints","Consume"],"picked":"FollowUp","floor":0},{"not_picked":["Rip and Tear","Consecrate"],"picked":"Ball Lightning","floor":0},{"not_picked":["PathToVictory","SashWhip"],"picked":"Prostrate","floor":0},{"not_picked":["Hologram","InnerPeace"],"picked":"Coolheaded","floor":0},{"not_picked":["EmptyFist","Halt"],"picked":"CrushJoints","floor":0},{"not_picked":["Self Repair","SandsOfTime"],"picked":"Scrape","floor":0},{"not_picked":["Collect","Turbo"],"picked":"TalkToTheHand","floor":0},{"not_picked":["Glacier","SashWhip"],"picked":"Ball Lightning","floor":1},{"not_picked":["EmptyBody","WindmillStrike"],"picked":"Aggregate","floor":2},{"not_picked":["Steam Power","FearNoEvil","Consume"],"picked":"SKIP","floor":4},{"not_picked":["FlurryOfBlows","EmptyBody"],"picked":"Rebound","floor":5},{"not_picked":["Rip and Tear","Crescendo+1"],"picked":"Doom and Gloom","floor":10},{"not_picked":["Perseverance+1","JustLucky"],"picked":"Chaos+1","floor":13},{"not_picked":["Protect+1","EmptyBody+1"],"picked":"Rebound","floor":14},{"not_picked":["Blasphemy+1","Meteor Strike"],"picked":"All For One","floor":16},{"not_picked":["Compile Driver","Collect+1"],"picked":"Barrage","floor":18},{"not_picked":["Steam Power+1","Undo+1"],"picked":"Gash+1","floor":19}],"player_experience":69075,"relics_obtained":[{"floor":9,"key":"Regal Pillow"},{"floor":14,"key":"Eternal Feather"},{"floor":20,"key":"Necronomicon"}],"event_choices":[{"damage_healed":0,"gold_gain":0,"player_choice":"Gave Potion","damage_taken":0,"relics_obtained":["Bag of Marbles"],"max_hp_gain":0,"max_hp_loss":0,"event_name":"WeMeetAgain","floor":3,"gold_loss":0},{"damage_healed":0,"gold_gain":0,"player_choice":"Success","damage_taken":25,"relics_obtained":["Sundial"],"max_hp_gain":0,"max_hp_loss":0,"event_name":"Scrap Ooze","floor":12,"gold_loss":0},{"damage_healed":0,"gold_gain":0,"player_choice":"Obtained Book","damage_taken":16,"max_hp_gain":0,"max_hp_loss":0,"event_name":"Cursed Tome","floor":20,"gold_loss":0},{"damage_healed":0,"gold_gain":0,"player_choice":"Forge","damage_taken":0,"max_hp_gain":0,"max_hp_loss":0,"event_name":"Accursed Blacksmith","floor":21,"gold_loss":0,"cards_upgraded":["Static Discharge"]}],"is_beta":false,"boss_relics":[{"not_picked":["Runic Dome","Astrolabe"],"picked":"Inserter"}],"items_purged_floors":[],"is_endless":false,"potions_floor_spawned":[2,4,14,19],"killed_by":"Snecko","ascension_level":0}}