{"host":"fflyk188z5ncxlup","time":1611840595,"event":{"mods":["AchievementEnabler","BaseMod","Bestiary","Better Third Choice","Block Reminder","Colored Map","Colored Powertips","DeckTracker","Googly Eyes","Minty Spire (QoL Compilation)","StSLib","SuperFastMode"],"gold_per_floor":[118,118,18,18,34,52,52,87,99,99,99,99,109,109,109,176,176,247,297,297,374,374,413,663,730,741,791,791,556,556,556],"floor_reached":30,"language":"ENG","playtime":1544,"items_purged":["Regret"],"score":599,"play_id":"c26cbe1b-aa54-4953-bc5f-319a0676cd04","local_time":"20210128222955","is_ascension_mode":true,"campfire_choices":[{"data":"Eruption","floor":7.0,"key":"SMITH"},{"floor":12.0,"key":"REST"},{"floor":17.0,"key":"REST"},{"floor":20.0,"key":"REST"},{"floor":28,"key":"REST"}],"circlet_count":0,"master_deck":["AscendersBane","Strike_P","Strike_P","Strike_P+1","Defend_P","Defend_P","Eruption+1","Vigilance","EmptyFist","ClearTheMind","Devotion","DevaForm+1","EmptyBody","Blasphemy","Wish","Perseverance+1","CutThroughFate+1","Devotion+1","Crescendo+1","Conclude"],"relics":["VioletLotus","Darkstone Periapt","Unceasing Top","Akabeko","Mango","Yang","SsserpentHead","Tiny House","Astrolabe","MutagenicStrength","PreservedInsect"],"acts_visited":["Exordium","TheCity"],"potions_floor_usage":[30],"damage_taken":[{"damage":0.0,"enemies":"2 Louse","floor":1.0,"turns":2.0},{"damage":19.0,"enemies":"Jaw Worm","floor":5.0,"turns":4.0},{"damage":7.0,"enemies":"Cultist","floor":6.0,"turns":3.0},{"damage":22.0,"enemies":"Gremlin Nob","floor":8.0,"turns":4.0},{"damage":12.0,"enemies":"2 Fungi Beasts","floor":9.0,"turns":4.0},{"damage":5.0,"enemies":"Looter","floor":13.0,"turns":3.0},{"damage":0.0,"enemies":"Lots of Slimes","floor":16.0,"turns":3.0},{"damage":24.0,"enemies":"The Guardian","floor":18.0,"turns":12.0},{"damage":47.0,"enemies":"The Guardian","floor":21.0,"turns":13.0},{"damage":13.0,"enemies":"Shell Parasite","floor":23.0,"turns":6.0},{"damage":36.0,"enemies":"2 Thieves","floor":25.0,"turns":4.0},{"damage":69,"enemies":"Cultist and Chosen","floor":26,"turns":10},{"damage":42,"enemies":"Book of Stabbing","floor":30,"turns":5}],"seed_played":"420643239953903984","potions_obtained":[{"floor":1.0,"key":"Ancient Potion"},{"floor":5.0,"key":"CultistPotion"},{"floor":6.0,"key":"DistilledChaos"},{"floor":8.0,"key":"LiquidBronze"},{"floor":19.0,"key":"Regen Potion"},{"floor":21.0,"key":"FairyPotion"},{"floor":26,"key":"Regen Potion"}],"is_trial":false,"path_per_floor":["M","?","$","?","M","M","R","E","M","T","T","R","M","?","?","M","R","B",null,"R","B",null,"M","?","M","M","?","R","$","E"],"character_chosen":"WATCHER","items_purchased":["EmptyFist","PreservedInsect","Conclude"],"campfire_rested":4,"item_purchase_floors":[3,29,29],"current_hp_per_floor":[61,67,67,67,48,41,41,19,7,21,21,47,42,42,42,42,68,44,49,76,29,77,64,64,40,3,3,30,30,2,2],"gold":556,"neow_bonus":"BOSS_RELIC","is_daily":false,"chose_seed":false,"campfire_upgraded":1,"win_rate":0.0,"timestamp":1611840595,"path_taken":["M","?","$","?","?","M","R","E","M","T","T","R","M","?","?","?","R","BOSS","R","BOSS","M","?","?","M","?","R","$","E"],"items_purchased_type":["Card","Relic","Card"],"build_version":"2020-12-22","purchased_purges":1,"victory":false,"max_hp_per_floor":[68,74,74,74,74,74,74,74,74,88,88,88,88,88,88,88,88,88,93,93,93,93,93,93,93,93,93,93,93,93,93],"card_choices":[{"not_picked":["MentalFortress","BowlingBash","SashWhip"],"picked":"SKIP","floor":1.0},{"not_picked":["EmptyFist","Meditate"],"picked":"ClearTheMind","floor":5.0},{"not_picked":["CutThroughFate","EmptyBody"],"picked":"Devotion","floor":6.0},{"not_picked":["JustLucky","Pray","WheelKick"],"picked":"SKIP","floor":8.0},{"not_picked":["CrushJoints","FlyingSleeves","DeceiveReality"],"picked":"SKIP","floor":9.0},{"not_picked":["BowlingBash","SignatureMove"],"picked":"DevaForm","floor":13.0},{"not_picked":["BowlingBash","ThirdEye"],"picked":"EmptyBody","floor":16.0},{"not_picked":["Scrawl","DeusExMachina"],"picked":"Blasphemy","floor":18.0},{"not_picked":["Establishment","MasterReality"],"picked":"Wish","floor":21.0},{"not_picked":["CrushJoints","ClearTheMind","Worship"],"picked":"SKIP","floor":23.0},{"not_picked":["SandsOfTime","FollowUp+1"],"picked":"Crescendo+1","floor":25.0},{"not_picked":["EmptyMind","Evaluate","ThirdEye"],"picked":"SKIP","floor":26}],"player_experience":404340,"relics_obtained":[{"floor":8.0,"key":"Akabeko"},{"floor":10.0,"key":"Mango"},{"floor":11.0,"key":"Yang"}],"event_choices":[{"damage_healed":0.0,"max_hp_gain":0.0,"max_hp_loss":0.0,"gold_gain":0.0,"event_name":"Big Fish","player_choice":"Box","floor":2.0,"gold_loss":0.0,"damage_taken":0.0,"relics_obtained":["Darkstone Periapt"],"cards_obtained":["Regret"]},{"damage_healed":0.0,"max_hp_gain":0.0,"max_hp_loss":0.0,"gold_gain":0.0,"event_name":"WeMeetAgain","player_choice":"Gave Potion","floor":4.0,"gold_loss":0.0,"damage_taken":0.0,"relics_obtained":["Unceasing Top"]},{"damage_healed":0.0,"max_hp_gain":0.0,"max_hp_loss":0.0,"gold_gain":0.0,"event_name":"Living Wall","player_choice":"Grow","floor":14.0,"gold_loss":0.0,"damage_taken":0.0,"cards_upgraded":["DevaForm"]},{"damage_healed":0.0,"max_hp_gain":0.0,"max_hp_loss":0.0,"gold_gain":0.0,"event_name":"FaceTrader","player_choice":"Trade","floor":15.0,"gold_loss":0.0,"damage_taken":0.0,"relics_obtained":["SsserpentHead"]},{"damage_healed":0.0,"max_hp_gain":0.0,"max_hp_loss":0.0,"gold_gain":200.0,"event_name":"Wheel of Change","player_choice":"Gold","floor":24.0,"gold_loss":0.0,"damage_taken":0.0},{"damage_healed":0,"gold_gain":0,"player_choice":"Inject Mutagens","damage_taken":0,"relics_obtained":["MutagenicStrength"],"max_hp_gain":0,"max_hp_loss":0,"event_name":"Drug Dealer","floor":27,"gold_loss":0}],"is_beta":false,"boss_relics":[{"not_picked":["Runic Dome","Fusion Hammer"],"picked":"Tiny House"},{"not_picked":["Pandora\u0027s Box","Black Star"],"picked":"Astrolabe"}],"items_purged_floors":[3],"is_endless":false,"potions_floor_spawned":[1,5,6,8,21,26],"killed_by":"Book of Stabbing","ascension_level":15}}