{"host":"nwd160me4iqdtr8u","time":1611845537,"event":{"mods":["AchievementEnabler","Act Like it!","BaseMod","Colored Map","DeckTracker","Minty Spire (QoL Compilation)","Quick Restart","Rare Cards Sparkle","StSLib","SuperFastMode","everything is the same but u backflip on backflip"],"gold_per_floor":[109,15,190,140,158,193,193,193,193,204,232,10,45,45,45,145,145,160,173,173,186,201,201,51,51,76,76,76,16,16,30,30,132,132,150,168,68,168,180,180,194,194,274,274,149,179,29,39,39,39],"floor_reached":51,"language":"KOR","playtime":1928,"items_purged":["Defend_P","Defend_P","Protect","Strike_P+1"],"score":983,"play_id":"0b84e2c3-833d-41c6-b735-ac57892a57d1","local_time":"20210128235217","is_ascension_mode":true,"campfire_choices":[{"floor":15.0,"key":"REST"},{"data":"Scrawl","floor":23.0,"key":"SMITH"},{"data":"Fasting2","floor":25.0,"key":"SMITH"},{"data":"Eruption","floor":28.0,"key":"SMITH"},{"data":"TalkToTheHand","floor":30.0,"key":"SMITH"},{"data":"Blasphemy","floor":32.0,"key":"SMITH"},{"data":"Ragnarok","floor":40.0,"key":"SMITH"},{"data":"InnerPeace","floor":42.0,"key":"SMITH"},{"floor":49.0,"key":"REST"}],"circlet_count":0,"master_deck":["Strike_P+1","Eruption+1","Vigilance","Fasting2+1","BowlingBash","Flash of Steel","TalkToTheHand+1","Blasphemy+1","Sanctity","Scrawl+1","ForeignInfluence+1","MentalFortress","InnerPeace+1","Pray","Halt","DeusExMachina","Ragnarok+1","Prostrate+1","Dark Shackles","DeceiveReality"],"relics":["HolyWater","Whetstone","Ginger","TeardropLocket","Sundial","Pen Nib","Vajra","Nunchaku","Damaru","Philosopher\u0027s Stone","Mummified Hand","Torii"],"acts_visited":["Exordium","TheCity","TheBeyond"],"potions_floor_usage":[],"damage_taken":[{"damage":14.0,"enemies":"Jaw Worm","floor":1.0,"turns":5.0},{"damage":1.0,"enemies":"2 Louse","floor":5.0,"turns":2.0},{"damage":23.0,"enemies":"3 Sentries","floor":6.0,"turns":6.0},{"damage":0.0,"enemies":"Small Slimes","floor":10.0,"turns":2.0},{"damage":0.0,"enemies":"Lagavulin","floor":11.0,"turns":3.0},{"damage":10.0,"enemies":"3 Sentries","floor":13.0,"turns":4.0},{"damage":11.0,"enemies":"Hexaghost","floor":16.0,"turns":8.0},{"damage":0.0,"enemies":"Shell Parasite","floor":18.0,"turns":1.0},{"damage":0.0,"enemies":"Spheric Guardian","floor":19.0,"turns":2.0},{"damage":0.0,"enemies":"3 Cultists","floor":21.0,"turns":3.0},{"damage":5.0,"enemies":"Shelled Parasite and Fungi","floor":22.0,"turns":4.0},{"damage":3.0,"enemies":"Snecko","floor":31.0,"turns":4.0},{"damage":25.0,"enemies":"Collector","floor":33.0,"turns":7.0},{"damage":3.0,"enemies":"3 Darklings","floor":35.0,"turns":2.0},{"damage":9.0,"enemies":"3 Shapes","floor":36.0,"turns":1.0},{"damage":0.0,"enemies":"Jaw Worm Horde","floor":39.0,"turns":2.0},{"damage":0.0,"enemies":"Sphere and 2 Shapes","floor":41.0,"turns":2.0},{"damage":36.0,"enemies":"Nemesis","floor":46.0,"turns":3.0},{"damage":0.0,"enemies":"Spire Growth","floor":48.0,"turns":2.0},{"damage":20,"enemies":"Time Eater","floor":50,"turns":3}],"seed_played":"-3349362128759872743","potions_obtained":[{"floor":1.0,"key":"Strength Potion"},{"floor":5.0,"key":"Dexterity Potion"},{"floor":11.0,"key":"BottledMiracle"},{"floor":16.0,"key":"PowerPotion"},{"floor":19.0,"key":"Weak Potion"},{"floor":22.0,"key":"Explosive Potion"},{"floor":36.0,"key":"Energy Potion"}],"is_trial":false,"path_per_floor":["M","$","?","?","M","E","?","?","T","M","E","$","E","$","R","B",null,"M","M","?","M","M","R","$","R","T","?","R","?","R","M","R","B",null,"M","M","$","?","M","R","M","R","T","?","$","E","$","M","R","B",null],"character_chosen":"WATCHER","items_purchased":["Flash of Steel","Pen Nib","Nunchaku"],"campfire_rested":2,"item_purchase_floors":[2,12,24],"current_hp_per_floor":[51,51,51,51,50,27,27,24,24,24,24,24,14,14,33,22,54,54,54,54,54,49,49,49,49,49,49,49,49,49,46,46,21,54,51,42,42,42,42,42,42,42,42,42,42,6,6,6,25,5],"gold":39,"neow_bonus":"TRANSFORM_TWO_CARDS","is_daily":false,"chose_seed":false,"campfire_upgraded":7,"win_rate":0.0,"timestamp":1611845537,"path_taken":["M","$","?","?","M","E","?","?","T","M","E","$","E","$","R","BOSS","M","M","?","M","M","R","$","R","T","?","R","?","R","?","R","BOSS","M","M","$","?","?","R","M","R","T","?","$","E","$","M","R","BOSS"],"items_purchased_type":["Card","Relic","Relic"],"build_version":"2020-12-22","purchased_purges":4,"victory":true,"max_hp_per_floor":[65,65,65,65,65,65,65,65,65,65,65,65,65,65,65,65,65,65,65,65,65,65,65,65,65,65,65,65,65,65,65,65,65,65,65,65,65,65,65,65,65,65,65,65,65,65,65,65,65,65],"card_choices":[{"not_picked":["Consecrate","PathToVictory"],"picked":"BowlingBash","floor":1.0},{"not_picked":["PathToVictory","Halt"],"picked":"SashWhip","floor":5.0},{"not_picked":["EmptyFist","Wallop"],"picked":"TalkToTheHand","floor":6.0},{"not_picked":["EmptyFist","Fasting2"],"picked":"Blasphemy","floor":10.0},{"not_picked":["Protect","FollowUp"],"picked":"Sanctity","floor":11.0},{"not_picked":["Evaluate","FollowUp"],"picked":"Wish","floor":13.0},{"not_picked":["Wish","LessonLearned"],"picked":"Scrawl","floor":16.0},{"not_picked":["Prostrate","CutThroughFate"],"picked":"ForeignInfluence+1","floor":18.0},{"not_picked":["Evaluate","Crescendo","ReachHeaven"],"picked":"SKIP","floor":19.0},{"not_picked":["Nirvana","CarveReality","DeceiveReality+1"],"picked":"SKIP","floor":21.0},{"not_picked":["MentalFortress","EmptyBody"],"picked":"InnerPeace","floor":22.0},{"not_picked":["FlyingSleeves+1","Halt"],"picked":"DeusExMachina","floor":31.0},{"not_picked":["Scrawl","DevaForm"],"picked":"Ragnarok","floor":33.0},{"not_picked":["SashWhip+1","CrushJoints+1","FlyingSleeves"],"picked":"SKIP","floor":35.0},{"not_picked":["Sanctity+1","SignatureMove+1","BowlingBash"],"picked":"SKIP","floor":36.0},{"not_picked":["Pray","FollowUp+1","Wireheading"],"picked":"SKIP","floor":39.0},{"not_picked":["BowlingBash+1","TalkToTheHand+1"],"picked":"Prostrate+1","floor":41.0},{"not_picked":["Enlightenment","PanicButton"],"picked":"Dark Shackles","floor":44.0},{"not_picked":["Halt+1","WindmillStrike+1"],"picked":"DeceiveReality","floor":46.0},{"not_picked":["CarveReality+1","FlurryOfBlows+1","FlyingSleeves"],"picked":"SKIP","floor":48.0}],"player_experience":282175,"relics_obtained":[{"floor":6.0,"key":"Whetstone"},{"floor":9.0,"key":"TeardropLocket"},{"floor":11.0,"key":"Sundial"},{"floor":13.0,"key":"Vajra"},{"floor":26.0,"key":"Damaru"},{"floor":43.0,"key":"Mummified Hand"},{"floor":46.0,"key":"Torii"}],"event_choices":[{"damage_healed":0.0,"max_hp_gain":0.0,"max_hp_loss":0.0,"gold_gain":175.0,"event_name":"Liars Game","player_choice":"AGREE","floor":3.0,"gold_loss":0.0,"damage_taken":0.0,"cards_obtained":["Doubt"]},{"cards_removed":["Doubt"],"damage_healed":0.0,"max_hp_gain":0.0,"max_hp_loss":0.0,"gold_gain":0.0,"event_name":"The Cleric","player_choice":"Card Removal","floor":4.0,"gold_loss":50.0,"damage_taken":0.0},{"damage_healed":0.0,"max_hp_gain":0.0,"max_hp_loss":0.0,"gold_gain":0.0,"event_name":"Dead Adventurer","player_choice":"Searched \u00270\u0027 times","floor":7.0,"gold_loss":0.0,"damage_taken":0.0},{"damage_healed":0.0,"max_hp_gain":0.0,"max_hp_loss":0.0,"gold_gain":0.0,"event_name":"Scrap Ooze","player_choice":"Success","floor":8.0,"gold_loss":0.0,"damage_taken":3.0,"relics_obtained":["Ginger"]},{"damage_healed":0.0,"max_hp_gain":0.0,"max_hp_loss":0.0,"gold_gain":0.0,"cards_transformed":["Defend_P","Strike_P"],"event_name":"Drug Dealer","player_choice":"Became Test Subject","floor":20.0,"gold_loss":0.0,"damage_taken":0.0,"cards_obtained":["Omniscience","MentalFortress"]},{"cards_removed":["Omniscience"],"damage_healed":0.0,"max_hp_gain":0.0,"max_hp_loss":0.0,"gold_gain":0.0,"event_name":"Back to Basics","player_choice":"Elegance","floor":27.0,"gold_loss":0.0,"damage_taken":0.0},{"damage_healed":0.0,"max_hp_gain":0.0,"max_hp_loss":0.0,"gold_gain":0.0,"cards_transformed":["Wish","SashWhip"],"event_name":"Designer","player_choice":"Transformed Cards","floor":29.0,"gold_loss":60.0,"damage_taken":0.0,"cards_obtained":["Pray","Halt"]},{"damage_healed":0.0,"max_hp_gain":0.0,"max_hp_loss":0.0,"gold_gain":100.0,"event_name":"Golden Shrine","player_choice":"Pray","floor":38.0,"gold_loss":0.0,"damage_taken":0.0},{"damage_healed":0.0,"max_hp_gain":0.0,"max_hp_loss":0.0,"gold_gain":0.0,"event_name":"SensoryStone","player_choice":"Memory 1","floor":44.0,"gold_loss":0.0,"damage_taken":0.0}],"is_beta":false,"boss_relics":[{"not_picked":["Ectoplasm","Runic Dome"],"picked":"HolyWater"},{"not_picked":["Astrolabe","Coffee Dripper"],"picked":"Philosopher\u0027s Stone"}],"items_purged_floors":[12,37,45,47],"is_endless":false,"potions_floor_spawned":[1,5,11,16,19,22,36,41],"ascension_level":5}}