{"host":"k0n8pgjylnovu342","time":1611802937,"event":{"mods":["BaseMod","Beaked The Cultist","Colored Powertips","Downfall","Fox Events","Hermit","Hubris","Minty Spire (QoL Compilation)","Replay The Spire","Shop Mod","Spikes Relics","StSLib","The Cursed","The Disciple","The Jungle","The Runesmith","The Servant 0.9.4","The Witch","TheBandit"],"gold_per_floor":[114,126,138,138,57,88,101,119,171,206,38,57,57,70,70,171,171,187,198,217,233,249,249,268,280,280,300,331,342,361,120,120,120,120],"floor_reached":33,"language":"ENG","playtime":5357,"items_purged":["beaked:BloodRitual"],"score":344,"play_id":"027dfb46-6713-4131-ae01-79174e1b6f56","local_time":"20210127220217","daily_mods":["Heirloom","Flight","DeadlyEvents"],"is_ascension_mode":false,"campfire_choices":[{"floor":13.0,"key":"REST"},{"floor":15.0,"key":"DIG"},{"floor":23.0,"key":"REST"},{"data":"beaked:Recite","floor":32.0,"key":"SMITH"}],"circlet_count":0,"master_deck":["beaked:Strike_Y","beaked:Strike_Y","beaked:Strike_Y","beaked:Strike_Y","beaked:Strike_Y","beaked:Strike_Y","beaked:Defend_Y","beaked:Defend_Y","beaked:Defend_Y","beaked:Defend_Y","beaked:Ceremony","beaked:Ceremony","beaked:Ceremony","beaked:MimicWarrior","beaked:Tweet","beaked:RuinSticks","beaked:Overpower","beaked:MimicWarrior","beaked:Evade","beaked:Insight","Finesse","beaked:MimicMachine","beaked:Insight","beaked:Cower+1","beaked:Negation+1","beaked:Recite+1","beaked:MimicMachine","beaked:Insight+1","ReplayTheSpireMod:RavenHex","beaked:CursingBlood","beaked:Brace","beaked:Windmill","beaked:Evade+1","beaked:BloodForTheGods+1","beaked:BraceForImpact+1"],"relics":["beaked:MendingPlumage","replay:Trail_Library","BicycleWheel","InkBottle","Blood Vial","Mummified Hand","Happy Flower","ChewingGum","Ornamental Fan","Red Mask","Prayer Wheel","ShockBauble"],"acts_visited":["Exordium","TheCity"],"potions_floor_usage":[],"damage_taken":[{"damage":8.0,"enemies":"Small Slimes","floor":1.0,"turns":4.0},{"damage":2.0,"enemies":"Cultist","floor":2.0,"turns":5.0},{"damage":6.0,"enemies":"Jaw Worm","floor":3.0,"turns":4.0},{"damage":30.0,"enemies":"Replay:BlueRogue","floor":6.0,"turns":6.0},{"damage":21.0,"enemies":"Large Slime","floor":7.0,"turns":5.0},{"damage":10.0,"enemies":"2 Fungi Beasts","floor":8.0,"turns":4.0},{"damage":34.0,"enemies":"Gremlin Nob","floor":10.0,"turns":4.0},{"damage":19.0,"enemies":"Exordium Thugs","floor":12.0,"turns":3.0},{"damage":19.0,"enemies":"Large Slime","floor":14.0,"turns":4.0},{"damage":33.0,"enemies":"Fading Forest","floor":16.0,"turns":11.0},{"damage":15.0,"enemies":"2 Thieves","floor":18.0,"turns":4.0},{"damage":9.0,"enemies":"Chosen","floor":19.0,"turns":5.0},{"damage":21.0,"enemies":"Snecko","floor":20.0,"turns":5.0},{"damage":3.0,"enemies":"Centurion and Healer","floor":21.0,"turns":5.0},{"damage":52.0,"enemies":"Snake Plant","floor":22.0,"turns":5.0},{"damage":6.0,"enemies":"Cultist and Chosen","floor":24.0,"turns":4.0},{"damage":22.0,"enemies":"Snecko","floor":25.0,"turns":4.0},{"damage":8.0,"enemies":"3 Cultists","floor":27.0,"turns":5.0},{"damage":11.0,"enemies":"Masked Bandits","floor":28.0,"turns":4.0},{"damage":20.0,"enemies":"Cultist and Chosen","floor":29.0,"turns":6.0},{"damage":23.0,"enemies":"Sentry and Sphere","floor":30.0,"turns":5.0},{"damage":0,"enemies":"Collector","floor":33,"turns":1}],"seed_played":"3135743414763574352","potions_obtained":[{"floor":6.0,"key":"Dexterity Potion"},{"floor":7.0,"key":"sneckomod:MuddlingPotion"},{"floor":8.0,"key":"Block Potion"},{"floor":12.0,"key":"EssenceOfSteel"},{"floor":14.0,"key":"Elixir"},{"floor":16.0,"key":"FairyPotion"},{"floor":20.0,"key":"Languid Potion"},{"floor":22.0,"key":"champ:CounterPotion"},{"floor":27.0,"key":"Swift Potion"},{"floor":29.0,"key":"SpeedPotion"},{"floor":30.0,"key":"Dexterity Potion"}],"is_trial":true,"path_per_floor":["M","M","M","?","$","E","M","M","T","E","$","M","R","M","R","B",null,"M","M","M","M","M","R","M","M","T","M","?","M","M","$","R","B"],"character_chosen":"BEAKED_THE_CULTIST","items_purchased":["beaked:RuinSticks","Finesse","ShockBauble"],"campfire_rested":2,"item_purchase_floors":[5,11,31],"current_hp_per_floor":[46,50,50,50,50,33,27,30,30,12,12,8,23,24,24,49,50,50,50,43,50,19,34,47,32,32,49,49,42,46,46,46,48,48],"gold":120,"neow_bonus":"","is_daily":false,"chose_seed":false,"campfire_upgraded":1,"win_rate":0.0,"timestamp":1611802937,"path_taken":["M","M","M","?","$","E","M","M","T","?","$","M","R","M","R","BOSS","M","M","M","?","M","R","M","M","T","?","?","?","M","$","R","BOSS"],"items_purchased_type":["Card","Card","Relic"],"build_version":"2020-12-22","purchased_purges":1,"victory":false,"max_hp_per_floor":[50,50,50,50,50,50,50,50,50,50,50,50,50,50,50,50,50,50,50,50,50,50,50,50,50,50,50,50,50,50,50,50,50,50],"card_choices":[{"not_picked":["beaked:BraceForImpact","beaked:FeelMyPain"],"picked":"beaked:MimicWarrior","floor":1.0},{"not_picked":["beaked:Hexing","beaked:Daydream","beaked:VigorBurst"],"picked":"SKIP","floor":2.0},{"not_picked":["beaked:SurvivalInstinct","beaked:Windmill"],"picked":"beaked:Tweet","floor":3.0},{"not_picked":["beaked:TuckingFeathers","beaked:LiftOff"],"picked":"beaked:Overpower","floor":6.0},{"not_picked":["beaked:FeelMyPain","beaked:SurvivalInstinct"],"picked":"beaked:MimicWarrior","floor":7.0},{"not_picked":["beaked:Windmill","beaked:Insight"],"picked":"beaked:Evade","floor":8.0},{"not_picked":["beaked:Poke","beaked:WarriorEssence"],"picked":"beaked:Insight","floor":10.0},{"not_picked":["beaked:MimicHuntress","beaked:Cower"],"picked":"beaked:MimicMachine","floor":12.0},{"not_picked":["beaked:MimicHuntress","beaked:Cower"],"picked":"beaked:Insight","floor":14.0},{"not_picked":["beaked:StunningBlow","beaked:Daydream"],"picked":"beaked:Cower+1","floor":18.0},{"not_picked":["beaked:Resilience","beaked:SurvivalInstinct"],"picked":"beaked:Negation+1","floor":19.0},{"not_picked":["beaked:WarriorEssence","beaked:Cower","beaked:SurvivalInstinct"],"picked":"SKIP","floor":20.0},{"not_picked":["beaked:FeelMyPain","beaked:BraceForImpact"],"picked":"beaked:Recite","floor":21.0},{"not_picked":["beaked:FeelMyPain","beaked:WarriorEssence+1"],"picked":"beaked:MimicMachine","floor":22.0},{"not_picked":["ReplayTheSpireMod:Prepare the Ceremony+1","beaked:Windmill"],"picked":"beaked:Insight+1","floor":24.0},{"not_picked":["beaked:ShadowFade","beaked:WarriorEssence"],"picked":"ReplayTheSpireMod:RavenHex","floor":25.0},{"not_picked":["beaked:BarbedWire+1","beaked:HuntressEssence"],"picked":"beaked:CursingBlood","floor":27.0},{"not_picked":["beaked:Redirect","beaked:Resilience"],"picked":"beaked:Windmill","floor":28.0},{"not_picked":["beaked:Cower","beaked:VolatileMisfortune"],"picked":"beaked:Evade+1","floor":29.0},{"not_picked":["beaked:Redirect","beaked:Struggle","beaked:SurvivalInstinct"],"picked":"SKIP","floor":29.0},{"not_picked":["beaked:BloodRitual","beaked:Mantra"],"picked":"beaked:BloodForTheGods+1","floor":30.0},{"not_picked":["beaked:Flinch","beaked:Foresight"],"picked":"beaked:BraceForImpact+1","floor":30.0}],"player_experience":166433,"relics_obtained":[{"floor":6.0,"key":"InkBottle"},{"floor":9.0,"key":"Blood Vial"},{"floor":10.0,"key":"Mummified Hand"},{"floor":15.0,"key":"Happy Flower"},{"floor":26.0,"key":"Ornamental Fan"},{"floor":28.0,"key":"Red Mask"}],"event_choices":[{"damage_healed":0.0,"max_hp_gain":0.0,"max_hp_loss":0.0,"gold_gain":0.0,"event_name":"The Woman in Blue","player_choice":"Bought 0 Potions","floor":4.0,"gold_loss":0.0,"damage_taken":0.0},{"damage_healed":0.0,"max_hp_gain":0.0,"max_hp_loss":0.0,"gold_gain":0.0,"event_name":"Masked Bandits","player_choice":"Fought Bandits","floor":28.0,"gold_loss":0.0,"damage_taken":0.0}],"is_beta":false,"boss_relics":[{"not_picked":["Kintsugi","Tiny House"],"picked":"ChewingGum"}],"items_purged_floors":[11],"is_endless":false,"potions_floor_spawned":[6,7,8,12,14,16,20,22,27,29,30],"killed_by":"Collector","ascension_level":0}}