{"host":"5dk97cf2ubw2v967","time":1611858211,"event":{"mods":["AlwaysNeverKeys","BaseMod","Better Altar","Better Vampires","Block Reminder","Colored Powertips","Downfall","Googly Eyes","Highlight Path","Minty Spire (QoL Compilation)","Permanent Neow","Potion Indicator Mod","Quick Restart","Relic Filter","Relic Stats","Say the Spire","Spicy Shops","StSLib","Waifu the Spire","everything is the same but u backflip on backflip"],"gold_per_floor":[99,99,99,99,111,111,111,111,139,39,59,85,85,96,112,191,191,91,107,17,36,49,49,49,49,59,77,62,75,75,102,120,120,120,120],"floor_reached":33,"language":"ENG","playtime":1507,"items_purged":["Guardian:Defend_Guardian"],"score":457,"play_id":"33b519c7-bce3-4edd-88ad-52436b81eab0","local_time":"20210128182331","is_ascension_mode":true,"campfire_choices":[{"data":"Guardian:TwinSlam","floor":1,"key":"SMITH"},{"floor":6,"key":"RECALL"},{"floor":10,"key":"REST"},{"data":"Guardian:DonusPower","floor":13,"key":"SMITH"},{"data":"Decay","floor":18,"key":"PURGE"},{"data":"Guardian:CurlUp","floor":23,"key":"PURGE"},{"floor":30,"key":"REST"}],"circlet_count":0,"master_deck":["AscendersBane","Guardian:Strike_Guardian+1","Guardian:Strike_Guardian","Guardian:Strike_Guardian","Guardian:Defend_Guardian+1","Guardian:Defend_Guardian+1","Guardian:Defend_Guardian+1","Guardian:TwinSlam+1","Guardian:DonusPower+1","Guardian:Recover","Guardian:Recover","Guardian:FastForward","CurseOfTheBell","Guardian:ChargeUp","Guardian:BronzeArmor","Guardian:FuturePlans"],"relics":["Busted Crown","HornCleat","InkBottle","downfall:HeartBlessingRed","Bronze Scales","Calling Bell","Peace Pipe","Eternal Feather","TungstenRod","downfall:HeartBlessingGreen","Shovel"],"acts_visited":["Exordium","TheCity"],"potions_floor_usage":[12,22,27],"damage_taken":[{"damage":8,"enemies":"2 Louse","floor":5,"turns":3},{"damage":22,"enemies":"Lagavulin","floor":9,"turns":7},{"damage":1,"enemies":"Small Slimes","floor":11,"turns":2},{"damage":4,"enemies":"3 Sentries","floor":12,"turns":7},{"damage":0,"enemies":"Cultist","floor":14,"turns":2},{"damage":0,"enemies":"2 Fungi Beasts","floor":15,"turns":1},{"damage":33,"enemies":"IC_STATUS_ARCHETYPE","floor":16,"turns":12},{"damage":4,"enemies":"Shell Parasite","floor":19,"turns":5},{"damage":0,"enemies":"downfall:FleeingMerchant","floor":20,"turns":4},{"damage":9,"enemies":"Spheric Guardian","floor":21,"turns":4},{"damage":13,"enemies":"Snake Plant","floor":22,"turns":5},{"damage":14,"enemies":"Centurion and Healer","floor":26,"turns":5},{"damage":5,"enemies":"Shelled Parasite and Fungi","floor":27,"turns":5},{"damage":0,"enemies":"downfall:FleeingMerchant","floor":28,"turns":4},{"damage":13,"enemies":"Snake Plant","floor":29,"turns":4},{"damage":58,"enemies":"Gremlin Leader","floor":31,"turns":10},{"damage":0,"enemies":"Cultist and Chosen","floor":32,"turns":5},{"damage":0,"enemies":"SI_MIRROR_ARCHETYPE","floor":33,"turns":1}],"seed_played":"4176082189108851072","potions_obtained":[{"floor":5,"key":"champ:CounterPotion"},{"floor":12,"key":"Block Potion"},{"floor":16,"key":"hexamod:SoulburnPotion"},{"floor":22,"key":"Weak Potion"},{"floor":25,"key":"SteroidPotion"},{"floor":29,"key":"CultistPotion"}],"is_trial":false,"path_per_floor":["R","?","?","?","M","R","T","?","E","R","M","E","R","M","M","B",null,"R","M","$","M","M","R","T","?","M","M","$","M","R","E","M","B"],"character_chosen":"GUARDIAN","items_purchased":[],"campfire_rested":2,"item_purchase_floors":[],"current_hp_per_floor":[72,72,72,72,64,64,64,64,42,66,65,61,61,61,61,28,67,76,72,72,63,50,59,59,59,45,40,40,27,60,2,2,2,2,2],"gold":120,"neow_bonus":"BOSS_RELIC","is_daily":false,"chose_seed":false,"campfire_upgraded":2,"win_rate":0.0,"timestamp":1611858211,"path_taken":["R","?","?","?","?","R","T","?","E","R","M","E","R","M","M","BOSS","R","M","$","M","M","R","T","?","?","?","$","M","R","E","M","BOSS"],"items_purchased_type":[],"build_version":"2020-12-22","purchased_purges":1,"victory":false,"max_hp_per_floor":[80,80,80,80,80,80,80,80,80,80,80,80,80,80,80,80,80,80,80,80,80,80,80,80,80,80,80,80,80,80,80,80,80,80,80],"relic_stats":{"Peace Pipe":2,"Busted Crown":36,"Shovel":0,"counters":[18,86],"Bronze Scales":[196],"Eternal Feather":27,"obtain_stats":[{"Calling Bell":17,"Peace Pipe":17,"Busted Crown":0,"HornCleat":7,"Shovel":31,"downfall:HeartBlessingRed":10,"Bronze Scales":12,"Guardian:ModeShifter":0,"Eternal Feather":17,"downfall:HeartBlessingGreen":18,"InkBottle":9,"TungstenRod":17},{"Calling Bell":7,"Peace Pipe":7,"Busted Crown":0,"HornCleat":1,"Shovel":16,"downfall:HeartBlessingRed":2,"Bronze Scales":4,"Guardian:ModeShifter":0,"Eternal Feather":7,"downfall:HeartBlessingGreen":7,"InkBottle":2,"TungstenRod":7},{"Calling Bell":34,"Peace Pipe":34,"Busted Crown":0,"HornCleat":3,"Shovel":80,"downfall:HeartBlessingRed":10,"Bronze Scales":19,"Guardian:ModeShifter":0,"Eternal Feather":34,"downfall:HeartBlessingGreen":34,"InkBottle":10,"TungstenRod":34}],"InkBottle":[27],"TungstenRod":17},"card_choices":[{"not_picked":[],"picked":"Guardian:DonusPower","floor":5},{"not_picked":[],"picked":"Guardian:Recover","floor":9},{"not_picked":[],"picked":"Guardian:Recover","floor":11},{"not_picked":["Guardian:VentSteam"],"picked":"SKIP","floor":12},{"not_picked":["Guardian:VentSteam"],"picked":"SKIP","floor":14},{"not_picked":["Guardian:Gem_Red"],"picked":"SKIP","floor":15},{"not_picked":[],"picked":"Guardian:FastForward","floor":16},{"not_picked":["Guardian:Gem_Red"],"picked":"SKIP","floor":19},{"not_picked":[],"picked":"Guardian:ChargeUp","floor":20},{"not_picked":["Guardian:Incinerate"],"picked":"SKIP","floor":21},{"not_picked":["Guardian:BodySlam"],"picked":"SKIP","floor":22},{"not_picked":["Guardian:PrismaticBeam"],"picked":"SKIP","floor":26},{"not_picked":["Guardian:ChargeCore"],"picked":"SKIP","floor":27},{"not_picked":[],"picked":"Guardian:BronzeArmor","floor":28},{"not_picked":[],"picked":"Guardian:FuturePlans","floor":29},{"not_picked":["Guardian:Gem_Red"],"picked":"SKIP","floor":31},{"not_picked":["Guardian:RefractedBeam"],"picked":"SKIP","floor":32}],"player_experience":1270092,"relics_obtained":[{"floor":7,"key":"HornCleat"},{"floor":9,"key":"InkBottle"},{"floor":12,"key":"Bronze Scales"},{"floor":17,"key":"Peace Pipe"},{"floor":17,"key":"Eternal Feather"},{"floor":17,"key":"TungstenRod"},{"floor":31,"key":"Shovel"}],"event_choices":[{"cards_removed":["downfall:Malfunctioning"],"damage_healed":0,"gold_gain":0,"player_choice":"Card Removal","damage_taken":0,"max_hp_gain":0,"max_hp_loss":0,"event_name":"The Cleric","floor":8,"gold_loss":0},{"damage_healed":0,"gold_gain":0,"player_choice":"Got Potions","damage_taken":0,"max_hp_gain":0,"max_hp_loss":0,"event_name":"Lab","floor":25,"gold_loss":0}],"is_beta":false,"boss_relics":[{"not_picked":["Runic Dome","Philosopher\u0027s Stone"],"picked":"Calling Bell"}],"items_purged_floors":[20],"is_endless":false,"potions_floor_spawned":[5,12,16,21,22,29,32],"killed_by":"SI_MIRROR_ARCHETYPE","ascension_level":13}}