{"host":"Sean","time":1611869209,"event":{"mods":["BaseMod","Block Reminder","Colored Map","Colored Powertips","Highlight Path","Minty Spire (QoL Compilation)","Permanent Neow","Relic Stats"],"gold_per_floor":[116,116,126,136,147,147,181,181,181,208,208,6,6,20,20,119,119,137,157,157,170,182,207,207,45,72,87,122,221,233,268,268,368,368,388,140,140,151,164,198,208,208,231,231,247,247,247,257,257,257,257],"floor_reached":50,"language":"ENG","playtime":2296,"items_purged":["Strike_B","Strike_B"],"score":837,"play_id":"3713f8f6-f22d-4357-826b-71e2f59d819f","local_time":"20210128212649","is_ascension_mode":true,"campfire_choices":[{"data":"Electrodynamics","floor":6.0,"key":"SMITH"},{"data":"Reinforced Body","floor":11.0,"key":"SMITH"},{"data":"Beam Cell","floor":13.0,"key":"SMITH"},{"data":"Melter","floor":15.0,"key":"SMITH"},{"floor":24,"key":"REST"},{"floor":32,"key":"REST"},{"data":"Consume","floor":42,"key":"SMITH"},{"data":"Dark Shackles","floor":46,"key":"SMITH"},{"floor":49,"key":"REST"}],"circlet_count":0,"master_deck":["Strike_B","Strike_B","Defend_B","Defend_B","Defend_B","Defend_B","Zap","Dualcast","Electrodynamics+1","Go for the Eyes","Compile Driver","Melter+1","Cold Snap","Reinforced Body+1","Turbo","Steam","Beam Cell+1","Turbo","Creative AI+1","Conserve Battery+1","Capacitor+1","Self Repair+1","Defragment+1","Consume+1","Echo Form+1","Ball Lightning+1","Conserve Battery+1","Meteor Strike+1","Loop+1","Lockon+1","Tempest","Hologram+1","Sunder+1","Dark Shackles+1","Parasite"],"relics":["Cracked Core","Bottled Tornado","Frozen Egg 2","StrikeDummy","Lizard Tail","Lee\u0027s Waffle","Nuclear Battery","Darkstone Periapt","Toy Ornithopter","Molten Egg 2","Lantern","Black Star","Mango","Mercury Hourglass","Oddly Smooth Stone"],"acts_visited":["Exordium","TheCity","TheBeyond"],"potions_floor_usage":[23,27,28,31,40,45,50],"damage_taken":[{"damage":0.0,"enemies":"2 Louse","floor":1.0,"turns":2.0},{"damage":1.0,"enemies":"Cultist","floor":3.0,"turns":3.0},{"damage":7.0,"enemies":"Jaw Worm","floor":4.0,"turns":3.0},{"damage":12.0,"enemies":"Exordium Wildlife","floor":5.0,"turns":4.0},{"damage":15.0,"enemies":"Gremlin Nob","floor":7.0,"turns":4.0},{"damage":11.0,"enemies":"Lagavulin","floor":10.0,"turns":5.0},{"damage":0.0,"enemies":"Gremlin Gang","floor":14.0,"turns":1.0},{"damage":8.0,"enemies":"Slime Boss","floor":16.0,"turns":8.0},{"damage":7.0,"enemies":"2 Thieves","floor":18.0,"turns":2.0},{"damage":10.0,"enemies":"Chosen","floor":19.0,"turns":3.0},{"damage":11.0,"enemies":"Snecko","floor":21.0,"turns":6.0},{"damage":21.0,"enemies":"Centurion and Healer","floor":22.0,"turns":4.0},{"damage":15,"enemies":"Slavers","floor":23,"turns":4},{"damage":16,"enemies":"Snake Plant","floor":27,"turns":4},{"damage":11,"enemies":"Gremlin Leader","floor":28,"turns":4},{"damage":21,"enemies":"Snecko","floor":30,"turns":5},{"damage":20,"enemies":"Slavers","floor":31,"turns":3},{"damage":26,"enemies":"Collector","floor":33,"turns":14},{"damage":7,"enemies":"3 Shapes","floor":35,"turns":4},{"damage":34,"enemies":"Orb Walker","floor":38,"turns":4},{"damage":18,"enemies":"4 Shapes","floor":39,"turns":2},{"damage":84,"enemies":"Nemesis","floor":40,"turns":9},{"damage":2,"enemies":"Sphere and 2 Shapes","floor":41,"turns":3},{"damage":14,"enemies":"Writhing Mass","floor":45,"turns":8},{"damage":15,"enemies":"Jaw Worm Horde","floor":48,"turns":3},{"damage":77,"enemies":"Awakened One","floor":50,"turns":5}],"seed_played":"224987775060329759","potions_obtained":[{"floor":7.0,"key":"SkillPotion"},{"floor":14.0,"key":"Weak Potion"},{"floor":16.0,"key":"Fire Potion"},{"floor":18.0,"key":"Explosive Potion"},{"floor":21.0,"key":"DistilledChaos"},{"floor":27,"key":"LiquidMemories"},{"floor":33,"key":"FocusPotion"},{"floor":38,"key":"SpeedPotion"},{"floor":40,"key":"Dexterity Potion"},{"floor":41,"key":"Fruit Juice"}],"is_trial":false,"path_per_floor":["M","?","M","M","M","R","E","?","T","E","R","$","R","M","R","B",null,"M","M","?","M","M","E","R","$","T","M","E","?","M","E","R","B",null,"M","$","?","M","M","E","M","R","T","?","M","R","?","M","R","B"],"character_chosen":"DEFECT","items_purchased":["Lee\u0027s Waffle","Beam Cell","Defragment+1","FocusPotion","DistilledChaos","Lockon+1"],"campfire_rested":3,"item_purchase_floors":[12,12,25,25,36,36],"current_hp_per_floor":[68,68,67,60,48,48,33,26,26,15,15,82,82,82,82,74,80,73,63,51,40,19,14,38,38,38,37,41,41,30,15,39,33,70,73,73,87,63,45,35,33,33,33,33,45,45,45,40,72,0,0],"gold":257,"neow_bonus":"ONE_RANDOM_RARE_CARD","is_daily":false,"chose_seed":false,"campfire_upgraded":6,"win_rate":0.0,"timestamp":1611869209,"path_taken":["M","?","M","M","?","R","E","?","T","E","R","$","R","M","R","BOSS","M","M","?","M","?","E","R","$","T","M","E","?","M","E","R","BOSS","M","$","?","?","M","E","M","R","T","?","M","R","?","M","R","BOSS"],"items_purchased_type":["Relic","Card","Card","Potion","Potion","Card"],"build_version":"2020-12-18","purchased_purges":2,"victory":false,"max_hp_per_floor":[75,75,75,75,75,75,75,75,75,75,75,82,82,82,82,82,82,82,82,82,82,82,82,82,82,82,82,82,82,82,82,82,82,82,82,82,96,96,96,96,96,96,96,96,107,107,107,107,107,107,107],"relic_stats":{"Darkstone Periapt":6,"Lizard Tail":48,"Lee\u0027s Waffle":67,"counters":[26,117],"Black Star":1,"obtain_stats":[{"Darkstone Periapt":23,"Lee\u0027s Waffle":12,"Lantern":31,"Oddly Smooth Stone":40,"Mango":37,"Bottled Tornado":7,"Frozen Egg 2":8,"Nuclear Battery":17,"Mercury Hourglass":40,"Lizard Tail":10,"Molten Egg 2":28,"Black Star":34,"Cracked Core":0,"StrikeDummy":9,"Toy Ornithopter":26},{"Darkstone Periapt":13,"Lee\u0027s Waffle":6,"Lantern":17,"Oddly Smooth Stone":22,"Mango":19,"Bottled Tornado":5,"Frozen Egg 2":5,"Nuclear Battery":8,"Mercury Hourglass":22,"Lizard Tail":6,"Molten Egg 2":15,"Black Star":18,"Cracked Core":0,"StrikeDummy":5,"Toy Ornithopter":13},{"Darkstone Periapt":49,"Lee\u0027s Waffle":21,"Lantern":65,"Oddly Smooth Stone":98,"Mango":83,"Bottled Tornado":16,"Frozen Egg 2":16,"Nuclear Battery":30,"Mercury Hourglass":98,"Lizard Tail":21,"Molten Egg 2":57,"Black Star":79,"Cracked Core":0,"StrikeDummy":16,"Toy Ornithopter":49}],"Toy Ornithopter":30,"Mercury Hourglass":[53]},"card_choices":[{"not_picked":["Steam","Force Field"],"picked":"Go for the Eyes","floor":1.0},{"not_picked":["Auto Shields","Cold Snap"],"picked":"Melter","floor":3.0},{"not_picked":["Rip and Tear","Meteor Strike"],"picked":"Cold Snap","floor":4.0},{"not_picked":["Streamline","Hologram"],"picked":"Reinforced Body","floor":5.0},{"not_picked":["Compile Driver","Gash"],"picked":"Turbo","floor":7.0},{"not_picked":["Force Field","Aggregate"],"picked":"Steam","floor":10.0},{"not_picked":["Stack","Sweeping Beam"],"picked":"Turbo","floor":14.0},{"not_picked":["Thunder Strike","Buffer+1"],"picked":"Creative AI+1","floor":16.0},{"not_picked":["Streamline","Redo"],"picked":"Conserve Battery+1","floor":18.0},{"not_picked":["Beam Cell+1","Chaos+1"],"picked":"Capacitor+1","floor":19.0},{"not_picked":["Cold Snap","Barrage","Compile Driver"],"picked":"SKIP","floor":21.0},{"not_picked":["Hologram+1","Hyperbeam"],"picked":"Self Repair+1","floor":22.0},{"not_picked":["Conserve Battery","Go for the Eyes","Reinforced Body"],"picked":"SKIP","floor":23},{"not_picked":["Cold Snap","Rebound"],"picked":"Consume","floor":27},{"not_picked":["Cold Snap+1","Beam Cell+1"],"picked":"Echo Form+1","floor":28},{"not_picked":["Redo","Turbo"],"picked":"Ball Lightning+1","floor":30},{"not_picked":["Compile Driver+1","White Noise"],"picked":"Conserve Battery+1","floor":31},{"not_picked":["Electrodynamics+1","All For One+1"],"picked":"Meteor Strike+1","floor":33},{"not_picked":["Steam","Streamline+1"],"picked":"Loop+1","floor":35},{"not_picked":["Reprogram+1","Static Discharge+1"],"picked":"Tempest","floor":38},{"not_picked":["Compile Driver+1","Reprogram"],"picked":"Hologram+1","floor":39},{"not_picked":["Melter+1","Ball Lightning+1","Turbo"],"picked":"SKIP","floor":40},{"not_picked":["BootSequence+1","Steam"],"picked":"Sunder+1","floor":41},{"not_picked":["Sadistic Nature+1","Transmutation"],"picked":"Dark Shackles","floor":44},{"not_picked":["Streamline+1","Rebound+1","Sweeping Beam+1"],"picked":"SKIP","floor":45},{"not_picked":["Beam Cell+1","Chaos+1","Hologram"],"picked":"SKIP","floor":48}],"player_experience":483525,"relics_obtained":[{"floor":7.0,"key":"Bottled Tornado"},{"floor":9.0,"key":"StrikeDummy"},{"floor":10.0,"key":"Lizard Tail"},{"floor":23,"key":"Darkstone Periapt"},{"floor":26,"key":"Toy Ornithopter"},{"floor":28,"key":"Molten Egg 2"},{"floor":31,"key":"Lantern"},{"floor":40,"key":"Mercury Hourglass"},{"floor":40,"key":"Oddly Smooth Stone"}],"event_choices":[{"damage_healed":0.0,"max_hp_gain":0.0,"max_hp_loss":0.0,"gold_gain":0.0,"event_name":"Match and Keep!","player_choice":"2 cards matched","floor":2.0,"gold_loss":0.0,"damage_taken":0.0,"cards_obtained":["Impatience","Compile Driver"]},{"damage_healed":0.0,"max_hp_gain":0.0,"max_hp_loss":0.0,"gold_gain":0.0,"event_name":"Scrap Ooze","player_choice":"Success","floor":8.0,"gold_loss":0.0,"damage_taken":7.0,"relics_obtained":["Frozen Egg 2"]},{"damage_healed":0.0,"max_hp_gain":0.0,"max_hp_loss":0.0,"gold_gain":0.0,"event_name":"Knowing Skull","player_choice":"POTION ","floor":20.0,"potions_obtained":["Energy Potion"],"gold_loss":0.0,"damage_taken":12.0,"cards_obtained":[]},{"damage_healed":0,"gold_gain":99,"player_choice":"Stole From Cult","damage_taken":0,"max_hp_gain":0,"max_hp_loss":0,"event_name":"Nest","floor":29,"gold_loss":0},{"cards_removed":["Impatience"],"damage_healed":0,"gold_gain":0,"player_choice":"Gave Card","damage_taken":0,"relics_obtained":["Mango"],"max_hp_gain":0,"max_hp_loss":0,"event_name":"WeMeetAgain","floor":37,"gold_loss":0},{"damage_healed":0,"gold_gain":0,"player_choice":"Memory 1","damage_taken":0,"max_hp_gain":0,"max_hp_loss":0,"event_name":"SensoryStone","floor":44,"gold_loss":0},{"damage_healed":0,"gold_gain":0,"player_choice":"Ignored","damage_taken":0,"max_hp_gain":0,"max_hp_loss":0,"event_name":"Tomb of Lord Red Mask","floor":47,"gold_loss":0}],"is_beta":true,"boss_relics":[{"not_picked":["Runic Dome","Runic Pyramid"],"picked":"Nuclear Battery"},{"not_picked":["Busted Crown","FrozenCore"],"picked":"Black Star"}],"items_purged_floors":[25,36],"is_endless":false,"potions_floor_spawned":[7,14,16,18,21,27,33,38,40,41],"killed_by":"Awakened One","ascension_level":8}}