{"host":"zksvs3x2ysy9npnz","time":1611798038,"event":{"mods":["Aspiration","BaseMod","Beaked The Cultist","BetterRewards","Clockwork Mod","Colored Map","Conspire","Downfall","Duelist Mod","Halation","Highlight Path","Hubris","Infinite Spire","Jedi Mod","Magitek Elite","Minty Spire (QoL Compilation)","Permanent Neow","Quick Restart","Relic Stats","Shop Mod","StSLib","The Runesmith","The Witch"],"gold_per_floor":[137,137,137,154,154,154,181,181,181,253,267,34,34,51,51,129,129,145,60,110,128,139,139,165,165,165,165,165,182,194,210,210,287,287,306,323,323,336,336,336,336,336,336,353,353,399,289,300,300,300,300],"floor_reached":50,"language":"FRA","playtime":7761,"items_purged":["theDuelist:Sparks"],"score":945,"play_id":"b125ac34-42d7-4776-9a05-cb4907fca7c6","local_time":"20210128024038","is_ascension_mode":true,"campfire_choices":[{"data":"theDuelist:Wildfire+1","floor":6,"key":"SMITH"},{"data":"theDuelist:Wildfire+2","floor":8,"key":"SMITH"},{"data":"theDuelist:Wildfire+3","floor":13,"key":"SMITH"},{"data":"theDuelist:NaturiaRock","floor":15,"key":"SMITH"},{"floor":23,"key":"REST"},{"floor":25,"key":"REST"},{"data":"theDuelist:NaturalDisaster","floor":27,"key":"SMITH"},{"data":"theDuelist:GemElephant","floor":32,"key":"SMITH"},{"data":"theDuelist:NaturiaSacredTree","floor":40,"key":"SMITH"},{"data":"theDuelist:SpacetimeTranscendence","floor":42,"key":"SMITH"},{"floor":45,"key":"REST"},{"floor":49,"key":"REST"}],"circlet_count":0,"master_deck":["theDuelist:BloodSparks","theDuelist:CastleWalls","theDuelist:CastleWalls","theDuelist:CastleWalls","AscendersBane","theDuelist:NaturiaBeast+1","theDuelist:NaturiaRock+1","theDuelist:NaturiaTulip","theDuelist:Wildfire+4","theDuelist:NaturiaDragonfly","theDuelist:SpacetimeTranscendence+1","theDuelist:GemElephant+1","theDuelist:NaturiaBrambi","theDuelist:HuntingInstinct","theDuelist:NaturalDisaster+1","theDuelist:NaturiaRock","theDuelist:NaturiaMarron+1","theDuelist:NaturiaSacredTree+1","theDuelist:NaturiaHorneedle","theDuelist:NaturiaMarron","theDuelist:NaturiaHorneedle"],"relics":["theDuelist:MillenniumPuzzle","theDuelist:CardPoolRelic","theDuelist:CardPoolBasicRelic","theDuelist:BoosterPackPoolRelic","theDuelist:CardPoolAddRelic","theDuelist:CardPoolMinusRelic","theDuelist:CardPoolSaveRelic","theDuelist:CardPoolOptionsRelic","halation:PinkSoulGem","Vajra","theDuelist:BlessingAnubis","Bottled Lightning","Runesmith:AutoHammer","jedi:paperlyon","infinitespire:Freezer","Akabeko","Gambling Chip","HoveringKite","theDuelist:DuelistTeaSet","halation:PapillonHeart","hubris:DisguiseKit","halation:SwordOfLegend","hubris:MedicalManual","hubris:CuriousFeather"],"acts_visited":["Exordium","TheCity","TheBeyond"],"potions_floor_usage":[7,16,18,22,24,30,31,46,50],"damage_taken":[{"damage":12,"enemies":"Jaw Worm","floor":1,"turns":3},{"damage":0,"enemies":"2 Louse","floor":4,"turns":3},{"damage":10,"enemies":"3 Sentries","floor":7,"turns":5},{"damage":0,"enemies":"Cultist","floor":11,"turns":3},{"damage":5,"enemies":"Blue Slaver","floor":14,"turns":8},{"damage":13,"enemies":"The Guardian","floor":16,"turns":10},{"damage":16,"enemies":"Chosen","floor":18,"turns":5},{"damage":10,"enemies":"Shell Parasite","floor":21,"turns":5},{"damage":45,"enemies":"Cultist and Chosen","floor":22,"turns":6},{"damage":27,"enemies":"Slavers","floor":24,"turns":2},{"damage":14,"enemies":"conspire:HollyBat","floor":29,"turns":9},{"damage":8,"enemies":"Sentry and Sphere","floor":30,"turns":4},{"damage":10,"enemies":"Snake Plant","floor":31,"turns":3},{"damage":22,"enemies":"Automaton","floor":33,"turns":11},{"damage":0,"enemies":"3 Darklings","floor":35,"turns":2},{"damage":0,"enemies":"Orb Walker","floor":36,"turns":3},{"damage":0,"enemies":"Sphere and 2 Shapes","floor":38,"turns":3},{"damage":26,"enemies":"Spire Growth","floor":44,"turns":4},{"damage":21,"enemies":"Spire Growth","floor":46,"turns":8},{"damage":0,"enemies":"4 Shapes","floor":48,"turns":6},{"damage":65,"enemies":"Time Eater","floor":50,"turns":6}],"seed_played":"858658219585262160","potions_obtained":[{"floor":1,"key":"theDuelist:OrbBottle"},{"floor":7,"key":"conspire:TimeTravelPotion"},{"floor":14,"key":"BlessingOfTheForge"},{"floor":18,"key":"conspire:TimeTravelPotion"},{"floor":21,"key":"theDuelist:BurningPotion"},{"floor":24,"key":"Energy Potion"},{"floor":29,"key":"FearPotion"},{"floor":38,"key":"SpeedPotion"},{"floor":44,"key":"theDuelist:WaterBottle"}],"is_trial":false,"path_per_floor":["M","?","?","M","?","R","E","R","T","T","M","$","R","M","R","B",null,"M","?","?","M","M","R","E","R","T","R","?","M","M","M","R","B",null,"M","M","?","M","?","R","?","R","T","M","R","?","?","M","R","B"],"character_chosen":"THE_DUELIST","items_purchased":["Runesmith:AutoHammer"],"campfire_rested":4,"item_purchase_floors":[12],"current_hp_per_floor":[55,55,55,55,55,55,45,45,45,45,49,49,49,44,44,31,66,66,66,66,60,15,39,39,63,63,63,63,49,41,31,31,9,64,64,68,60,60,60,60,60,60,60,34,58,37,37,37,64,0,0],"gold":300,"neow_bonus":"ONE_RANDOM_RARE_CARD","is_daily":false,"chose_seed":false,"campfire_upgraded":8,"win_rate":0.0,"timestamp":1611798038,"path_taken":["M","?","?","?","?","R","E","R","T","?","M","?","R","M","R","BOSS","M","?","?","?","M","R","E","R","T","R","?","M","M","?","R","BOSS","M","M","?","M","?","R","?","R","T","?","R","?","?","M","R","BOSS"],"items_purchased_type":["Relic"],"build_version":"2020-12-22","purchased_purges":1,"victory":false,"max_hp_per_floor":[74,74,74,74,74,74,74,74,74,74,78,78,78,78,78,78,78,78,78,78,82,82,82,82,82,82,82,82,82,82,82,82,82,82,82,86,86,86,82,82,82,82,82,82,82,82,82,82,82,82,82],"relic_stats":{"counters":[21,108],"Gambling Chip":[31],"HoveringKite":[7],"obtain_stats":[{"hubris:DisguiseKit":43,"halation:PapillonHeart":39,"Vajra":7,"HoveringKite":34,"theDuelist:DuelistTeaSet":37,"hubris:MedicalManual":46,"theDuelist:MillenniumPuzzle":0,"theDuelist:CardPoolSaveRelic":0,"Akabeko":24,"theDuelist:BoosterPackPoolRelic":0,"theDuelist:CardPoolMinusRelic":0,"halation:SwordOfLegend":46,"jedi:paperlyon":17,"theDuelist:CardPoolBasicRelic":0,"Gambling Chip":26,"theDuelist:CardPoolAddRelic":0,"hubris:CuriousFeather":46,"theDuelist:CardPoolOptionsRelic":0,"Bottled Lightning":10,"Runesmith:AutoHammer":12,"halation:PinkSoulGem":2,"theDuelist:CardPoolRelic":0,"theDuelist:BlessingAnubis":9,"infinitespire:Freezer":19},{"hubris:DisguiseKit":17,"halation:PapillonHeart":17,"Vajra":3,"HoveringKite":14,"theDuelist:DuelistTeaSet":16,"hubris:MedicalManual":19,"theDuelist:MillenniumPuzzle":0,"theDuelist:CardPoolSaveRelic":0,"Akabeko":10,"theDuelist:BoosterPackPoolRelic":0,"theDuelist:CardPoolMinusRelic":0,"halation:SwordOfLegend":19,"jedi:paperlyon":6,"theDuelist:CardPoolBasicRelic":0,"Gambling Chip":10,"theDuelist:CardPoolAddRelic":0,"hubris:CuriousFeather":19,"theDuelist:CardPoolOptionsRelic":0,"Bottled Lightning":3,"Runesmith:AutoHammer":4,"halation:PinkSoulGem":1,"theDuelist:CardPoolRelic":0,"theDuelist:BlessingAnubis":3,"infinitespire:Freezer":7},{"hubris:DisguiseKit":84,"halation:PapillonHeart":84,"Vajra":11,"HoveringKite":76,"theDuelist:DuelistTeaSet":81,"hubris:MedicalManual":96,"theDuelist:MillenniumPuzzle":0,"theDuelist:CardPoolSaveRelic":0,"Akabeko":50,"theDuelist:BoosterPackPoolRelic":0,"theDuelist:CardPoolMinusRelic":0,"halation:SwordOfLegend":96,"jedi:paperlyon":32,"theDuelist:CardPoolBasicRelic":0,"Gambling Chip":50,"theDuelist:CardPoolAddRelic":0,"hubris:CuriousFeather":96,"theDuelist:CardPoolOptionsRelic":0,"Bottled Lightning":11,"Runesmith:AutoHammer":14,"halation:PinkSoulGem":3,"theDuelist:CardPoolRelic":0,"theDuelist:BlessingAnubis":11,"infinitespire:Freezer":37}]},"card_choices":[{"not_picked":["theDuelist:NaturiaCliff","theDuelist:NaturiaStinkbug","theDuelist:Spore","theDuelist:NaturiaLandoise"],"picked":"theDuelist:NaturiaDragonfly","floor":1},{"not_picked":["theDuelist:FuryFire","theDuelist:BottomlessTrapHole","theDuelist:NaturiaStinkbug","theDuelist:LuminousMoss"],"picked":"theDuelist:SpacetimeTranscendence","floor":4},{"not_picked":["theDuelist:DemiseLand+1","theDuelist:BottomlessTrapHole+1","theDuelist:SangaEarth+1"],"picked":"SKIP","floor":7},{"not_picked":["theDuelist:MudragonSwamp","theDuelist:PotAvarice","theDuelist:BigFire","theDuelist:ImperialOrder"],"picked":"theDuelist:GemElephant","floor":11},{"not_picked":["theDuelist:NaturiaDragonfly","theDuelist:NaturiaCliff","theDuelist:NaturiaEggplant","theDuelist:NaturiaPumpkin"],"picked":"theDuelist:NaturiaBrambi","floor":14},{"not_picked":["theDuelist:NaturiaForest","theDuelist:DemiseLand","theDuelist:ClosedForest","theDuelist:Wildfire"],"picked":"theDuelist:HuntingInstinct","floor":16},{"not_picked":["theDuelist:LairWire+1","theDuelist:BottomlessTrapHole","theDuelist:SeismicShockwave","theDuelist:HuntingInstinct"],"picked":"theDuelist:NaturalDisaster","floor":18},{"not_picked":["theDuelist:NaturiaSpiderfang","theDuelist:MillenniumScorpion","theDuelist:NaturiaLeodrake","theDuelist:GracefulCharity","theDuelist:Canyon"],"picked":"SKIP","floor":21},{"not_picked":["theDuelist:BottomlessTrapHole","theDuelist:FrozenRose","theDuelist:WormBait","theDuelist:FossilExcavation"],"picked":"theDuelist:NaturiaRock","floor":22},{"not_picked":["theDuelist:NaturiaHydrangea","theDuelist:NaturiaEggplant","theDuelist:NaturiaDragonfly","theDuelist:NaturiaCliff","theDuelist:BrainCrusher"],"picked":"SKIP","floor":24},{"not_picked":["theDuelist:NaturiaHydrangea","theDuelist:NaturiaCliff","theDuelist:NaturiaMantis+1","theDuelist:Wiretap"],"picked":"theDuelist:NaturiaMarron+1","floor":29},{"not_picked":["theDuelist:NaturiaHydrangea","theDuelist:LonefireBlossom+1","theDuelist:NaturiaRock","theDuelist:NaturiaTulip+1"],"picked":"theDuelist:NaturiaSacredTree","floor":30},{"not_picked":["theDuelist:NaturiaHydrangea","theDuelist:NaturiaEggplant","theDuelist:NaturiaDragonfly","theDuelist:NaturiaCliff","theDuelist:NaturiaMosquito"],"picked":"SKIP","floor":31},{"not_picked":["theDuelist:NaturiaVein","theDuelist:HuntingInstinct","theDuelist:ClosedForest","theDuelist:Canyon"],"picked":"theDuelist:NaturiaHorneedle","floor":33},{"not_picked":["theDuelist:NaturiaHydrangea+1","theDuelist:NaturiaDragonfly+1","theDuelist:NaturiaRock","theDuelist:NaturiaExterio"],"picked":"theDuelist:NaturiaMarron","floor":35},{"not_picked":["theDuelist:DemiseLand","theDuelist:NaturiaStagBeetle","theDuelist:SangaEarth","theDuelist:NatureReflection","theDuelist:SeismicShockwave"],"picked":"SKIP","floor":36},{"not_picked":["theDuelist:Pollinosis+1","theDuelist:NaturalDisaster","theDuelist:LairWire","theDuelist:BottomlessTrapHole","theDuelist:AcidTrapHole+1"],"picked":"SKIP","floor":38},{"not_picked":["theDuelist:MonsterEgg","theDuelist:GemElephant","theDuelist:NaturiaBrambi","theDuelist:NaturiaMarron+1"],"picked":"theDuelist:NaturiaHorneedle","floor":44},{"not_picked":["theDuelist:NaturiaMosquito+1","theDuelist:AfterGenocide","theDuelist:NaturiaBeetle","theDuelist:NaturiaCosmobeet","theDuelist:NaturiaCherries"],"picked":"SKIP","floor":48}],"player_experience":2079320,"relics_obtained":[{"floor":7,"key":"Vajra"},{"floor":9,"key":"theDuelist:BlessingAnubis"},{"floor":10,"key":"Bottled Lightning"},{"floor":24,"key":"Akabeko"},{"floor":26,"key":"Gambling Chip"},{"floor":43,"key":"hubris:DisguiseKit"},{"floor":46,"key":"halation:SwordOfLegend"},{"floor":46,"key":"hubris:MedicalManual"},{"floor":46,"key":"hubris:CuriousFeather"}],"event_choices":[{"damage_healed":0,"gold_gain":0,"player_choice":"Leave","duelist":true,"damage_taken":0,"max_hp_gain":0,"max_hp_loss":0,"event_name":"Millennium Items","floor":3,"gold_loss":0},{"damage_healed":0,"gold_gain":0,"player_choice":"Grow","damage_taken":0,"max_hp_gain":0,"max_hp_loss":0,"event_name":"Living Wall","floor":5,"gold_loss":0,"cards_upgraded":["theDuelist:Wildfire"]},{"damage_healed":0,"gold_gain":0,"player_choice":"Obtained Relic","damage_taken":0,"relics_obtained":["infinitespire:Freezer"],"max_hp_gain":0,"max_hp_loss":0,"event_name":"Addict","floor":19,"gold_loss":85},{"damage_healed":0,"gold_gain":50,"player_choice":"Pray","damage_taken":0,"max_hp_gain":0,"max_hp_loss":0,"event_name":"Golden Shrine","floor":20,"gold_loss":0},{"damage_healed":0,"gold_gain":0,"player_choice":"Ignored","damage_taken":0,"max_hp_gain":0,"max_hp_loss":0,"event_name":"Vampires","floor":28,"gold_loss":0},{"damage_healed":0,"gold_gain":0,"player_choice":"Dig - random Duelist relic","duelist":true,"damage_taken":0,"max_hp_gain":0,"max_hp_loss":0,"event_name":"Aknamkanon\u0027s Tomb","floor":37,"gold_loss":0},{"cards_removed":["theDuelist:Sparks"],"damage_healed":0,"gold_gain":0,"player_choice":"Purged","damage_taken":0,"max_hp_gain":0,"max_hp_loss":0,"event_name":"Purifier","floor":41,"gold_loss":0},{"damage_healed":0,"gold_gain":0,"player_choice":"Fight","duelist":true,"damage_taken":0,"max_hp_gain":0,"max_hp_loss":0,"event_name":"Battle City","floor":46,"gold_loss":0},{"cards_removed":["theDuelist:NaturiaCliff"],"damage_healed":0,"gold_gain":0,"player_choice":"Upgrade and Remove","damage_taken":0,"max_hp_gain":0,"max_hp_loss":0,"event_name":"Designer","floor":47,"gold_loss":110,"cards_upgraded":["theDuelist:NaturiaBeast"]}],"is_beta":false,"boss_relics":[{"not_picked":["hubris:CrackedHourglass","Runic Pyramid"],"picked":"jedi:paperlyon"},{"not_picked":["infinitespire:Burning Sword","hubris:BlackHole"],"picked":"HoveringKite"}],"items_purged_floors":[12],"is_endless":false,"potions_floor_spawned":[1,7,14,18,21,24,29,38,44],"killed_by":"Time Eater","ascension_level":20}}