{"host":"spdqkj9ykratwava","time":1611797725,"event":{"mods":["BaseMod","Block Reminder","Minty Spire (QoL Compilation)","Slay the Relics Exporter","StSLib"],"gold_per_floor":[109,184,194,269,287,316,316,334,334,351,351,363,363,381,381,479,479,492,508,522,539,539,539,539],"floor_reached":23,"language":"ENG","playtime":710,"items_purged":[],"score":197,"play_id":"167409b5-4f79-4e30-9637-3fbc8a0f23f0","local_time":"20210127173525","is_ascension_mode":false,"campfire_choices":[{"data":"Uppercut","floor":7,"key":"SMITH"},{"data":"Flame Barrier","floor":11,"key":"SMITH"},{"data":"Inflame","floor":13,"key":"SMITH"},{"data":"Fire Breathing","floor":15,"key":"SMITH"}],"circlet_count":0,"master_deck":["Strike_R","Strike_R","Strike_R","Strike_R","Strike_R","Defend_R","Defend_R","Defend_R","Defend_R","Bash","Uppercut+1","Reckless Charge","Cleave","Flame Barrier+1","Fire Breathing+1","Pommel Strike","Inflame+1","Havoc","Offering","Dark Embrace","Thunderclap+1","Feel No Pain","Havoc+1"],"relics":["Burning Blood","NeowsBlessing","Art of War","Sundial","SlaversCollar","Mango"],"acts_visited":["Exordium","TheCity"],"potions_floor_usage":[16,16,19,23],"damage_taken":[{"damage":0.0,"enemies":"Cultist","floor":1.0,"turns":1.0},{"damage":0.0,"enemies":"2 Louse","floor":3.0,"turns":1.0},{"damage":0,"enemies":"Jaw Worm","floor":5,"turns":1},{"damage":36,"enemies":"Lagavulin","floor":6,"turns":6},{"damage":11,"enemies":"Lots of Slimes","floor":8,"turns":3},{"damage":13,"enemies":"2 Fungi Beasts","floor":10,"turns":3},{"damage":6,"enemies":"Blue Slaver","floor":12,"turns":4},{"damage":7,"enemies":"Large Slime","floor":14,"turns":4},{"damage":15,"enemies":"Hexaghost","floor":16,"turns":7},{"damage":6,"enemies":"Chosen","floor":18,"turns":5},{"damage":15,"enemies":"Shell Parasite","floor":19,"turns":5},{"damage":33,"enemies":"Shelled Parasite and Fungi","floor":20,"turns":5},{"damage":32,"enemies":"Chosen and Byrds","floor":21,"turns":8},{"damage":39,"enemies":"Gremlin Leader","floor":23,"turns":4}],"seed_played":"-7357977420084538463","potions_obtained":[{"floor":1.0,"key":"Dexterity Potion"},{"floor":3.0,"key":"Fire Potion"},{"floor":12,"key":"SkillPotion"},{"floor":19,"key":"DistilledChaos"},{"floor":21,"key":"Ancient Potion"}],"is_trial":false,"path_per_floor":["M","?","M","?","M","E","R","M","T","M","R","M","R","M","R","B",null,"M","M","M","M","?","E"],"character_chosen":"IRONCLAD","items_purchased":[],"campfire_rested":0,"item_purchase_floors":[],"current_hp_per_floor":[80,69,75,67,73,43,43,38,38,31,31,31,31,30,30,21,80,80,71,44,18,32,0,0],"gold":539,"neow_bonus":"THREE_ENEMY_KILL","is_daily":false,"chose_seed":false,"campfire_upgraded":4,"win_rate":0.0,"timestamp":1611797725,"path_taken":["M","?","M","?","?","E","R","M","T","M","R","M","R","M","R","BOSS","M","M","M","M","?","E"],"items_purchased_type":[],"build_version":"2020-12-22","purchased_purges":0,"victory":false,"max_hp_per_floor":[80,80,80,80,80,80,80,80,80,80,80,80,80,80,80,80,80,80,80,80,80,94,94,94],"card_choices":[{"not_picked":["Cleave","Iron Wave"],"picked":"Uppercut","floor":1.0},{"not_picked":["Flex","Clothesline"],"picked":"Reckless Charge","floor":3.0},{"not_picked":["Clothesline","Headbutt"],"picked":"Cleave","floor":5},{"not_picked":["Headbutt","Dropkick"],"picked":"Flame Barrier","floor":6},{"not_picked":["Exhume","Wild Strike"],"picked":"Fire Breathing","floor":8},{"not_picked":["Clothesline","Body Slam"],"picked":"Pommel Strike","floor":10},{"not_picked":["Flex","Pummel"],"picked":"Inflame","floor":12},{"not_picked":["Heavy Blade","Twin Strike"],"picked":"Havoc","floor":14},{"not_picked":["Berserk","Exhume"],"picked":"Offering","floor":16},{"not_picked":["Body Slam","Sword Boomerang+1"],"picked":"Dark Embrace","floor":18},{"not_picked":["Armaments","Rupture"],"picked":"Thunderclap+1","floor":19},{"not_picked":["True Grit+1","Heavy Blade"],"picked":"Feel No Pain","floor":20},{"not_picked":["Shrug It Off","Uppercut"],"picked":"Havoc+1","floor":21}],"player_experience":420137,"relics_obtained":[{"floor":6,"key":"Art of War"},{"floor":9,"key":"Sundial"}],"event_choices":[{"damage_healed":0.0,"max_hp_gain":0.0,"max_hp_loss":0.0,"gold_gain":75.0,"event_name":"World of Goop","player_choice":"Gather Gold","floor":2.0,"gold_loss":0.0,"damage_taken":11.0},{"damage_healed":0,"gold_gain":75,"player_choice":"Touch","damage_taken":8,"max_hp_gain":0,"max_hp_loss":0,"event_name":"FaceTrader","floor":4,"gold_loss":0},{"damage_healed":0,"gold_gain":0,"player_choice":"Opened","damage_taken":0,"relics_obtained":["Mango"],"max_hp_gain":0,"max_hp_loss":0,"event_name":"The Mausoleum","floor":22,"gold_loss":0}],"is_beta":false,"boss_relics":[{"not_picked":["Philosopher\u0027s Stone","Fusion Hammer"],"picked":"SlaversCollar"}],"items_purged_floors":[],"is_endless":false,"potions_floor_spawned":[1,3,12,19,21],"killed_by":"Gremlin Leader","ascension_level":0}}