{"host":"o5lch9xvacbb0fa4","time":1611841385,"event":{"mods":["AchievementEnabler","Act Like it!","Aspiration","Bard","BaseMod","Better Altar","Better Match","Better Note","Better Sensory Stone","Better Skull","Better Third Choice","Better Vampires","BetterRewards","CCEM","Colored Map","Conspire","Downfall","GifTheSpireLib","Googly Eyes","GungeonMod","Halation","Hermit","Highlight Path","Hubris","Infinite Spire","Jedi Mod","Jorbs\u0027s Wanderer Trilogy","Marisa????????","Marked Mod","Mimic Mod","Minty Spire (QoL Compilation)","Permanent Neow","Relic Filter","Relic Sorter","Relic Stats","Replay The Spire","Shade Mod","Shop Mod","Small Relic Pack","StSLib","Stuff the Spire","The Administrix","The Blackbeard","The Runesmith","Unceasing Turn Reminder","everything is the same but u backflip on backflip","slay the spire mod where everything is the same but ironclad has a cowboy hat"],"gold_per_floor":[109,124,124,124,10,43,54,87,87,100,119,119,119,133,133,238,238,259,239,239,257,312,312,330,371,394,425,425,425,439,2,2,2,2],"floor_reached":33,"playtime":2043,"items_purged":["Regret","DemoMod:Strike_Huntress"],"score":297,"play_id":"d66341f2-bf0d-4af7-80d0-f9acef5fac52","local_time":"20210128214305","is_ascension_mode":false,"campfire_choices":[{"data":"DemoMod:StickyCrossBow","floor":12,"key":"SMITH"},{"data":"DemoMod:ManualReload","floor":23,"key":"SMITH"},{"floor":28,"key":"REST"},{"data":"DemoMod:PotionOfGunFriendShip","floor":29,"key":"SMITH"},{"floor":32,"key":"REST"}],"circlet_count":0,"master_deck":["DemoMod:Defend_Huntress","DemoMod:Defend_Huntress","DemoMod:Defend_Huntress","DemoMod:Defend_Huntress","DemoMod:Roll","DemoMod:ManualReload+1","DemoMod:RustySidearm","DemoMod:CrossBow","DemoMod:StickyCrossBow+1","DemoMod:HardPowerCard","DemoMod:MegaHand","DemoMod:EasyReloadBullets","DemoMod:Unmoved+1","DemoMod:MegaHand","DemoMod:SkilledReload+1","ReplayTheSpireMod:Tripwire","DemoMod:PotionOfGunFriendShip+1","DemoMod:FightSabre","DemoMod:DoubleVision","Replay:Hum+1","DemoMod:FortunesFavor+1","DemoMod:EasyReloadBullets+1","DemoMod:ConditionalReflex","DemoMod:JK47+1","DemoMod:StickyCrossBow+1","DemoMod:HardPowerCard"],"relics":["DemoMod:Dog","Lee\u0027s Waffle","White Beast Statue","Anchor","hubris:SlimyHat","Happy Flower","jedi:archwizardhat","Centennial Puzzle","Frozen Egg 2","Pet Ghost","Replay:Bronze Core","aspiration:ChemicalBlood","infinitespire:PuzzleCube","CCEMRelics:DissonantTune","hubris:Zylophone"],"acts_visited":["Exordium","TheCity"],"potions_floor_usage":[7,16,16,25,25,27,30],"damage_taken":[{"damage":0,"enemies":"Small Slimes","floor":1,"turns":3},{"damage":1,"enemies":"Jaw Worm","floor":2,"turns":4},{"damage":10,"enemies":"Gremlin Nob","floor":6,"turns":4},{"damage":0,"enemies":"Cultist","floor":7,"turns":2},{"damage":29,"enemies":"Lagavulin","floor":8,"turns":8},{"damage":0,"enemies":"Looter","floor":10,"turns":3},{"damage":1,"enemies":"2 Fungi Beasts","floor":11,"turns":2},{"damage":0,"enemies":"Large Slime","floor":14,"turns":3},{"damage":7,"enemies":"Fading Forest","floor":16,"turns":11},{"damage":0,"enemies":"Shell Parasite","floor":18,"turns":3},{"damage":7,"enemies":"Chosen","floor":21,"turns":5},{"damage":11,"enemies":"Centurion and Healer","floor":22,"turns":6},{"damage":0,"enemies":"Snecko","floor":24,"turns":4},{"damage":26,"enemies":"Nightmare","floor":25,"turns":7},{"damage":25,"enemies":"Gremlin Leader","floor":27,"turns":6},{"damage":3,"enemies":"Sentry and Sphere","floor":30,"turns":4},{"damage":0,"enemies":"hubris:MusketHawk","floor":33,"turns":1}],"seed_played":"-1740965020070882935","potions_obtained":[{"floor":1,"key":"Ancient Potion"},{"floor":2,"key":"LiquidMemories"},{"floor":7,"key":"Elixir"},{"floor":8,"key":"Venom Potion"},{"floor":11,"key":"Energy Potion"},{"floor":18,"key":"sneckomod:MuddlingPotion"},{"floor":21,"key":"Fire Potion"},{"floor":25,"key":"jedi:wingpotion"},{"floor":27,"key":"Energy Potion"},{"floor":30,"key":"DistilledChaos"}],"is_trial":false,"path_per_floor":["M","M","?","?","$","E","M","E","T","M","M","R","?","M","R_BF","B",null,"M","?","?","M","M","R","M","NM","T","E","R","R","M","$","R_BF","B"],"character_chosen":"HUNTRESS","items_purchased":["Lee\u0027s Waffle","White Beast Statue","Anchor","hubris:SlimyHat","DemoMod:StickyCrossBow","DemoMod:EasyReloadBullets","hubris:Zylophone","DemoMod:HardPowerCard"],"campfire_rested":2,"item_purchase_floors":[0,0,0,0,0,5,31,31],"current_hp_per_floor":[77,76,76,76,76,66,66,37,37,37,36,36,31,31,54,47,77,77,77,77,70,59,59,59,33,33,8,31,31,28,28,51,51,51],"gold":2,"neow_bonus":"","is_daily":false,"chose_seed":false,"campfire_upgraded":3,"win_rate":0.0,"timestamp":1611841385,"path_taken":["M","M","?","?","$","E","?","E","T","M","M","R","?","M","R_BF","BOSS","M","?","?","?","?","R","M","NM","T","E","R","R","M","$","R_BF","BOSS"],"items_purchased_type":["Relic","Relic","Relic","Relic","Card","Card","Relic","Card"],"build_version":"2020-12-13","purchased_purges":2,"victory":false,"max_hp_per_floor":[77,77,77,77,77,77,77,77,77,77,77,77,77,77,77,77,77,77,77,77,77,77,77,77,77,77,77,77,77,77,77,77,77,77],"relic_stats":{"Lee\u0027s Waffle":39,"Centennial Puzzle":[21],"Happy Flower":[23],"counters":[107,444],"obtain_stats":[{"DemoMod:GlassGuonStoneRelic":1,"Bottled Tornado":19,"aspiration:BardSkillbook":17,"Boot":0,"jedi:shrinkray":0,"relicPack:OneForAll":2,"Replay:Ringing Soul":26,"Centennial Puzzle":7,"infinitespire:SolderingIron":0,"Replay:Bronze Core":17,"CCEMRelics:DissonantTune":27,"Prayer Wheel":12,"Replay:Bottled Flurry":7,"hubris:Teleporter":14,"Happy Flower":3,"hubris:HollowSoul":0,"WarpedTongs":19,"infinitespire:EvilPickle":33,"hubris:Zylophone":31,"conspire:GiftBox":4,"jedi:hotpepper":17,"CCEMRelics:FestiveHat":0,"Molten Egg 2":7,"StuffTheSpire:DarkSteelAnvil":14,"aspiration:SilentSkillbook":34,"CultistMask":13,"conspire:BottledYoYo":9,"hubris:TenFootPole":13,"Grinning Jar":20,"CatCart":38,"infinitespire:PuzzleCube":26,"Lantern":0,"SacredBark":25,"Bag of Preparation":8,"jedi:command_boss":25,"Incense Burner":26,"hubris:SlimyHat":0,"relicPack:DarknessArmor":0,"Replay:Mystery Machine":5,"jedi:archwizardhat":6,"PrismaticShard":24,"Ancient Tea Set":8,"conspire:TopHat":6,"Pet Ghost":9,"Chameleon Ring":9,"hubris:Backtick":17,"infinitespire:Bottled Soul":11,"StuffTheSpire:HeavyRock":6,"halation:Toothbrush":9,"halation:LettersToHer":0,"Cracked Core":7,"CCEMRelics:JestersCrown":6,"Ring of the Snake":0,"aspiration:ChemicalBlood":25,"StuffTheSpire:TintedRock":11,"Lee\u0027s Waffle":0,"DemoMod:Dog":6,"Damaru":14,"StuffTheSpire:Expresso":36,"jedi:crownofsimplicity":0,"Frozen Egg 2":9,"White Beast Statue":0,"CCEMRelics:SpiritsEdge":9,"jedi:fakemustache":0,"Anchor":0,"jedi:ominousloannote":0,"halation:EternalFortune":3,"Durian":22,"Snack Pack":11,"Bottled Lightning":9,"PureWater":6,"jedi:arcanewood":12,"ReplayTheSpireMod:Lightbulb":9,"halation:PinkSoulGem":4},{"DemoMod:GlassGuonStoneRelic":1,"Bottled Tornado":63,"aspiration:BardSkillbook":74,"Boot":29,"jedi:shrinkray":29,"relicPack:OneForAll":1,"Replay:Ringing Soul":11,"Centennial Puzzle":57,"infinitespire:SolderingIron":14,"Replay:Bronze Core":39,"CCEMRelics:DissonantTune":105,"Prayer Wheel":22,"Replay:Bottled Flurry":71,"hubris:Teleporter":73,"Happy Flower":92,"hubris:HollowSoul":52,"WarpedTongs":40,"infinitespire:EvilPickle":47,"hubris:Zylophone":106,"conspire:GiftBox":25,"jedi:hotpepper":8,"CCEMRelics:FestiveHat":66,"Molten Egg 2":3,"StuffTheSpire:DarkSteelAnvil":28,"aspiration:SilentSkillbook":47,"CultistMask":72,"conspire:BottledYoYo":35,"hubris:TenFootPole":60,"Grinning Jar":9,"CatCart":50,"infinitespire:PuzzleCube":104,"Lantern":0,"SacredBark":43,"Bag of Preparation":26,"jedi:command_boss":43,"Incense Burner":43,"hubris:SlimyHat":90,"relicPack:DarknessArmor":29,"Replay:Mystery Machine":17,"jedi:archwizardhat":93,"PrismaticShard":10,"Ancient Tea Set":19,"conspire:TopHat":85,"Pet Ghost":87,"Chameleon Ring":26,"hubris:Backtick":62,"infinitespire:Bottled Soul":59,"StuffTheSpire:HeavyRock":34,"halation:Toothbrush":71,"halation:LettersToHer":14,"Cracked Core":18,"CCEMRelics:JestersCrown":17,"Ring of the Snake":0,"aspiration:ChemicalBlood":104,"StuffTheSpire:TintedRock":21,"Lee\u0027s Waffle":90,"DemoMod:Dog":93,"Damaru":38,"StuffTheSpire:Expresso":49,"jedi:crownofsimplicity":29,"Frozen Egg 2":95,"White Beast Statue":90,"CCEMRelics:SpiritsEdge":4,"jedi:fakemustache":14,"Anchor":90,"jedi:ominousloannote":29,"halation:EternalFortune":16,"Durian":42,"Snack Pack":89,"Bottled Lightning":58,"PureWater":34,"jedi:arcanewood":6,"ReplayTheSpireMod:Lightbulb":19,"halation:PinkSoulGem":83},{"DemoMod:GlassGuonStoneRelic":2,"Bottled Tornado":263,"aspiration:BardSkillbook":313,"Boot":139,"jedi:shrinkray":139,"relicPack:OneForAll":2,"Replay:Ringing Soul":52,"Centennial Puzzle":244,"infinitespire:SolderingIron":65,"Replay:Bronze Core":172,"CCEMRelics:DissonantTune":439,"Prayer Wheel":106,"Replay:Bottled Flurry":298,"hubris:Teleporter":305,"Happy Flower":375,"hubris:HollowSoul":226,"WarpedTongs":174,"infinitespire:EvilPickle":206,"hubris:Zylophone":443,"conspire:GiftBox":114,"jedi:hotpepper":41,"CCEMRelics:FestiveHat":278,"Molten Egg 2":10,"StuffTheSpire:DarkSteelAnvil":125,"aspiration:SilentSkillbook":206,"CultistMask":301,"conspire:BottledYoYo":156,"hubris:TenFootPole":254,"Grinning Jar":45,"CatCart":220,"infinitespire:PuzzleCube":433,"Lantern":0,"SacredBark":188,"Bag of Preparation":117,"jedi:command_boss":188,"Incense Burner":188,"hubris:SlimyHat":368,"relicPack:DarknessArmor":139,"Replay:Mystery Machine":82,"jedi:archwizardhat":379,"PrismaticShard":46,"Ancient Tea Set":96,"conspire:TopHat":354,"Pet Ghost":361,"Chameleon Ring":117,"hubris:Backtick":260,"infinitespire:Bottled Soul":252,"StuffTheSpire:HeavyRock":153,"halation:Toothbrush":298,"halation:LettersToHer":65,"Cracked Core":83,"CCEMRelics:JestersCrown":82,"Ring of the Snake":0,"aspiration:ChemicalBlood":433,"StuffTheSpire:TintedRock":105,"Lee\u0027s Waffle":368,"DemoMod:Dog":377,"Damaru":166,"StuffTheSpire:Expresso":214,"jedi:crownofsimplicity":139,"Frozen Egg 2":389,"White Beast Statue":368,"CCEMRelics:SpiritsEdge":18,"jedi:fakemustache":65,"Anchor":368,"jedi:ominousloannote":139,"halation:EternalFortune":75,"Durian":181,"Snack Pack":367,"Bottled Lightning":247,"PureWater":150,"jedi:arcanewood":24,"ReplayTheSpireMod:Lightbulb":96,"halation:PinkSoulGem":344}]},"card_choices":[{"not_picked":["DemoMod:AbyssalTentacle","DemoMod:FastSwitch","DemoMod:DoubleSwitch"],"picked":"SKIP","floor":1},{"not_picked":["DemoMod:Purify","DemoMod:CursedBullets"],"picked":"DemoMod:HardPowerCard","floor":2},{"not_picked":["DemoMod:Camera","DemoMod:BattleInHaste","DemoMod:SAA"],"picked":"SKIP","floor":6},{"not_picked":["DemoMod:DoubleSwitch","DemoMod:ZorGun","DemoMod:AC15"],"picked":"SKIP","floor":7},{"not_picked":["DemoMod:BoxingGlove","DemoMod:MachoBrace"],"picked":"DemoMod:Unmoved","floor":8},{"not_picked":["DemoMod:SniperShot","DemoMod:AWP"],"picked":"DemoMod:MegaHand","floor":10},{"not_picked":["DemoMod:Unmoved","DemoMod:HuntsMan"],"picked":"DemoMod:SkilledReload+1","floor":11},{"not_picked":["DemoMod:Ejector","DemoMod:TeaPot"],"picked":"DemoMod:PotionOfGunFriendShip","floor":14},{"not_picked":["DemoMod:BulletBore","DemoMod:BSG"],"picked":"DemoMod:FightSabre","floor":16},{"not_picked":["DemoMod:BulletBore","DemoMod:Elimentaler"],"picked":"DemoMod:DoubleVision","floor":16},{"not_picked":["DemoMod:AC15+1","DemoMod:MegaHand+1","DemoMod:DirectionalPad"],"picked":"SKIP","floor":18},{"not_picked":["DemoMod:PotionOfGunFriendShip","DemoMod:FastSwitch+1"],"picked":"DemoMod:FortunesFavor+1","floor":21},{"not_picked":["DemoMod:ZorGun","DemoMod:TableSutra+1","DemoMod:ChanceBullets+1"],"picked":"SKIP","floor":22},{"not_picked":["DemoMod:ZorGun+1","DemoMod:Purify"],"picked":"DemoMod:EasyReloadBullets+1","floor":24},{"not_picked":["DemoMod:PotionOfGunFriendShip","DemoMod:BSG","DemoMod:FeignSurrender+1"],"picked":"SKIP","floor":24},{"not_picked":["DemoMod:FortunesFavor","DemoMod:Ejector+1"],"picked":"DemoMod:ConditionalReflex","floor":25},{"not_picked":["DemoMod:HuntsMan","DemoMod:HardPowerCard"],"picked":"DemoMod:JK47+1","floor":27},{"not_picked":["DemoMod:JK47","DemoMod:MachoBrace"],"picked":"DemoMod:StickyCrossBow+1","floor":30}],"player_experience":22207,"relics_obtained":[{"floor":6,"key":"jedi:archwizardhat"},{"floor":8,"key":"Centennial Puzzle"},{"floor":9,"key":"Frozen Egg 2"},{"floor":25,"key":"aspiration:ChemicalBlood"},{"floor":26,"key":"infinitespire:PuzzleCube"},{"floor":27,"key":"CCEMRelics:DissonantTune"}],"event_choices":[{"damage_healed":0,"gold_gain":0,"player_choice":"Box","damage_taken":0,"relics_obtained":["Happy Flower"],"max_hp_gain":0,"max_hp_loss":0,"event_name":"Big Fish","floor":3,"gold_loss":0,"cards_obtained":["Regret"]},{"damage_healed":0,"gold_gain":0,"cards_transformed":["DemoMod:Strike_Huntress"],"player_choice":"Transformed","damage_taken":0,"max_hp_gain":0,"max_hp_loss":0,"event_name":"Transmorgrifier","floor":4,"gold_loss":0,"cards_obtained":["DemoMod:MegaHand"]},{"cards_removed":["DemoMod:Unmoved"],"damage_healed":0,"gold_gain":0,"player_choice":"Take \u0026 Give","damage_taken":0,"max_hp_gain":0,"max_hp_loss":0,"event_name":"betterNote:BetterNote","floor":20,"gold_loss":0,"cards_obtained":["Replay:Hum"]}],"is_beta":false,"boss_relics":[{"not_picked":["Coffee Dripper","halation:HeavySnake"],"picked":"Replay:Bronze Core"}],"items_purged_floors":[5,31],"is_endless":false,"potions_floor_spawned":[1,2,7,8,10,11,14,18,21,22,24,25,27,30],"killed_by":"hubris:MusketHawk","ascension_level":0}}