{"host":"8pcehwtvb3b6plng","time":1611818406,"event":{"mods":["BaseMod","Minty Spire (QoL Compilation)","Replay The Spire","StSLib"],"gold_per_floor":[117,136,136,152,170,170,197,197,197,208,238,238,249,276,276,378,378,398,417,417,417,517,517,550,550,550],"floor_reached":25,"language":"ZHS","playtime":1381,"items_purged":[],"score":436,"play_id":"a4e7d05f-a414-4c8b-8bdd-65d3b2c09ad1","local_time":"20210128152006","is_ascension_mode":true,"campfire_choices":[{"data":"Bash","floor":6,"key":"SMITH"},{"data":"Immolate","floor":12,"key":"SMITH"},{"data":"ReplayTheSpireMod:LeadingStrike","floor":15,"key":"SMITH"},{"data":"Fire Breathing","floor":23,"key":"SMITH"}],"circlet_count":0,"master_deck":["Strike_R","Strike_R","Strike_R","Strike_R","Defend_R","Defend_R","Defend_R","Defend_R","Bash+1","Shrug It Off","Fire Breathing+1","Immolate+1","Second Wind","Combust","Double Tap+1","Second Wind+1","ReplayTheSpireMod:LeadingStrike+1","Demonic Infusion+1","ReplayTheSpireMod:Corrosion Curse+1","Defy Death+1","Ghostly+1","Ghostly+1","Ghostly+1","Ghostly+1","Ghostly+1","Armaments+1"],"relics":["Burning Blood","Vajra","HornCleat","Toxic Egg 2","Eternal Feather","Replay:Grab Bag","SlaversCollar","Philosopher\u0027s Stone","Black Star","Nilry\u0027s Codex","Dream Catcher","King of Hearts"],"acts_visited":["Exordium","TheCity"],"potions_floor_usage":[19],"damage_taken":[{"damage":0,"enemies":"Small Slimes","floor":1,"turns":3},{"damage":1,"enemies":"Cultist","floor":2,"turns":3},{"damage":3,"enemies":"2 Louse","floor":4,"turns":4},{"damage":27,"enemies":"Exordium Thugs","floor":5,"turns":7},{"damage":17,"enemies":"3 Sentries","floor":7,"turns":4},{"damage":0,"enemies":"3 Louse","floor":10,"turns":2},{"damage":18,"enemies":"Gremlin Nob","floor":11,"turns":4},{"damage":2,"enemies":"Gremlin Gang","floor":13,"turns":3},{"damage":0,"enemies":"3 Sentries","floor":14,"turns":4},{"damage":3,"enemies":"Slime Boss","floor":16,"turns":5},{"damage":23,"enemies":"2 Thieves","floor":18,"turns":4},{"damage":32,"enemies":"3 Byrds","floor":19,"turns":5},{"damage":11,"enemies":"Replay:Snechameleon","floor":24,"turns":5},{"damage":57,"enemies":"Snecko","floor":25,"turns":6}],"seed_played":"-1188385001542006581","potions_obtained":[{"floor":4,"key":"BloodPotion"},{"floor":11,"key":"Energy Potion"},{"floor":16,"key":"Milkshake"},{"floor":19,"key":"EssenceOfSteel"}],"is_trial":false,"path_per_floor":["M","M","?","M","M","R","E","?","T","M","E","R","M","E","R","B",null,"M","M","?","?","?","R","E","M"],"character_chosen":"IRONCLAD","items_purchased":[],"campfire_rested":0,"item_purchase_floors":[],"current_hp_per_floor":[78,80,80,80,59,59,48,53,53,59,47,47,51,57,66,69,81,64,55,39,39,39,42,37,0,0],"gold":550,"neow_bonus":"REMOVE_CARD","is_daily":false,"chose_seed":false,"campfire_upgraded":4,"win_rate":0.0,"timestamp":1611818406,"path_taken":["M","M","?","?","?","R","E","?","T","M","E","R","M","E","R","BOSS","M","M","?","?","?","R","E","M"],"items_purchased_type":[],"build_version":"2020-12-22","purchased_purges":0,"victory":false,"max_hp_per_floor":[80,80,80,80,80,80,80,85,85,85,85,85,85,85,85,85,85,85,85,85,42,42,42,42,42,42],"card_choices":[{"not_picked":["Headbutt","True Grit"],"picked":"Shrug It Off","floor":1},{"not_picked":["Rage","Warcry","ReplayReversal"],"picked":"SKIP","floor":2},{"not_picked":["Shrug It Off","Heavy Blade"],"picked":"Fire Breathing","floor":4},{"not_picked":["Headbutt","Shrug It Off"],"picked":"Immolate","floor":5},{"not_picked":["Flex","Heavy Blade"],"picked":"Second Wind","floor":7},{"not_picked":["Carnage","Perfected Strike"],"picked":"Combust","floor":10},{"not_picked":["Shrug It Off+1","Perfected Strike"],"picked":"Double Tap+1","floor":11},{"not_picked":["Combust","Anger"],"picked":"Second Wind+1","floor":13},{"not_picked":["Replay:Undeath\u0027s Touch","Sword Boomerang"],"picked":"ReplayTheSpireMod:LeadingStrike","floor":14},{"not_picked":["Brutality","Juggernaut"],"picked":"Demonic Infusion+1","floor":16},{"not_picked":["Abandon+1","Twin Strike"],"picked":"ReplayTheSpireMod:Corrosion Curse+1","floor":18},{"not_picked":["Flex+1","Havoc+1"],"picked":"Defy Death+1","floor":19},{"not_picked":["Warcry+1","Headbutt"],"picked":"Armaments+1","floor":24}],"player_experience":153559,"relics_obtained":[{"floor":7,"key":"Vajra"},{"floor":9,"key":"HornCleat"},{"floor":11,"key":"Toxic Egg 2"},{"floor":14,"key":"Eternal Feather"},{"floor":20,"key":"Nilry\u0027s Codex"},{"floor":24,"key":"Dream Catcher"},{"floor":24,"key":"King of Hearts"}],"event_choices":[{"damage_healed":0,"gold_gain":0,"player_choice":"Bought 0 Potions","damage_taken":0,"max_hp_gain":0,"max_hp_loss":0,"event_name":"The Woman in Blue","floor":3,"gold_loss":0},{"damage_healed":0,"gold_gain":0,"player_choice":"Donut","damage_taken":0,"max_hp_gain":5,"max_hp_loss":0,"event_name":"Big Fish","floor":8,"gold_loss":0},{"damage_healed":0,"gold_gain":0,"player_choice":"Obtained Book","damage_taken":16,"max_hp_gain":0,"max_hp_loss":0,"event_name":"Cursed Tome","floor":20,"gold_loss":0},{"damage_healed":0,"gold_gain":0,"player_choice":"Became a Ghost","damage_taken":0,"max_hp_gain":0,"max_hp_loss":43,"event_name":"Ghosts","floor":21,"gold_loss":0,"cards_obtained":["Ghostly","Ghostly","Ghostly","Ghostly","Ghostly"]},{"damage_healed":0,"gold_gain":100,"player_choice":"Pray","damage_taken":0,"max_hp_gain":0,"max_hp_loss":0,"event_name":"Golden Shrine","floor":22,"gold_loss":0}],"is_beta":false,"boss_relics":[{"not_picked":["Runic Dome","SacredBark"],"picked":"Replay:Grab Bag"},{"not_picked":["ChewingGum","Fusion Hammer"],"picked":"SlaversCollar"},{"not_picked":["Velvet Choker","Sozu"],"picked":"Philosopher\u0027s Stone"},{"not_picked":["Calling Bell","Empty Cage"],"picked":"Black Star"}],"items_purged_floors":[],"is_endless":false,"potions_floor_spawned":[4,11,16,19],"killed_by":"Snecko","ascension_level":6}}