{"host":"tq99ucv8ezzqzioe","time":1611803080,"event":{"mods":["BaseMod","Colored Map","Downfall","Highlight Path","Minty Spire (QoL Compilation)","StSLib"],"gold_per_floor":[109,109,121,140,140,170,170,203,227,242,252,252,8,8,8,112,112,137,152,170,189,200,200,230,230,230,255,291,303,316,0,0,110,110,132,182,182,192,24,24,24],"floor_reached":40,"language":"ENG","playtime":2721,"items_purged":["Corruption","Defend_R"],"score":569,"play_id":"986bb636-7b2f-4182-ad47-4e26301055fa","local_time":"20210127220440","is_ascension_mode":true,"campfire_choices":[{"data":"Pommel Strike","floor":7,"key":"SMITH"},{"floor":12,"key":"REST"},{"data":"True Grit","floor":15,"key":"SMITH"},{"floor":23,"key":"RECALL"},{"data":"Bash","floor":25,"key":"SMITH"},{"data":"True Grit","floor":32,"key":"SMITH"}],"circlet_count":0,"master_deck":["Strike_R","Strike_R","Defend_R+1","Defend_R+1","Defend_R","Bash+1","Rampage+1","Pommel Strike+1","Berserk","True Grit+1","Flash of Steel","Double Tap","Pommel Strike+1","Iron Wave","Double Tap","Armaments+1","True Grit+1","Berserk","Shrug It Off","Spot Weakness"],"relics":["Runic Pyramid","Oddly Smooth Stone","Ancient Tea Set","Tiny Chest","CeramicFish","Coffee Dripper","War Paint","Question Card","Toy Ornithopter","Matryoshka","Philosopher\u0027s Stone","Bird Faced Urn","Letter Opener","Du-Vu Doll"],"acts_visited":["Exordium","TheCity","TheBeyond"],"potions_floor_usage":[8,11,28,28,28,40],"damage_taken":[{"damage":4,"enemies":"2 Louse","floor":1,"turns":4},{"damage":1,"enemies":"Jaw Worm","floor":3,"turns":4},{"damage":0,"enemies":"Small Slimes","floor":4,"turns":3},{"damage":16,"enemies":"Gremlin Nob","floor":6,"turns":3},{"damage":15,"enemies":"3 Sentries","floor":8,"turns":6},{"damage":2,"enemies":"Red Slaver","floor":10,"turns":3},{"damage":3,"enemies":"3 Louse","floor":11,"turns":2},{"damage":33,"enemies":"The Guardian","floor":16,"turns":8},{"damage":10,"enemies":"Spheric Guardian","floor":18,"turns":4},{"damage":0,"enemies":"Chosen","floor":19,"turns":4},{"damage":8,"enemies":"Shelled Parasite and Fungi","floor":21,"turns":4},{"damage":15,"enemies":"Snake Plant","floor":22,"turns":5},{"damage":2,"enemies":"Gremlin Leader","floor":24,"turns":6},{"damage":2,"enemies":"Snecko","floor":27,"turns":4},{"damage":10,"enemies":"Slavers","floor":28,"turns":6},{"damage":2,"enemies":"Shelled Parasite and Fungi","floor":29,"turns":5},{"damage":9,"enemies":"Snake Plant","floor":30,"turns":5},{"damage":16,"enemies":"Automaton","floor":33,"turns":9},{"damage":22,"enemies":"3 Darklings","floor":35,"turns":5},{"damage":0,"enemies":"Mind Bloom Boss Battle","floor":36,"turns":4},{"damage":1,"enemies":"Orb Walker","floor":38,"turns":3},{"damage":48,"enemies":"Nemesis","floor":40,"turns":4}],"seed_played":"8778770983902932412","potions_obtained":[{"floor":1,"key":"Explosive Potion"},{"floor":6,"key":"Fire Potion"},{"floor":8,"key":"Ancient Potion"},{"floor":10,"key":"Strength Potion"},{"floor":16,"key":"Explosive Potion"},{"floor":22,"key":"Fire Potion"},{"floor":28,"key":"BloodPotion"},{"floor":33,"key":"Weak Potion"},{"floor":36,"key":"Strength Potion"},{"floor":38,"key":"ColorlessPotion"}],"is_trial":false,"path_per_floor":["M","?","M","M","?","E","R","E","T","M","M","R","$","T","R","B",null,"M","M","?","M","M","R","E","R","T","M","E","M","M","$","R","B",null,"M","?","T","M","$","E"],"character_chosen":"IRONCLAD","items_purchased":["Tiny Chest","Flash of Steel","Matryoshka","Spot Weakness"],"campfire_rested":1,"item_purchase_floors":[13,13,31,39],"current_hp_per_floor":[68,61,60,60,60,44,44,29,29,27,24,48,48,48,48,15,64,54,54,54,46,31,31,29,29,29,27,38,36,27,27,27,11,63,41,41,41,40,40,0,0],"gold":24,"neow_bonus":"BOSS_RELIC","is_daily":false,"chose_seed":false,"campfire_upgraded":4,"win_rate":0.0,"timestamp":1611803080,"path_taken":["M","?","M","M","?","E","R","E","T","M","M","R","?","?","R","BOSS","M","M","?","M","M","R","E","R","T","M","E","M","M","$","R","BOSS","M","?","?","M","?","E"],"items_purchased_type":["Relic","Card","Relic","Card"],"build_version":"2020-12-22","purchased_purges":2,"victory":false,"max_hp_per_floor":[80,80,80,80,80,80,80,80,80,80,80,80,80,80,80,80,80,80,80,80,80,80,80,80,80,80,80,80,80,80,80,80,80,80,80,80,80,80,80,80,80],"card_choices":[{"not_picked":["Pommel Strike","Havoc"],"picked":"Rampage","floor":1},{"not_picked":["Anger","Havoc","Flex"],"picked":"SKIP","floor":3},{"not_picked":["Havoc","Dropkick"],"picked":"Pommel Strike","floor":4},{"not_picked":["Dual Wield","Cleave"],"picked":"Berserk","floor":6},{"not_picked":["Shockwave","Brutality","Wild Strike"],"picked":"SKIP","floor":8},{"not_picked":["Blood for Blood","Flex"],"picked":"True Grit","floor":10},{"not_picked":["Clothesline","Havoc","Dark Embrace"],"picked":"SKIP","floor":11},{"not_picked":["Demon Form","Feed"],"picked":"Double Tap","floor":16},{"not_picked":["Entrench","Perfected Strike"],"picked":"Pommel Strike+1","floor":18},{"not_picked":["Wild Strike+1","Flex","Clash+1"],"picked":"SKIP","floor":19},{"not_picked":["Infernal Blade","Battle Trance"],"picked":"Armaments+1","floor":21},{"not_picked":["Pommel Strike","Iron Wave","Heavy Blade+1"],"picked":"SKIP","floor":22},{"not_picked":["Iron Wave","Hemokinesis","Perfected Strike+1"],"picked":"SKIP","floor":24},{"not_picked":["Wild Strike","Warcry+1","Metallicize"],"picked":"True Grit","floor":27},{"not_picked":["Power Through","Rage","Heavy Blade+1"],"picked":"Corruption","floor":28},{"not_picked":["Clash+1","Battle Trance","Infernal Blade","Disarm"],"picked":"SKIP","floor":29},{"not_picked":["Combust+1","Anger","Heavy Blade","Dark Embrace"],"picked":"SKIP","floor":30},{"not_picked":["Exhume","Offering","Bludgeon"],"picked":"Berserk","floor":33},{"not_picked":["Bloodletting+1","Headbutt+1","Clothesline+1"],"picked":"Shrug It Off","floor":35},{"not_picked":["Intimidate","Anger","True Grit+1","Armaments"],"picked":"SKIP","floor":38}],"player_experience":793971,"relics_obtained":[{"floor":6,"key":"Oddly Smooth Stone"},{"floor":8,"key":"Ancient Tea Set"},{"floor":14,"key":"CeramicFish"},{"floor":24,"key":"War Paint"},{"floor":26,"key":"Question Card"},{"floor":28,"key":"Toy Ornithopter"},{"floor":36,"key":"Bird Faced Urn"},{"floor":37,"key":"Letter Opener"},{"floor":37,"key":"Du-Vu Doll"}],"event_choices":[{"cards_removed":["Strike_R"],"damage_healed":0,"gold_gain":0,"player_choice":"Card Removal","damage_taken":7,"max_hp_gain":0,"max_hp_loss":0,"event_name":"Golden Wing","floor":2,"gold_loss":0},{"damage_healed":0,"gold_gain":0,"player_choice":"Grow","damage_taken":0,"max_hp_gain":0,"max_hp_loss":0,"event_name":"Living Wall","floor":5,"gold_loss":0,"cards_upgraded":["Rampage"]},{"damage_healed":0,"gold_gain":0,"cards_transformed":["Strike_R","Strike_R"],"player_choice":"Became Test Subject","damage_taken":0,"max_hp_gain":0,"max_hp_loss":0,"event_name":"Drug Dealer","floor":20,"gold_loss":0,"cards_obtained":["Iron Wave","Double Tap"]},{"damage_healed":0,"gold_gain":0,"player_choice":"Fight","damage_taken":0,"max_hp_gain":0,"max_hp_loss":0,"event_name":"MindBloom","floor":36,"gold_loss":0}],"is_beta":false,"boss_relics":[{"not_picked":["Runic Cube","SacredBark"],"picked":"Coffee Dripper"},{"not_picked":["Busted Crown","Velvet Choker"],"picked":"Philosopher\u0027s Stone"}],"items_purged_floors":[31,39],"is_endless":false,"potions_floor_spawned":[1,6,8,10,16,19,22,24,28,33,36,38],"killed_by":"Nemesis","ascension_level":6}}