{"host":"y9jgkjnf95sujozk","time":1611833014,"event":{"mods":["2.2 Compatiblity","AchievementEnabler","Act Like it!","BaseMod","BetterRewards","Block Reminder","Colored Map","Colored Powertips","Decade(王小明)","Downfall","Friendly Minions","Gensokyo","GifTheSpireLib","Hallownest","Hermit","Highlight Path","HololiveMod","Hubris","Infinite Spire","Jorbs\u0027s Wanderer Trilogy","Koishi","Marisa（霧雨　魔理沙）","Minty Spire (QoL Compilation)","Quick Restart","Random Character Button","Rare Cards Sparkle","Reimu（博??梦）","Remilia（蕾米莉?）","Replay The Spire","Shop Mod","StSLib","SuperFastMode","The Animator","The Bug Knight","The Cursed","The Disciple","The Hierophant","The Jungle","The Poker Player","The Runesmith","The Senshi","The Servant 0.9.4"],"gold_per_floor":[116,167,167,78,78,106,106,30,330,330,344,364,364,378,378,474,474,491,71,71,71,71,71,88,53,53,53,53,17,17,29,29,128,128,140,0,16,16,16],"floor_reached":38,"language":"ENG","playtime":1990,"items_purged":["hubris:Envy"],"score":470,"play_id":"782022a9-c3b7-4b9c-b573-cd66a4633ad8","local_time":"20210128122334","is_ascension_mode":true,"campfire_choices":[{"floor":7,"key":"REST"},{"data":"Rupture","floor":10,"key":"SMITH"},{"data":"Spot Weakness","floor":13,"key":"SMITH"},{"floor":15,"key":"REST"},{"floor":23,"key":"REST"},{"floor":27,"key":"REST"},{"floor":30,"key":"REST"},{"floor":32,"key":"REST"}],"circlet_count":0,"master_deck":["Strike_R+1","Strike_R","Defend_R+1","Defend_R+1","Defend_R","Defend_R","Bash","Massacre","infinitespire:OneForAll","ReplayTheSpireMod:Brewmster","Survey Options","True Grit+1","Metamorphosis","Second Wind","Rupture+1","ReplayTheSpireMod:Strike From Hell","Spot Weakness+1","Wild Strike","Demonic Infusion","Armaments","HandOfGreed","hubris:StunningStrike+1","Bludgeon+1","Massacre+1","True Grit+1","Rupture","Rupture","hubris:SharpeningStone","Brutality","Hemokinesis+1","ReplayTheSpireMod:Strike From Hell+1"],"relics":["Black Blood","PureWhite:ReiMu","Hallownest:SheosBrushRelic","ReplayTheSpireMod:CursedCoin","Hallownest:DreamNailRelic","PreservedInsect","Old Coin","Membership Card","Gremlin Food","ReplayTheSpireMod:Lightbulb","hubris:BottledRain","Darkstone Periapt","Astrolabe","Pen Nib","hubris:RunicObelisk","Red Mask"],"acts_visited":["Exordium","TheCity","TheBeyond"],"potions_floor_usage":[6,16,16,16,16,16,16,16,16,18,18,18,24,24,24,24,28,28,28,33,38,38],"damage_taken":[{"damage":6,"enemies":"Hallownest:monsterHuskWarrior","floor":1,"turns":7},{"damage":21,"enemies":"Hallownest:eliteCrystalGuardian","floor":6,"turns":5},{"damage":3,"enemies":"Hallownest:2_Tiktiks_and_1_Crawlid","floor":11,"turns":5},{"damage":5,"enemies":"2_ Uuma","floor":12,"turns":5},{"damage":30,"enemies":"Hallownest:monsterFoolEater","floor":14,"turns":5},{"damage":47,"enemies":"Hallownest:BossHornet","floor":16,"turns":8},{"damage":65,"enemies":"3 Byrds","floor":18,"turns":7},{"damage":53,"enemies":"Spheric Guardian","floor":24,"turns":6},{"damage":13,"enemies":"Colosseum Slavers","floor":28,"turns":6},{"damage":13,"enemies":"Snecko","floor":31,"turns":4},{"damage":10,"enemies":"hubris:MusketHawk","floor":33,"turns":2},{"damage":57,"enemies":"3 Darklings","floor":35,"turns":4},{"damage":16,"enemies":"3 Shapes","floor":37,"turns":3},{"damage":31,"enemies":"3 Darklings","floor":38,"turns":2}],"seed_played":"5595368976973771111","potions_obtained":[{"floor":12,"key":"Block Potion"},{"floor":24,"key":"EssenceOfSteel"},{"floor":37,"key":"ZuzhouPotion:ReiMu"}],"is_trial":false,"path_per_floor":["M","?","?","$","?","E","R","$","T","R","M","M","R","M","R","B",null,"M","$","T","AVR","?","R","M","$","T","R","?","$","R","M","R","B",null,"M","?","M","M"],"character_chosen":"IRONCLAD","items_purchased":["Massacre","infinitespire:OneForAll","ReplayTheSpireMod:Brewmster","Survey Options","ReplayTheSpireMod:CursedCoin","Metamorphosis","Rupture","Membership Card","HandOfGreed","Gremlin Food","ReplayTheSpireMod:Lightbulb","Rupture","Rupture"],"campfire_rested":6,"item_purchase_floors":[0,0,0,0,4,4,8,19,19,19,19,25,29],"current_hp_per_floor":[80,80,80,80,80,65,80,80,80,80,80,80,80,56,80,39,80,27,27,27,27,53,77,36,36,36,60,59,59,80,79,80,80,80,35,35,31,0,0],"gold":16,"neow_bonus":"","is_daily":false,"chose_seed":false,"campfire_upgraded":2,"win_rate":0.0,"timestamp":1611833014,"path_taken":["M","?","?","$","?","E","R","$","T","R","M","M","R","?","R","BOSS","M","?","?","AVR","?","R","?","?","T","R","?","$","R","M","R","BOSS","M","?","M","M"],"items_purchased_type":["Card","Card","Card","Card","Relic","Card","Card","Relic","Card","Relic","Relic","Card","Card"],"build_version":"2020-12-22","purchased_purges":1,"victory":false,"max_hp_per_floor":[80,80,80,80,80,80,80,80,80,80,80,80,80,80,80,80,80,80,80,80,80,80,80,80,80,80,80,80,80,80,80,80,80,80,80,80,80,80,80],"card_choices":[{"not_picked":["Run Through","Infernal Blade"],"picked":"True Grit","floor":1},{"not_picked":["Thunderclap","Headbutt"],"picked":"Second Wind","floor":6},{"not_picked":["Armaments","Warcry"],"picked":"ReplayTheSpireMod:Strike From Hell","floor":11},{"not_picked":["Headbutt","Sword Boomerang"],"picked":"Spot Weakness","floor":12},{"not_picked":["Dual Wield","Run Through"],"picked":"Wild Strike","floor":14},{"not_picked":["Barricade","Bludgeon"],"picked":"Demonic Infusion","floor":16},{"not_picked":["ReplayTheSpireMod:Corrosion Curse+1","Thunderclap"],"picked":"Armaments","floor":18},{"not_picked":["Blood for Blood","Replay:Undeath\u0027s Touch"],"picked":"True Grit+1","floor":24},{"not_picked":["ReplayTheSpireMod:Strike From Hell","Body Slam"],"picked":"hubris:SharpeningStone","floor":31},{"not_picked":["Exhume","Offering"],"picked":"Brutality","floor":33},{"not_picked":["Pommel Strike+1","Shrug It Off+1"],"picked":"Hemokinesis+1","floor":35},{"not_picked":["Dropkick+1","Havoc"],"picked":"ReplayTheSpireMod:Strike From Hell+1","floor":37}],"player_experience":169361,"relics_obtained":[{"floor":6,"key":"PreservedInsect"},{"floor":9,"key":"Old Coin"},{"floor":20,"key":"hubris:BottledRain"},{"floor":26,"key":"Pen Nib"}],"event_choices":[{"damage_healed":26,"gold_gain":0,"player_choice":"Heal","damage_taken":0,"max_hp_gain":0,"max_hp_loss":0,"event_name":"The Library","floor":22,"gold_loss":0},{"damage_healed":0,"gold_gain":0,"player_choice":"Fight","damage_taken":0,"max_hp_gain":0,"max_hp_loss":0,"event_name":"Colosseum","floor":28,"gold_loss":0},{"damage_healed":0,"gold_gain":0,"player_choice":"Fled From Nobs","damage_taken":0,"max_hp_gain":0,"max_hp_loss":0,"event_name":"Colosseum","floor":28,"gold_loss":0},{"damage_healed":0,"gold_gain":0,"player_choice":"Paid","damage_taken":0,"relics_obtained":["Red Mask"],"max_hp_gain":0,"max_hp_loss":0,"event_name":"Tomb of Lord Red Mask","floor":36,"gold_loss":140}],"is_beta":false,"boss_relics":[{"not_picked":["RedLine:ReiMu","hubris:TerracottaHorce"],"picked":"Black Blood"},{"not_picked":["Ring of Chaos","Calling Bell"],"picked":"hubris:RunicObelisk"}],"items_purged_floors":[4],"is_endless":false,"potions_floor_spawned":[12,14,24,28,37],"killed_by":"3 Darklings","ascension_level":4}}