{"host":"h2977v3ax51ohsow","time":1611809406,"event":{"mods":["Act Like it!","BaseMod","Colored Powertips","Koishi","Marisa£®ÏF”Í°°ƒß¿Ì…≥£©","Minty Spire (QoL Compilation)","Remilia£®¿Ÿ√◊¿Ú—«£©","StSLib","The Bug Knight","The Servant 0.9.4","Yakumo Yukari mod"],"gold_per_floor":[118,137,151,164,164,198,198,229,229,229,269,294,294,352,352,495,495,529,529,588,503,541,541,572,572,572,635,511,147,147,163,163,309,309,352,373,28,64,64,114,114,180,228,271,100,100,114,157,157,157],"floor_reached":51,"language":"ZHS","playtime":3552,"items_purged":["Defend_MRS","NonDirectionalLaser"],"score":993,"play_id":"4a566524-fcc2-4a2f-b194-0247d6219698","local_time":"20210128125006","is_ascension_mode":true,"campfire_choices":[{"data":"NonDirectionalLaser","floor":10.0,"key":"SMITH"},{"floor":15.0,"key":"REST"},{"floor":23.0,"key":"REST"},{"floor":25.0,"key":"REST"},{"data":"EscapeVelocity","floor":30.0,"key":"SMITH"},{"data":"PropBag","floor":32.0,"key":"SMITH"},{"data":"ManaRampage","floor":41,"key":"SMITH"},{"floor":49,"key":"REST"}],"circlet_count":0,"master_deck":["Strike_MRS","Strike_MRS","Strike_MRS","Strike_MRS","Defend_MRS","Defend_MRS+1","MasterSpark","UpSweep","AsteroidBelt","ChargingUp+1","ShootingEcho","NonDirectionalLaser+1","WitchOfGreed","Occultation","PulseMagic","GravityBeat+1","EscapeVelocity+1","GravityBeat+1","PropBag+1","MilkyWay","WitchLeyline+1","SuperPerseids+1","FinalSpark+1","ShootingEcho+1","Parasite","Parasite","OrrerysSun","EarthLightRay+1","ManaRampage+1","ShootTheMoon+1","MagicAbsorber+1","ShootingEcho+1","Parasite","MysteriousBeam+1","Wraith","EventHorizon","PulseMagic+1","SatelliteIllusion","ShootingEcho+1","MysteriousBeam+1","WitchLeyline+1","WitchLeyline+1","MilkyWay+1"],"relics":["MiniHakkero","Toy Ornithopter","Golden Idol","HollowMod:PaleOreRelic","Happy Flower","Molten Egg 2","Philosopher\u0027s Stone","Red Mask","Centennial Puzzle","AmplifyWand","Ancient Tea Set","ShroomBag","ClockworkSouvenir","Black Star","Toolbox","Potion Belt","Blood Vial","Thread and Needle","Meat on the Bone","Bottled Flame","Nunchaku","Dream Catcher","Incense Burner","AntiCross","Regal Pillow"],"acts_visited":["Exordium","TheCity","TheBeyond"],"potions_floor_usage":[40,40,42,44,50],"damage_taken":[{"damage":0.0,"enemies":"Jaw Worm","floor":1.0,"turns":3.0},{"damage":0.0,"enemies":"Small Slimes","floor":2.0,"turns":3.0},{"damage":0.0,"enemies":"2 Louse","floor":3.0,"turns":2.0},{"damage":7.0,"enemies":"Exordium Wildlife","floor":4.0,"turns":6.0},{"damage":10.0,"enemies":"Lagavulin","floor":6.0,"turns":6.0},{"damage":12.0,"enemies":"3 Sentries","floor":8.0,"turns":7.0},{"damage":0.0,"enemies":"Lots of Slimes","floor":11.0,"turns":3.0},{"damage":2.0,"enemies":"Exordium Thugs","floor":12.0,"turns":4.0},{"damage":23.0,"enemies":"Lagavulin","floor":14.0,"turns":4.0},{"damage":41.0,"enemies":"The Guardian","floor":16.0,"turns":9.0},{"damage":25.0,"enemies":"3 Byrds","floor":18.0,"turns":4.0},{"damage":56.0,"enemies":"Masked Bandits","floor":20.0,"turns":6.0},{"damage":15.0,"enemies":"Shell Parasite","floor":22.0,"turns":5.0},{"damage":21.0,"enemies":"Chosen and Byrds","floor":24.0,"turns":5.0},{"damage":1.0,"enemies":"HollowMod:Nosk","floor":27.0,"turns":5.0},{"damage":0.0,"enemies":"Cultist and Chosen","floor":31.0,"turns":3.0},{"damage":12.0,"enemies":"Automaton","floor":33.0,"turns":5.0},{"damage":11.0,"enemies":"Orb Walker","floor":35.0,"turns":4.0},{"damage":24.0,"enemies":"3 Darklings","floor":36.0,"turns":3.0},{"damage":15,"enemies":"Writhing Mass","floor":38,"turns":4},{"damage":34,"enemies":"Giant Head","floor":40,"turns":7},{"damage":14,"enemies":"Reptomancer","floor":42,"turns":3},{"damage":15,"enemies":"HollowMod:StalkingDevout","floor":44,"turns":5},{"damage":0,"enemies":"Sphere and 2 Shapes","floor":47,"turns":2},{"damage":0,"enemies":"Giant Head","floor":48,"turns":4},{"damage":35,"enemies":"Time Eater","floor":50,"turns":7}],"seed_played":"-7477838696596960429","potions_obtained":[{"floor":1.0,"key":"LiquidMemories"},{"floor":4.0,"key":"SkillPotion"},{"floor":8.0,"key":"EntropicBrew"},{"floor":11.0,"key":"Regen Potion"},{"floor":14.0,"key":"Regen Potion"},{"floor":14.0,"key":"DuplicationPotion"},{"floor":16.0,"key":"SkillPotion"},{"floor":16.0,"key":"StarNLove"},{"floor":18.0,"key":"DuplicationPotion"},{"floor":20.0,"key":"PowerPotion"},{"floor":22.0,"key":"Weak Potion"},{"floor":22.0,"key":"Weak Potion"},{"floor":24.0,"key":"SpeedPotion"},{"floor":27.0,"key":"SkillPotion"},{"floor":33.0,"key":"LiquidBronze"},{"floor":33.0,"key":"Dexterity Potion"},{"floor":35.0,"key":"BottledSpark"},{"floor":38,"key":"Swift Potion"},{"floor":38,"key":"Energy Potion"},{"floor":40,"key":"DuplicationPotion"},{"floor":40,"key":"AttackPotion"},{"floor":42,"key":"AttackPotion"},{"floor":42,"key":"PowerPotion"},{"floor":44,"key":"PowerPotion"}],"is_trial":false,"path_per_floor":["M","M","M","M","?","E","?","E","T","R","M","M","?","E","R","B",null,"M","?","?","?","M","R","M","R","T","E","$","$","R","M","R","B",null,"M","M","$","M","?","E","R","E","T","E","$","?","M","E","R","B",null],"character_chosen":"MARISA","items_purchased":["ShootingEcho+1","ShroomBag","ClockworkSouvenir","OrrerysSun","Toolbox","ShootingEcho+1","Potion Belt","ShootingEcho+1","MysteriousBeam+1"],"campfire_rested":4,"item_purchase_floors":[28,29,29,29,37,37,37,45,45],"current_hp_per_floor":[75,75,75,68,73,63,43,31,31,31,31,51,35,29,53,17,80,55,55,24,24,14,38,22,46,46,50,50,50,50,54,54,57,80,75,58,58,47,47,47,47,48,48,52,52,52,64,74,80,64],"gold":157,"neow_bonus":"TRANSFORM_CARD","is_daily":false,"chose_seed":false,"campfire_upgraded":4,"win_rate":0.0,"timestamp":1611809406,"path_taken":["M","M","M","M","?","E","?","E","T","R","M","M","?","E","R","BOSS","M","?","?","?","M","R","?","R","T","E","?","$","R","M","R","BOSS","M","M","$","M","?","E","R","E","T","E","$","?","?","E","R","BOSS"],"items_purchased_type":["Card","Relic","Relic","Card","Relic","Card","Relic","Card","Card"],"build_version":"2020-12-22","purchased_purges":2,"victory":true,"max_hp_per_floor":[75,75,75,75,80,80,80,80,80,80,80,80,80,80,80,80,80,80,80,80,80,80,80,80,80,80,80,80,80,80,80,80,80,80,80,80,80,80,80,80,80,80,80,80,80,80,80,80,80,80],"card_choices":[{"not_picked":["DarkSpark","DoubleSpark"],"picked":"GravityBeat","floor":1.0},{"not_picked":["Acceleration","AsteroidBelt"],"picked":"ChargingUp","floor":2.0},{"not_picked":["SporeBomb","DarkSpark"],"picked":"ShootingEcho","floor":3.0},{"not_picked":["AlicesGift","GalacticHalo"],"picked":"NonDirectionalLaser","floor":4.0},{"not_picked":["Acceleration","MagicChant"],"picked":"NonDirectionalLaser","floor":6.0},{"not_picked":["SporeBomb","AbsoluteMagnitude"],"picked":"WitchOfGreed","floor":8.0},{"not_picked":["DragonMeteor","LuminesStrike"],"picked":"Occultation","floor":11.0},{"not_picked":["NonDirectionalLaser","MachineGunSpark"],"picked":"PulseMagic","floor":12.0},{"not_picked":["BlazingStar+1","GalacticHalo"],"picked":"GravityBeat+1","floor":14.0},{"not_picked":["TreasureHunter+1","StarDustReverie"],"picked":"EscapeVelocity","floor":16.0},{"not_picked":["Acceleration","DC+1"],"picked":"GravityBeat+1","floor":18.0},{"not_picked":["ChargeUpSpray+1","Acceleration"],"picked":"MilkyWay","floor":20.0},{"not_picked":["ShootingEcho+1","EnergyRecoil"],"picked":"WitchLeyline+1","floor":22.0},{"not_picked":["WitchOfGreed","ShootTheMoon+1"],"picked":"SuperPerseids+1","floor":24.0},{"not_picked":["WitchOfGreed","GalacticHalo"],"picked":"FinalSpark+1","floor":27.0},{"not_picked":["MagicAbsorber+1","DarkMatter"],"picked":"EarthLightRay+1","floor":31.0},{"not_picked":["AbsoluteMagnitude+1","BigCrunch"],"picked":"ManaRampage","floor":33.0},{"not_picked":["SprinkleStarSeal","6A+1"],"picked":"ShootTheMoon+1","floor":35.0},{"not_picked":["UnstableBomb+1","IllusionStar"],"picked":"MagicAbsorber+1","floor":36.0},{"not_picked":["OneTimeOff","OrrerysSun+1"],"picked":"MysteriousBeam+1","floor":38},{"not_picked":["GravityBeat+1","RefractionSpark+1"],"picked":"EventHorizon","floor":40},{"not_picked":["MilkyWay+1","EnergyFlow+1"],"picked":"PulseMagic+1","floor":42},{"not_picked":["MaximisePower","DragonMeteor+1"],"picked":"SatelliteIllusion","floor":44},{"not_picked":["LuminesStrike+1","EarthLightRay+1"],"picked":"WitchLeyline+1","floor":47},{"not_picked":["6A+1","AbsoluteMagnitude+1"],"picked":"WitchLeyline+1","floor":48},{"not_picked":["GravityBeat+1","AsteroidBelt+1"],"picked":"MilkyWay+1","floor":49}],"player_experience":98822,"relics_obtained":[{"floor":6.0,"key":"Toy Ornithopter"},{"floor":8.0,"key":"HollowMod:PaleOreRelic"},{"floor":9.0,"key":"Happy Flower"},{"floor":14.0,"key":"Molten Egg 2"},{"floor":20.0,"key":"Red Mask"},{"floor":26.0,"key":"AmplifyWand"},{"floor":27.0,"key":"Ancient Tea Set"},{"floor":40,"key":"Blood Vial"},{"floor":40,"key":"Thread and Needle"},{"floor":42,"key":"Meat on the Bone"},{"floor":42,"key":"Bottled Flame"},{"floor":43,"key":"Nunchaku"},{"floor":44,"key":"Dream Catcher"},{"floor":44,"key":"Incense Burner"},{"floor":48,"key":"AntiCross"},{"floor":48,"key":"Regal Pillow"}],"event_choices":[{"damage_healed":0.0,"max_hp_gain":5.0,"max_hp_loss":0.0,"gold_gain":0.0,"event_name":"Big Fish","player_choice":"Donut","floor":5.0,"gold_loss":0.0,"damage_taken":0.0},{"damage_healed":0.0,"max_hp_gain":0.0,"max_hp_loss":0.0,"gold_gain":0.0,"event_name":"Golden Idol","player_choice":"Take Damage","floor":7.0,"gold_loss":0.0,"damage_taken":20.0,"relics_obtained":["Golden Idol"]},{"damage_healed":0.0,"max_hp_gain":0.0,"max_hp_loss":0.0,"gold_gain":0.0,"event_name":"Shining Light","player_choice":"Entered Light","floor":13.0,"gold_loss":0.0,"damage_taken":16.0,"cards_upgraded":["Defend_MRS","ChargingUp"]},{"damage_healed":0.0,"max_hp_gain":0.0,"max_hp_loss":0.0,"gold_gain":0.0,"event_name":"The Library","player_choice":"Read","floor":19.0,"gold_loss":0.0,"damage_taken":0.0,"cards_obtained":["PropBag"]},{"damage_healed":0.0,"max_hp_gain":0.0,"max_hp_loss":0.0,"gold_gain":0.0,"event_name":"Masked Bandits","player_choice":"Fought Bandits","floor":20.0,"gold_loss":0.0,"damage_taken":0.0},{"damage_healed":0.0,"max_hp_gain":0.0,"max_hp_loss":0.0,"gold_gain":0.0,"event_name":"Addict","player_choice":"Obtained Relic","floor":21.0,"gold_loss":85.0,"damage_taken":0.0,"relics_obtained":["Centennial Puzzle"]},{"damage_healed":0,"gold_gain":0,"player_choice":"Ignored","damage_taken":0,"max_hp_gain":0,"max_hp_loss":0,"event_name":"OrinTheCat","floor":39,"gold_loss":0},{"cards_removed":["GravityBeat"],"damage_healed":0,"gold_gain":0,"player_choice":"Removed Attack","damage_taken":0,"max_hp_gain":0,"max_hp_loss":0,"event_name":"Falling","floor":46,"gold_loss":0}],"is_beta":false,"boss_relics":[{"not_picked":["Fusion Hammer","Runic Pyramid"],"picked":"Philosopher\u0027s Stone"},{"not_picked":["Busted Crown","Sozu"],"picked":"Black Star"}],"items_purged_floors":[28,45],"is_endless":false,"potions_floor_spawned":[1,4,8,14,16,22,31,33,38,40,42,44],"ascension_level":1}}