{"host":"yt9mn7ny944uaq22","time":1611814931,"event":{"mods":["BaseMod","Downfall","Minty Spire (QoL Compilation)","Relic Stats","StSLib"],"gold_per_floor":[99,117,127,143,154,182,207,221,280,313,327,227,554,554,569,667,667,667,677,677,688,688,716,791,826,276,376,276,286,286,298,313,418,418,418,418,438,438,438,469,493,510,536,436,501,501,501,513,531,531,531,531],"floor_reached":50,"language":"ENG","playtime":5369,"items_purged":["bronze:Defend","bronze:Defend"],"score":662,"play_id":"36b576bc-e0ad-4210-a106-246ff69df2e6","local_time":"20210127222211","is_ascension_mode":false,"campfire_choices":[{"floor":1.0,"key":"RECALL"},{"data":"bronze:InfiniteLoop","floor":12.0,"key":"SMITH"},{"data":"bronze:Goto","floor":18.0,"key":"SMITH"},{"data":"Ghostly","floor":28,"key":"SMITH"},{"data":"Ghostly","floor":30,"key":"SMITH"},{"data":"Ghostly","floor":35,"key":"SMITH"},{"data":"Ghostly","floor":44,"key":"SMITH"},{"data":"J.A.X.","floor":47,"key":"SMITH"}],"circlet_count":0,"master_deck":["bronze:Strike+1","bronze:Defend","bronze:Replicate+1","bronze:Goto+1","bronze:Frontload","bronze:OilSpill+1","bronze:Overheat","bronze:ForLoop","bronze:Fortify+1","bronze:Boost","bronze:InfiniteLoop+1","bronze:Verify","Ghostly+1","Ghostly+1","Ghostly+1","Ghostly+1","Ghostly","bronze:Separator+1","bronze:InfiniteBeams","bronze:MaxOutput","bronze:InfiniteBeams","bronze:Shell+1","J.A.X.+1","bronze:Library","bronze:ChildClass","bronze:Shell+1","bronze:Virus","bronze:Turbo+1","bronze:Return+1","bronze:FindAndReplace+1"],"relics":["bronze:BronzeCore","Whetstone","bronze:SilverBullet","bronze:ProtectiveGoggles","Meat on the Bone","downfall:HeartBlessingRed","Old Coin","Philosopher\u0027s Stone","Centennial Puzzle","PreservedInsect","Mummified Hand","Lantern","Kunai","ClockworkSouvenir","MutagenicStrength","downfall:HeartBlessingGreen","bronze:MakeshiftBattery","bronze:BottledCode","Toxic Egg 2","Molten Egg 2","downfall:HeartBlessingBlue","Medical Kit"],"acts_visited":["Exordium","TheCity","TheBeyond"],"potions_floor_usage":[25,25,29,33,50],"damage_taken":[{"damage":3.0,"enemies":"Jaw Worm","floor":2.0,"turns":4.0},{"damage":0.0,"enemies":"Small Slimes","floor":3.0,"turns":5.0},{"damage":0.0,"enemies":"2 Louse","floor":4.0,"turns":2.0},{"damage":0.0,"enemies":"Large Slime","floor":5.0,"turns":6.0},{"damage":22.0,"enemies":"Gremlin Nob","floor":6.0,"turns":4.0},{"damage":7.0,"enemies":"Blue Slaver","floor":8.0,"turns":3.0},{"damage":7.0,"enemies":"3 Sentries","floor":9.0,"turns":6.0},{"damage":14.0,"enemies":"3 Sentries","floor":10.0,"turns":7.0},{"damage":0.0,"enemies":"3 Louse","floor":11.0,"turns":2.0},{"damage":0.0,"enemies":"Gremlin Nob","floor":13.0,"turns":3.0},{"damage":3.0,"enemies":"Lots of Slimes","floor":15.0,"turns":3.0},{"damage":20.0,"enemies":"WA_ARCHETYPE_RETAIN","floor":16.0,"turns":7.0},{"damage":8.0,"enemies":"3 Byrds","floor":19.0,"turns":4.0},{"damage":1.0,"enemies":"Shell Parasite","floor":21.0,"turns":5.0},{"damage":3.0,"enemies":"Gremlin Leader","floor":23.0,"turns":8.0},{"damage":2,"enemies":"Slavers","floor":25,"turns":5},{"damage":0,"enemies":"downfall:FleeingMerchant","floor":26,"turns":4},{"damage":18,"enemies":"downfall:Augmenter","floor":27,"turns":5},{"damage":0,"enemies":"Snake Plant","floor":29,"turns":3},{"damage":0,"enemies":"Sentry and Sphere","floor":31,"turns":4},{"damage":7,"enemies":"Shelled Parasite and Fungi","floor":32,"turns":2},{"damage":22,"enemies":"SI_MIRROR_ARCHETYPE","floor":33,"turns":6},{"damage":0,"enemies":"3 Shapes","floor":37,"turns":5},{"damage":0,"enemies":"Nemesis","floor":40,"turns":3},{"damage":0,"enemies":"Orb Walker","floor":42,"turns":1},{"damage":2,"enemies":"Giant Head","floor":43,"turns":5},{"damage":0,"enemies":"downfall:FleeingMerchant","floor":45,"turns":3},{"damage":4,"enemies":"Transient","floor":48,"turns":5},{"damage":3,"enemies":"Spire Growth","floor":49,"turns":3},{"damage":35,"enemies":"IC_BLOCK_ARCHETYPE","floor":50,"turns":3}],"seed_played":"8788405605157441555","potions_obtained":[{"floor":4.0,"key":"bronze:CleanCodePotion"},{"floor":5.0,"key":"bronze:BurnAndBuffPotion"},{"floor":6.0,"key":"hexamod:SoulburnPotion"},{"floor":10.0,"key":"CultistPotion"},{"floor":13.0,"key":"champ:CounterPotion"},{"floor":21.0,"key":"bronze:BuildAFunctionPotion"},{"floor":23.0,"key":"SkillPotion"},{"floor":27,"key":"DistilledChaos"},{"floor":31,"key":"Dexterity Potion"},{"floor":32,"key":"Fruit Juice"},{"floor":33,"key":"ColorlessPotion"},{"floor":37,"key":"sneckomod:MuddlingPotion"},{"floor":49,"key":"bronze:BuildAFunctionPotion"}],"is_trial":false,"path_per_floor":["R","M","M","M","M","E","T","M","?","E","M","R","E","?","M","B",null,"R","M","?","M","?","E","T","E","$","?","R","M","R","M","M","B",null,"R","?","M","?","?","E","T","M","E","R","$","?","R","M","M","B"],"character_chosen":"THE_AUTOMATON","items_purchased":["Kunai","bronze:MaxOutput","ClockworkSouvenir","Medical Kit"],"campfire_rested":0,"item_purchase_floors":[26,26,26,45],"current_hp_per_floor":[77,74,74,74,74,52,52,45,38,24,36,36,48,48,45,37,77,77,69,38,37,37,34,34,32,32,26,26,26,26,26,31,26,43,43,43,43,43,33,33,33,33,31,41,41,41,41,37,34,0,0,0],"gold":531,"neow_bonus":"TEN_PERCENT_HP_BONUS","is_daily":false,"chose_seed":false,"campfire_upgraded":7,"win_rate":0.0,"timestamp":1611814931,"path_taken":["R","M","M","M","M","E","T","M","?","E","M","R","E","?","M","BOSS","R","M","?","M","?","E","T","E","$","?","R","M","R","M","M","BOSS","R","?","M","?","?","E","T","M","E","R","?","?","R","?","M","BOSS"],"items_purchased_type":["Relic","Card","Relic","Relic"],"build_version":"2020-12-22","purchased_purges":2,"victory":false,"max_hp_per_floor":[77,77,77,77,77,77,77,77,77,77,77,77,77,77,77,77,77,77,77,38,38,38,38,38,38,38,38,38,38,38,38,38,43,43,43,43,43,43,33,33,33,33,33,43,43,43,43,43,43,43,43,43],"relic_stats":{"Centennial Puzzle":[27],"counters":[30,126],"Mummified Hand":[45],"PreservedInsect":362,"Whetstone":["bronze:Strike","bronze:OilSpill"],"Kunai":[37],"Medical Kit":[3],"obtain_stats":[{"Lantern":25,"bronze:BronzeCore":0,"downfall:HeartBlessingRed":12,"downfall:HeartBlessingGreen":28,"PreservedInsect":23,"Whetstone":6,"Medical Kit":45,"Old Coin":13,"ClockworkSouvenir":26,"bronze:BottledCode":39,"Centennial Puzzle":22,"bronze:ProtectiveGoggles":9,"Mummified Hand":24,"downfall:HeartBlessingBlue":44,"MutagenicStrength":27,"Philosopher\u0027s Stone":17,"Molten Egg 2":43,"Kunai":26,"Toxic Egg 2":40,"bronze:SilverBullet":7,"bronze:MakeshiftBattery":34,"Meat on the Bone":10},{"Lantern":16,"bronze:BronzeCore":0,"downfall:HeartBlessingRed":9,"downfall:HeartBlessingGreen":18,"PreservedInsect":15,"Whetstone":5,"Medical Kit":27,"Old Coin":10,"ClockworkSouvenir":17,"bronze:BottledCode":23,"Centennial Puzzle":14,"bronze:ProtectiveGoggles":7,"Mummified Hand":15,"downfall:HeartBlessingBlue":26,"MutagenicStrength":18,"Philosopher\u0027s Stone":12,"Molten Egg 2":26,"Kunai":17,"Toxic Egg 2":24,"bronze:SilverBullet":5,"bronze:MakeshiftBattery":22,"Meat on the Bone":8},{"Lantern":74,"bronze:BronzeCore":0,"downfall:HeartBlessingRed":39,"downfall:HeartBlessingGreen":83,"PreservedInsect":69,"Whetstone":21,"Medical Kit":115,"Old Coin":42,"ClockworkSouvenir":78,"bronze:BottledCode":103,"Centennial Puzzle":61,"bronze:ProtectiveGoggles":30,"Mummified Hand":69,"downfall:HeartBlessingBlue":112,"MutagenicStrength":83,"Philosopher\u0027s Stone":52,"Molten Egg 2":112,"Kunai":78,"Toxic Egg 2":106,"bronze:SilverBullet":21,"bronze:MakeshiftBattery":98,"Meat on the Bone":37}],"Meat on the Bone":72},"card_choices":[{"not_picked":["bronze:ForceShield","bronze:Refactor"],"picked":"bronze:Frontload","floor":2.0},{"not_picked":["bronze:BuggyMess","bronze:Shell"],"picked":"bronze:OilSpill","floor":3.0},{"not_picked":["bronze:FollowUp","bronze:Safeguard"],"picked":"bronze:Overheat","floor":4.0},{"not_picked":["bronze:WildBeam","bronze:BronzeArmor"],"picked":"bronze:ForLoop","floor":5.0},{"not_picked":["bronze:Constructor","bronze:ForLoop"],"picked":"bronze:Fortify","floor":6.0},{"not_picked":["bronze:WhirlingStrike","bronze:Deprecate","bronze:Iterate"],"picked":"SKIP","floor":8.0},{"not_picked":["bronze:BitShift","bronze:ForLoop"],"picked":"bronze:Boost","floor":9.0},{"not_picked":["bronze:Safeguard","bronze:Invalidate","bronze:Frontload"],"picked":"SKIP","floor":10.0},{"not_picked":["bronze:Separator","bronze:Iterate"],"picked":"bronze:InfiniteLoop","floor":11.0},{"not_picked":["bronze:BronzeArmor","bronze:DigitalCarnage","bronze:Safeguard"],"picked":"SKIP","floor":13.0},{"not_picked":["bronze:DarkDash","bronze:Iterate","bronze:CutThrough"],"picked":"SKIP","floor":15.0},{"not_picked":["bronze:ThunderWave","bronze:TinkerersToolbox"],"picked":"bronze:Verify","floor":16.0},{"not_picked":["bronze:BuggyMess","bronze:Fortify","bronze:Constructor"],"picked":"SKIP","floor":19.0},{"not_picked":["bronze:Overload","bronze:Constructor","bronze:Iterate"],"picked":"SKIP","floor":21.0},{"not_picked":["bronze:Overheat","bronze:ForLoop+1","bronze:Shield"],"picked":"SKIP","floor":23.0},{"not_picked":["bronze:Backtrace+1","bronze:Frontload"],"picked":"bronze:Separator+1","floor":25},{"not_picked":["bronze:OilSpill","bronze:Separator+1"],"picked":"bronze:InfiniteBeams","floor":26},{"not_picked":[],"picked":"J.A.X.","floor":27},{"not_picked":["bronze:DelayedGuard","bronze:OilSpill","bronze:BuggyMess"],"picked":"SKIP","floor":29},{"not_picked":["bronze:DelayedSlice","bronze:Safeguard","bronze:Constructor"],"picked":"SKIP","floor":31},{"not_picked":["bronze:Iterate","bronze:Overload","bronze:OilSpill"],"picked":"SKIP","floor":32},{"not_picked":["bronze:Virus","bronze:Break"],"picked":"bronze:Library","floor":33},{"not_picked":["bronze:OilSpill+1","bronze:MaxOutput+1"],"picked":"bronze:ChildClass","floor":37},{"not_picked":["bronze:Shield+1","bronze:Overheat"],"picked":"bronze:Shell+1","floor":40},{"not_picked":["bronze:DelayedGuard+1","bronze:OilSpill+1"],"picked":"bronze:Virus","floor":42},{"not_picked":["bronze:BitShift+1","bronze:CloningBeam+1"],"picked":"bronze:Turbo+1","floor":43},{"not_picked":["bronze:Philosophize+1","bronze:Boost+1"],"picked":"bronze:Return+1","floor":45},{"not_picked":["bronze:Flail+1","bronze:Overheat+1","bronze:BugBarrage+1"],"picked":"SKIP","floor":48},{"not_picked":["bronze:OilSpill+1","bronze:GetLatest+1"],"picked":"bronze:FindAndReplace+1","floor":49}],"player_experience":24945,"relics_obtained":[{"floor":6.0,"key":"Whetstone"},{"floor":7.0,"key":"bronze:SilverBullet"},{"floor":9.0,"key":"bronze:ProtectiveGoggles"},{"floor":10.0,"key":"Meat on the Bone"},{"floor":13.0,"key":"Old Coin"},{"floor":23.0,"key":"PreservedInsect"},{"floor":24.0,"key":"Mummified Hand"},{"floor":25,"key":"Lantern"},{"floor":27,"key":"MutagenicStrength"},{"floor":40,"key":"Toxic Egg 2"},{"floor":43,"key":"Molten Egg 2"}],"event_choices":[{"cards_removed":["bronze:Strike"],"damage_healed":0.0,"max_hp_gain":0.0,"max_hp_loss":0.0,"gold_gain":0.0,"event_name":"The Cleric","player_choice":"Card Removal","floor":14.0,"gold_loss":0.0,"damage_taken":0.0},{"damage_healed":0.0,"max_hp_gain":0.0,"max_hp_loss":39.0,"gold_gain":0.0,"event_name":"Ghosts","player_choice":"Became a Ghost","floor":20.0,"gold_loss":0.0,"damage_taken":0.0,"cards_obtained":["Ghostly","Ghostly","Ghostly","Ghostly","Ghostly"]},{"cards_removed":["bronze:Strike"],"damage_healed":0,"gold_gain":0,"player_choice":"Removed Attack","damage_taken":0,"max_hp_gain":0,"max_hp_loss":0,"event_name":"Falling","floor":36,"gold_loss":0}],"is_beta":false,"boss_relics":[{"not_picked":["Runic Dome","Runic Pyramid"],"picked":"Philosopher\u0027s Stone"},{"not_picked":["Velvet Choker","Snecko Eye"],"picked":"bronze:MakeshiftBattery"}],"items_purged_floors":[26,45],"is_endless":false,"potions_floor_spawned":[4,5,6,10,13,21,23,27,31,32,33,37,49],"killed_by":"IC_BLOCK_ARCHETYPE","ascension_level":0}}