{"host":"aj7el8l5kufbk20z","time":1611822771,"event":{"mods":["AchievementEnabler","BaseMod","Colored Map","Colored Powertips","Curses Come First","Highlight Path","Minty Spire (QoL Compilation)","Permanent Neow","Poor People Problems","Quick Restart","Rare Cards Sparkle","Relic Stats","StSLib","SuperFastMode","Waifu the Spire"],"gold_per_floor":[111,111,128,76,76,76,76,76],"floor_reached":7,"language":"ZHS","playtime":248,"items_purged":["Strike_G"],"score":72,"play_id":"464a1910-c470-4717-b66e-5f8d91dbe900","local_time":"20210128163251","is_ascension_mode":true,"campfire_choices":[{"data":"Cloak And Dagger","floor":6,"key":"SMITH"}],"circlet_count":0,"master_deck":["AscendersBane","Strike_G","Strike_G","Strike_G","Defend_G+1","Defend_G","Defend_G","Defend_G","Defend_G+1","Survivor","Neutralize","Deflect","Backflip","Cloak And Dagger+1"],"relics":["SlaversCollar","Letter Opener","Matryoshka","Lee\u0027s Waffle"],"acts_visited":["Exordium"],"potions_floor_usage":[],"damage_taken":[{"damage":4,"enemies":"2 Louse","floor":1,"turns":4},{"damage":11,"enemies":"Cultist","floor":3,"turns":6},{"damage":0,"enemies":"Lagavulin","floor":7,"turns":2}],"seed_played":"-9206559739036593614","potions_obtained":[],"is_trial":false,"path_per_floor":["M","?","M","$","?","R","E"],"character_chosen":"THE_SILENT","items_purchased":["Letter Opener","Matryoshka","Lee\u0027s Waffle","Cloak And Dagger"],"campfire_rested":0,"item_purchase_floors":[4,4,4,4],"current_hp_per_floor":[55,55,44,73,51,51,51,51],"gold":76,"neow_bonus":"BOSS_RELIC","is_daily":false,"chose_seed":false,"campfire_upgraded":1,"win_rate":0.0,"timestamp":1611822771,"path_taken":["M","?","M","$","?","R","E"],"items_purchased_type":["Relic","Relic","Relic","Card"],"build_version":"2020-12-22","purchased_purges":1,"victory":false,"max_hp_per_floor":[66,66,66,73,73,73,73,73],"relic_stats":{"Lee\u0027s Waffle":29,"counters":[3,12],"Letter Opener":[0],"obtain_stats":[{"SlaversCollar":0,"Lee\u0027s Waffle":4,"Matryoshka":4,"Letter Opener":4,"Ring of the Snake":0},{"SlaversCollar":0,"Lee\u0027s Waffle":2,"Matryoshka":2,"Letter Opener":2,"Ring of the Snake":0},{"SlaversCollar":0,"Lee\u0027s Waffle":10,"Matryoshka":10,"Letter Opener":10,"Ring of the Snake":0}]},"card_choices":[{"not_picked":["Outmaneuver","Quick Slash"],"picked":"Deflect","floor":1},{"not_picked":["Poisoned Stab","Dagger Throw"],"picked":"Backflip","floor":3}],"player_experience":432255,"relics_obtained":[],"event_choices":[{"cards_removed":["Strike_G"],"damage_healed":0,"gold_gain":0,"player_choice":"Forget","damage_taken":0,"max_hp_gain":0,"max_hp_loss":0,"event_name":"Living Wall","floor":2,"gold_loss":0},{"damage_healed":0,"gold_gain":0,"player_choice":"Entered Light","damage_taken":22,"max_hp_gain":0,"max_hp_loss":0,"event_name":"Shining Light","floor":5,"gold_loss":0,"cards_upgraded":["Defend_G","Defend_G"]}],"is_beta":false,"boss_relics":[],"items_purged_floors":[4],"is_endless":false,"potions_floor_spawned":[],"killed_by":"Lagavulin","ascension_level":17}}