{"host":"f5gffvlv6a66yqkd","time":1611876224,"event":{"mods":["2.2 Compatiblity","BaseMod","Colored Map","Custom Start","DeckTracker","Keyboard Shortcuts","Minty Spire (QoL Compilation)","Permanent Neow","Quick Restart","Relic Stats","StSLib","SuperFastMode"],"gold_per_floor":[118,133,133,133,154,154,154,197,197,197,197,18,43,118,134,134,134,134],"floor_reached":17,"language":"KOR","playtime":276,"items_purged":["Decay"],"score":210,"play_id":"2702a9b5-f583-40c9-9c7c-39a21a804a3f","local_time":"20210129082344","is_ascension_mode":true,"campfire_choices":[{"floor":6.0,"key":"REST"},{"floor":7.0,"key":"REST"},{"data":"Defragment","floor":9.0,"key":"SMITH"},{"floor":11.0,"key":"REST"},{"data":"Zap","floor":16,"key":"SMITH"}],"circlet_count":0,"master_deck":["AscendersBane","Strike_B","Strike_B","Strike_B","Defend_B","Defend_B","Defend_B","Defend_B","Zap+1","Dualcast","Sunder","Defragment+1","Ball Lightning","Leap","Cold Snap","Coolheaded","Doom and Gloom","Glacier","Gash"],"relics":["Cracked Core","Golden Idol","Unceasing Top","Turnip"],"acts_visited":["Exordium"],"potions_floor_usage":[],"damage_taken":[{"damage":2.0,"enemies":"Jaw Worm","floor":1.0,"turns":4.0},{"damage":21.0,"enemies":"Small Slimes","floor":2.0,"turns":3.0},{"damage":3.0,"enemies":"Cultist","floor":5.0,"turns":3.0},{"damage":38.0,"enemies":"3 Sentries","floor":8.0,"turns":7.0},{"damage":4,"enemies":"3 Louse","floor":13,"turns":3},{"damage":4,"enemies":"Looter","floor":15,"turns":4},{"damage":22,"enemies":"Hexaghost","floor":17,"turns":11}],"seed_played":"3099893773478136291","potions_obtained":[{"floor":1.0,"key":"Ancient Potion"},{"floor":15,"key":"LiquidBronze"}],"is_trial":false,"path_per_floor":["M","M","?","?","M","R","R","E","R","T","R","$","M","?","M","R","B"],"character_chosen":"DEFECT","items_purchased":["Coolheaded","Doom and Gloom"],"campfire_rested":3,"item_purchase_floors":[12,12],"current_hp_per_floor":[62,41,17,17,14,35,56,18,18,18,39,39,35,24,20,20,0,0],"gold":134,"neow_bonus":"TRANSFORM_CARD","is_daily":false,"chose_seed":false,"campfire_upgraded":2,"win_rate":0.0,"timestamp":1611876224,"path_taken":["M","M","?","?","M","R","R","E","R","T","R","$","?","?","M","R","BOSS"],"items_purchased_type":["Card","Card"],"build_version":"2020-12-22","purchased_purges":1,"victory":false,"max_hp_per_floor":[71,71,71,71,71,71,71,71,71,71,71,71,71,71,71,71,71,71],"relic_stats":{"counters":[7,35],"Golden Idol":21,"Turnip":[0],"obtain_stats":[{"Golden Idol":3,"Turnip":10,"Cracked Core":0,"Unceasing Top":8},{"Golden Idol":2,"Turnip":4,"Cracked Core":0,"Unceasing Top":4},{"Golden Idol":7,"Turnip":17,"Cracked Core":0,"Unceasing Top":17}],"Unceasing Top":[0]},"card_choices":[{"not_picked":["Steam","Conserve Battery"],"picked":"Defragment","floor":1.0},{"not_picked":["Sweeping Beam","Darkness"],"picked":"Ball Lightning","floor":2.0},{"not_picked":["Heatsinks","Barrage"],"picked":"Leap","floor":5.0},{"not_picked":["Stack","Sunder"],"picked":"Cold Snap","floor":8.0},{"not_picked":["Chill","Go for the Eyes"],"picked":"Glacier","floor":13},{"not_picked":["Conserve Battery","Go for the Eyes"],"picked":"Gash","floor":15}],"player_experience":1628653,"relics_obtained":[{"floor":8.0,"key":"Unceasing Top"},{"floor":10.0,"key":"Turnip"}],"event_choices":[{"damage_healed":0.0,"max_hp_gain":0.0,"max_hp_loss":0.0,"gold_gain":0.0,"event_name":"Golden Idol","player_choice":"Take Damage","floor":3.0,"gold_loss":0.0,"damage_taken":24.0,"relics_obtained":["Golden Idol"]},{"damage_healed":0.0,"max_hp_gain":0.0,"max_hp_loss":0.0,"gold_gain":0.0,"event_name":"Wheel of Change","player_choice":"Cursed","floor":4.0,"gold_loss":0.0,"damage_taken":0.0,"cards_obtained":["Decay"]},{"damage_healed":0,"gold_gain":75,"player_choice":"Gather Gold","damage_taken":11,"max_hp_gain":0,"max_hp_loss":0,"event_name":"World of Goop","floor":14,"gold_loss":0}],"is_beta":false,"boss_relics":[],"items_purged_floors":[12],"is_endless":false,"potions_floor_spawned":[1,15],"killed_by":"Hexaghost","ascension_level":20}}