{"host":"y7357sx8ps3jkgoj","time":1611816655,"event":{"mods":["BaseMod","Friendly Minions","Minty Spire (QoL Compilation)","Permanent Neow","Relic Stats","Shop Mod","StSLib","The Alterego","Uncapped","Unceasing Turn Reminder"],"gold_per_floor":[369,389,401,401,411,438,325,356,356,356,356],"floor_reached":10,"language":"ENG","playtime":780,"items_purged":["alterego_mod:Defend"],"score":90,"play_id":"64ca8b21-be75-40fe-aaeb-51af758c8342","local_time":"20210128005055","is_ascension_mode":true,"campfire_choices":[],"circlet_count":0,"master_deck":["alterego_mod:Strike","alterego_mod:Strike","alterego_mod:Strike","alterego_mod:Strike","alterego_mod:Defend","alterego_mod:Defend","alterego_mod:Defend","alterego_mod:Impale","alterego_mod:BigMeatyClaws","alterego_mod:BrynhildrsRune","alterego_mod:DeftHands","alterego_mod:Nekomimi","alterego_mod:Undulate","alterego_mod:Cycle","alterego_mod:Cycle","alterego_mod:Undulate","alterego_mod:Rip","alterego_mod:MagicResistance","alterego_mod:SakuraLabyrinth","alterego_mod:BusterCard","alterego_mod:Birthday"],"relics":["alterego_mod:MasochisticConstitution","Toy Ornithopter","Regal Pillow","Ancient Tea Set"],"acts_visited":["Exordium"],"potions_floor_usage":[8,10],"damage_taken":[{"damage":0,"enemies":"2 Louse","floor":1,"turns":3},{"damage":3,"enemies":"Small Slimes","floor":2,"turns":6},{"damage":14,"enemies":"Cultist","floor":3,"turns":6},{"damage":13,"enemies":"Red Slaver","floor":5,"turns":7},{"damage":30,"enemies":"Lagavulin","floor":6,"turns":11},{"damage":34,"enemies":"Gremlin Nob","floor":8,"turns":6},{"damage":21,"enemies":"3 Sentries","floor":10,"turns":7}],"seed_played":"-757753743676460696","potions_obtained":[{"floor":2,"key":"Fire Potion"},{"floor":5,"key":"Strength Potion"},{"floor":6,"key":"Block Potion"}],"is_trial":false,"path_per_floor":["M","M","M","?","M","E","$","E","T","E"],"character_chosen":"The_Alterego","items_purchased":["alterego_mod:BusterCard"],"campfire_rested":0,"item_purchase_floors":[7],"current_hp_per_floor":[63,68,62,62,57,35,35,7,7,0,0],"gold":356,"neow_bonus":"TWO_FIFTY_GOLD","is_daily":false,"chose_seed":false,"campfire_upgraded":0,"win_rate":0.0,"timestamp":1611816655,"path_taken":["M","M","M","?","M","E","$","E","T","E"],"items_purchased_type":["Card"],"build_version":"2020-12-22","purchased_purges":1,"victory":false,"max_hp_per_floor":[70,71,72,72,73,74,74,75,75,75,75],"relic_stats":{"Regal Pillow":0,"counters":[7,46],"obtain_stats":[{"alterego_mod:MasochisticConstitution":0,"Regal Pillow":8,"Ancient Tea Set":9,"Toy Ornithopter":6},{"alterego_mod:MasochisticConstitution":0,"Regal Pillow":6,"Ancient Tea Set":6,"Toy Ornithopter":5},{"alterego_mod:MasochisticConstitution":0,"Regal Pillow":39,"Ancient Tea Set":39,"Toy Ornithopter":33}],"Toy Ornithopter":10},"card_choices":[{"not_picked":["alterego_mod:Bounce","alterego_mod:Undulate"],"picked":"alterego_mod:DeftHands","floor":1},{"not_picked":["alterego_mod:Undulate","alterego_mod:Bounce"],"picked":"alterego_mod:Nekomimi","floor":2},{"not_picked":["alterego_mod:Cooking","alterego_mod:Skirt","alterego_mod:RingBreak"],"picked":"SKIP","floor":3},{"not_picked":["alterego_mod:Exercise","alterego_mod:Clap"],"picked":"alterego_mod:MagicResistance","floor":5},{"not_picked":["alterego_mod:RidiculouslyBig","alterego_mod:PerceptionDisorder"],"picked":"alterego_mod:SakuraLabyrinth","floor":6},{"not_picked":["alterego_mod:SakuraFive","alterego_mod:Cycle"],"picked":"alterego_mod:Birthday","floor":8}],"player_experience":314792,"relics_obtained":[{"floor":6,"key":"Toy Ornithopter"},{"floor":8,"key":"Regal Pillow"},{"floor":9,"key":"Ancient Tea Set"}],"event_choices":[],"is_beta":false,"boss_relics":[],"items_purged_floors":[7],"is_endless":false,"potions_floor_spawned":[2,5,6],"killed_by":"3 Sentries","ascension_level":3}}