{"host":"6xsbn6ynqlzwllfm","time":1611876050,"event":{"mods":["2.2 Compatiblity","BaseMod","Bestiary","Colored Map","Colored Powertips","Curses Come First","Highlight Path","Keyboard Shortcuts","Minty Spire (QoL Compilation)","Relic Stats","Slay the Relics Exporter","StSLib","SuperFastMode"],"gold_per_floor":[119,135,210,222,372,372,27,56,56,82,82,96,107,125,125,196,196,214,214,214,214,214,245,245,245,245,245,258,276,311,324,324,396,396,408,420,85,85,105,132,132,132,132],"floor_reached":42,"language":"ENG","playtime":1888,"items_purged":["Doubt"],"score":977,"play_id":"c1d2e723-1993-4431-b5ff-575c951ed424","local_time":"20210128182050","is_ascension_mode":true,"campfire_choices":[{"data":"Bash","floor":6.0,"key":"SMITH"},{"data":"Immolate","floor":11,"key":"SMITH"},{"data":"True Grit","floor":15,"key":"SMITH"},{"data":"Limit Break","floor":24,"key":"SMITH"},{"data":"Uppercut","floor":27,"key":"SMITH"},{"data":"Offering","floor":32,"key":"SMITH"},{"data":"Feed","floor":41,"key":"SMITH"}],"circlet_count":0,"master_deck":["AscendersBane","Defend_R","Defend_R","Defend_R","Defend_R","Bash+1","Limit Break+1","Heavy Blade","Headbutt","True Grit+1","Reaper","Immolate+1","Metallicize","Dark Embrace","Uppercut+1","Offering+1","J.A.X.+1","Bite","Bite","Bite","Bite","Bite","Spot Weakness+1","Fiend Fire","Flame Barrier","Feed+1","Metallicize+1","Offering+1","Demon Form"],"relics":["Burning Blood","Orichalcum","Mummified Hand","Bottled Flame","Philosopher\u0027s Stone","Enchiridion","Bronze Scales","CaptainsWheel","Ginger","PreservedInsect","Coffee Dripper","DollysMirror","War Paint","Smiling Mask"],"acts_visited":["Exordium","TheCity","TheBeyond"],"potions_floor_usage":[10,33,39],"damage_taken":[{"damage":12.0,"enemies":"Cultist","floor":1.0,"turns":4.0},{"damage":14.0,"enemies":"Jaw Worm","floor":2.0,"turns":4.0},{"damage":6.0,"enemies":"2 Louse","floor":4.0,"turns":3.0},{"damage":8.0,"enemies":"Gremlin Nob","floor":8.0,"turns":3.0},{"damage":19,"enemies":"3 Sentries","floor":10,"turns":7},{"damage":0,"enemies":"Large Slime","floor":12,"turns":3},{"damage":6,"enemies":"Blue Slaver","floor":13,"turns":3},{"damage":0,"enemies":"Lots of Slimes","floor":14,"turns":1},{"damage":62,"enemies":"Slime Boss","floor":16,"turns":10},{"damage":6,"enemies":"2 Thieves","floor":18,"turns":2},{"damage":12,"enemies":"Gremlin Leader","floor":23,"turns":4},{"damage":18,"enemies":"Chosen","floor":28,"turns":3},{"damage":4,"enemies":"3 Cultists","floor":29,"turns":4},{"damage":28,"enemies":"Book of Stabbing","floor":30,"turns":3},{"damage":7,"enemies":"Snecko","floor":31,"turns":3},{"damage":52,"enemies":"Collector","floor":33,"turns":7},{"damage":20,"enemies":"3 Shapes","floor":35,"turns":10},{"damage":9,"enemies":"3 Darklings","floor":36,"turns":2},{"damage":33,"enemies":"Spire Growth","floor":39,"turns":3},{"damage":33,"enemies":"Reptomancer","floor":40,"turns":3},{"damage":20,"enemies":"4 Shapes","floor":42,"turns":2}],"seed_played":"-6488785838304635065","potions_obtained":[{"floor":4.0,"key":"ColorlessPotion"},{"floor":12,"key":"FairyPotion"},{"floor":14,"key":"LiquidBronze"},{"floor":28,"key":"SteroidPotion"},{"floor":29,"key":"Fire Potion"},{"floor":36,"key":"ColorlessPotion"}],"is_trial":false,"path_per_floor":["M","M","?","M","?","R","$","E","T","E","R","M","M","M","R","B",null,"M","?","?","?","?","E","R","T","T","R","M","M","E","M","R","B",null,"M","M","$","?","M","E","R","M"],"character_chosen":"IRONCLAD","items_purchased":["Reaper","AttackPotion","Strength Potion","DollysMirror","War Paint"],"campfire_rested":0,"item_purchase_floors":[7,7,7,37,37],"current_hp_per_floor":[62,54,43,43,43,43,43,41,41,36,36,42,45,51,51,7,58,58,37,37,37,37,49,49,49,49,49,45,52,43,50,50,28,46,45,55,55,52,33,16,16,0,0],"gold":132,"neow_bonus":"ONE_RANDOM_RARE_CARD","is_daily":false,"chose_seed":false,"campfire_upgraded":7,"win_rate":0.0,"timestamp":1611876050,"path_taken":["M","M","?","M","?","R","$","E","T","E","R","M","M","M","R","BOSS","M","?","?","?","?","E","R","?","T","R","M","M","E","M","R","BOSS","M","M","$","?","M","E","R","M"],"items_purchased_type":["Card","Potion","Potion","Relic","Relic"],"build_version":"2020-12-22","purchased_purges":1,"victory":false,"max_hp_per_floor":[75,75,75,75,75,75,75,75,75,75,75,75,75,75,75,75,75,75,75,75,52,52,52,52,52,52,52,52,52,52,52,52,52,52,55,55,55,52,52,52,52,52,52],"relic_stats":{"counters":[21,84],"Mummified Hand":[52],"Bronze Scales":[81],"PreservedInsect":60,"Ginger":[7],"Orichalcum":[198],"War Paint":["Spot Weakness","J.A.X."],"Smiling Mask":0,"obtain_stats":[{"Enchiridion":19,"PreservedInsect":30,"Ginger":26,"Orichalcum":8,"War Paint":37,"Smiling Mask":40,"Burning Blood":0,"Bottled Flame":10,"CaptainsWheel":25,"Mummified Hand":9,"DollysMirror":37,"Bronze Scales":23,"Philosopher\u0027s Stone":17,"Coffee Dripper":34},{"Enchiridion":10,"PreservedInsect":14,"Ginger":11,"Orichalcum":4,"War Paint":18,"Smiling Mask":20,"Burning Blood":0,"Bottled Flame":5,"CaptainsWheel":11,"Mummified Hand":4,"DollysMirror":18,"Bronze Scales":11,"Philosopher\u0027s Stone":9,"Coffee Dripper":16},{"Enchiridion":40,"PreservedInsect":54,"Ginger":44,"Orichalcum":14,"War Paint":76,"Smiling Mask":82,"Burning Blood":0,"Bottled Flame":21,"CaptainsWheel":44,"Mummified Hand":14,"DollysMirror":76,"Bronze Scales":44,"Philosopher\u0027s Stone":38,"Coffee Dripper":64}],"Burning Blood":117},"card_choices":[{"not_picked":["Metallicize","Shrug It Off"],"picked":"Heavy Blade","floor":1.0},{"not_picked":["Carnage","Sword Boomerang"],"picked":"Headbutt","floor":2.0},{"not_picked":["Body Slam","Heavy Blade"],"picked":"True Grit","floor":4.0},{"not_picked":["Disarm","Body Slam"],"picked":"Immolate","floor":8.0},{"not_picked":["Headbutt","Pommel Strike"],"picked":"Metallicize","floor":10},{"not_picked":["Clothesline","Armaments"],"picked":"Dark Embrace","floor":13},{"not_picked":["Clothesline","Warcry"],"picked":"Uppercut","floor":14},{"not_picked":["Limit Break","Exhume"],"picked":"Offering","floor":16},{"not_picked":["Iron Wave","Sword Boomerang","Pommel Strike"],"picked":"SKIP","floor":18},{"not_picked":["Body Slam+1","Armaments"],"picked":"Spot Weakness","floor":23},{"not_picked":["Clothesline+1","Havoc"],"picked":"Fiend Fire","floor":28},{"not_picked":["Seeing Red","Armaments"],"picked":"Flame Barrier","floor":30},{"not_picked":["Limit Break","Exhume"],"picked":"Feed","floor":33},{"not_picked":["Combust","Body Slam"],"picked":"Metallicize+1","floor":35},{"not_picked":["Body Slam+1","Whirlwind+1","Havoc"],"picked":"SKIP","floor":36},{"not_picked":["Twin Strike+1","Anger"],"picked":"Demon Form","floor":39},{"not_picked":["Clash","Seeing Red","Sever Soul+1"],"picked":"SKIP","floor":40}],"player_experience":1201809,"relics_obtained":[{"floor":8.0,"key":"Orichalcum"},{"floor":9.0,"key":"Mummified Hand"},{"floor":10,"key":"Bottled Flame"},{"floor":19,"key":"Enchiridion"},{"floor":23,"key":"Bronze Scales"},{"floor":25,"key":"CaptainsWheel"},{"floor":26,"key":"Ginger"},{"floor":30,"key":"PreservedInsect"},{"floor":40,"key":"Smiling Mask"}],"event_choices":[{"damage_healed":0.0,"max_hp_gain":0.0,"max_hp_loss":0.0,"gold_gain":75.0,"event_name":"World of Goop","player_choice":"Gather Gold","floor":3.0,"gold_loss":0.0,"damage_taken":11.0},{"damage_healed":0.0,"max_hp_gain":0.0,"max_hp_loss":0.0,"gold_gain":150.0,"event_name":"Liars Game","player_choice":"AGREE","floor":5.0,"gold_loss":0.0,"damage_taken":0.0,"cards_obtained":["Doubt"]},{"damage_healed":0,"gold_gain":0,"player_choice":"Obtained Book","damage_taken":21,"max_hp_gain":0,"max_hp_loss":0,"event_name":"Cursed Tome","floor":19,"gold_loss":0},{"damage_healed":0,"gold_gain":0,"player_choice":"Obtain J.A.X.","damage_taken":0,"max_hp_gain":0,"max_hp_loss":0,"event_name":"Drug Dealer","floor":20,"gold_loss":0,"cards_obtained":["J.A.X."]},{"damage_healed":0,"gold_gain":0,"player_choice":"Became a vampire","damage_taken":0,"max_hp_gain":0,"max_hp_loss":23,"event_name":"Vampires","floor":21,"gold_loss":0,"cards_obtained":["Bite","Bite","Bite","Bite","Bite"]},{"damage_healed":0,"gold_gain":0,"player_choice":"Ignored","damage_taken":0,"max_hp_gain":0,"max_hp_loss":0,"event_name":"The Mausoleum","floor":22,"gold_loss":0},{"damage_healed":0,"gold_gain":0,"player_choice":"Max HP","damage_taken":0,"max_hp_gain":0,"max_hp_loss":3,"event_name":"Winding Halls","floor":38,"gold_loss":0}],"is_beta":false,"boss_relics":[{"not_picked":["Busted Crown","Sozu"],"picked":"Philosopher\u0027s Stone"},{"not_picked":["Black Blood","Runic Dome"],"picked":"Coffee Dripper"}],"items_purged_floors":[7],"is_endless":false,"potions_floor_spawned":[4,12,14,28,29,36],"killed_by":"4 Shapes","ascension_level":20}}