{"host":"wmz27iczv4t8azac","time":1611812798,"event":{"mods":["AchievementEnabler","BaseMod","Colored Powertips","Minty Spire (QoL Compilation)","Quick Restart","Relic Stats","StSLib"],"gold_per_floor":[112,125,144,219,219,244,244,244,313,343,353,56,72,88,88,161,161,174,174,193,211,261,289,299,299,299,336,294,322,53,53,53],"floor_reached":31,"language":"ENG","playtime":1104,"items_purged":[],"score":724,"play_id":"7cb86176-d2d7-49b0-8f9e-e9d0d1d51eae","local_time":"20210127214638","is_ascension_mode":true,"campfire_choices":[{"floor":8.0,"key":"REST"},{"data":"Sunder","floor":15.0,"key":"SMITH"},{"floor":25.0,"key":"REST"}],"circlet_count":0,"master_deck":["AscendersBane","Strike_B","Strike_B","Strike_B+1","Defend_B+1","Defend_B","Defend_B","Defend_B+1","Zap","Dualcast+1","Barrage","Cold Snap","Chill","Sunder+1","Chaos","Hyperbeam","Ball Lightning","Capacitor","Beam Cell","Steam","Echo Form","Compile Driver","Decay","Rebound+1","White Noise","Turbo","Hologram","FTL","Go for the Eyes"],"relics":["Cracked Core","War Paint","Vajra","InkBottle","Ornamental Fan","ClockworkSouvenir","Sozu","Bronze Scales","MawBank","Calipers","Mango","Kunai"],"acts_visited":["Exordium","TheCity"],"potions_floor_usage":[],"damage_taken":[{"damage":0.0,"enemies":"Cultist","floor":1.0,"turns":3.0},{"damage":0.0,"enemies":"2 Louse","floor":2.0,"turns":2.0},{"damage":0.0,"enemies":"Jaw Worm","floor":3.0,"turns":3.0},{"damage":13.0,"enemies":"3 Sentries","floor":6.0,"turns":10.0},{"damage":19.0,"enemies":"Lagavulin","floor":10.0,"turns":6.0},{"damage":0.0,"enemies":"Exordium Wildlife","floor":11.0,"turns":2.0},{"damage":0.0,"enemies":"Large Slime","floor":13.0,"turns":4.0},{"damage":6.0,"enemies":"Looter","floor":14.0,"turns":2.0},{"damage":0.0,"enemies":"Slime Boss","floor":16.0,"turns":5.0},{"damage":0.0,"enemies":"3 Byrds","floor":18.0,"turns":5.0},{"damage":0.0,"enemies":"Chosen","floor":20.0,"turns":3.0},{"damage":31.0,"enemies":"Snake Plant","floor":21.0,"turns":4.0},{"damage":0.0,"enemies":"Gremlin Leader","floor":23.0,"turns":5.0},{"damage":18.0,"enemies":"3 Cultists","floor":24.0,"turns":3.0},{"damage":19.0,"enemies":"Slavers","floor":27.0,"turns":3.0},{"damage":16,"enemies":"Snecko","floor":29,"turns":6},{"damage":13,"enemies":"Centurion and Healer","floor":31,"turns":1}],"seed_played":"7379947017498750681","potions_obtained":[{"floor":6.0,"key":"GamblersBrew"},{"floor":10.0,"key":"Explosive Potion"},{"floor":11.0,"key":"LiquidMemories"}],"is_trial":false,"path_per_floor":["M","M","M","?","?","E","?","R","T","E","M","$","M","M","R","B",null,"M","?","M","M","?","E","M","R","T","E","?","M","$","M"],"character_chosen":"DEFECT","items_purchased":["ClockworkSouvenir","Ball Lightning","Capacitor","Kunai"],"campfire_rested":2,"item_purchase_floors":[12,12,12,30],"current_hp_per_floor":[64,64,64,53,46,33,12,33,33,14,14,14,14,8,8,8,55,55,55,55,24,24,24,6,27,27,8,22,6,6,0,0],"gold":53,"neow_bonus":"RANDOM_COMMON_RELIC","is_daily":false,"chose_seed":false,"campfire_upgraded":1,"win_rate":0.0,"timestamp":1611812798,"path_taken":["M","M","M","?","?","E","?","R","T","E","M","$","M","M","R","BOSS","M","?","M","M","?","E","M","R","T","E","?","?","$","M"],"items_purchased_type":["Relic","Card","Card","Relic"],"build_version":"2020-12-22","purchased_purges":0,"victory":false,"max_hp_per_floor":[71,71,71,71,71,71,71,71,71,71,71,71,71,71,71,71,71,71,71,71,71,71,71,71,71,71,71,85,85,85,85,85],"relic_stats":{"Sozu":3,"counters":[17,67],"Ornamental Fan":[32],"Bronze Scales":[36],"Kunai":[0],"War Paint":["Dualcast","Defend_B"],"MawBank":48,"obtain_stats":[{"Sozu":17,"Calipers":27,"Ornamental Fan":10,"Bronze Scales":23,"Vajra":6,"Mango":28,"Kunai":30,"War Paint":0,"Cracked Core":0,"MawBank":26,"InkBottle":9,"ClockworkSouvenir":12},{"Sozu":9,"Calipers":15,"Ornamental Fan":5,"Bronze Scales":13,"Vajra":4,"Mango":15,"Kunai":16,"War Paint":0,"Cracked Core":0,"MawBank":14,"InkBottle":4,"ClockworkSouvenir":6},{"Sozu":37,"Calipers":60,"Ornamental Fan":24,"Bronze Scales":54,"Vajra":18,"Mango":60,"Kunai":66,"War Paint":0,"Cracked Core":0,"MawBank":57,"InkBottle":18,"ClockworkSouvenir":26}],"InkBottle":[16]},"card_choices":[{"not_picked":["Turbo","Leap"],"picked":"Barrage","floor":1.0},{"not_picked":["Gash","Streamline"],"picked":"Cold Snap","floor":2.0},{"not_picked":["Self Repair","Storm"],"picked":"Chill","floor":3.0},{"not_picked":["Sweeping Beam","Cold Snap"],"picked":"Sunder","floor":6.0},{"not_picked":["Stack","Barrage"],"picked":"Chaos","floor":10.0},{"not_picked":["Conserve Battery","Coolheaded"],"picked":"Hyperbeam","floor":11.0},{"not_picked":["Coolheaded","Undo"],"picked":"Beam Cell","floor":13.0},{"not_picked":["Compile Driver","Heatsinks"],"picked":"Steam","floor":14.0},{"not_picked":["Amplify","Creative AI"],"picked":"Echo Form","floor":16.0},{"not_picked":["Leap","Gash"],"picked":"Compile Driver","floor":18.0},{"not_picked":["Barrage","Darkness"],"picked":"Rebound+1","floor":20.0},{"not_picked":["Coolheaded+1","Steam"],"picked":"White Noise","floor":21.0},{"not_picked":["Melter","Multi-Cast"],"picked":"Turbo","floor":23.0},{"not_picked":["Gash","Conserve Battery"],"picked":"Hologram","floor":24.0},{"not_picked":["Static Discharge","Streamline"],"picked":"FTL","floor":27.0},{"not_picked":["Steam Power","Steam"],"picked":"Go for the Eyes","floor":29}],"player_experience":948242,"relics_obtained":[{"floor":6.0,"key":"Vajra"},{"floor":9.0,"key":"InkBottle"},{"floor":10.0,"key":"Ornamental Fan"},{"floor":23.0,"key":"Bronze Scales"},{"floor":26.0,"key":"MawBank"},{"floor":27.0,"key":"Calipers"}],"event_choices":[{"damage_healed":0.0,"max_hp_gain":0.0,"max_hp_loss":0.0,"gold_gain":75.0,"event_name":"World of Goop","player_choice":"Gather Gold","floor":4.0,"gold_loss":0.0,"damage_taken":11.0},{"cards_removed":["Strike_B"],"damage_healed":0.0,"max_hp_gain":0.0,"max_hp_loss":0.0,"gold_gain":0.0,"event_name":"Golden Wing","player_choice":"Card Removal","floor":5.0,"gold_loss":0.0,"damage_taken":7.0},{"damage_healed":0.0,"max_hp_gain":0.0,"max_hp_loss":0.0,"gold_gain":0.0,"event_name":"Shining Light","player_choice":"Entered Light","floor":7.0,"gold_loss":0.0,"damage_taken":21.0,"cards_upgraded":["Strike_B","Defend_B"]},{"damage_healed":0.0,"max_hp_gain":0.0,"max_hp_loss":0.0,"gold_gain":0.0,"event_name":"Forgotten Altar","player_choice":"Smashed Altar","floor":19.0,"gold_loss":0.0,"damage_taken":0.0,"cards_obtained":["Decay"]},{"damage_healed":0.0,"max_hp_gain":0.0,"max_hp_loss":0.0,"gold_gain":50.0,"event_name":"Nest","player_choice":"Stole From Cult","floor":22.0,"gold_loss":0.0,"damage_taken":0.0},{"damage_healed":0.0,"max_hp_gain":0.0,"max_hp_loss":0.0,"gold_gain":0.0,"event_name":"WeMeetAgain","player_choice":"Paid Gold","floor":28.0,"gold_loss":54.0,"damage_taken":0.0,"relics_obtained":["Mango"]}],"is_beta":false,"boss_relics":[{"not_picked":["Nuclear Battery","Calling Bell"],"picked":"Sozu"}],"items_purged_floors":[],"is_endless":false,"potions_floor_spawned":[6,10,11,14,21,23,24],"killed_by":"Centurion and Healer","ascension_level":20}}