{"host":"8kd0mw0b4mjhs7vl","time":1611864732,"event":{"mods":["BaseMod","Colored Map","Downfall","Friendly Minions","Minty Spire (QoL Compilation)","StSLib","SuperFastMode"],"gold_per_floor":[99,99,114,133,125,150,150,193,209,54,79,107,107,107,123,223,273,273,289,311,33,33,33,58,58,58,58,84,103,122,147,166,269,269,269,283,283,13,13,46,69,69,84,84,98,117,134,146,161,161,161,161],"floor_reached":50,"language":"ENG","playtime":2676,"items_purged":["hexamod:Defend","hexamod:HeatCrush"],"score":515,"play_id":"a6637711-b23b-4d5f-8aca-54aade8c8953","local_time":"20210128201212","is_ascension_mode":false,"campfire_choices":[{"data":"hexamod:Float","floor":1.0,"key":"SMITH"},{"floor":13,"key":"REST"},{"data":"hexamod:PowerFromBeyond","floor":18,"key":"SMITH"},{"data":"expansioncontent:DashGenerateEvil","floor":23,"key":"SMITH"},{"data":"hexamod:GhostOfSpireFuture","floor":26,"key":"SMITH"},{"data":"hexamod:VolcanoVisage","floor":35,"key":"SMITH"},{"floor":44,"key":"REST"}],"circlet_count":0,"master_deck":["hexamod:Strike+1","hexamod:Strike+1","hexamod:Strike","hexamod:Defend","hexamod:Defend","hexamod:Defend+1","hexamod:Float+1","hexamod:EmpoweredFlame+1","hexamod:EmpoweredFlame","hexamod:FlamesFromBeyond","hexamod:PowerFromBeyond+1","hexamod:GhostOfSpireFuture+1","hexamod:SpectersWail","hexamod:Haunt+1","hexamod:InspiringFlames","hexamod:NightmareGuise+1","hexamod:Hexaguard","hexamod:VolcanoVisage+1","expansioncontent:DashGenerateEvil+1","RitualDagger+1","hexamod:AdvancingGuard+1","hexamod:VolcanoVisage+1","hexamod:NightmareStrike+1","hexamod:GiftsFromTheDead+1","hexamod:HauntingEcho+1","hexamod:NightmareStrike+1","hexamod:UnleashSpirits","hexamod:NecessarySacrifice+1","hexamod:RecurringNightmare+1","hexamod:PowerFromBeyond+1"],"relics":["hexamod:UnbrokenSoul","Pantograph","Darkstone Periapt","hexamod:MatchstickCase","Strawberry","Tiny House","MutagenicStrength","Oddly Smooth Stone","hexamod:TheBrokenSeal","Boot","Blood Vial"],"acts_visited":["Exordium","TheCity","TheBeyond"],"potions_floor_usage":[8,12,15,19,28,50,50,50],"damage_taken":[{"damage":2.0,"enemies":"2 Louse","floor":3.0,"turns":3.0},{"damage":0.0,"enemies":"Cultist","floor":4.0,"turns":4.0},{"damage":48.0,"enemies":"3 Sentries","floor":6.0,"turns":13.0},{"damage":15,"enemies":"Gremlin Nob","floor":8,"turns":4},{"damage":11,"enemies":"Small Slimes","floor":9,"turns":3},{"damage":0,"enemies":"downfall:FleeingMerchant","floor":10,"turns":4},{"damage":5,"enemies":"Blue Slaver","floor":11,"turns":3},{"damage":7,"enemies":"Large Slime","floor":12,"turns":6},{"damage":0,"enemies":"Lots of Slimes","floor":15,"turns":3},{"damage":26,"enemies":"DF_ARCHETYPE_STREAMLINE","floor":16,"turns":12},{"damage":19,"enemies":"3 Byrds","floor":19,"turns":5},{"damage":12,"enemies":"Shell Parasite","floor":20,"turns":9},{"damage":6,"enemies":"downfall:FleeingMerchant","floor":21,"turns":4},{"damage":10,"enemies":"Snake Plant","floor":28,"turns":5},{"damage":12,"enemies":"Sentry and Sphere","floor":29,"turns":6},{"damage":7,"enemies":"3 Cultists","floor":30,"turns":6},{"damage":15,"enemies":"Snecko","floor":31,"turns":6},{"damage":0,"enemies":"Snake Plant","floor":32,"turns":3},{"damage":46,"enemies":"SI_MIRROR_ARCHETYPE","floor":33,"turns":12},{"damage":17,"enemies":"3 Darklings","floor":36,"turns":3},{"damage":0,"enemies":"downfall:FleeingMerchant","floor":38,"turns":4},{"damage":42,"enemies":"Giant Head","floor":40,"turns":10},{"damage":6,"enemies":"3 Shapes","floor":43,"turns":4},{"damage":1,"enemies":"Sphere and 2 Shapes","floor":45,"turns":4},{"damage":8,"enemies":"3 Darklings","floor":46,"turns":4},{"damage":20,"enemies":"Jaw Worm Horde","floor":47,"turns":3},{"damage":2,"enemies":"Writhing Mass","floor":48,"turns":4},{"damage":17,"enemies":"3 Darklings","floor":49,"turns":4},{"damage":48,"enemies":"IC_BLOCK_ARCHETYPE","floor":50,"turns":7}],"seed_played":"7756303948284373752","potions_obtained":[{"floor":6.0,"key":"LiquidBronze"},{"floor":8,"key":"SteroidPotion"},{"floor":9,"key":"hexamod:SoulburnPotion"},{"floor":12,"key":"Explosive Potion"},{"floor":16,"key":"hexamod:EctoCoolerPotion"},{"floor":17,"key":"EssenceOfSteel"},{"floor":20,"key":"Explosive Potion"},{"floor":25,"key":"CultistPotion"},{"floor":28,"key":"CultistPotion"},{"floor":40,"key":"hexamod:SoulburnPotion"}],"is_trial":false,"path_per_floor":["R","?","M","M","?","E","T","E","M","$","M","M","R","?","M","B",null,"R","M","M","$","?","R","T","?","R","?","M","M","M","M","M","B",null,"R","M","?","$","?","E","T","?","M","R","M","M","M","M","M","B"],"character_chosen":"THE_SPIRIT","items_purchased":["Strawberry","expansioncontent:DashGenerateEvil","hexamod:GiftsFromTheDead"],"campfire_rested":2,"item_purchase_floors":[10,21,38],"current_hp_per_floor":[70,70,68,68,61,20,20,12,1,15,17,17,40,40,47,46,82,82,63,51,45,45,45,45,45,45,45,35,23,16,92,92,46,92,92,75,75,75,75,33,33,33,29,56,57,51,33,33,18,0,0,0],"gold":161,"neow_bonus":"REMOVE_CARD","is_daily":false,"chose_seed":false,"campfire_upgraded":5,"win_rate":0.0,"timestamp":1611864732,"path_taken":["R","?","?","?","?","E","T","E","M","$","M","M","R","?","M","BOSS","R","M","M","$","?","R","T","?","R","?","M","M","M","?","M","BOSS","R","M","?","$","?","E","T","?","M","R","M","?","M","M","M","BOSS"],"items_purchased_type":["Relic","Card","Card"],"build_version":"2020-12-22","purchased_purges":2,"victory":false,"max_hp_per_floor":[70,70,70,70,70,70,70,70,70,77,77,77,77,77,77,77,82,82,82,82,82,82,82,82,82,82,82,82,82,82,92,92,92,92,92,92,92,92,92,92,92,92,92,92,92,92,92,92,92,92,92,92],"card_choices":[{"not_picked":["hexamod:Hexaguard","hexamod:AdvancingGuard"],"picked":"hexamod:EmpoweredFlame","floor":3.0},{"not_picked":["hexamod:SoulSteal","hexamod:Firestarter"],"picked":"hexamod:EmpoweredFlame","floor":4.0},{"not_picked":["hexamod:GhostShield","hexamod:NightmareGuise"],"picked":"hexamod:FlamesFromBeyond","floor":6.0},{"not_picked":["hexamod:FlamesFromBeyond","hexamod:NightmareGuise"],"picked":"hexamod:PowerFromBeyond","floor":8},{"not_picked":["hexamod:HauntingEcho","hexamod:CatchUp"],"picked":"hexamod:GhostOfSpireFuture","floor":9},{"not_picked":["hexamod:HauntingEcho","hexamod:GhostLash"],"picked":"hexamod:SpectersWail","floor":10},{"not_picked":["hexamod:NightmareStrike","hexamod:HauntingEcho"],"picked":"hexamod:SixthSeal","floor":11},{"not_picked":["hexamod:Firestarter","hexamod:BacktrackSmack"],"picked":"hexamod:Haunt","floor":12},{"not_picked":["hexamod:FlamesFromBeyond","hexamod:HeatCrush"],"picked":"hexamod:InspiringFlames","floor":15},{"not_picked":["hexamod:GhostOfSpirePresent","hexamod:SixthSeal"],"picked":"hexamod:FifthSeal","floor":16},{"not_picked":["hexamod:ShieldOfDarkness","hexamod:HeatCrush"],"picked":"hexamod:NightmareGuise","floor":17},{"not_picked":["hexamod:FourthSeal","hexamod:FirstSeal"],"picked":"hexamod:ThirdSeal","floor":19},{"not_picked":["hexamod:GhostOfSpirePresent","hexamod:PowerFromBeyond"],"picked":"hexamod:Hexaguard","floor":19},{"not_picked":["hexamod:ThirdSeal","hexamod:SecondSeal"],"picked":"hexamod:FourthSeal","floor":20},{"not_picked":["hexamod:GhostLash","hexamod:Again","hexamod:HauntingEcho"],"picked":"SKIP","floor":20},{"not_picked":["hexamod:GhostLash","hexamod:AdvancingGuard"],"picked":"hexamod:VolcanoVisage","floor":21},{"not_picked":["hexamod:SwordOfDarkness","hexamod:Incineration","hexamod:FourthSeal"],"picked":"SKIP","floor":21},{"not_picked":["hexamod:GhostOfSpireFuture","hexamod:ThermalTransfer"],"picked":"hexamod:AdvancingGuard+1","floor":28},{"not_picked":["hexamod:HauntingEcho","hexamod:BacktrackSmack+1","hexamod:Incineration"],"picked":"SKIP","floor":28},{"not_picked":["hexamod:AdvancingGuard","hexamod:Haunt","hexamod:NightmareStrike"],"picked":"SKIP","floor":29},{"not_picked":["hexamod:ChargedBarrage","hexamod:Haunt","hexamod:EmpoweredFlame"],"picked":"SKIP","floor":30},{"not_picked":["hexamod:GhostLash","hexamod:Firestarter","hexamod:NightmareGuise"],"picked":"SKIP","floor":31},{"not_picked":["hexamod:ChargedBarrage","hexamod:FlamesFromBeyond","hexamod:SwordOfDarkness+1"],"picked":"SKIP","floor":32},{"not_picked":["hexamod:GhostOfSpirePresent","hexamod:ForkedFlame"],"picked":"hexamod:VolcanoVisage","floor":33},{"not_picked":["hexamod:SpectersWail","hexamod:BacktrackSmack+1","hexamod:HeatMetal"],"picked":"SKIP","floor":36},{"not_picked":["hexamod:Haunt","hexamod:HeatShield"],"picked":"hexamod:NightmareStrike+1","floor":38},{"not_picked":["hexamod:SpectersWail","hexamod:BacktrackSmack+1"],"picked":"hexamod:HauntingEcho+1","floor":40},{"not_picked":["hexamod:SkipABeat","hexamod:HauntingEcho","hexamod:Incineration"],"picked":"SKIP","floor":43},{"not_picked":["hexamod:InspiringFlames","hexamod:HauntingEcho"],"picked":"hexamod:NightmareStrike+1","floor":45},{"not_picked":["hexamod:NightmareGuise","hexamod:HeatMetal+1"],"picked":"hexamod:UnleashSpirits","floor":46},{"not_picked":["hexamod:ShieldOfDarkness","hexamod:GhostShield"],"picked":"hexamod:NecessarySacrifice+1","floor":47},{"not_picked":["hexamod:FlamesFromBeyond","hexamod:FourthSeal"],"picked":"hexamod:RecurringNightmare+1","floor":48},{"not_picked":["hexamod:HauntingEcho+1","hexamod:ShieldOfDarkness+1"],"picked":"hexamod:PowerFromBeyond+1","floor":49}],"player_experience":290547,"relics_obtained":[{"floor":6.0,"key":"Pantograph"},{"floor":7.0,"key":"Darkstone Periapt"},{"floor":8,"key":"hexamod:MatchstickCase"},{"floor":24,"key":"Oddly Smooth Stone"},{"floor":40,"key":"Boot"},{"floor":41,"key":"Blood Vial"}],"event_choices":[{"damage_healed":0,"gold_gain":0,"player_choice":"Inject Mutagens","damage_taken":0,"relics_obtained":["MutagenicStrength"],"max_hp_gain":0,"max_hp_loss":0,"event_name":"Drug Dealer","floor":22,"gold_loss":0}],"is_beta":false,"boss_relics":[{"not_picked":["Runic Pyramid","Calling Bell"],"picked":"Tiny House"},{"not_picked":["Philosopher\u0027s Stone","Runic Dome"],"picked":"hexamod:UnbrokenSoul"}],"items_purged_floors":[21,38],"is_endless":false,"potions_floor_spawned":[6,8,9,12,16,20,28,32,33,40,43,47,48],"killed_by":"IC_BLOCK_ARCHETYPE","ascension_level":0}}