{"host":"mnpd8gh7cwxsn5kh","time":1611834509,"event":{"mods":["BaseMod","Block Reminder","Colored Map","Colored Powertips","Highlight Path","Minty Spire (QoL Compilation)","Relic Sorter","Relic Stats"],"gold_per_floor":[112,123,123,73,87,119,119,131,155,170,205,205,205,240,240,336,336,356,356,356,366,163,196,196,213,213,258,2,2,2,46,46,152,152,169,190,246,264,314,350,350,294,303,336,371,404,432,450,450,450],"floor_reached":51,"language":"ENG","playtime":5273,"items_purged":[],"score":942,"play_id":"82923162-fe74-486b-84b8-3ecca15d0954","local_time":"20210128124829","is_ascension_mode":true,"campfire_choices":[{"data":"Zap","floor":12,"key":"SMITH"},{"data":"Dualcast","floor":15,"key":"SMITH"},{"floor":24,"key":"REST"},{"data":"Ghostly","floor":29,"key":"SMITH"},{"data":"Buffer","floor":32,"key":"SMITH"},{"data":"Echo Form","floor":41,"key":"SMITH"},{"data":"Rainbow","floor":49,"key":"SMITH"}],"circlet_count":0,"master_deck":["Zap+1","Dualcast+1","BootSequence","Ball Lightning","Coolheaded","Barrage+1","Coolheaded","Reinforced Body","Undo","Echo Form+1","Rainbow","Scrape","Heatsinks","Ball Lightning","Tempest","Reinforced Body","White Noise","Rainbow+1","Genetic Algorithm","Ghostly+1","Ghostly","Ghostly","Ghostly","Ghostly","Ball Lightning","Defragment","Hologram","Buffer+1","Conserve Battery","Bite","Bite","Bite","Bite","Bite","Buffer","Reboot","Cold Snap+1","Cold Snap+1","Mind Blast+1","Panacea","Glacier+1","Capacitor+1","Pain","Parasite","Tempest+1","Consume","Creative AI+1","Storm+1","Undo+1"],"relics":["Velvet Choker","Vajra","Akabeko","PreservedInsect","Eternal Feather","Pandora\u0027s Box","Membership Card","Pantograph","CeramicFish","Pear","Question Card","Molten Egg 2","Cursed Key","Du-Vu Doll","Prayer Wheel","Frozen Egg 2","White Beast Statue","Anchor"],"acts_visited":["Exordium","TheCity","TheBeyond"],"potions_floor_usage":[8,8,11,23,35,37,39,50,50,50],"damage_taken":[{"damage":0,"enemies":"Small Slimes","floor":1,"turns":3},{"damage":0,"enemies":"Jaw Worm","floor":2,"turns":3},{"damage":0,"enemies":"2 Louse","floor":5,"turns":3},{"damage":12,"enemies":"3 Sentries","floor":6,"turns":9},{"damage":2,"enemies":"Lots of Slimes","floor":8,"turns":3},{"damage":0,"enemies":"Looter","floor":10,"turns":2},{"damage":15,"enemies":"Gremlin Nob","floor":11,"turns":5},{"damage":0,"enemies":"Lagavulin","floor":14,"turns":3},{"damage":19,"enemies":"Slime Boss","floor":16,"turns":9},{"damage":0,"enemies":"Shell Parasite","floor":18,"turns":4},{"damage":0,"enemies":"Chosen","floor":21,"turns":3},{"damage":20,"enemies":"Gremlin Leader","floor":23,"turns":6},{"damage":2,"enemies":"Centurion and Healer","floor":25,"turns":6},{"damage":22,"enemies":"Slavers","floor":31,"turns":8},{"damage":1,"enemies":"Collector","floor":33,"turns":10},{"damage":5,"enemies":"Orb Walker","floor":35,"turns":4},{"damage":0,"enemies":"3 Darklings","floor":36,"turns":6},{"damage":11,"enemies":"2 Orb Walkers","floor":37,"turns":9},{"damage":0,"enemies":"Mind Bloom Boss Battle","floor":39,"turns":6},{"damage":0,"enemies":"Giant Head","floor":40,"turns":10},{"damage":3,"enemies":"Writhing Mass","floor":44,"turns":7},{"damage":23,"enemies":"Spire Growth","floor":45,"turns":7},{"damage":6,"enemies":"4 Shapes","floor":46,"turns":6},{"damage":0,"enemies":"Nemesis","floor":47,"turns":5},{"damage":4,"enemies":"Jaw Worm Horde","floor":48,"turns":6},{"damage":4,"enemies":"Time Eater","floor":50,"turns":8}],"seed_played":"-7696309539087206974","potions_obtained":[{"floor":5,"key":"SpeedPotion"},{"floor":7,"key":"LiquidBronze"},{"floor":7,"key":"Weak Potion"},{"floor":8,"key":"Strength Potion"},{"floor":11,"key":"Weak Potion"},{"floor":31,"key":"Strength Potion"},{"floor":33,"key":"DuplicationPotion"},{"floor":36,"key":"SkillPotion"},{"floor":44,"key":"AttackPotion"},{"floor":45,"key":"FocusPotion"}],"is_trial":false,"path_per_floor":["M","M","?","?","M","E","?","M","T","M","E","R","?","E","R","B",null,"M","?","?","M","$","E","R","M","T","?","$","R","$","E","R","B",null,"M","M","?","?","?","E","R","$","T","M","M","M","E","M","R","B",null],"character_chosen":"DEFECT","items_purchased":["Membership Card","Defragment","Hologram","Pear","Question Card","Capacitor+1","FocusPotion"],"campfire_rested":1,"item_purchase_floors":[22,22,22,28,28,42,42],"current_hp_per_floor":[75,75,75,75,75,63,63,61,61,61,46,46,31,31,40,21,75,75,37,33,33,33,13,40,38,38,29,39,39,39,27,39,39,39,35,39,39,29,39,39,39,39,39,38,25,21,23,25,39,39],"gold":450,"neow_bonus":"BOSS_RELIC","is_daily":false,"chose_seed":false,"campfire_upgraded":6,"win_rate":0.0,"timestamp":1611834509,"path_taken":["M","M","?","?","M","E","?","?","T","M","E","R","?","E","R","BOSS","M","?","?","M","?","E","R","M","T","?","?","R","$","E","R","BOSS","M","M","?","?","?","E","R","$","T","M","?","M","E","M","R","BOSS"],"items_purchased_type":["Relic","Card","Card","Relic","Relic","Card","Potion"],"build_version":"2020-12-22","purchased_purges":0,"victory":true,"max_hp_per_floor":[75,75,75,75,75,75,75,75,75,75,75,75,75,75,75,75,75,75,37,42,42,42,42,42,42,42,29,39,39,39,39,39,39,39,39,39,39,39,39,39,39,39,39,39,39,39,39,39,39,39],"relic_stats":{"counters":[26,151],"Pantograph":10,"CeramicFish":180,"Eternal Feather":50,"Pandora\u0027s Box":["Scrape","Heatsinks","Ball Lightning","Tempest","Reinforced Body","White Noise","Rainbow"],"Prayer Wheel":4,"PreservedInsect":286,"Question Card":19,"Cursed Key":1,"obtain_stats":[{"Pear":28,"CeramicFish":26,"Velvet Choker":0,"Vajra":6,"Eternal Feather":14,"PreservedInsect":11,"Frozen Egg 2":40,"Question Card":28,"Cursed Key":34,"Akabeko":9,"White Beast Statue":43,"Du-Vu Doll":37,"Anchor":47,"Pantograph":23,"Pandora\u0027s Box":17,"Molten Egg 2":31,"Prayer Wheel":39,"Membership Card":22,"Cracked Core":0},{"Pear":13,"CeramicFish":13,"Velvet Choker":0,"Vajra":4,"Eternal Feather":8,"PreservedInsect":7,"Frozen Egg 2":20,"Question Card":13,"Cursed Key":15,"Akabeko":5,"White Beast Statue":20,"Du-Vu Doll":18,"Anchor":24,"Pantograph":12,"Pandora\u0027s Box":9,"Molten Egg 2":14,"Prayer Wheel":19,"Membership Card":11,"Cracked Core":0},{"Pear":59,"CeramicFish":59,"Velvet Choker":0,"Vajra":18,"Eternal Feather":31,"PreservedInsect":28,"Frozen Egg 2":112,"Question Card":59,"Cursed Key":77,"Akabeko":21,"White Beast Statue":112,"Du-Vu Doll":96,"Anchor":137,"Pantograph":53,"Pandora\u0027s Box":40,"Molten Egg 2":67,"Prayer Wheel":102,"Membership Card":47,"Cracked Core":0}]},"card_choices":[{"not_picked":["Streamline","Heatsinks"],"picked":"BootSequence","floor":1},{"not_picked":["Compile Driver","Storm"],"picked":"Ball Lightning","floor":2},{"not_picked":["Rebound","Compile Driver"],"picked":"Coolheaded","floor":5},{"not_picked":["Redo","Static Discharge"],"picked":"Barrage","floor":6},{"not_picked":["FTL","Beam Cell"],"picked":"Coolheaded","floor":8},{"not_picked":["Beam Cell","Gash"],"picked":"Reinforced Body","floor":10},{"not_picked":["Double Energy","Rebound"],"picked":"Undo","floor":11},{"not_picked":["Darkness","Sweeping Beam"],"picked":"Echo Form","floor":14},{"not_picked":["Reboot","Machine Learning"],"picked":"Rainbow","floor":16},{"not_picked":["Stack+1","Auto Shields"],"picked":"Genetic Algorithm","floor":18},{"not_picked":["Rip and Tear","Sweeping Beam"],"picked":"Ball Lightning","floor":21},{"not_picked":["Ball Lightning","BootSequence"],"picked":"Buffer","floor":23},{"not_picked":["Heatsinks","Genetic Algorithm"],"picked":"Conserve Battery","floor":25},{"not_picked":["Streamline+1","Beam Cell+1","Redo+1"],"picked":"Buffer","floor":31},{"not_picked":["All For One+1","Rainbow","Multi-Cast"],"picked":"Reboot","floor":33},{"not_picked":["Rebound+1","Streamline+1","Conserve Battery","Sweeping Beam+1"],"picked":"SKIP","floor":35},{"not_picked":["Gash+1","Beam Cell+1","Melter+1"],"picked":"Cold Snap+1","floor":36},{"not_picked":["Rip and Tear+1","Leap","Fission"],"picked":"Cold Snap+1","floor":37},{"not_picked":["PanicButton","Madness","Transmutation"],"picked":"Mind Blast+1","floor":38},{"not_picked":["Panache","Dramatic Entrance+1","PanicButton"],"picked":"Panacea","floor":38},{"not_picked":["Gash+1","Steam+1","Stack"],"picked":"Glacier+1","floor":40},{"not_picked":["Ball Lightning+1","Hello World+1","Auto Shields"],"picked":"Tempest+1","floor":44},{"not_picked":["Fusion+1","Thunder Strike+1","Beam Cell+1","Redo+1"],"picked":"SKIP","floor":44},{"not_picked":["Cold Snap+1","Heatsinks+1","Conserve Battery+1"],"picked":"Consume","floor":45},{"not_picked":["Aggregate","Gash+1","Barrage+1"],"picked":"Creative AI+1","floor":45},{"not_picked":["Stack+1","Ball Lightning+1","Double Energy+1"],"picked":"Storm+1","floor":46},{"not_picked":["Reinforced Body","Coolheaded+1","Compile Driver+1"],"picked":"Undo+1","floor":46},{"not_picked":["Stack","Consume","Sunder+1","Glacier"],"picked":"SKIP","floor":47},{"not_picked":["Rebound+1","Self Repair+1","Go for the Eyes+1","Conserve Battery"],"picked":"SKIP","floor":48},{"not_picked":["Aggregate","Streamline+1","Redo","Rebound+1"],"picked":"SKIP","floor":48}],"player_experience":125532,"relics_obtained":[{"floor":6,"key":"Vajra"},{"floor":9,"key":"Akabeko"},{"floor":11,"key":"PreservedInsect"},{"floor":14,"key":"Eternal Feather"},{"floor":23,"key":"Pantograph"},{"floor":26,"key":"CeramicFish"},{"floor":31,"key":"Molten Egg 2"},{"floor":37,"key":"Du-Vu Doll"},{"floor":39,"key":"Prayer Wheel"},{"floor":40,"key":"Frozen Egg 2"},{"floor":43,"key":"White Beast Statue"},{"floor":47,"key":"Anchor"}],"event_choices":[{"damage_healed":0,"gold_gain":0,"player_choice":"Ignored","damage_taken":0,"max_hp_gain":0,"max_hp_loss":0,"event_name":"Liars Game","floor":3,"gold_loss":0},{"cards_removed":["Strike_B"],"damage_healed":0,"gold_gain":0,"player_choice":"Card Removal","damage_taken":0,"max_hp_gain":0,"max_hp_loss":0,"event_name":"The Cleric","floor":4,"gold_loss":50},{"damage_healed":0,"gold_gain":0,"player_choice":"Got Potions","damage_taken":0,"max_hp_gain":0,"max_hp_loss":0,"event_name":"Lab","floor":7,"gold_loss":0},{"damage_healed":0,"gold_gain":0,"player_choice":"Entered Light","damage_taken":15,"max_hp_gain":0,"max_hp_loss":0,"event_name":"Shining Light","floor":13,"gold_loss":0,"cards_upgraded":["Barrage","Defend_B"]},{"damage_healed":0,"gold_gain":0,"player_choice":"Became a Ghost","damage_taken":0,"max_hp_gain":0,"max_hp_loss":38,"event_name":"Ghosts","floor":19,"gold_loss":0,"cards_obtained":["Ghostly","Ghostly","Ghostly","Ghostly","Ghostly"]},{"damage_healed":0,"gold_gain":0,"player_choice":"Shed Blood","damage_taken":9,"max_hp_gain":5,"max_hp_loss":0,"event_name":"Forgotten Altar","floor":20,"gold_loss":0},{"damage_healed":0,"gold_gain":0,"player_choice":"Became a vampire","damage_taken":0,"max_hp_gain":0,"max_hp_loss":13,"event_name":"Vampires","floor":27,"gold_loss":0,"cards_obtained":["Bite","Bite","Bite","Bite","Bite"]},{"damage_healed":0,"gold_gain":0,"player_choice":"Fight","damage_taken":0,"max_hp_gain":0,"max_hp_loss":0,"event_name":"Mysterious Sphere","floor":37,"gold_loss":0},{"damage_healed":0,"gold_gain":0,"player_choice":"Memory 3","damage_taken":10,"max_hp_gain":0,"max_hp_loss":0,"event_name":"SensoryStone","floor":38,"gold_loss":0},{"damage_healed":0,"gold_gain":0,"player_choice":"Fight","damage_taken":0,"max_hp_gain":0,"max_hp_loss":0,"event_name":"MindBloom","floor":39,"gold_loss":0}],"is_beta":false,"boss_relics":[{"not_picked":["Calling Bell","Nuclear Battery"],"picked":"Pandora\u0027s Box"},{"not_picked":["Philosopher\u0027s Stone","Snecko Eye"],"picked":"Cursed Key"}],"items_purged_floors":[],"is_endless":false,"potions_floor_spawned":[5,8,11,31,33,36,44,45,46,47,48],"ascension_level":2}}