{"host":"640uue19m79c7wbt","time":1611800097,"event":{"mods":["BaseMod","Colored Map","Googly Eyes","Highlight Path","Minty Spire (QoL Compilation)","Quick Restart","StSLib"],"gold_per_floor":[112,37,53,128,128,128,160,160,213,239,253,178,191,28,28,99,99,118,118,137,137,137,137],"floor_reached":22,"language":"ENG","playtime":821,"items_purged":["Strike_G"],"score":401,"play_id":"f0af2837-ee84-4874-8d63-49b5919c14df","local_time":"20210127211457","is_ascension_mode":true,"campfire_choices":[{"data":"Blur","floor":6.0,"key":"SMITH"},{"data":"Well Laid Plans","floor":8.0,"key":"SMITH"},{"data":"Cloak And Dagger","floor":15.0,"key":"SMITH"}],"circlet_count":0,"master_deck":["AscendersBane","Strike_G","Strike_G","Strike_G","Defend_G","Defend_G","Defend_G","Defend_G","Survivor","Neutralize","Predator+1","Blur+1","Well Laid Plans+1","Cloak And Dagger+1","Backflip","Escape Plan","Wraith Form v2","Endless Agony","Necronomicurse","Bouncing Flask"],"relics":["Ring of the Snake","NeowsBlessing","Pantograph","Juzu Bracelet","Toy Ornithopter","Lee\u0027s Waffle","SlaversCollar","Necronomicon"],"acts_visited":["Exordium","TheCity"],"potions_floor_usage":[16,16],"damage_taken":[{"damage":0.0,"enemies":"Jaw Worm","floor":1.0,"turns":1.0},{"damage":0.0,"enemies":"Small Slimes","floor":3.0,"turns":1.0},{"damage":0.0,"enemies":"Lagavulin","floor":7.0,"turns":1.0},{"damage":20.0,"enemies":"3 Sentries","floor":10.0,"turns":8.0},{"damage":0.0,"enemies":"2 Louse","floor":11.0,"turns":2.0},{"damage":10.0,"enemies":"2 Fungi Beasts","floor":13.0,"turns":4.0},{"damage":29,"enemies":"The Guardian","floor":16,"turns":14},{"damage":20,"enemies":"Chosen","floor":18,"turns":9},{"damage":10,"enemies":"3 Byrds","floor":20,"turns":7},{"damage":5,"enemies":"Cultist and Chosen","floor":22,"turns":3}],"seed_played":"3819965848668599385","potions_obtained":[{"floor":3.0,"key":"Swift Potion"},{"floor":11.0,"key":"EntropicBrew"}],"is_trial":false,"path_per_floor":["M","$","M","?","?","R","E","R","T","E","M","?","M","$","R","B",null,"M","?","M","?","M"],"character_chosen":"THE_SILENT","items_purchased":["Lee\u0027s Waffle"],"campfire_rested":0,"item_purchase_floors":[14],"current_hp_per_floor":[59,59,59,48,48,48,48,48,48,28,28,28,23,73,73,47,67,47,26,16,16,11,11],"gold":137,"neow_bonus":"THREE_ENEMY_KILL","is_daily":false,"chose_seed":false,"campfire_upgraded":3,"win_rate":0.0,"timestamp":1611800097,"path_taken":["M","$","M","?","?","R","E","R","T","E","M","?","M","$","R","BOSS","M","?","M","?","M"],"items_purchased_type":["Relic"],"build_version":"2020-12-22","purchased_purges":1,"victory":false,"max_hp_per_floor":[66,66,66,66,66,66,66,66,66,66,66,66,66,73,73,73,73,73,73,73,73,73,73],"card_choices":[{"not_picked":["Bane","Noxious Fumes"],"picked":"Predator","floor":1.0},{"not_picked":["Finisher","Quick Slash"],"picked":"Blur","floor":3.0},{"not_picked":["Dagger Spray","Tactician"],"picked":"Well Laid Plans","floor":7.0},{"not_picked":["Riddle With Holes","Deadly Poison"],"picked":"Cloak And Dagger","floor":10.0},{"not_picked":["Flying Knee","Bane"],"picked":"Backflip","floor":11.0},{"not_picked":["Acrobatics","Heel Hook"],"picked":"Escape Plan","floor":13.0},{"not_picked":["Doppelganger","Tools of the Trade"],"picked":"Wraith Form v2","floor":16},{"not_picked":["Dagger Throw","Prepared"],"picked":"Endless Agony","floor":18},{"not_picked":["Dagger Throw+1","Infinite Blades"],"picked":"Bouncing Flask","floor":20}],"player_experience":640423,"relics_obtained":[{"floor":7.0,"key":"Pantograph"},{"floor":9.0,"key":"Juzu Bracelet"},{"floor":10.0,"key":"Toy Ornithopter"},{"floor":19,"key":"Necronomicon"}],"event_choices":[{"damage_healed":0.0,"max_hp_gain":0.0,"max_hp_loss":0.0,"gold_gain":75.0,"event_name":"World of Goop","player_choice":"Gather Gold","floor":4.0,"gold_loss":0.0,"damage_taken":11.0},{"damage_healed":0.0,"max_hp_gain":0.0,"max_hp_loss":0.0,"gold_gain":0.0,"event_name":"Living Wall","player_choice":"Grow","floor":5.0,"gold_loss":0.0,"damage_taken":0.0,"cards_upgraded":["Predator"]},{"cards_removed":["Defend_G"],"damage_healed":0.0,"max_hp_gain":0.0,"max_hp_loss":0.0,"gold_gain":0.0,"event_name":"The Cleric","player_choice":"Card Removal","floor":12.0,"gold_loss":75.0,"damage_taken":0.0},{"damage_healed":0,"gold_gain":0,"player_choice":"Obtained Book","damage_taken":21,"max_hp_gain":0,"max_hp_loss":0,"event_name":"Cursed Tome","floor":19,"gold_loss":0},{"cards_removed":["Strike_G"],"damage_healed":0,"gold_gain":0,"player_choice":"Elegance","damage_taken":0,"max_hp_gain":0,"max_hp_loss":0,"event_name":"Back to Basics","floor":21,"gold_loss":0}],"is_beta":false,"boss_relics":[{"not_picked":["Cursed Key","Ectoplasm"],"picked":"SlaversCollar"}],"items_purged_floors":[2],"is_endless":false,"potions_floor_spawned":[3,11],"killed_by":"Cultist and Chosen","ascension_level":17}}