{"host":"3wijtn94dq1zoyhj","time":1611838660,"event":{"mods":["ATMod(°¢èªMod)","Act Like it!","Ascension Reborn","Aspiration","BaseMod","Dota2Spire","Gensokyo","GifTheSpireLib","Lobotomy","Marisa£¨ìFÓê¡¡Ä§ÀíÉ³£©","Minty Spire (QoL Compilation)","MostiFishMod","Quick Restart","Reimu£¨²©ÀöÁéÃÎ£©","Remilia£¨ÀÙÃ×ÀòÑÇ£©","Replay The Spire","Shop Mod","Spicy Shops","StSLib","The Construct","The Cursed","The Hierophant","The Servant 0.9.4","¡¾¹¦ÄÜMod¡¿´ÏÃ÷µÄ×îÖÕBoss","¡¾ÒÅÎï¿¨ÅÆ¡¿REMEMod","óô»ðÖ¸ÄÏ"],"gold_per_floor":[12,26,26,39,97,97,97,97,97,97,111,143,143,160,160,259,259,273,273,273,292,292,292,292,292,292,318,335,365,365,379,379,482,482,496,511,511,524,524,524,652,652,676,676,695,695,822,822,577,677,677,677,677,907,1007],"floor_reached":56,"language":"ZHS","playtime":2801,"items_purged":["Decay","Pain","Doubt","Pride","Parasite","Decay"],"score":1766,"play_id":"6fb38342-b93c-49e1-ae3f-c3f9b2bc9c11","local_time":"20210128205740","is_ascension_mode":true,"campfire_choices":[{"floor":6.0,"key":"RECALL"},{"floor":15.0,"key":"REST"},{"data":"ReplayTheSpireMod:Private Reserves","floor":23,"key":"SMITH"},{"data":"HellCatastrophe","floor":25,"key":"SMITH"},{"data":"1","floor":40,"key":"LIFT"},{"data":"2","floor":42,"key":"LIFT"},{"data":"3","floor":46,"key":"LIFT"}],"circlet_count":0,"master_deck":["Strike_RM","Strike_RM","Strike_RM","Strike_RM","Defend_RM","Defend_RM+1","Defend_RM","Defend_RM","RedMoon","ScarletShoot","MostiFishMod:Confrontation+1","AT_KingSlayer+1","AT_EmpoweredMortalDraw","MastersStateliness","BloodyMagicSquare","UnstableMagic","BloodHunter","CharismaGuard","NightLord","ScarletDevil","ReplayTheSpireMod:Private Reserves+1","MostiFishMod:KingOfFree+1","HellCatastrophe+1","BloodySeventeenLaser","VampireKiss","UnderTheZenith","CharismaGuard","Forethought","AT_FalsePromise","PanicButton","MastersStateliness","MastersStateliness","BlasphemousPunishment","EternalNight","StarOfDavid+1","VampireKiss","BombardNight","BloodAndWine","ReplayUltimateDefense+1","FavorOfDestiny","FavorOfDestiny","AfternoonTea","ScarletDevil","TwelveNightmare","VampireKiss","VampirishNight+1","ForecastOfChange","MostiFishMod:FrostNova","MostiFishMod:WinterMarkForm","DiffusionOfMisfortune","MostiFishMod:ElfcollectionBox+1","Survey Options+1","BombardNight+1","FitfulNightmare+1","SuperhumanBloodyKnife","SuperhumanBloodyKnife","Discovery+1","Dramatic Entrance","Madness+1","PanicButton+1","StarOfDavid","RedRainbow+1","Ghostly+1","Ghostly+1","Ghostly+1","Ghostly+1","Ghostly+1","HellCatastrophe","Poisoned Strike","Trip+1","MastersStateliness+1","HeartBreak","Decay","BatForm","DiffusionOfMisfortune+1","REME_BodyOfCthun+1","VampireClaw","VampireClaw","Swift Strike","ScarletDevil+1"],"relics":["ScarletHat","DaveBox","AT_ATBox","REME_ComplimentaryCards","DiscerningMonocle","SynthV:TestCard","Bottled Lightning","DianDianMeat","Civilization","SynthV","Boot","Anchor","MerchantsRug","Onion Ring","Blue Doll","Ying","aspiration:Nostalgia","Burning Blood","Mirror","AT_BellowingDragoncrestRing","WarpedTongs","Replay:Rubber Ducky","Blood Vial","Toolbox","AT_SunfireAegis","Pen Nib","Frozen Eye","Mastiff:ReiMu","Dota2Spire:DrumOfEndurance","Replay:Ringing Soul","Replay:Mystery Machine","Medical Kit","Sling","Oddly Smooth Stone","AT_Kusabimaru","Replay:Grab Bag","Coffee Dripper","Busted Crown","FrostBlade","ChiLing","Chi","Ling","ReplayFunnel","Toxic Egg 2","Dota2Spire:LotusOrb","Replay:Baseball","Lee\u0027s Waffle","Pet Ghost","Dota2Spire:BattleFury","Chemical X","Technique","Ancient Tea Set","Dota2Spire:MonkeyKingBar","ImprovedEquipment","Whetstone","Dota2Spire:AghanimScepter","Replay:Accelerometer","CaptainsWheel","Dodecahedron","TentaclePot:ReiMu","Replay:Wax Seal","OriginationStaff","HaiYi:Twilight","ScarletDevilRocket","Divine Protection","Girya","Durian","Strange Spoon","War Paint","HandDrill","AT_TheCollector","Ornamental Fan","BirthdayGift-Tetrahedron","Letter Opener","AT_ForceNature","Golden Egg","Eternal Feather","REME_CardOfGreed","Bottled Flame","Dota2Spire:ArcaneBoots","ClockworkSouvenir","AT_RabadonDeathcap","Calipers","ArrowTower"],"acts_visited":["Exordium","TheCity","TheBeyond","TheEnding"],"potions_floor_usage":[],"damage_taken":[{"damage":12.0,"enemies":"Cultist","floor":1.0,"turns":6.0},{"damage":14.0,"enemies":"Jaw Worm","floor":2.0,"turns":5.0},{"damage":30.0,"enemies":"Small Slimes","floor":4.0,"turns":3.0},{"damage":0.0,"enemies":"Exordium Thugs","floor":11.0,"turns":3.0},{"damage":2.0,"enemies":"Lagavulin","floor":12.0,"turns":4.0},{"damage":0.0,"enemies":"Blue Slaver","floor":14.0,"turns":1.0},{"damage":18.0,"enemies":"Fading Forest","floor":16.0,"turns":9.0},{"damage":5.0,"enemies":"Spheric Guardian","floor":18.0,"turns":2.0},{"damage":1,"enemies":"Shell Parasite","floor":21,"turns":1},{"damage":0,"enemies":"Slavers","floor":27,"turns":1},{"damage":0,"enemies":"Snake Plant","floor":28,"turns":1},{"damage":1,"enemies":"Replay:Snechameleon","floor":29,"turns":1},{"damage":0,"enemies":"Shelled Parasite and Fungi","floor":31,"turns":1},{"damage":1,"enemies":"Automaton","floor":33,"turns":2},{"damage":0,"enemies":"3 Shapes","floor":35,"turns":1},{"damage":0,"enemies":"Orb Walker","floor":36,"turns":1},{"damage":0,"enemies":"4 Shapes","floor":38,"turns":2},{"damage":72,"enemies":"Reptomancer","floor":41,"turns":1},{"damage":0,"enemies":"Spire Growth","floor":45,"turns":1},{"damage":0,"enemies":"R_Hoarder","floor":47,"turns":1},{"damage":0,"enemies":"Time Eater","floor":50,"turns":1},{"damage":0,"enemies":"Shield and Spear","floor":54,"turns":1},{"damage":0,"enemies":"The Heart","floor":55,"turns":3}],"seed_played":"-1686705238570946405","potions_obtained":[{"floor":2.0,"key":"Doom Potion"},{"floor":16.0,"key":"DestinyDice"},{"floor":18.0,"key":"Milkshake"},{"floor":47,"key":"Energy Potion"}],"is_trial":false,"path_per_floor":["M","M","$","M","$","R","?","R","T","$","M","E","$","M","R","B",null,"M","$","?","M","$","R","?","R","T","E","M","E","$","M","R","B",null,"M","M","$","M","$","R","E","R","T","?","M","R","E","$","R","B",null,"R","$","E","B",null],"character_chosen":"REMILIA","items_purchased":["UnstableMagic","BloodHunter","CharismaGuard","NightLord","ScarletDevil","ReplayTheSpireMod:Private Reserves","MostiFishMod:KingOfFree","Bottled Lightning","DianDianMeat","Civilization","SynthV","Boot","Anchor","EssenceOfSteel","CultistPotion","MerchantsRug","Onion Ring","Blue Doll","Ying","aspiration:Nostalgia","Mirror","AT_BellowingDragoncrestRing","MagicPotion:ReiMu","BloodySeventeenLaser","VampireKiss","UnderTheZenith","CharismaGuard","Forethought","Blood Vial","Toolbox","AT_SunfireAegis","Pen Nib","Frozen Eye","AT_FalsePromise","PanicButton","MastersStateliness","BlasphemousPunishment","EternalNight","StarOfDavid+1","VampireKiss","Mastiff:ReiMu","Energy Potion","Replay:Ringing Soul","Replay:Mystery Machine","Medical Kit","Sling","Oddly Smooth Stone","AT_Kusabimaru","ReplayUltimateDefense+1","FavorOfDestiny","AfternoonTea","ScarletDevil","TwelveNightmare","VampireKiss","ChiLing","ReplayFunnel","Toxic Egg 2","Dota2Spire:LotusOrb","Replay:Baseball","Lee\u0027s Waffle","MostiFishMod:ElfcollectionBox+1","Survey Options+1","BombardNight","FitfulNightmare+1","SuperhumanBloodyKnife","Pet Ghost","Dota2Spire:BattleFury","Chemical X","Technique","Ancient Tea Set","Dota2Spire:MonkeyKingBar","RedRainbow+1","Replay:Accelerometer","CaptainsWheel","Dodecahedron","TentaclePot:ReiMu","Replay:Wax Seal","OriginationStaff","Poisoned Strike","Trip+1","MastersStateliness+1","ScarletDevilRocket","Divine Protection","Girya","REME_BodyOfCthun+1","VampireClaw","Swift Strike","Durian","Strange Spoon","War Paint","HandDrill","AT_TheCollector","Ornamental Fan","BirthdayGift-Tetrahedron","Golden Egg","Eternal Feather","REME_CardOfGreed","ScarletDevil+1","Bottled Flame","Dota2Spire:ArcaneBoots","ClockworkSouvenir","AT_RabadonDeathcap","Calipers"],"campfire_rested":1,"item_purchase_floors":[3,3,3,3,3,3,3,3,3,3,3,3,3,3,3,3,5,5,5,5,5,5,5,5,5,5,5,5,10,10,10,10,10,10,10,10,10,10,10,10,10,13,13,13,13,13,13,13,13,13,13,13,13,13,19,19,19,19,19,19,19,19,19,19,19,22,22,22,22,22,22,22,30,30,30,30,30,30,30,30,30,37,37,37,37,37,37,37,37,39,39,39,39,39,48,48,48,48,49,53,53,53,53],"current_hp_per_floor":[56,45,46,50,75,75,83,83,83,200,230,260,424,467,475,511,573,612,867,990,1048,1095,1095,803,803,803,861,866,871,1030,1092,1150,1214,1214,1279,1284,1530,1535,1597,1597,1536,1536,1536,1536,1549,1549,1566,1632,1678,1683,1683,1683,1750,1755,1760],"gold":1007,"neow_bonus":"RANDOM_COLORLESS_2","is_daily":false,"chose_seed":false,"campfire_upgraded":2,"win_rate":0.0,"timestamp":1611838660,"path_taken":["M","?","$","M","?","R","?","R","T","$","?","E","$","M","R","BOSS","M","$","?","M","?","R","?","R","T","E","M","E","$","M","R","BOSS","M","M","$","M","$","R","E","R","T","?","M","R","E","$","R","BOSS","R","$","E","BOSS"],"items_purchased_type":["Card","Card","Card","Card","Card","Card","Card","Relic","Relic","Relic","Relic","Relic","Relic","Potion","Potion","Relic","Relic","Relic","Relic","Relic","Relic","Relic","Potion","Card","Card","Card","Card","Card","Relic","Relic","Relic","Relic","Relic","Card","Card","Card","Card","Card","Card","Card","Relic","Potion","Relic","Relic","Relic","Relic","Relic","Relic","Card","Card","Card","Card","Card","Card","Relic","Relic","Relic","Relic","Relic","Relic","Card","Card","Card","Card","Card","Relic","Relic","Relic","Relic","Relic","Relic","Card","Relic","Relic","Relic","Relic","Relic","Relic","Card","Card","Card","Relic","Relic","Relic","Card","Card","Card","Relic","Relic","Relic","Relic","Relic","Relic","Relic","Relic","Relic","Relic","Card","Relic","Relic","Relic","Relic","Relic"],"build_version":"2020-12-22","purchased_purges":6,"victory":true,"max_hp_per_floor":[75,75,76,80,105,105,113,113,113,230,252,276,440,475,475,511,573,612,867,1032,1083,1130,1130,803,803,803,861,866,871,1030,1092,1150,1214,1214,1279,1284,1530,1535,1597,1597,1602,1602,1602,1602,1607,1607,1612,1678,1678,1683,1683,1683,1750,1755,1760],"card_choices":[{"not_picked":["Sadistic Nature","HandOfGreed"],"picked":"AT_EmpoweredMortalDraw","floor":0.0},{"not_picked":["Stigmanizer","EndlessAdversity"],"picked":"MastersStateliness","floor":1.0},{"not_picked":["UnderTheZenith","EndlessAdversity","UnstableMagic","FavorOfDestiny"],"picked":"BloodyMagicSquare","floor":2.0},{"not_picked":["EmergencyRegeneration","AfternoonTea","ScarletImprint","ScarletGensokyo"],"picked":"HellCatastrophe","floor":4.0},{"not_picked":["FitfulNightmare","DiffusionOfMisfortune","NightDance","ScarletImprint"],"picked":"BombardNight","floor":11.0},{"not_picked":["Ultimatum","BombardNight","SuperhumanBloodyKnife","Maim"],"picked":"BloodAndWine","floor":12.0},{"not_picked":["ScarletGensokyo","BadLadyScramble","VampireKiss","UltimateOffering"],"picked":"VampirishNight","floor":14.0},{"not_picked":["EquivalentExchange","ScarletMeister","BloodRain","CeilingFear"],"picked":"ForecastOfChange","floor":16.0},{"not_picked":["Stigmanizer","UltimateOffering"],"picked":"DiffusionOfMisfortune","floor":18.0},{"not_picked":["BloodHunter+1","UnderTheZenith+1"],"picked":"StarOfDavid","floor":21},{"not_picked":["SuperhumanBloodyKnife","ScarletNetherworld"],"picked":"HellCatastrophe","floor":27},{"not_picked":["EndlessAdversity","UnderTheZenith+1","NightLord"],"picked":"SKIP","floor":28},{"not_picked":["BloodHunter+1","StarOfDavid","UnstableMagic+1"],"picked":"SKIP","floor":29},{"not_picked":["BloodAndWine+1","Stigmanizer+1"],"picked":"HeartBreak","floor":31},{"not_picked":["BloodRain+1","ForecastOfChange"],"picked":"BatForm","floor":33},{"not_picked":["VampireKiss+1","StarOfDavid+1"],"picked":"DiffusionOfMisfortune+1","floor":35},{"not_picked":["VampireSweep","EndlessAdversity+1","VampireKiss"],"picked":"SKIP","floor":36},{"not_picked":["ReincarnationDial+1","BombardNight","GlobalNightmare+1"],"picked":"SKIP","floor":38},{"not_picked":["EndlessAdversity","BlasphemousPunishment+1","LeisurelyOfLord"],"picked":"SKIP","floor":41},{"not_picked":["FavorOfDestiny+1","DiffusionOfMisfortune","ScarletCoffin"],"picked":"SKIP","floor":45},{"not_picked":["GlobalNightmare+1","BloodyTrap+1","VampireKiss"],"picked":"SKIP","floor":47},{"not_picked":["BadLadyScramble+1","ScarletSymphony+1","BombardNight+1"],"picked":"SKIP","floor":54}],"player_experience":62131,"relics_obtained":[{"floor":1.0,"key":"SynthV:TestCard"},{"floor":9.0,"key":"Replay:Rubber Ducky"},{"floor":12.0,"key":"Dota2Spire:DrumOfEndurance"},{"floor":26,"key":"ImprovedEquipment"},{"floor":27,"key":"Whetstone"},{"floor":29,"key":"Dota2Spire:AghanimScepter"},{"floor":41,"key":"Letter Opener"},{"floor":47,"key":"AT_ForceNature"},{"floor":54,"key":"ArrowTower"}],"event_choices":[{"damage_healed":0.0,"max_hp_gain":0.0,"max_hp_loss":0.0,"gold_gain":0.0,"event_name":"Accursed Blacksmith","player_choice":"Rummage","floor":7.0,"gold_loss":0.0,"damage_taken":0.0,"relics_obtained":["WarpedTongs"],"cards_obtained":["Pain"]},{"damage_healed":0,"gold_gain":0,"player_choice":"CARD CARD CARD CARD POTION ","damage_taken":42,"max_hp_gain":0,"max_hp_loss":0,"event_name":"Knowing Skull","floor":20,"potions_obtained":["Ancient Potion"],"gold_loss":0,"cards_obtained":["Discovery","Dramatic Entrance","Madness","PanicButton"]},{"damage_healed":0,"gold_gain":0,"player_choice":"Became a Ghost","damage_taken":0,"max_hp_gain":0,"max_hp_loss":565,"event_name":"Ghosts","floor":24,"gold_loss":0,"cards_obtained":["Ghostly","Ghostly","Ghostly","Ghostly","Ghostly"]},{"damage_healed":0,"gold_gain":0,"player_choice":"Smashed Altar","damage_taken":0,"max_hp_gain":0,"max_hp_loss":0,"event_name":"Forgotten Altar","floor":32,"gold_loss":0,"cards_obtained":["Decay"]}],"is_beta":false,"boss_relics":[{"not_picked":["Philosopher\u0027s Stone","Runic Dome"],"picked":"Replay:Grab Bag"},{"not_picked":["SlaversCollar","ChewingGum"],"picked":"Coffee Dripper"},{"not_picked":["Sozu","Velvet Choker"],"picked":"Busted Crown"},{"not_picked":["aspiration:WatcherSkillbook","RhineFirstAidKit"],"picked":"FrostBlade"},{"not_picked":["GuanYuAspect","TimeKeys"],"picked":"HaiYi:Twilight"}],"items_purged_floors":[3,10,19,30,39,53],"is_endless":false,"potions_floor_spawned":[2,4,14,16,18,28,29,45,47],"ascension_level":0}}