{"host":"y193d0agu1dp5x1y","time":1611814879,"event":{"mods":["AchievementEnabler","BaseMod","Googly Eyes","Minty Spire (QoL Compilation)"],"gold_per_floor":[115,115,40,9,87,87,262,290,290,310,210,210,210,224,224,327,327,338,338,437,437,463,463,463,473,496,508,526,552,563,488,488,592,592,606,606,606,375,375,375,394,394,475,487,499,409,429,449,449,449,449],"floor_reached":50,"language":"ENG","playtime":2679,"items_purged":["Strike_P","Doubt"],"score":508,"play_id":"781e7b95-ca68-4831-b55a-6179d9af4ed1","local_time":"20210128002119","is_ascension_mode":false,"campfire_choices":[{"floor":15,"key":"REST"},{"floor":23,"key":"REST"},{"data":"ForeignInfluence","floor":24,"key":"SMITH"},{"floor":32,"key":"RECALL"},{"data":"Vigilance","floor":40,"key":"SMITH"},{"floor":49,"key":"REST"}],"circlet_count":0,"master_deck":["Defend_P+1","Eruption+1","Vigilance+1","FearNoEvil+1","EmptyMind+1","Wallop+1","SashWhip","FlurryOfBlows","Judgement","JustLucky+1","ForeignInfluence+1","WreathOfFlame","WindmillStrike","DevaForm+1","ReachHeaven","Trip","Vengeance","Halt+1","Protect+1"],"relics":["Astrolabe","Nunchaku","WingedGreaves","Empty Cage","Happy Flower","Anchor","Bag of Preparation","Busted Crown","Centennial Puzzle","Toxic Egg 2"],"acts_visited":["Exordium","TheCity","TheBeyond"],"potions_floor_usage":[8,16,16,28,29,33,44,44,44,45,48,50],"damage_taken":[{"damage":0,"enemies":"Jaw Worm","floor":1,"turns":2},{"damage":13,"enemies":"Lagavulin","floor":8,"turns":6},{"damage":0,"enemies":"2 Louse","floor":10,"turns":2},{"damage":0,"enemies":"Small Slimes","floor":14,"turns":2},{"damage":17,"enemies":"The Guardian","floor":16,"turns":8},{"damage":6,"enemies":"Chosen","floor":18,"turns":3},{"damage":0,"enemies":"3 Byrds","floor":25,"turns":3},{"damage":0,"enemies":"Sentry and Sphere","floor":27,"turns":2},{"damage":0,"enemies":"Centurion and Healer","floor":28,"turns":3},{"damage":0,"enemies":"Gremlin Leader","floor":29,"turns":5},{"damage":0,"enemies":"Snecko","floor":30,"turns":2},{"damage":45,"enemies":"Champ","floor":33,"turns":9},{"damage":5,"enemies":"Orb Walker","floor":35,"turns":2},{"damage":2,"enemies":"3 Shapes","floor":41,"turns":3},{"damage":14,"enemies":"Spire Growth","floor":44,"turns":3},{"damage":4,"enemies":"Maw","floor":45,"turns":5},{"damage":17,"enemies":"Jaw Worm Horde","floor":47,"turns":3},{"damage":0,"enemies":"3 Darklings","floor":48,"turns":3},{"damage":60,"enemies":"Time Eater","floor":50,"turns":7}],"seed_played":"4480217540433290813","potions_obtained":[{"floor":1,"key":"LiquidBronze"},{"floor":10,"key":"DuplicationPotion"},{"floor":14,"key":"Explosive Potion"},{"floor":27,"key":"FearPotion"},{"floor":28,"key":"PowerPotion"},{"floor":29,"key":"Regen Potion"},{"floor":33,"key":"SteroidPotion"},{"floor":41,"key":"Explosive Potion"},{"floor":44,"key":"Energy Potion"},{"floor":47,"key":"SteroidPotion"},{"floor":48,"key":"Block Potion"}],"is_trial":false,"path_per_floor":["M","?","$","?","?","?","?","E","T","M","$","?","?","M","R","B",null,"M","?","?","?","T","R","R","M","T","M","M","E","M","?","R","B",null,"M","?","?","$","?","R","M","?","T","M","M","?","M","M","R","B"],"character_chosen":"WATCHER","items_purchased":["Vengeance","Centennial Puzzle","Explosive Potion"],"campfire_rested":3,"item_purchase_floors":[38,38,38],"current_hp_per_floor":[72,72,72,72,72,58,58,45,45,45,45,42,42,42,63,46,72,66,53,53,53,53,76,76,76,76,76,76,76,76,76,76,42,77,72,72,72,72,72,72,70,70,70,56,52,52,35,35,56,0,0],"gold":449,"neow_bonus":"BOSS_RELIC","is_daily":false,"chose_seed":false,"campfire_upgraded":2,"win_rate":0.0,"timestamp":1611814879,"path_taken":["M","?","$","?","?","?","?","E","T","?","$","?","?","M","R","BOSS","M","?","?","?","?","R","R","M","T","?","?","E","M","?","R","BOSS","M","?","?","$","?","R","M","?","T","?","M","?","M","M","R","BOSS"],"items_purchased_type":["Card","Relic","Potion"],"build_version":"2020-12-22","purchased_purges":2,"victory":false,"max_hp_per_floor":[72,72,72,72,72,72,72,72,72,72,72,72,72,72,72,72,72,72,77,77,77,77,77,77,77,77,77,77,77,77,77,77,77,77,77,77,77,77,73,73,73,73,73,73,73,73,73,73,73,73,73],"card_choices":[{"not_picked":["InnerPeace","CrushJoints"],"picked":"Wallop","floor":1},{"not_picked":["Conclude","Prostrate"],"picked":"SashWhip","floor":8},{"not_picked":["Collect","Prostrate"],"picked":"FlurryOfBlows","floor":10},{"not_picked":["Prostrate","BowlingBash","Protect"],"picked":"SKIP","floor":14},{"not_picked":["Vault","Omniscience"],"picked":"Judgement","floor":16},{"not_picked":["CrushJoints","SashWhip+1"],"picked":"JustLucky+1","floor":18},{"not_picked":["Prostrate+1","Conclude"],"picked":"WreathOfFlame","floor":25},{"not_picked":["Prostrate","Crescendo","DeceiveReality"],"picked":"SKIP","floor":27},{"not_picked":["Blasphemy","FlyingSleeves+1"],"picked":"WindmillStrike","floor":28},{"not_picked":["SandsOfTime","JustLucky"],"picked":"Nirvana","floor":29},{"not_picked":["CutThroughFate+1","Tantrum","SignatureMove"],"picked":"SKIP","floor":30},{"not_picked":["Blasphemy","Wish"],"picked":"DevaForm","floor":33},{"not_picked":[],"picked":"ReachHeaven","floor":35},{"not_picked":[],"picked":"Trip","floor":36},{"not_picked":["FlyingSleeves"],"picked":"SKIP","floor":41},{"not_picked":["Prostrate+1"],"picked":"SKIP","floor":44},{"not_picked":[],"picked":"Halt+1","floor":45},{"not_picked":["BowlingBash"],"picked":"SKIP","floor":47},{"not_picked":[],"picked":"Protect+1","floor":48}],"player_experience":141790,"relics_obtained":[{"floor":8,"key":"Nunchaku"},{"floor":22,"key":"Happy Flower"},{"floor":26,"key":"Anchor"},{"floor":29,"key":"Bag of Preparation"},{"floor":43,"key":"Toxic Egg 2"}],"event_choices":[{"damage_healed":0,"gold_gain":0,"player_choice":"Grow","damage_taken":0,"max_hp_gain":0,"max_hp_loss":0,"event_name":"Living Wall","floor":2,"gold_loss":0,"cards_upgraded":["Wallop"]},{"damage_healed":0,"gold_gain":0,"player_choice":"Left Gold","damage_taken":0,"max_hp_gain":0,"max_hp_loss":0,"event_name":"World of Goop","floor":4,"gold_loss":31},{"damage_healed":0,"gold_gain":78,"player_choice":"Gained Gold","damage_taken":0,"max_hp_gain":0,"max_hp_loss":0,"event_name":"Golden Wing","floor":5,"gold_loss":0},{"damage_healed":0,"gold_gain":0,"player_choice":"Entered Light","damage_taken":14,"max_hp_gain":0,"max_hp_loss":0,"event_name":"Shining Light","floor":6,"gold_loss":0,"cards_upgraded":["Defend_P","Eruption"]},{"damage_healed":0,"gold_gain":175,"player_choice":"AGREE","damage_taken":0,"max_hp_gain":0,"max_hp_loss":0,"event_name":"Liars Game","floor":7,"gold_loss":0,"cards_obtained":["Doubt"]},{"damage_healed":0,"gold_gain":0,"player_choice":"Success","damage_taken":3,"relics_obtained":["WingedGreaves"],"max_hp_gain":0,"max_hp_loss":0,"event_name":"Scrap Ooze","floor":12,"gold_loss":0},{"damage_healed":0,"gold_gain":0,"player_choice":"Ignored","damage_taken":0,"max_hp_gain":0,"max_hp_loss":0,"event_name":"Golden Idol","floor":13,"gold_loss":0},{"damage_healed":0,"gold_gain":0,"player_choice":"Shed Blood","damage_taken":18,"max_hp_gain":5,"max_hp_loss":0,"event_name":"Forgotten Altar","floor":19,"gold_loss":0},{"damage_healed":0,"gold_gain":99,"player_choice":"Stole From Cult","damage_taken":0,"max_hp_gain":0,"max_hp_loss":0,"event_name":"Nest","floor":20,"gold_loss":0},{"damage_healed":0,"gold_gain":0,"player_choice":"Read","damage_taken":0,"max_hp_gain":0,"max_hp_loss":0,"event_name":"The Library","floor":21,"gold_loss":0,"cards_obtained":["ForeignInfluence"]},{"cards_removed":["Defend_P"],"damage_healed":0,"gold_gain":0,"player_choice":"Gave Gold","damage_taken":0,"max_hp_gain":0,"max_hp_loss":0,"event_name":"Beggar","floor":31,"gold_loss":75},{"damage_healed":0,"gold_gain":0,"player_choice":"Memory 1","damage_taken":0,"max_hp_gain":0,"max_hp_loss":0,"event_name":"SensoryStone","floor":36,"gold_loss":0},{"cards_removed":["Vengeance"],"damage_healed":0,"gold_gain":0,"player_choice":"Removed Skill","damage_taken":0,"max_hp_gain":0,"max_hp_loss":0,"event_name":"Falling","floor":37,"gold_loss":0},{"damage_healed":0,"gold_gain":0,"player_choice":"Max HP","damage_taken":0,"max_hp_gain":0,"max_hp_loss":4,"event_name":"Winding Halls","floor":39,"gold_loss":0},{"damage_healed":0,"gold_gain":0,"player_choice":"Ignored","damage_taken":0,"max_hp_gain":0,"max_hp_loss":0,"event_name":"Mysterious Sphere","floor":42,"gold_loss":0},{"cards_removed":["Nirvana"],"damage_healed":0,"gold_gain":0,"player_choice":"Upgrade and Remove","damage_taken":0,"max_hp_gain":0,"max_hp_loss":0,"event_name":"Designer","floor":46,"gold_loss":90,"cards_upgraded":["DevaForm"]}],"is_beta":false,"boss_relics":[{"not_picked":["Fusion Hammer","Pandora\u0027s Box"],"picked":"Empty Cage"},{"not_picked":["Philosopher\u0027s Stone","SacredBark"],"picked":"Busted Crown"}],"items_purged_floors":[3,11],"is_endless":false,"potions_floor_spawned":[1,10,14,27,28,29,33,41,44,47,48],"killed_by":"Time Eater","ascension_level":0}}