{"host":"joxnxhacs0eu1u13","time":1611849116,"event":{"mods":["BaseMod","Colored Map","Minty Spire (QoL Compilation)","Quick Restart","Unceasing Turn Reminder"],"gold_per_floor":[111,61,79,79,79,108,108,108,133,168,230,230,247,262,262,362,362,381,391,391,391,67,67,83,83,83,83,103,202,202,202],"floor_reached":30,"language":"ENG","playtime":2126,"items_purged":["Writhe"],"score":308,"play_id":"4792f956-f136-4fbd-a444-127a1c566e77","local_time":"20210128105156","is_ascension_mode":true,"campfire_choices":[{"data":"Eruption","floor":7,"key":"SMITH"},{"floor":12,"key":"REST"},{"data":"LikeWater","floor":15,"key":"SMITH"},{"data":"Worship","floor":23,"key":"SMITH"},{"data":"BowlingBash","floor":25,"key":"SMITH"}],"circlet_count":0,"master_deck":["Defend_P","Defend_P","Defend_P","Defend_P","Eruption+1","Vigilance","BowlingBash+1","Protect","FearNoEvil","Worship+1","LikeWater+1","EmptyMind+1","Halt+1","FlurryOfBlows","Vault+1","ThirdEye+1","Indignation+1","Bite","Bite","Bite","Bite","Bite","Crescendo+1","ClearTheMind+1"],"relics":["PureWater","Bronze Scales","Toxic Egg 2","Orichalcum","Centennial Puzzle","Black Star","Matryoshka","Bag of Marbles","Happy Flower","Bottled Tornado","Yang","PreservedInsect"],"acts_visited":["Exordium","TheCity"],"potions_floor_usage":[10,11,16,16,16,19,30],"damage_taken":[{"damage":1,"enemies":"2 Louse","floor":1,"turns":4},{"damage":3,"enemies":"Small Slimes","floor":3,"turns":4},{"damage":7,"enemies":"3 Sentries","floor":6,"turns":8},{"damage":44,"enemies":"Gremlin Nob","floor":10,"turns":6},{"damage":17,"enemies":"Lagavulin Event","floor":11,"turns":8},{"damage":0,"enemies":"Jaw Worm","floor":13,"turns":3},{"damage":0,"enemies":"Blue Slaver","floor":14,"turns":4},{"damage":26,"enemies":"The Guardian","floor":16,"turns":10},{"damage":7,"enemies":"Chosen","floor":18,"turns":5},{"damage":1,"enemies":"2 Thieves","floor":19,"turns":5},{"damage":28,"enemies":"Cultist and Chosen","floor":24,"turns":6},{"damage":13,"enemies":"Snecko","floor":28,"turns":4},{"damage":30,"enemies":"Slavers","floor":30,"turns":1}],"seed_played":"-8500311766022325546","potions_obtained":[{"floor":0,"key":"Ambrosia"},{"floor":0,"key":"Regen Potion"},{"floor":0,"key":"Dexterity Potion"},{"floor":10,"key":"LiquidBronze"},{"floor":14,"key":"EssenceOfSteel"},{"floor":16,"key":"Energy Potion"},{"floor":18,"key":"SteroidPotion"},{"floor":24,"key":"LiquidBronze"}],"is_trial":false,"path_per_floor":["M","?","M","?","$","E","R","T","T","E","?","R","M","M","R","B",null,"M","M","?","?","$","R","M","R","T","T","M","?","E"],"character_chosen":"WATCHER","items_purchased":["Crescendo+1","Bag of Marbles","FearPotion"],"campfire_rested":1,"item_purchase_floors":[22,22,22],"current_hp_per_floor":[71,71,68,68,68,61,61,61,61,29,12,33,33,33,33,7,72,65,64,50,50,50,50,26,26,26,26,25,25,0,0],"gold":202,"neow_bonus":"THREE_SMALL_POTIONS","is_daily":false,"chose_seed":false,"campfire_upgraded":4,"win_rate":0.0,"timestamp":1611849116,"path_taken":["M","?","M","?","?","E","R","?","T","E","?","R","M","M","R","BOSS","M","M","?","?","$","R","M","R","T","?","?","?","E"],"items_purchased_type":["Card","Relic","Potion"],"build_version":"2020-12-22","purchased_purges":1,"victory":false,"max_hp_per_floor":[72,72,72,72,72,72,72,72,72,72,72,72,72,72,72,72,72,72,72,50,50,50,50,50,50,50,50,50,50,50,50],"card_choices":[{"not_picked":["ThirdEye","FlurryOfBlows"],"picked":"BowlingBash","floor":1},{"not_picked":["BowlingBash","ReachHeaven"],"picked":"Protect","floor":3},{"not_picked":["Consecrate","MasterReality"],"picked":"Worship","floor":6},{"not_picked":["WreathOfFlame+1","Study"],"picked":"LikeWater","floor":10},{"not_picked":["BowlingBash","PathToVictory+1"],"picked":"EmptyMind+1","floor":11},{"not_picked":["Consecrate","JustLucky"],"picked":"Halt+1","floor":13},{"not_picked":["Wallop","FearNoEvil"],"picked":"FlurryOfBlows","floor":14},{"not_picked":["ConjureBlade+1","Blasphemy+1"],"picked":"Vault+1","floor":16},{"not_picked":["Fasting2","Consecrate"],"picked":"ThirdEye+1","floor":18},{"not_picked":["FlurryOfBlows","Halt+1"],"picked":"Indignation+1","floor":19},{"not_picked":["ThirdEye+1","Devotion"],"picked":"ClearTheMind+1","floor":24},{"not_picked":["Wireheading","Sanctity+1","Evaluate+1"],"picked":"SKIP","floor":28}],"player_experience":351120,"relics_obtained":[{"floor":6,"key":"Bronze Scales"},{"floor":8,"key":"Toxic Egg 2"},{"floor":10,"key":"Orichalcum"},{"floor":11,"key":"Centennial Puzzle"},{"floor":26,"key":"Happy Flower"},{"floor":26,"key":"Bottled Tornado"},{"floor":27,"key":"Yang"},{"floor":27,"key":"PreservedInsect"}],"event_choices":[{"cards_removed":["Strike_P"],"damage_healed":0,"gold_gain":0,"player_choice":"Card Removal","damage_taken":0,"max_hp_gain":0,"max_hp_loss":0,"event_name":"The Cleric","floor":2,"gold_loss":50},{"damage_healed":0,"gold_gain":0,"cards_transformed":["Strike_P"],"player_choice":"Change","damage_taken":0,"max_hp_gain":0,"max_hp_loss":0,"event_name":"Living Wall","floor":4,"gold_loss":0,"cards_obtained":["FearNoEvil"]},{"damage_healed":0,"gold_gain":0,"player_choice":"Searched \u00271\u0027 times","damage_taken":0,"max_hp_gain":0,"max_hp_loss":0,"event_name":"Dead Adventurer","floor":11,"gold_loss":0},{"damage_healed":0,"gold_gain":0,"player_choice":"Became a vampire","damage_taken":0,"max_hp_gain":0,"max_hp_loss":22,"event_name":"Vampires","floor":20,"gold_loss":0,"cards_obtained":["Bite","Bite","Bite","Bite","Bite"]},{"damage_healed":0,"gold_gain":0,"player_choice":"Opened","damage_taken":0,"relics_obtained":["Matryoshka"],"max_hp_gain":0,"max_hp_loss":0,"event_name":"The Mausoleum","floor":21,"gold_loss":0,"cards_obtained":["Writhe"]},{"damage_healed":0,"gold_gain":99,"player_choice":"Stole From Cult","damage_taken":0,"max_hp_gain":0,"max_hp_loss":0,"event_name":"Nest","floor":29,"gold_loss":0}],"is_beta":false,"boss_relics":[{"not_picked":["Tiny House","SlaversCollar"],"picked":"Black Star"}],"items_purged_floors":[22],"is_endless":false,"potions_floor_spawned":[10,14,16,18,24],"killed_by":"Slavers","ascension_level":4}}