{"host":"0xtpc43j5kblke7u","time":1611804425,"event":{"mods":["AchievementEnabler","BaseMod","Colored Map","Highlight Path","Minty Spire (QoL Compilation)"],"gold_per_floor":[116,135,150,163,163,191,191,203,230,259,271,281,30,81,81,183,183,193,108,108,118,132,132,165,165,165,165,12,12,39,58,58,162,162,179,133,148,148,198,198,198,198,198],"floor_reached":42,"language":"ENG","playtime":2720,"items_purged":["Strike_B"],"score":636,"play_id":"04449212-9446-4c9d-9144-98c740649532","local_time":"20210127222705","is_ascension_mode":true,"campfire_choices":[{"data":"Dualcast","floor":7.0,"key":"SMITH"},{"data":"Blind","floor":15.0,"key":"SMITH"},{"data":"Doom and Gloom","floor":23.0,"key":"SMITH"},{"data":"Sweeping Beam","floor":25.0,"key":"SMITH"},{"data":"Zap","floor":27.0,"key":"SMITH"},{"floor":32.0,"key":"REST"},{"data":"Echo Form","floor":40.0,"key":"SMITH"}],"circlet_count":0,"master_deck":["Strike_B","Strike_B","Strike_B","Defend_B","Defend_B","Defend_B","Defend_B","Zap+1","Dualcast+1","Glacier+1","Sunder+1","Sweeping Beam+1","Doom and Gloom+1","Conserve Battery","Compile Driver","Genetic Algorithm","FTL","Blind+1","Core Surge","Steam","Glacier","Cold Snap+1","Echo Form+1","Leap","Dualcast+1"],"relics":["Cracked Core","Pen Nib","Boot","Busted Crown","Anchor","Nloth\u0027s Gift","Sundial","Bottled Lightning","DataDisk","Art of War","SlaversCollar","Eternal Feather","Thread and Needle"],"acts_visited":["Exordium","TheCity","TheBeyond"],"potions_floor_usage":[42],"damage_taken":[{"damage":1.0,"enemies":"Cultist","floor":1.0,"turns":4.0},{"damage":3.0,"enemies":"Jaw Worm","floor":2.0,"turns":4.0},{"damage":1.0,"enemies":"2 Louse","floor":3.0,"turns":3.0},{"damage":0.0,"enemies":"2 Fungi Beasts","floor":4.0,"turns":4.0},{"damage":20.0,"enemies":"Lagavulin","floor":6.0,"turns":4.0},{"damage":3.0,"enemies":"Red Slaver","floor":8.0,"turns":2.0},{"damage":0.0,"enemies":"Gremlin Nob","floor":10.0,"turns":2.0},{"damage":15.0,"enemies":"Lots of Slimes","floor":11.0,"turns":2.0},{"damage":0.0,"enemies":"2 Fungi Beasts","floor":12.0,"turns":2.0},{"damage":18.0,"enemies":"Hexaghost","floor":16.0,"turns":11.0},{"damage":0.0,"enemies":"Spheric Guardian","floor":18.0,"turns":3.0},{"damage":7.0,"enemies":"Shell Parasite","floor":21.0,"turns":4.0},{"damage":3.0,"enemies":"Snecko","floor":22.0,"turns":4.0},{"damage":1.0,"enemies":"Gremlin Leader","floor":24.0,"turns":9.0},{"damage":7.0,"enemies":"Book of Stabbing","floor":30.0,"turns":5.0},{"damage":0.0,"enemies":"Cultist and Chosen","floor":31.0,"turns":5.0},{"damage":55.0,"enemies":"Automaton","floor":33.0,"turns":9.0},{"damage":3.0,"enemies":"3 Darklings","floor":35.0,"turns":5.0},{"damage":0.0,"enemies":"Orb Walker","floor":37.0,"turns":3.0},{"damage":24.0,"enemies":"Mind Bloom Boss Battle","floor":39.0,"turns":7.0},{"damage":55,"enemies":"Giant Head","floor":42,"turns":9}],"seed_played":"-844120052178756516","potions_obtained":[{"floor":2.0,"key":"DistilledChaos"},{"floor":3.0,"key":"Weak Potion"},{"floor":4.0,"key":"GamblersBrew"},{"floor":6.0,"key":"GamblersBrew"},{"floor":8.0,"key":"DuplicationPotion"},{"floor":24.0,"key":"LiquidMemories"},{"floor":30.0,"key":"Dexterity Potion"},{"floor":31.0,"key":"PotionOfCapacity"},{"floor":33.0,"key":"FocusPotion"},{"floor":37.0,"key":"SteroidPotion"}],"is_trial":false,"path_per_floor":["M","M","M","M","?","E","R","M","T","E","M","M","$","?","R","B",null,"M","?","?","M","M","R","E","R","T","R","$","?","E","M","R","B",null,"M","$","M","T","?","R","?","E"],"character_chosen":"DEFECT","items_purchased":["Blind","EssenceOfSteel","DataDisk","Leap"],"campfire_rested":1,"item_purchase_floors":[13,13,28,36],"current_hp_per_floor":[74,71,70,70,70,50,50,47,47,47,32,32,32,32,32,14,65,65,65,65,58,55,55,54,54,54,54,54,54,47,47,71,16,66,63,63,63,63,39,51,51,0,0],"gold":198,"neow_bonus":"TEN_PERCENT_HP_BONUS","is_daily":false,"chose_seed":false,"campfire_upgraded":6,"win_rate":0.0,"timestamp":1611804425,"path_taken":["M","?","M","M","?","E","R","M","T","E","?","M","$","?","R","BOSS","M","?","?","?","M","R","E","R","T","R","?","?","E","M","R","BOSS","M","$","M","?","?","R","?","E"],"items_purchased_type":["Card","Potion","Relic","Card"],"build_version":"2020-12-22","purchased_purges":1,"victory":false,"max_hp_per_floor":[82,82,82,82,82,82,82,82,82,82,82,82,82,82,82,82,82,82,82,82,82,82,82,82,82,82,82,82,82,82,82,82,82,82,82,82,82,82,82,82,82,82,82],"card_choices":[{"not_picked":["Rebound","Stack","Heatsinks"],"picked":"SKIP","floor":1.0},{"not_picked":["Rebound","Chaos"],"picked":"Glacier","floor":2.0},{"not_picked":["Undo","Turbo"],"picked":"Sunder","floor":3.0},{"not_picked":["Coolheaded","Hello World"],"picked":"Sweeping Beam","floor":4.0},{"not_picked":["Cold Snap","Lockon"],"picked":"Doom and Gloom","floor":6.0},{"not_picked":["Steam","Double Energy"],"picked":"Conserve Battery","floor":8.0},{"not_picked":["Double Energy","Stack"],"picked":"Compile Driver","floor":10.0},{"not_picked":["Cold Snap","Reinforced Body"],"picked":"Genetic Algorithm","floor":11.0},{"not_picked":["Rebound","Redo"],"picked":"FTL","floor":12.0},{"not_picked":["Creative AI","Buffer"],"picked":"Core Surge","floor":16.0},{"not_picked":[],"picked":"Steam","floor":18.0},{"not_picked":["FTL"],"picked":"SKIP","floor":21.0},{"not_picked":[],"picked":"Glacier","floor":22.0},{"not_picked":[],"picked":"Cold Snap+1","floor":24.0},{"not_picked":[],"picked":"Echo Form","floor":30.0},{"not_picked":["Storm+1"],"picked":"SKIP","floor":31.0},{"not_picked":["Turbo"],"picked":"SKIP","floor":35.0},{"not_picked":["FTL"],"picked":"SKIP","floor":37.0}],"player_experience":645722,"relics_obtained":[{"floor":6.0,"key":"Pen Nib"},{"floor":9.0,"key":"Vajra"},{"floor":10.0,"key":"Boot"},{"floor":24.0,"key":"Sundial"},{"floor":26.0,"key":"Bottled Lightning"},{"floor":30.0,"key":"Art of War"},{"floor":38.0,"key":"Eternal Feather"},{"floor":39.0,"key":"Thread and Needle"}],"event_choices":[{"damage_healed":0.0,"max_hp_gain":0.0,"max_hp_loss":0.0,"gold_gain":0.0,"event_name":"Accursed Blacksmith","player_choice":"Forge","floor":5.0,"gold_loss":0.0,"damage_taken":0.0,"cards_upgraded":["Sunder"]},{"damage_healed":0.0,"max_hp_gain":0.0,"max_hp_loss":0.0,"gold_gain":51.0,"event_name":"Golden Wing","player_choice":"Gained Gold","floor":14.0,"gold_loss":0.0,"damage_taken":0.0},{"damage_healed":0.0,"max_hp_gain":0.0,"max_hp_loss":0.0,"gold_gain":0.0,"event_name":"Addict","player_choice":"Obtained Relic","floor":19.0,"gold_loss":85.0,"damage_taken":0.0,"relics_obtained":["Anchor"]},{"damage_healed":0.0,"max_hp_gain":0.0,"max_hp_loss":0.0,"gold_gain":0.0,"event_name":"N\u0027loth","player_choice":"Traded Relic","floor":20.0,"relics_lost":["Vajra"],"gold_loss":0.0,"damage_taken":0.0,"relics_obtained":["Nloth\u0027s Gift"]},{"damage_healed":0.0,"max_hp_gain":0.0,"max_hp_loss":0.0,"gold_gain":0.0,"event_name":"Upgrade Shrine","player_choice":"Upgraded","floor":29.0,"gold_loss":0.0,"damage_taken":0.0,"cards_upgraded":["Glacier"]},{"damage_healed":0.0,"max_hp_gain":0.0,"max_hp_loss":0.0,"gold_gain":0.0,"event_name":"MindBloom","player_choice":"Fight","floor":39.0,"gold_loss":0.0,"damage_taken":0.0},{"damage_healed":0.0,"max_hp_gain":0.0,"max_hp_loss":0.0,"gold_gain":0.0,"event_name":"Duplicator","player_choice":"Copied","floor":41.0,"gold_loss":0.0,"damage_taken":0.0,"cards_obtained":["Dualcast"]}],"is_beta":false,"boss_relics":[{"not_picked":["Empty Cage","Inserter"],"picked":"Busted Crown"},{"not_picked":["Philosopher\u0027s Stone","Pandora\u0027s Box"],"picked":"SlaversCollar"}],"items_purged_floors":[13],"is_endless":false,"potions_floor_spawned":[2,3,4,6,8,24,30,31,33,37],"killed_by":"Giant Head","ascension_level":7}}