{"host":"z7p9vpu3tdvnhwui","time":1611869110,"event":{"mods":["2.2 Compatiblity","Act Like it!","BaseMod","Better Third Choice","Colored Powertips","DeckTracker","Defuse TimeMaze Blight","Friendly Minions","Hermit","Hubris","Infinite Spire","Marisa????????","Minty Spire (QoL Compilation)","Quick Restart","Rare Cards Sparkle","Replay The Spire","Robot Space Explorer","Shop Mod","Somnambulant","Spicy Shops","StSLib","The Cursed","The Forsaken","The Necromancer","The Servant 0.9.4","TheSwordswoman"],"gold_per_floor":[112,112,112,130,37,37,37,70,120,130,130,149,233,253,253,350,350,350,350],"floor_reached":18,"language":"ENG","playtime":1096,"items_purged":[],"score":170,"play_id":"61a529c8-a7e9-4a83-baeb-dbcd78917814","local_time":"20210128212510","is_ascension_mode":false,"campfire_choices":[{"data":"RobotSpaceExplorer:StarDust","floor":6,"key":"SMITH"},{"data":"RobotSpaceExplorer:PlasmaMissile","floor":15,"key":"SMITH"}],"circlet_count":0,"master_deck":["RobotSpaceExplorer:Strike","RobotSpaceExplorer:Strike+1","RobotSpaceExplorer:Strike","RobotSpaceExplorer:Strike","RobotSpaceExplorer:Defend","RobotSpaceExplorer:Defend","RobotSpaceExplorer:Defend","RobotSpaceExplorer:Defend","RobotSpaceExplorer:Scan","RobotSpaceExplorer:MiniLasers+1","RobotSpaceExplorer:DoubleFind","Delirium","RobotSpaceExplorer:Counterblock","RobotSpaceExplorer:StarDust+1","RobotSpaceExplorer:Multitool","RobotSpaceExplorer:PlasmaMissile+1","RobotSpaceExplorer:LuckyStrike","RobotSpaceExplorer:ScrapToss","hubris:Despair","RobotSpaceExplorer:ChargingLaser"],"relics":["RobotSpaceExplorer:TurboCore","Ring of Peace","ReplayTheSpireMod:Ring of Collecting","Whetstone","Ring of Greed","Ancient Tea Set","hubris:MobiusCoin","Tiny Chest","infinitespire:Joker Card"],"acts_visited":["Exordium","TheCity"],"potions_floor_usage":[8,12,16,18],"damage_taken":[{"damage":2,"enemies":"Cultist","floor":1,"turns":5},{"damage":0,"enemies":"Small Slimes","floor":4,"turns":5},{"damage":4,"enemies":"Replay:BlueRogue","floor":8,"turns":5},{"damage":0,"enemies":"Jaw Worm","floor":10,"turns":5},{"damage":0,"enemies":"Looter","floor":12,"turns":4},{"damage":24,"enemies":"Gremlin Nob","floor":13,"turns":5},{"damage":0,"enemies":"3 Louse","floor":14,"turns":4},{"damage":4,"enemies":"Slime Boss","floor":16,"turns":9},{"damage":0,"enemies":"2 Thieves","floor":18,"turns":1}],"seed_played":"6254994867009909595","potions_obtained":[{"floor":4,"key":"LifebloodPotion"},{"floor":10,"key":"LifebloodPotion"},{"floor":13,"key":"Weak Potion"},{"floor":16,"key":"Explosive Potion"}],"is_trial":false,"path_per_floor":["M","?","?","M","$","R","$","E","T","M","$","M","E","M","R","B",null,"M"],"character_chosen":"RobotSpaceExplorer","items_purchased":["RobotSpaceExplorer:StarDust"],"campfire_rested":0,"item_purchase_floors":[5],"current_hp_per_floor":[80,85,85,85,85,85,85,81,81,81,81,81,57,57,57,53,87,87,87],"gold":350,"neow_bonus":"TEN_PERCENT_HP_BONUS","is_daily":false,"chose_seed":false,"campfire_upgraded":2,"win_rate":0.0,"timestamp":1611869110,"path_taken":["M","?","?","M","$","R","?","E","T","M","$","M","E","M","R","BOSS","M"],"items_purchased_type":["Card"],"build_version":"2020-12-22","purchased_purges":0,"victory":false,"max_hp_per_floor":[82,87,87,87,87,87,87,87,87,87,87,87,87,87,87,87,87,87,87],"card_choices":[{"not_picked":["RobotSpaceExplorer:FranticSearch","RobotSpaceExplorer:SlimeMissile"],"picked":"RobotSpaceExplorer:DoubleFind","floor":1},{"not_picked":["RobotSpaceExplorer:ImprovisedAttack","RobotSpaceExplorer:MetalStrike"],"picked":"RobotSpaceExplorer:Counterblock","floor":4},{"not_picked":["RobotSpaceExplorer:Counterblock","RobotSpaceExplorer:SwiftStep"],"picked":"RobotSpaceExplorer:Multitool","floor":8},{"not_picked":["RobotSpaceExplorer:SwiftStep","RobotSpaceExplorer:ShockKick"],"picked":"RobotSpaceExplorer:PlasmaMissile","floor":10},{"not_picked":["RobotSpaceExplorer:Ammunition","RobotSpaceExplorer:MetalStrike"],"picked":"RobotSpaceExplorer:LuckyStrike","floor":12},{"not_picked":["RobotSpaceExplorer:DroneSwarm","RobotSpaceExplorer:Probe"],"picked":"RobotSpaceExplorer:ScrapToss","floor":13},{"not_picked":["RobotSpaceExplorer:Counterblock","RobotSpaceExplorer:LaserBurst","RobotSpaceExplorer:FrostMissile"],"picked":"SKIP","floor":14},{"not_picked":["RobotSpaceExplorer:HighVoltage","RobotSpaceExplorer:Wormhole"],"picked":"RobotSpaceExplorer:ChargingLaser","floor":16}],"player_experience":657484,"relics_obtained":[{"floor":3,"key":"Ring of Peace"},{"floor":3,"key":"ReplayTheSpireMod:Ring of Collecting"},{"floor":8,"key":"Whetstone"},{"floor":9,"key":"Ring of Greed"},{"floor":9,"key":"Ancient Tea Set"},{"floor":9,"key":"hubris:MobiusCoin"},{"floor":9,"key":"Tiny Chest"},{"floor":13,"key":"infinitespire:Joker Card"}],"event_choices":[{"damage_healed":0,"gold_gain":0,"player_choice":"Donut","damage_taken":0,"max_hp_gain":5,"max_hp_loss":0,"event_name":"Big Fish","floor":2,"gold_loss":0}],"is_beta":false,"boss_relics":[{"not_picked":["Tiny House","Philosopher\u0027s Stone"],"picked":"RobotSpaceExplorer:TurboCore"}],"items_purged_floors":[],"is_endless":false,"potions_floor_spawned":[4,10,13,16],"killed_by":"2 Thieves","ascension_level":0}}