{"host":"nwd160me4iqdtr8u","time":1611824516,"event":{"mods":["AchievementEnabler","Act Like it!","BaseMod","Colored Map","DeckTracker","Minty Spire (QoL Compilation)","Quick Restart","Rare Cards Sparkle","StSLib","SuperFastMode","everything is the same but u backflip on backflip"],"gold_per_floor":[114,114,130,148,3,33,33,51,51,51,79,96,109,109,109,109,109],"floor_reached":16,"language":"KOR","playtime":544,"items_purged":["Strike_G"],"score":158,"play_id":"637a3e63-bfcb-41ed-bd51-1fc5c1f7a1d5","local_time":"20210128180156","is_ascension_mode":true,"campfire_choices":[{"floor":7.0,"key":"REST"},{"data":"Blade Dance","floor":10.0,"key":"SMITH"},{"data":"Phantasmal Killer","floor":15.0,"key":"SMITH"}],"circlet_count":0,"master_deck":["AscendersBane","Strike_G","Strike_G","Strike_G","Strike_G","Defend_G","Defend_G","Defend_G","Defend_G","Defend_G","Survivor","Neutralize","Storm of Steel","Slice","Blade Dance+1","Infinite Blades","Escape Plan","Dagger Throw","Phantasmal Killer+1","Noxious Fumes","Backflip"],"relics":["Ring of the Snake","Bottled Tornado","HornCleat","Odd Mushroom","Vajra"],"acts_visited":["Exordium"],"potions_floor_usage":[],"damage_taken":[{"damage":4.0,"enemies":"Cultist","floor":1.0,"turns":5.0},{"damage":2.0,"enemies":"2 Louse","floor":3.0,"turns":3.0},{"damage":0.0,"enemies":"Small Slimes","floor":4.0,"turns":3.0},{"damage":29.0,"enemies":"3 Sentries","floor":6.0,"turns":9.0},{"damage":9.0,"enemies":"Red Slaver","floor":8.0,"turns":4.0},{"damage":12.0,"enemies":"The Mushroom Lair","floor":11.0,"turns":4.0},{"damage":5.0,"enemies":"Blue Slaver","floor":12.0,"turns":3.0},{"damage":0.0,"enemies":"Large Slime","floor":13.0,"turns":3.0},{"damage":24,"enemies":"The Guardian","floor":16,"turns":5}],"seed_played":"-3250054076813510767","potions_obtained":[{"floor":1.0,"key":"Energy Potion"},{"floor":2.0,"key":"DuplicationPotion"},{"floor":12.0,"key":"Strength Potion"}],"is_trial":false,"path_per_floor":["M","?","M","M","$","E","R","M","T","R","?","M","M","?","R","B"],"character_chosen":"THE_SILENT","items_purchased":["Infinite Blades"],"campfire_rested":1,"item_purchase_floors":[5],"current_hp_per_floor":[59,59,57,57,57,28,49,40,40,40,28,23,23,23,23,0,0],"gold":109,"neow_bonus":"ONE_RANDOM_RARE_CARD","is_daily":false,"chose_seed":false,"campfire_upgraded":2,"win_rate":0.0,"timestamp":1611824516,"path_taken":["M","?","M","?","$","E","R","M","T","R","?","M","M","?","R","BOSS"],"items_purchased_type":["Card"],"build_version":"2020-12-22","purchased_purges":1,"victory":false,"max_hp_per_floor":[70,70,70,70,70,70,70,70,70,70,70,70,70,70,70,70,70],"card_choices":[{"not_picked":["Caltrops","Bane"],"picked":"Endless Agony","floor":1.0},{"not_picked":["Deadly Poison","Underhanded Strike"],"picked":"Slice","floor":3.0},{"not_picked":["Predator","Underhanded Strike"],"picked":"Blade Dance","floor":4.0},{"not_picked":["Deadly Poison","Prepared"],"picked":"Escape Plan","floor":6.0},{"not_picked":["Poisoned Stab","Skewer"],"picked":"Dagger Throw","floor":8.0},{"not_picked":["Deflect","Terror"],"picked":"Phantasmal Killer","floor":11.0},{"not_picked":["Outmaneuver","Slice"],"picked":"Noxious Fumes","floor":12.0},{"not_picked":["Sucker Punch","Terror"],"picked":"Backflip","floor":13.0}],"player_experience":268964,"relics_obtained":[{"floor":6.0,"key":"Bottled Tornado"},{"floor":9.0,"key":"HornCleat"},{"floor":11.0,"key":"Odd Mushroom"}],"event_choices":[{"damage_healed":0.0,"max_hp_gain":0.0,"max_hp_loss":0.0,"gold_gain":0.0,"event_name":"Lab","player_choice":"Got Potions","floor":2.0,"gold_loss":0.0,"damage_taken":0.0},{"damage_healed":0.0,"max_hp_gain":0.0,"max_hp_loss":0.0,"gold_gain":0.0,"event_name":"Mushrooms","player_choice":"Fought Mushrooms","floor":11.0,"gold_loss":0.0,"damage_taken":0.0},{"cards_removed":["Endless Agony"],"damage_healed":0.0,"max_hp_gain":0.0,"max_hp_loss":0.0,"gold_gain":0.0,"event_name":"WeMeetAgain","player_choice":"Gave Card","floor":14.0,"gold_loss":0.0,"damage_taken":0.0,"relics_obtained":["Vajra"]}],"is_beta":false,"boss_relics":[],"items_purged_floors":[5],"is_endless":false,"potions_floor_spawned":[1,3,12],"killed_by":"The Guardian","ascension_level":11}}