{"host":"9j472d1lqxyi8fmj","time":1611857616,"event":{"mods":["AchievementEnabler","Aspiration","BaseMod","Better Note","BetterRewards","Block Reminder","Colored Powertips","Downfall","Hermit","Hubris","Minty Spire (QoL Compilation)","Potion Indicator Mod","Rare Cards Sparkle","Relic Filter","Spicy Shops","StSLib","The Runesmith","Virulent Crown"],"gold_per_floor":[99,99,117,131,12,47,128,128,145,145,163,163,163,192,220,220,220,220],"floor_reached":16,"language":"ENG","playtime":676,"items_purged":[],"score":102,"play_id":"757ce337-b94e-495b-bae8-e2483cba4a51","local_time":"20210128131336","is_ascension_mode":false,"campfire_choices":[{"data":"champ:Execute","floor":1,"key":"SMITH"},{"data":"hubris:DuctTapeCard","floor":8,"key":"SMITH"},{"data":"champ:Encircle","floor":10,"key":"SMITH"},{"floor":13,"key":"REST"}],"circlet_count":0,"master_deck":["champ:Strike","champ:Strike","champ:Strike","champ:Strike+1","champ:Defend","champ:Defend","champ:Defend+1","champ:Defend+1","champ:Execute+1","champ:Taunt","downfall:Malfunctioning","champ:SkillfulDodge","champ:TornadoPunch","champ:ArenaPreparation","champ:ShieldWall","hubris:DuctTapeCard+2","champ:Encircle+1","champ:BerserkersShout","champ:GutPunch","champ:PreciseThrust"],"relics":["champ:ChampionCrown","Tiny Chest","hubris:DuctTape","CeramicFish"],"acts_visited":["Exordium"],"potions_floor_usage":[15],"damage_taken":[{"damage":21,"enemies":"Jaw Worm","floor":3,"turns":3},{"damage":10,"enemies":"2 Louse","floor":4,"turns":2},{"damage":12,"enemies":"downfall:FleeingMerchant","floor":5,"turns":4},{"damage":24,"enemies":"Gremlin Nob","floor":6,"turns":5},{"damage":15,"enemies":"Small Slimes","floor":9,"turns":3},{"damage":12,"enemies":"3 Louse","floor":11,"turns":3},{"damage":14,"enemies":"Blue Slaver","floor":14,"turns":3},{"damage":48,"enemies":"Exordium Wildlife","floor":15,"turns":3},{"damage":78,"enemies":"WA_ARCHETYPE_RETAIN","floor":16,"turns":4}],"seed_played":"-3189765927637140293","potions_obtained":[{"floor":6,"key":"Fire Potion"},{"floor":11,"key":"AttackPotion"}],"is_trial":false,"path_per_floor":["R","?","M","M","$","E","T","R","M","R","M","?","R","M","M","B"],"character_chosen":"THE_CHAMP","items_purchased":["champ:ShieldWall","champ:BringItOn"],"campfire_rested":1,"item_purchase_floors":[5,5],"current_hp_per_floor":[99,99,88,88,86,72,72,72,67,67,65,62,91,87,69,0,0,0],"gold":220,"neow_bonus":"TEN_PERCENT_HP_BONUS","is_daily":false,"chose_seed":false,"campfire_upgraded":3,"win_rate":0.0,"timestamp":1611857616,"path_taken":["R","?","M","M","$","E","T","R","M","R","M","?","R","M","M","BOSS"],"items_purchased_type":["Card","Card"],"build_version":"2020-12-22","purchased_purges":0,"victory":false,"max_hp_per_floor":[99,99,99,99,99,99,99,99,99,99,99,99,99,99,99,99,99,99],"card_choices":[{"not_picked":["champ:FocusedDefense","champ:Duel"],"picked":"champ:SkillfulDodge","floor":3},{"not_picked":["champ:SkillfulDodge","champ:GladiatorStyle"],"picked":"champ:TornadoPunch","floor":4},{"not_picked":["champ:ShieldSlam","champ:GutPunch"],"picked":"champ:ArenaPreparation","floor":5},{"not_picked":["champ:FocusedBerserking","champ:PerfectedStrike"],"picked":"champ:FaceSlap","floor":6},{"not_picked":["champ:EnGarde","champ:FanOfKnives"],"picked":"champ:Encircle","floor":9},{"not_picked":["champ:EndlessRage","champ:HeartStrike"],"picked":"champ:BerserkersShout","floor":11},{"not_picked":["champ:CrookedStrike","champ:FalseCounter"],"picked":"champ:GutPunch","floor":14},{"not_picked":["champ:Encircle","champ:DeathBlow"],"picked":"champ:PreciseThrust","floor":15}],"player_experience":350670,"relics_obtained":[{"floor":6,"key":"Tiny Chest"},{"floor":7,"key":"hubris:DuctTape"}],"event_choices":[{"damage_healed":0,"gold_gain":0,"player_choice":"Success","damage_taken":3,"relics_obtained":["CeramicFish"],"max_hp_gain":0,"max_hp_loss":0,"event_name":"Scrap Ooze","floor":12,"gold_loss":0}],"is_beta":false,"boss_relics":[],"items_purged_floors":[],"is_endless":false,"potions_floor_spawned":[6,11],"killed_by":"WA_ARCHETYPE_RETAIN","ascension_level":0}}