{"host":"wshh0nphwn6jv7vj","time":1611876198,"event":{"mods":["BaseMod","Bestiary","Minty Spire (QoL Compilation)","Relic Stats"],"gold_per_floor":[117,137,137,148,223,250,250,250,250,285,285,285,315,335,335,335,335],"floor_reached":16,"language":"ENG","playtime":821,"items_purged":[],"score":218,"play_id":"486d43a4-e4e6-4fd5-816c-eafcce1bc9ff","local_time":"20210128182318","is_ascension_mode":true,"campfire_choices":[{"floor":7,"key":"REST"},{"floor":11,"key":"REST"},{"floor":15,"key":"REST"}],"circlet_count":0,"master_deck":["AscendersBane","Strike_P","Strike_P","Strike_P","Defend_P","Defend_P","Defend_P","Defend_P","Eruption","Vigilance","WaveOfTheHand","ReachHeaven","Protect","Tantrum","Wireheading","Study","Parasite","Evaluate","FlyingSleeves"],"relics":["PureWater","NeowsBlessing","StrikeDummy","Mercury Hourglass","Matryoshka","Ornamental Fan"],"acts_visited":["Exordium"],"potions_floor_usage":[6,14],"damage_taken":[{"damage":0,"enemies":"Small Slimes","floor":1,"turns":2},{"damage":0,"enemies":"Jaw Worm","floor":2,"turns":1},{"damage":0,"enemies":"2 Louse","floor":4,"turns":2},{"damage":39,"enemies":"Gremlin Nob","floor":6,"turns":6},{"damage":22,"enemies":"3 Sentries","floor":10,"turns":7},{"damage":32,"enemies":"Gremlin Nob","floor":13,"turns":3},{"damage":8,"enemies":"Exordium Wildlife","floor":14,"turns":5},{"damage":26,"enemies":"The Guardian","floor":16,"turns":5}],"seed_played":"-7636005779423198420","potions_obtained":[{"floor":1,"key":"PowerPotion"},{"floor":13,"key":"AttackPotion"}],"is_trial":false,"path_per_floor":["M","M","?","M","?","E","R","?","T","E","R","?","E","M","R","B"],"character_chosen":"WATCHER","items_purchased":[],"campfire_rested":3,"item_purchase_floors":[],"current_hp_per_floor":[61,61,61,61,50,11,31,31,31,9,29,46,14,6,26,0,0],"gold":335,"neow_bonus":"THREE_ENEMY_KILL","is_daily":false,"chose_seed":false,"campfire_upgraded":0,"win_rate":0.0,"timestamp":1611876198,"path_taken":["M","M","?","M","?","E","R","?","T","E","R","?","E","M","R","BOSS"],"items_purchased_type":[],"build_version":"2020-12-22","purchased_purges":0,"victory":false,"max_hp_per_floor":[68,68,68,68,68,68,68,68,68,68,68,68,68,68,68,68,68],"relic_stats":{"counters":[8,31],"Ornamental Fan":[4],"obtain_stats":[{"Matryoshka":10,"NeowsBlessing":0,"Ornamental Fan":13,"PureWater":0,"StrikeDummy":6,"Mercury Hourglass":9},{"Matryoshka":5,"NeowsBlessing":0,"Ornamental Fan":6,"PureWater":0,"StrikeDummy":4,"Mercury Hourglass":4},{"Matryoshka":18,"NeowsBlessing":0,"Ornamental Fan":21,"PureWater":0,"StrikeDummy":11,"Mercury Hourglass":11}],"Mercury Hourglass":[87]},"card_choices":[{"not_picked":["WindmillStrike","EmptyMind"],"picked":"WaveOfTheHand","floor":1},{"not_picked":["Fasting2","Prostrate"],"picked":"ReachHeaven","floor":2},{"not_picked":["Study","Crescendo"],"picked":"Protect","floor":4},{"not_picked":["EmptyFist","LikeWater"],"picked":"Tantrum","floor":6},{"not_picked":["CarveReality","EmptyBody"],"picked":"Study","floor":10},{"not_picked":["JustLucky","Weave"],"picked":"Evaluate","floor":13},{"not_picked":["Prostrate","Vengeance"],"picked":"FlyingSleeves","floor":14}],"player_experience":1618499,"relics_obtained":[{"floor":6,"key":"StrikeDummy"},{"floor":9,"key":"Mercury Hourglass"},{"floor":10,"key":"Matryoshka"},{"floor":13,"key":"Ornamental Fan"}],"event_choices":[{"damage_healed":0,"gold_gain":0,"player_choice":"Ignored","damage_taken":0,"max_hp_gain":0,"max_hp_loss":0,"event_name":"Liars Game","floor":3,"gold_loss":0},{"damage_healed":0,"gold_gain":75,"player_choice":"Gather Gold","damage_taken":11,"max_hp_gain":0,"max_hp_loss":0,"event_name":"World of Goop","floor":5,"gold_loss":0},{"damage_healed":0,"gold_gain":0,"cards_transformed":["Strike_P"],"player_choice":"Change","damage_taken":0,"max_hp_gain":0,"max_hp_loss":0,"event_name":"Living Wall","floor":8,"gold_loss":0,"cards_obtained":["Wireheading"]},{"damage_healed":17,"gold_gain":0,"player_choice":"Healed and dodged fight","damage_taken":0,"max_hp_gain":0,"max_hp_loss":0,"event_name":"Mushrooms","floor":12,"gold_loss":0,"cards_obtained":["Parasite"]}],"is_beta":false,"boss_relics":[],"items_purged_floors":[],"is_endless":false,"potions_floor_spawned":[1,13],"killed_by":"The Guardian","ascension_level":17}}