{"host":"7k2a2omxz3voj5ax","time":1611842999,"event":{"mods":["BaseMod","Marisa£¨ìFÓê¡¡Ä§ÀíÉ³£©","Minty Spire (QoL Compilation)","Quick Restart","Spicy Shops","StSLib","Starting Relic: Pandora\u0027s Box","Yakumo Yukari mod","¡¾ÒÅÎï¿¨ÅÆ¡¿REMEMod","óô»ðÖ¸ÄÏ"],"gold_per_floor":[118,135,152,163,163,9,37,37,37,51,51,51,68,68,81,81,6,109,109,121,44,54,68,68,101,101,111,129,209,109,136,11,128,128,128,212,240,316,13,301,301,483,647,166,785,1145,815,815,1146,1146,1146,1253,947,1526,1699,1807,1501,2383],"floor_reached":59,"language":"ZHS","playtime":1947,"items_purged":["DarkSpark","SporeBomb","DC+1","UpSweep+1","PowerUp+1","Flash of Steel","Finesse"],"score":970,"play_id":"0c81cd56-04ce-433b-b807-b6dc91ac463d","local_time":"20210128230959","is_ascension_mode":false,"campfire_choices":[{"data":"Singularity","floor":8.0,"key":"SMITH"},{"data":"PowerUp","floor":12.0,"key":"SMITH"},{"data":"DC","floor":14.0,"key":"SMITH"},{"data":"UpSweep","floor":16.0,"key":"SMITH"}],"circlet_count":0,"master_deck":["Singularity+1","Skim+1","6A","Robbery","BlazeAway+1","UltimateShortwave+1","REME_ShortnessOfBreath+1","REME_ShortnessOfBreath+1","Singularity+1"],"relics":["MiniHakkero","REME_ComplimentaryCards","NeowsBlessing","Lantern","REME_PuzzleBoxRelic","REME_HandOfSuture","REME_LowDesire","Toy Ornithopter","Centennial Puzzle","REME_LimitBreaker","Toxic Egg 2","Bag of Preparation","Empty Cage","Omamori","Medical Kit","Kunai","Mummified Hand","Letter Opener","Ice Cream","Torii"],"acts_visited":["Exordium","TheCity","TheBeyond"],"potions_floor_usage":[36],"damage_taken":[{"damage":0.0,"enemies":"2 Louse","floor":1.0,"turns":1.0},{"damage":0.0,"enemies":"Cultist","floor":2.0,"turns":1.0},{"damage":0.0,"enemies":"Small Slimes","floor":3.0,"turns":1.0},{"damage":0.0,"enemies":"Red Slaver","floor":4.0,"turns":1.0},{"damage":27.0,"enemies":"3 Sentries","floor":7.0,"turns":4.0},{"damage":10.0,"enemies":"Exordium Thugs","floor":10.0,"turns":2.0},{"damage":0.0,"enemies":"Blue Slaver","floor":13.0,"turns":1.0},{"damage":0.0,"enemies":"Exordium Wildlife","floor":15.0,"turns":1.0},{"damage":14.0,"enemies":"The Guardian","floor":18.0,"turns":4.0},{"damage":5.0,"enemies":"3 Byrds","floor":20.0,"turns":2.0},{"damage":0.0,"enemies":"Spheric Guardian","floor":22.0,"turns":2.0},{"damage":0.0,"enemies":"Centurion and Healer","floor":23.0,"turns":3.0},{"damage":9.0,"enemies":"Slavers","floor":25.0,"turns":2.0},{"damage":1.0,"enemies":"Snake Plant","floor":27.0,"turns":2.0},{"damage":0.0,"enemies":"Sentry and Sphere","floor":28.0,"turns":1.0},{"damage":10.0,"enemies":"Gremlin Leader","floor":31.0,"turns":2.0},{"damage":0.0,"enemies":"Cultist and Chosen","floor":33.0,"turns":3.0},{"damage":4,"enemies":"Centurion and Healer","floor":36,"turns":3},{"damage":0,"enemies":"Snecko","floor":37,"turns":2},{"damage":0,"enemies":"Snake Plant","floor":38,"turns":2},{"damage":0,"enemies":"Automaton","floor":40,"turns":2},{"damage":0,"enemies":"Orb Walker","floor":42,"turns":1},{"damage":0,"enemies":"3 Darklings","floor":43,"turns":1},{"damage":0,"enemies":"Maw","floor":45,"turns":1},{"damage":0,"enemies":"Spire Growth","floor":46,"turns":1},{"damage":0,"enemies":"3 Darklings","floor":49,"turns":1},{"damage":0,"enemies":"Sphere and 2 Shapes","floor":52,"turns":1},{"damage":0,"enemies":"Maw","floor":54,"turns":1},{"damage":0,"enemies":"Jaw Worm Horde","floor":55,"turns":1},{"damage":0,"enemies":"Sphere and 2 Shapes","floor":56,"turns":1},{"damage":0,"enemies":"Time Eater","floor":58,"turns":2}],"seed_played":"-5979566005783958312","potions_obtained":[{"floor":2.0,"key":"BottledSpark"},{"floor":7.0,"key":"BlessingOfTheForge"},{"floor":10.0,"key":"Weak Potion"},{"floor":15.0,"key":"LiquidBronze"},{"floor":28.0,"key":"Regen Potion"},{"floor":31.0,"key":"DistilledChaos"},{"floor":37,"key":"Ancient Potion"},{"floor":40,"key":"DuplicationPotion"}],"is_trial":false,"path_per_floor":["M","M","M","M","?","R","E","R","T","M","?","R","M","R","M","R","R","B",null,"M","$","M","M","?","E","?","M","M","T","$","E","R","M","$","?","M","M","M","R","B",null,"M","M","$","M","M","R","?","M","T","T","M","R","M","M","M","R","B",null],"character_chosen":"MARISA","items_purchased":["Lantern","6A","Bag of Preparation","Omamori","Medical Kit","Kunai","Ice Cream","Torii"],"campfire_rested":0,"item_purchase_floors":[6,21,39,44,44,47,53,57],"current_hp_per_floor":[75,75,75,75,60,60,33,33,33,23,23,23,23,23,23,23,23,9,75,70,70,70,74,74,65,65,69,69,69,69,59,59,59,59,59,65,65,65,65,65,75,75,75,75,75,75,75,75,75,75,75,75,75,75,75,75,75,75],"gold":2383,"neow_bonus":"THREE_ENEMY_KILL","is_daily":false,"chose_seed":false,"campfire_upgraded":4,"win_rate":0.0,"timestamp":1611842999,"path_taken":["M","M","M","M","?","R","E","R","T","M","?","R","M","R","?","R","R","BOSS","M","$","M","?","?","E","?","M","?","T","$","E","R","M","?","?","M","M","M","R","BOSS","M","M","$","M","M","R","?","M","T","T","M","R","M","M","?","R","BOSS"],"items_purchased_type":["Relic","Card","Relic","Relic","Relic","Relic","Relic","Relic"],"build_version":"2020-12-22","purchased_purges":7,"victory":true,"max_hp_per_floor":[75,75,75,75,75,75,75,75,75,75,75,75,75,75,75,75,75,75,75,75,75,75,75,75,75,75,75,75,75,75,75,75,75,75,75,75,75,75,75,75,75,75,75,75,75,75,75,75,75,75,75,75,75,75,75,75,75,75],"card_choices":[{"not_picked":["PowerUp","GravityBeat","StarlightTyphoon"],"picked":"SKIP","floor":1.0},{"not_picked":["MysteriousBeam","EnergyRecoil","LuminesStrike"],"picked":"SKIP","floor":2.0},{"not_picked":["StarBarrage","BlazingStar","UnstableBomb"],"picked":"SKIP","floor":3.0},{"not_picked":["ShootingEcho","PowerUp","LuminesStrike"],"picked":"SKIP","floor":4.0},{"not_picked":["MysteriousBeam","WitchOfGreed","Acceleration"],"picked":"SKIP","floor":7.0},{"not_picked":["DC","NonDirectionalLaser","GalacticHalo"],"picked":"SKIP","floor":10.0},{"not_picked":["StarlightTyphoon","DC","ShootingEcho"],"picked":"SKIP","floor":13.0},{"not_picked":["MagicChant","IllusionStar","LuminesStrike"],"picked":"SKIP","floor":15.0},{"not_picked":["RefractionSpark+1","SuperPerseids+1","ChargingUp"],"picked":"Finesse","floor":20.0},{"not_picked":["WitchOfGreed","OneTimeOff+1","GrandCross+1","Trip"],"picked":"SKIP","floor":22.0},{"not_picked":["UnstableBomb","PowerUp","OneTimeOff","REME_BattleFury"],"picked":"SKIP","floor":23.0},{"not_picked":["Orbital","MeteoricShower","PropBag"],"picked":"Flash of Steel","floor":25.0},{"not_picked":["EventHorizon","WitchLeyline+1","DoubleSpark","Panache"],"picked":"SKIP","floor":27.0},{"not_picked":["MeteoricShower","ManaConvection","ShootingEcho","REME_MawOfCthun"],"picked":"SKIP","floor":28.0},{"not_picked":["SporeBomb+1","GalacticHalo+1","REME_ProfessionalPlagiarism+1"],"picked":"Robbery","floor":31.0},{"not_picked":["WitchOfGreed","Robbery","ShootingEcho","REME_MagicPocketWatch+1"],"picked":"SKIP","floor":33.0},{"not_picked":["PropBag+1","MachineGunSpark","GrandCross","REME_FirmDetermination"],"picked":"SKIP","floor":36},{"not_picked":["WitchLeyline+1","PowerUp+1","OrrerysSun","Secret Weapon+1"],"picked":"SKIP","floor":37},{"not_picked":["Singularity","DarkMatter+1","Apotheosis+1"],"picked":"BlazeAway+1","floor":38},{"not_picked":["StarDustReverie+1","FinalSpark","Enlightenment+1"],"picked":"UltimateShortwave+1","floor":40},{"not_picked":["GravityBeat+1","WitchLeyline","FairyDestructionRay+1","REME_TwoStrings+1"],"picked":"SKIP","floor":42},{"not_picked":["WitchOfGreed+1","IllusionStar+1","NonDirectionalLaser+1","Swift Strike+1"],"picked":"SKIP","floor":43},{"not_picked":["PowerUp+1","WitchLeyline","DoubleSpark+1"],"picked":"REME_ShortnessOfBreath+1","floor":45},{"not_picked":["AsteroidBelt+1","NonDirectionalLaser","DeepEcoloBomb"],"picked":"REME_ShortnessOfBreath+1","floor":46},{"not_picked":["IllusionStar+1","GalacticHalo+1","MilkyWay+1","REME_MagicPocketWatch+1"],"picked":"SKIP","floor":49},{"not_picked":["MysteriousBeam","LuminesStrike","WitchLeyline+1","PanicButton+1"],"picked":"SKIP","floor":52},{"not_picked":["Orbital+1","NonDirectionalLaser","MagicAbsorber+1","Dark Shackles+1"],"picked":"SKIP","floor":54},{"not_picked":["AlicesGift+1","SuperPerseids+1","FairyDestructionRay+1","Blind+1"],"picked":"SKIP","floor":55},{"not_picked":["WitchLeyline","MilkyWay+1","OrrerysSun","Mind Blast"],"picked":"SKIP","floor":56}],"player_experience":267334,"relics_obtained":[{"floor":7.0,"key":"REME_PuzzleBoxRelic"},{"floor":9.0,"key":"REME_HandOfSuture"},{"floor":19.0,"key":"Toy Ornithopter"},{"floor":19.0,"key":"Centennial Puzzle"},{"floor":25.0,"key":"REME_LimitBreaker"},{"floor":31.0,"key":"Toxic Egg 2"},{"floor":50,"key":"Mummified Hand"},{"floor":51,"key":"Letter Opener"}],"event_choices":[{"damage_healed":0.0,"max_hp_gain":0.0,"max_hp_loss":0.0,"gold_gain":0.0,"event_name":"Shining Light","player_choice":"Entered Light","floor":5.0,"gold_loss":0.0,"damage_taken":15.0,"cards_upgraded":["ShootingEcho","Skim"]},{"damage_healed":0.0,"max_hp_gain":0.0,"max_hp_loss":0.0,"gold_gain":0.0,"event_name":"NoteForYourself","player_choice":"Ignored","floor":11.0,"gold_loss":0.0,"damage_taken":0.0},{"cards_removed":["MasterSpark"],"damage_healed":0.0,"max_hp_gain":0.0,"max_hp_loss":0.0,"gold_gain":0.0,"event_name":"Back to Basics","player_choice":"Elegance","floor":24.0,"gold_loss":0.0,"damage_taken":0.0},{"cards_removed":["DoubleSpark"],"damage_healed":0.0,"max_hp_gain":0.0,"max_hp_loss":0.0,"gold_gain":0.0,"event_name":"Purifier","player_choice":"Purged","floor":26.0,"gold_loss":0.0,"damage_taken":0.0},{"damage_healed":0,"gold_gain":0,"player_choice":"Copied","damage_taken":0,"max_hp_gain":0,"max_hp_loss":0,"event_name":"Duplicator","floor":48,"gold_loss":0,"cards_obtained":["Singularity"]}],"is_beta":false,"boss_relics":[{"not_picked":["Tiny House","Black Star"],"picked":"REME_LowDesire"},{"not_picked":["Runic Dome","Runic Pyramid"],"picked":"Empty Cage"}],"items_purged_floors":[17,30,32,39,44,47,53],"is_endless":false,"potions_floor_spawned":[2,7,10,15,20,28,31,37,40,42,43,45],"ascension_level":0}}