{"host":"c44ey07ufggfw2m8","time":1611847625,"event":{"mods":["2.2 Compatiblity","BaseMod","Colored Map","DeckTracker","Highlight Path","Keyboard Shortcuts","Minty Spire (QoL Compilation)","Permanent Neow","Quick Restart","StSLib","SuperFastMode","UnlockEverythingMod"],"gold_per_floor":[15,26,26,26,26,57,57,90,90,106,124,124,158,168,168,273,273,289,214,224,224,224,224,244,244,270,296,308,220,135,150,150,249,249,263,263,308,327,339,339,389,419,419,72,72,99,115,144,144,144],"floor_reached":51,"language":"KOR","playtime":2930,"items_purged":["Regret","Study","Swivel"],"score":952,"play_id":"3fe8379d-a271-4b9f-965b-454e6ebd21a9","local_time":"20210129002705","is_ascension_mode":true,"campfire_choices":[{"data":"Eruption","floor":7.0,"key":"SMITH"},{"data":"Study","floor":15.0,"key":"SMITH"},{"data":"Wallop","floor":23.0,"key":"SMITH"},{"data":"Scrawl","floor":25.0,"key":"SMITH"},{"data":"MentalFortress","floor":32.0,"key":"SMITH"},{"data":"Vault","floor":45,"key":"SMITH"},{"floor":49,"key":"REST"}],"circlet_count":0,"master_deck":["Defend_P","Defend_P","Defend_P+1","Eruption+1","Vigilance","SandsOfTime","WheelKick+1","Wireheading","Devotion","Prostrate+1","Wallop+1","Study+1","Halt","MasterReality","FearNoEvil+1","Tantrum","Scrawl+1","MentalFortress+1","Vault+1","Adaptation+1","ClearTheMind","FearNoEvil+1","MentalFortress","InnerPeace","Meditate+1"],"relics":["HolyWater","TungstenRod","CloakClasp","TeardropLocket","Unceasing Top","War Paint","MawBank","Enchiridion","StoneCalendar","Black Star","Girya","Ginger","Damaru","Happy Flower","Blue Candle","Pen Nib","Blood Vial","Mercury Hourglass","Prayer Wheel","Whetstone"],"acts_visited":["Exordium","TheCity","TheBeyond"],"potions_floor_usage":[42,50],"damage_taken":[{"damage":0.0,"enemies":"Cultist","floor":1.0,"turns":3.0},{"damage":0.0,"enemies":"Jaw Worm","floor":2.0,"turns":3.0},{"damage":20.0,"enemies":"Lagavulin","floor":6.0,"turns":6.0},{"damage":2.0,"enemies":"Gremlin Nob","floor":8.0,"turns":2.0},{"damage":1.0,"enemies":"Small Slimes","floor":10.0,"turns":2.0},{"damage":0.0,"enemies":"2 Fungi Beasts","floor":11.0,"turns":2.0},{"damage":5.0,"enemies":"3 Sentries","floor":13.0,"turns":5.0},{"damage":1.0,"enemies":"Gremlin Gang","floor":14.0,"turns":4.0},{"damage":5.0,"enemies":"The Guardian","floor":16.0,"turns":7.0},{"damage":7.0,"enemies":"Shell Parasite","floor":18.0,"turns":5.0},{"damage":10.0,"enemies":"3 Byrds","floor":20.0,"turns":6.0},{"damage":9.0,"enemies":"3 Cultists","floor":24.0,"turns":4.0},{"damage":0.0,"enemies":"Sentry and Sphere","floor":27.0,"turns":4.0},{"damage":0.0,"enemies":"Snake Plant","floor":31.0,"turns":3.0},{"damage":2.0,"enemies":"Champ","floor":33.0,"turns":8.0},{"damage":0.0,"enemies":"3 Darklings","floor":35.0,"turns":4.0},{"damage":0.0,"enemies":"2 Orb Walkers","floor":37.0,"turns":4.0},{"damage":0.0,"enemies":"Orb Walker","floor":38.0,"turns":3.0},{"damage":0.0,"enemies":"4 Shapes","floor":39.0,"turns":4.0},{"damage":25.0,"enemies":"Nemesis","floor":40.0,"turns":6.0},{"damage":0,"enemies":"Mind Bloom Boss Battle","floor":41,"turns":5},{"damage":0,"enemies":"Giant Head","floor":42,"turns":5},{"damage":22,"enemies":"Nemesis","floor":46,"turns":6},{"damage":0,"enemies":"Jaw Worm Horde","floor":47,"turns":3},{"damage":0,"enemies":"Giant Head","floor":48,"turns":4},{"damage":25,"enemies":"Time Eater","floor":50,"turns":8}],"seed_played":"6991191362418444200","potions_obtained":[{"floor":1.0,"key":"SneckoOil"},{"floor":8.0,"key":"DuplicationPotion"},{"floor":11.0,"key":"FearPotion"},{"floor":16.0,"key":"GamblersBrew"},{"floor":20.0,"key":"GamblersBrew"},{"floor":33.0,"key":"Energy Potion"},{"floor":37.0,"key":"SmokeBomb"},{"floor":41,"key":"Strength Potion"},{"floor":42,"key":"Weak Potion"}],"is_trial":false,"path_per_floor":["M","M","?","?","$","E","R","E","T","M","M","?","E","M","R","B",null,"M","$","M","?","?","R","M","R","T","M","?","$","?","M","R","B",null,"M","?","?","M","M","E","?","E","T","$","R","E","M","E","R","B",null],"character_chosen":"WATCHER","items_purchased":["StancePotion","Pen Nib"],"campfire_rested":1,"item_purchase_floors":[44,44],"current_hp_per_floor":[72,72,72,72,72,52,52,50,50,49,49,43,38,37,37,32,72,65,65,55,55,55,55,46,46,46,46,34,34,34,34,34,32,72,72,72,72,72,72,47,47,47,47,47,47,25,27,29,50,27],"gold":144,"neow_bonus":"REMOVE_TWO","is_daily":false,"chose_seed":false,"campfire_upgraded":6,"win_rate":0.0,"timestamp":1611847625,"path_taken":["M","M","?","?","?","E","R","E","T","M","?","?","E","M","R","BOSS","M","$","M","?","?","R","M","R","T","?","?","$","?","M","R","BOSS","M","?","?","M","M","E","?","E","T","$","R","E","M","E","R","BOSS"],"items_purchased_type":["Potion","Relic"],"build_version":"2020-12-22","purchased_purges":3,"victory":true,"max_hp_per_floor":[72,72,72,72,72,72,72,72,72,72,72,72,72,72,72,72,72,72,72,72,72,72,72,72,72,72,72,72,72,72,72,72,72,72,72,72,72,72,72,72,72,72,72,72,72,72,72,72,72,72],"card_choices":[{"not_picked":["EmptyBody","EmptyFist"],"picked":"SandsOfTime","floor":1.0},{"not_picked":["FollowUp","Consecrate"],"picked":"WheelKick","floor":2.0},{"not_picked":["Wish","Pray"],"picked":"Devotion","floor":6.0},{"not_picked":["Pray","Crescendo"],"picked":"Swivel","floor":8.0},{"not_picked":["FollowUp","Pray"],"picked":"Prostrate","floor":10.0},{"not_picked":["Consecrate","CutThroughFate"],"picked":"Wallop","floor":11.0},{"not_picked":["Pray","Fasting2"],"picked":"Study","floor":13.0},{"not_picked":["SignatureMove","Evaluate"],"picked":"Halt","floor":14.0},{"not_picked":["Alpha","Wish"],"picked":"MasterReality","floor":16.0},{"not_picked":["DeceiveReality+1","PathToVictory+1","Wallop"],"picked":"SKIP","floor":18.0},{"not_picked":["Evaluate","Swivel"],"picked":"FearNoEvil+1","floor":20.0},{"not_picked":["PathToVictory","EmptyFist"],"picked":"Scrawl","floor":24.0},{"not_picked":["Prostrate","BowlingBash","FollowUp"],"picked":"SKIP","floor":27.0},{"not_picked":["FlurryOfBlows","FearNoEvil"],"picked":"MentalFortress","floor":31.0},{"not_picked":["Blasphemy","Wish"],"picked":"Vault","floor":33.0},{"not_picked":["FlurryOfBlows","Crescendo","ReachHeaven"],"picked":"SKIP","floor":35.0},{"not_picked":["Halt","ReachHeaven"],"picked":"Adaptation+1","floor":38.0},{"not_picked":["FlyingSleeves","Halt+1"],"picked":"ClearTheMind","floor":39.0},{"not_picked":["PathToVictory+1","Halt"],"picked":"FearNoEvil","floor":42},{"not_picked":["Tantrum","DeceiveReality"],"picked":"MentalFortress","floor":46},{"not_picked":["SashWhip","Consecrate"],"picked":"InnerPeace","floor":47},{"not_picked":["ClearTheMind+1","FearNoEvil+1"],"picked":"Meditate+1","floor":48}],"player_experience":80285,"relics_obtained":[{"floor":6.0,"key":"CloakClasp"},{"floor":8.0,"key":"TeardropLocket"},{"floor":9.0,"key":"Unceasing Top"},{"floor":13.0,"key":"War Paint"},{"floor":26.0,"key":"MawBank"},{"floor":28.0,"key":"Enchiridion"},{"floor":37.0,"key":"Girya"},{"floor":41,"key":"Ginger"},{"floor":42,"key":"Damaru"},{"floor":42,"key":"Happy Flower"},{"floor":43,"key":"Blue Candle"},{"floor":46,"key":"Blood Vial"},{"floor":46,"key":"Mercury Hourglass"},{"floor":48,"key":"Prayer Wheel"},{"floor":48,"key":"Whetstone"}],"event_choices":[{"damage_healed":0.0,"max_hp_gain":0.0,"max_hp_loss":0.0,"gold_gain":0.0,"cards_transformed":["Strike_P"],"event_name":"Living Wall","player_choice":"Change","floor":3.0,"gold_loss":0.0,"damage_taken":0.0,"cards_obtained":["Wireheading"]},{"damage_healed":0.0,"max_hp_gain":0.0,"max_hp_loss":0.0,"gold_gain":0.0,"event_name":"Big Fish","player_choice":"Box","floor":4.0,"gold_loss":0.0,"damage_taken":0.0,"relics_obtained":["TungstenRod"],"cards_obtained":["Regret"]},{"cards_removed":["Strike_P"],"damage_healed":0.0,"max_hp_gain":0.0,"max_hp_loss":0.0,"gold_gain":0.0,"event_name":"Golden Wing","player_choice":"Card Removal","floor":12.0,"gold_loss":0.0,"damage_taken":7.0},{"damage_healed":0.0,"max_hp_gain":0.0,"max_hp_loss":0.0,"gold_gain":0.0,"event_name":"The Library","player_choice":"Read","floor":21.0,"gold_loss":0.0,"damage_taken":0.0,"cards_obtained":["Tantrum"]},{"damage_healed":0.0,"max_hp_gain":0.0,"max_hp_loss":0.0,"gold_gain":0.0,"cards_transformed":["Strike_P"],"event_name":"Transmorgrifier","player_choice":"Transformed","floor":22.0,"gold_loss":0.0,"damage_taken":0.0,"cards_obtained":["Study"]},{"damage_healed":0.0,"max_hp_gain":0.0,"max_hp_loss":0.0,"gold_gain":0.0,"event_name":"Cursed Tome","player_choice":"Obtained Book","floor":28.0,"gold_loss":0.0,"damage_taken":16.0},{"damage_healed":0.0,"max_hp_gain":0.0,"max_hp_loss":0.0,"gold_gain":0.0,"event_name":"Addict","player_choice":"Obtained Relic","floor":30.0,"gold_loss":85.0,"damage_taken":0.0,"relics_obtained":["StoneCalendar"]},{"damage_healed":0.0,"max_hp_gain":0.0,"max_hp_loss":0.0,"gold_gain":0.0,"event_name":"SensoryStone","player_choice":"Memory 1","floor":36.0,"gold_loss":0.0,"damage_taken":0.0},{"damage_healed":0.0,"max_hp_gain":0.0,"max_hp_loss":0.0,"gold_gain":0.0,"event_name":"Mysterious Sphere","player_choice":"Fight","floor":37.0,"gold_loss":0.0,"damage_taken":0.0},{"damage_healed":0,"gold_gain":0,"player_choice":"Fight","damage_taken":0,"max_hp_gain":0,"max_hp_loss":0,"event_name":"MindBloom","floor":41,"gold_loss":0}],"is_beta":false,"boss_relics":[{"not_picked":["SlaversCollar","SacredBark"],"picked":"HolyWater"},{"not_picked":["Philosopher\u0027s Stone","Runic Dome"],"picked":"Black Star"}],"items_purged_floors":[19,29,44],"is_endless":false,"potions_floor_spawned":[1,8,11,16,20,33,37,41,42,47,48],"ascension_level":1}}