{"host":"5ddwedapke4fsx0r","time":1611847023,"event":{"mods":["BaseMod","Downfall","Hermit","Infinite Spire","Minty Spire (QoL Compilation)","StSLib","The Cursed","The Dragon Tamer"],"gold_per_floor":[99,110,126,126,143,177,177,189,189,202,202,187,87,112,124,124,124],"floor_reached":16,"language":"ENG","playtime":1077,"items_purged":[],"score":107,"play_id":"d2cf9b70-1887-4115-ac29-8132da146a70","local_time":"20210128161703","is_ascension_mode":true,"campfire_choices":[{"data":"TheCursedMod:CursedBlade","floor":1,"key":"SMITH"},{"floor":9,"key":"RECALL"},{"data":"TheCursedMod:CleanUpWorkshop","floor":13,"key":"SMITH"}],"circlet_count":0,"master_deck":["TheCursedMod:Strike_TheCursed","TheCursedMod:Defend_TheCursed","TheCursedMod:Defend_TheCursed","TheCursedMod:CursedWand","TheCursedMod:CleanUpWorkshop+1","TheCursedMod:Dregs","TheCursedMod:NeowsMight","TheCursedMod:CursedBlade+1","TheCursedMod:SpitefulPray","TheCursedMod:RavingStaff","Shame","TheCursedMod:CircleOfFlame","TheCursedMod:Evocation","TheCursedMod:CursedAmulet","TheCursedMod:CursedSpellbook","TheCursedMod:CursedBlade","TheCursedMod:SpitefulStrike"],"relics":["TheCursedMod:BlackMagic101","infinitespire:BottledMercury","Blood Vial","downfall:HeartBlessingRed","Happy Flower"],"acts_visited":["Exordium"],"potions_floor_usage":[6,6,16],"damage_taken":[{"damage":0,"enemies":"2 Louse","floor":2,"turns":1},{"damage":4,"enemies":"Cultist","floor":3,"turns":3},{"damage":0,"enemies":"Jaw Worm","floor":5,"turns":1},{"damage":14,"enemies":"Gremlin Nob","floor":6,"turns":3},{"damage":7,"enemies":"Blue Slaver","floor":8,"turns":3},{"damage":0,"enemies":"Exordium Thugs","floor":10,"turns":3},{"damage":0,"enemies":"downfall:FleeingMerchant","floor":12,"turns":4},{"damage":0,"enemies":"Exordium Wildlife","floor":15,"turns":2},{"damage":62,"enemies":"IC_STATUS_ARCHETYPE","floor":16,"turns":10}],"seed_played":"-5345870729179479371","potions_obtained":[{"floor":2,"key":"bronze:BurnAndBuffPotion"},{"floor":3,"key":"DistilledChaos"},{"floor":5,"key":"sneckomod:MuddlingPotion"},{"floor":6,"key":"BlessingOfTheForge"}],"is_trial":false,"path_per_floor":["R","M","M","?","M","E","T","M","R","M","?","$","R","T","M","B"],"character_chosen":"THE_CURSED","items_purchased":[],"campfire_rested":0,"item_purchase_floors":[],"current_hp_per_floor":[75,75,71,71,71,57,57,52,52,54,54,56,56,56,58,0,0],"gold":124,"neow_bonus":"TRANSFORM_TWO_CARDS","is_daily":false,"chose_seed":false,"campfire_upgraded":2,"win_rate":0.0,"timestamp":1611847023,"path_taken":["R","M","M","?","?","E","T","M","R","M","?","$","R","?","M","BOSS"],"items_purchased_type":[],"build_version":"2020-12-22","purchased_purges":0,"victory":false,"max_hp_per_floor":[75,75,75,75,75,75,75,75,75,75,75,75,75,75,75,75,75],"card_choices":[{"not_picked":["TheCursedMod:CircleOfCorruption","TheCursedMod:CursedShiv"],"picked":"TheCursedMod:SpitefulPray","floor":2},{"not_picked":["TheCursedMod:PrepareRite","TheCursedMod:ManaBullet"],"picked":"TheCursedMod:RavingStaff","floor":3},{"not_picked":["TheCursedMod:FuryStrike","TheCursedMod:Stigma"],"picked":"TheCursedMod:CircleOfFlame","floor":5},{"not_picked":["TheCursedMod:VitalStrike","TheCursedMod:CircleOfAmplification"],"picked":"TheCursedMod:Evocation","floor":6},{"not_picked":["TheCursedMod:Torture","TheCursedMod:WearCloak"],"picked":"TheCursedMod:CursedAmulet","floor":8},{"not_picked":["TheCursedMod:CircleOfCorruption","TheCursedMod:FleshFromBone"],"picked":"TheCursedMod:CursedSpellbook","floor":10},{"not_picked":["TheCursedMod:Mangle","TheCursedMod:CircleOfFlame"],"picked":"TheCursedMod:CursedBlade","floor":12},{"not_picked":["TheCursedMod:AshesToAshes","TheCursedMod:Mangle"],"picked":"TheCursedMod:SpitefulStrike","floor":15}],"player_experience":468774,"relics_obtained":[{"floor":6,"key":"infinitespire:BottledMercury"},{"floor":7,"key":"Blood Vial"},{"floor":14,"key":"Happy Flower"}],"event_choices":[],"is_beta":false,"boss_relics":[],"items_purged_floors":[],"is_endless":false,"potions_floor_spawned":[2,3,5,6],"killed_by":"IC_STATUS_ARCHETYPE","ascension_level":1}}