{"host":"lte3xujvwediduij","time":1611851718,"event":{"mods":["Aspiration","BaseMod","Better-Laid Plans","BetterRewards","Colored Map","Colored Powertips","Downfall","Energized Spire","GifTheSpireLib","Minty Spire (QoL Compilation)","Permanent Neow","Replay The Spire","Spicy Shops","StSLib","The Gatherer","The Hayseed","The Runesmith","The Servant 0.9.4","¡¾ÒÅÎï¿¨ÅÆ¡¿REMEMod","óô»ðÖ¸ÄÏ"],"gold_per_floor":[99,129,141,160,260,291,291,191,26,37,37,70,70,104,115,218,218,218,231,248,248,264,164,216,216,216,216],"floor_reached":25,"language":"ZHS","playtime":2710,"items_purged":[],"score":219,"play_id":"41377a0b-e41e-465b-810f-af643e27d43e","local_time":"20210129003518","is_ascension_mode":false,"campfire_choices":[{"floor":1.0,"key":"DIG"},{"data":"sneckomod:UnknownUncommonPower","floor":8.0,"key":"SMITH"},{"floor":13,"key":"REST"},{"floor":18,"key":"RECALL"},{"data":"sneckomod:DiceBoulder+1","floor":23,"key":"SMITH"}],"circlet_count":0,"master_deck":["sneckomod:TailWhip+1","sneckomod:SnekBite+1","sneckomod:Unknown","sneckomod:Unknown+1","sneckomod:RainOfDice+1","sneckomod:UnknownUncommonPower+1","sneckomod:IronFang+1","sneckomod:SnakeSap+1","sneckomod:DiceBoulder+2","sneckomod:IronFang+1","sneckomod:UnknownCommonSkill+1","sneckomod:UnknownRarePower","sneckomod:UnknownX","sneckomod:UnknownRareAttack","sneckomod:Unknown0Cost+1","sneckomod:UnknownRareAttack","sneckomod:UnknownExhaust","sneckomod:Unknown2Cost","sneckomod:Unknown0Cost","sneckomod:UnknownWeak","sneckomod:UnknownDexterity","sneckomod:SoulDraw"],"relics":["sneckomod:SneckoSoul","REME_ComplimentaryCards","Regal Pillow","aspiration:FrozenJewel","REME_HandOfSuture","Whetstone","downfall:HeartBlessingBlue","Dream Catcher","Gremlin Horn","SlaversCollar","downfall:HeartBlessingRed","Replay:Baseball"],"acts_visited":["Exordium","TheCity"],"potions_floor_usage":[16,16],"damage_taken":[{"damage":0.0,"enemies":"Jaw Worm","floor":3.0,"turns":1.0},{"damage":3.0,"enemies":"2 Louse","floor":4.0,"turns":3.0},{"damage":29.0,"enemies":"Lagavulin","floor":6.0,"turns":9.0},{"damage":3.0,"enemies":"downfall:FleeingMerchant","floor":9.0,"turns":4.0},{"damage":3.0,"enemies":"Small Slimes","floor":10.0,"turns":2.0},{"damage":14,"enemies":"3 Sentries","floor":12,"turns":6},{"damage":24,"enemies":"Gremlin Nob","floor":14,"turns":4},{"damage":11,"enemies":"Red Slaver","floor":15,"turns":2},{"damage":41,"enemies":"WA_ARCHETYPE_RETAIN","floor":16,"turns":7},{"damage":23,"enemies":"Shell Parasite","floor":19,"turns":6},{"damage":6,"enemies":"3 Byrds","floor":20,"turns":6},{"damage":38,"enemies":"Sentry and Sphere","floor":22,"turns":6},{"damage":38,"enemies":"3 Cultists","floor":25,"turns":4}],"seed_played":"3037798733980997233","potions_obtained":[{"floor":3.0,"key":"GamblersBrew"},{"floor":6.0,"key":"FearPotion"},{"floor":16,"key":"Venom Potion"}],"is_trial":false,"path_per_floor":["R_BF","?","M","M","?","E","T","R","$","M","?","E","R","E","M","B",null,"R","M","M","?","M","R","T","M"],"character_chosen":"THE_SNECKO","items_purchased":["Replay:Wax Seal","sneckomod:DiceBoulder"],"campfire_rested":1,"item_purchase_floors":[9,9],"current_hp_per_floor":[90,90,90,87,87,58,58,68,65,62,62,48,93,69,58,17,100,100,77,71,71,33,33,33,0,0,0],"gold":216,"neow_bonus":"RANDOM_COMMON_RELIC","is_daily":false,"chose_seed":false,"campfire_upgraded":2,"win_rate":0.0,"timestamp":1611851718,"path_taken":["R_BF","?","M","M","?","E","T","R","$","M","?","E","R","E","M","BOSS","R","M","M","?","M","R","T","M"],"items_purchased_type":["Relic","Card"],"build_version":"2020-12-22","purchased_purges":0,"victory":false,"max_hp_per_floor":[90,90,90,90,90,90,90,100,100,100,100,100,100,100,100,100,100,100,100,100,100,100,100,100,100,100,100],"card_choices":[{"not_picked":["sneckomod:Unknown0Cost","sneckomod:UnknownCommonAttack"],"picked":"sneckomod:RainOfDice","floor":3.0},{"not_picked":["sneckomod:WideSting","sneckomod:SnekBeam"],"picked":"sneckomod:UnknownUncommonPower","floor":4.0},{"not_picked":["sneckomod:UnknownDraw","sneckomod:UnknownBoss"],"picked":"sneckomod:IronFang","floor":6.0},{"not_picked":["sneckomod:DiceBlock","sneckomod:RainOfDice"],"picked":"sneckomod:SnakeSap","floor":9.0},{"not_picked":["sneckomod:UnknownBlock","sneckomod:DangerNoodle"],"picked":"sneckomod:IronFang","floor":10.0},{"not_picked":["sneckomod:Mudshield","sneckomod:SlitherStrike","sneckomod:UnknownBlock"],"picked":"SKIP","floor":12},{"not_picked":["sneckomod:Unknown1Cost","sneckomod:QuickMove"],"picked":"sneckomod:UnknownCommonSkill","floor":13},{"not_picked":["sneckomod:RainOfDice","sneckomod:UnknownCommonSkill"],"picked":"sneckomod:UnknownRarePower","floor":14},{"not_picked":["sneckomod:SnekBeam","sneckomod:SoulRoll"],"picked":"sneckomod:UnknownX","floor":15},{"not_picked":["sneckomod:UnlimitedRolls","sneckomod:Restock"],"picked":"sneckomod:UnknownRareAttack","floor":16},{"not_picked":["sneckomod:QuickMove+1","sneckomod:SlitherStrike+1","sneckomod:SoulRoll"],"picked":"SKIP","floor":19},{"not_picked":["sneckomod:SoulCleanse","sneckomod:QuickMove"],"picked":"sneckomod:Unknown0Cost+1","floor":20},{"not_picked":["sneckomod:Nope","sneckomod:UnknownCommonAttack"],"picked":"sneckomod:SoulDraw","floor":22}],"player_experience":132544,"relics_obtained":[{"floor":1.0,"key":"aspiration:FrozenJewel"},{"floor":6.0,"key":"Whetstone"},{"floor":12,"key":"Dream Catcher"},{"floor":14,"key":"Gremlin Horn"},{"floor":24,"key":"Replay:Baseball"}],"event_choices":[],"is_beta":false,"boss_relics":[{"not_picked":["Philosopher\u0027s Stone","ChewingGum"],"picked":"SlaversCollar"}],"items_purged_floors":[],"is_endless":false,"potions_floor_spawned":[3,6,16],"killed_by":"3 Cultists","ascension_level":0}}