{"host":"lzlnscgb2n0l5w2m","time":1611796579,"event":{"mods":["AchievementEnabler","BaseMod","Block Reminder","Colored Powertips","Googly Eyes","Highlight Path","Minty Spire (QoL Compilation)","Permanent Neow","Relic Stats","StSLib"],"gold_per_floor":[117,117,117,6,22,22,60,60,109,35,76,94,133,147,147,276,276,291,311,311,67,85,121,121,141,141,157,157,157],"floor_reached":28,"language":"ZHT","playtime":1899,"items_purged":["Strike_G","Strike_G"],"score":354,"play_id":"0d76c309-d352-402c-86b5-27ef59ed9c7f","local_time":"20210128091619","is_ascension_mode":true,"campfire_choices":[{"data":"Flechettes","floor":6,"key":"SMITH"},{"data":"Footwork","floor":8,"key":"SMITH"},{"floor":15,"key":"REST"},{"floor":24,"key":"REST"}],"circlet_count":0,"master_deck":["Strike_G+1","Strike_G+1","Strike_G+1","Defend_G","Defend_G","Defend_G","Defend_G","Defend_G","Survivor","Neutralize+1","All Out Attack","Predator","Flechettes+1","Footwork+1","Catalyst","Outmaneuver","Slice","Backflip","Night Terror","CurseOfTheBell","Bullet Time","Poisoned Stab+1","Distraction+1"],"relics":["Ring of the Snake","NeowsBlessing","Golden Idol","Snake Skull","Whetstone","Pen Nib","Nunchaku","Calling Bell","Omamori","Mercury Hourglass","Incense Burner","Enchiridion","Lee\u0027s Waffle","Akabeko","The Courier"],"acts_visited":["Exordium","TheCity"],"potions_floor_usage":[13,16,19,22],"damage_taken":[{"damage":0,"enemies":"Jaw Worm","floor":1,"turns":1},{"damage":0,"enemies":"Cultist","floor":5,"turns":1},{"damage":0,"enemies":"Gremlin Nob","floor":7,"turns":1},{"damage":2,"enemies":"Lagavulin","floor":11,"turns":10},{"damage":3,"enemies":"2 Louse","floor":12,"turns":3},{"damage":10,"enemies":"3 Sentries","floor":13,"turns":2},{"damage":0,"enemies":"Exordium Wildlife","floor":14,"turns":4},{"damage":15,"enemies":"Hexaghost","floor":16,"turns":10},{"damage":23,"enemies":"Spheric Guardian","floor":18,"turns":4},{"damage":4,"enemies":"3 Byrds","floor":19,"turns":4},{"damage":14,"enemies":"Shelled Parasite and Fungi","floor":22,"turns":5},{"damage":62,"enemies":"Slavers","floor":23,"turns":7},{"damage":17,"enemies":"3 Cultists","floor":25,"turns":5},{"damage":32,"enemies":"Centurion and Healer","floor":27,"turns":10},{"damage":8,"enemies":"Snake Plant","floor":28,"turns":2}],"seed_played":"6436689028571031301","potions_obtained":[{"floor":5,"key":"Explosive Potion"},{"floor":7,"key":"Ancient Potion"},{"floor":12,"key":"Dexterity Potion"},{"floor":16,"key":"Explosive Potion"},{"floor":18,"key":"SkillPotion"},{"floor":19,"key":"FairyPotion"},{"floor":22,"key":"FearPotion"}],"is_trial":false,"path_per_floor":["M","?","?","$","M","R","E","R","T","$","E","M","E","M","R","B",null,"M","M","?","$","M","E","R","M","T","M","M"],"character_chosen":"THE_SILENT","items_purchased":["Predator","Catalyst","Lee\u0027s Waffle"],"campfire_rested":2,"item_purchase_floors":[4,10,21],"current_hp_per_floor":[70,53,39,39,39,39,39,39,39,39,37,34,24,24,45,30,60,37,33,17,77,63,1,24,7,7,6,0,0],"gold":157,"neow_bonus":"THREE_ENEMY_KILL","is_daily":false,"chose_seed":false,"campfire_upgraded":2,"win_rate":0.0,"timestamp":1611796579,"path_taken":["M","?","?","$","M","R","E","R","T","?","E","M","E","M","R","BOSS","M","?","?","$","M","E","R","M","T","M","M"],"items_purchased_type":["Card","Card","Relic"],"build_version":"2020-12-22","purchased_purges":2,"victory":false,"max_hp_per_floor":[70,70,70,70,70,70,70,70,70,70,70,70,70,70,70,70,70,70,70,70,77,77,77,77,77,77,77,77,77],"relic_stats":{"Nunchaku":[9],"Lee\u0027s Waffle":60,"counters":[15,69],"Golden Idol":85,"Snake Skull":[24],"Pen Nib":[10],"Whetstone":["Strike_G","Strike_G"],"obtain_stats":[{"Lee\u0027s Waffle":21,"NeowsBlessing":0,"Golden Idol":2,"Enchiridion":20,"Snake Skull":7,"Pen Nib":11,"The Courier":26,"Omamori":17,"Incense Burner":17,"Whetstone":9,"Akabeko":23,"Mercury Hourglass":17,"Calling Bell":17,"Nunchaku":13,"Ring of the Snake":0},{"Lee\u0027s Waffle":10,"NeowsBlessing":0,"Golden Idol":1,"Enchiridion":10,"Snake Skull":3,"Pen Nib":4,"The Courier":13,"Omamori":8,"Incense Burner":8,"Whetstone":3,"Akabeko":12,"Mercury Hourglass":8,"Calling Bell":8,"Nunchaku":6,"Ring of the Snake":0},{"Lee\u0027s Waffle":40,"NeowsBlessing":0,"Golden Idol":1,"Enchiridion":40,"Snake Skull":3,"Pen Nib":13,"The Courier":57,"Omamori":32,"Incense Burner":32,"Whetstone":3,"Akabeko":52,"Mercury Hourglass":32,"Calling Bell":32,"Nunchaku":18,"Ring of the Snake":0}],"Ring of the Snake":[30],"Mercury Hourglass":[171]},"card_choices":[{"not_picked":["Deadly Poison","Deflect"],"picked":"All Out Attack","floor":1},{"not_picked":["Dodge and Roll","Dagger Throw"],"picked":"Flechettes","floor":5},{"not_picked":["Tools of the Trade","Night Terror"],"picked":"Footwork","floor":7},{"not_picked":["Dagger Throw","Prepared"],"picked":"Outmaneuver","floor":11},{"not_picked":["Skewer","Deflect"],"picked":"Slice","floor":12},{"not_picked":["Poisoned Stab","Outmaneuver"],"picked":"Backflip","floor":13},{"not_picked":["Calculated Gamble","Blade Dance","Concentrate"],"picked":"SKIP","floor":14},{"not_picked":["Tools of the Trade","Venomology"],"picked":"Night Terror","floor":16},{"not_picked":["Sucker Punch+1","Dagger Throw+1","Riddle With Holes"],"picked":"SKIP","floor":18},{"not_picked":["Blade Dance+1","Flying Knee+1","Choke"],"picked":"SKIP","floor":19},{"not_picked":["Quick Slash","Dagger Throw","Concentrate+1"],"picked":"SKIP","floor":22},{"not_picked":["Eviscerate","Calculated Gamble"],"picked":"Bullet Time","floor":23},{"not_picked":["Backstab","Dash"],"picked":"Poisoned Stab+1","floor":25},{"not_picked":["PiercingWail","Dagger Spray"],"picked":"Distraction+1","floor":27}],"player_experience":257585,"relics_obtained":[{"floor":7,"key":"Snake Skull"},{"floor":9,"key":"Whetstone"},{"floor":11,"key":"Pen Nib"},{"floor":13,"key":"Nunchaku"},{"floor":17,"key":"Omamori"},{"floor":17,"key":"Mercury Hourglass"},{"floor":17,"key":"Incense Burner"},{"floor":20,"key":"Enchiridion"},{"floor":23,"key":"Akabeko"},{"floor":26,"key":"The Courier"}],"event_choices":[{"damage_healed":0,"gold_gain":0,"player_choice":"Take Damage","damage_taken":17,"relics_obtained":["Golden Idol"],"max_hp_gain":0,"max_hp_loss":0,"event_name":"Golden Idol","floor":2,"gold_loss":0},{"damage_healed":0,"gold_gain":0,"player_choice":"Entered Light","damage_taken":14,"max_hp_gain":0,"max_hp_loss":0,"event_name":"Shining Light","floor":3,"gold_loss":0,"cards_upgraded":["Strike_G","Neutralize"]},{"damage_healed":0,"gold_gain":0,"player_choice":"Obtained Book","damage_taken":16,"max_hp_gain":0,"max_hp_loss":0,"event_name":"Cursed Tome","floor":20,"gold_loss":0}],"is_beta":false,"boss_relics":[{"not_picked":["SacredBark","Ectoplasm"],"picked":"Calling Bell"}],"items_purged_floors":[4,21],"is_endless":false,"potions_floor_spawned":[5,7,12,16,18,19,22],"killed_by":"Snake Plant","ascension_level":5}}