{"host":"sav7uxregyirlf69","time":1611831631,"event":{"mods":["AchievementEnabler","BaseMod","Colored Map","DeckTracker","Keyboard Shortcuts","Minty Spire (QoL Compilation)","READ ME - Guardian Mod","StSLib","SuperFastMode"],"gold_per_floor":[121,133,157,169,191,203,235,247,259,271,303,32,64,84,84,159,159,179,199,219,219,219,219],"floor_reached":22,"language":"KOR","playtime":387,"items_purged":[],"score":376,"play_id":"7efd6799-39b9-4f3d-8e47-eff29e649be5","local_time":"20210128200031","is_ascension_mode":true,"campfire_choices":[{"data":"Neutralize","floor":6.0,"key":"SMITH"},{"floor":8.0,"key":"REST"},{"data":"Cloak And Dagger","floor":10.0,"key":"SMITH"},{"data":"Accuracy","floor":15.0,"key":"SMITH"}],"circlet_count":0,"master_deck":["AscendersBane","Strike_G","Strike_G","Strike_G","Strike_G","Defend_G","Defend_G","Defend_G","Defend_G","Defend_G","Survivor","Neutralize+1","Flying Knee","Dagger Throw","Accuracy+1","Quick Slash","Cloak And Dagger+1","Footwork","Finisher","Underhanded Strike+1","Blade Dance","Glass Knife+1","CurseOfTheBell","Acrobatics","Well Laid Plans","Reflex","Decay"],"relics":["Ring of the Snake","MawBank","Ninja Scroll","Medical Kit","Molten Egg 2","Calling Bell","Orichalcum","Letter Opener","Ice Cream"],"acts_visited":["Exordium","TheCity"],"potions_floor_usage":[16,19],"damage_taken":[{"damage":8.0,"enemies":"Cultist","floor":1.0,"turns":5.0},{"damage":4.0,"enemies":"Small Slimes","floor":3.0,"turns":4.0},{"damage":5.0,"enemies":"Jaw Worm","floor":5.0,"turns":4.0},{"damage":2.0,"enemies":"Red Slaver","floor":7.0,"turns":3.0},{"damage":1.0,"enemies":"3 Louse","floor":11.0,"turns":4.0},{"damage":5.0,"enemies":"Lagavulin","floor":13.0,"turns":3.0},{"damage":1.0,"enemies":"Exordium Thugs","floor":14.0,"turns":4.0},{"damage":18,"enemies":"Slime Boss","floor":16,"turns":6},{"damage":22,"enemies":"2 Thieves","floor":18,"turns":3},{"damage":0,"enemies":"Shell Parasite","floor":19,"turns":1},{"damage":28,"enemies":"Centurion and Healer","floor":20,"turns":8},{"damage":7,"enemies":"Snecko","floor":22,"turns":2}],"seed_played":"-4588427945481409950","potions_obtained":[{"floor":1.0,"key":"EntropicBrew"},{"floor":11.0,"key":"Weak Potion"},{"floor":13.0,"key":"GamblersBrew"},{"floor":18,"key":"BlessingOfTheForge"},{"floor":20,"key":"EssenceOfSteel"}],"is_trial":false,"path_per_floor":["M","?","M","?","M","R","M","R","T","R","M","$","E","M","R","B",null,"M","M","M","?","M"],"character_chosen":"THE_SILENT","items_purchased":["Medical Kit","Footwork","Finisher"],"campfire_rested":1,"item_purchase_floors":[12,12,12],"current_hp_per_floor":[51,33,29,29,24,24,22,41,41,41,40,40,35,34,34,16,54,32,32,4,4,0,0],"gold":219,"neow_bonus":"RANDOM_COMMON_RELIC","is_daily":false,"chose_seed":false,"campfire_upgraded":3,"win_rate":0.0,"timestamp":1611831631,"path_taken":["M","?","M","?","M","R","M","R","T","R","M","$","E","M","R","BOSS","M","?","M","?","M"],"items_purchased_type":["Relic","Card","Card"],"build_version":"2020-12-22","purchased_purges":0,"victory":false,"max_hp_per_floor":[66,66,66,66,66,66,66,66,66,66,66,66,66,66,66,66,66,66,66,66,66,66,66],"card_choices":[{"not_picked":["Bouncing Flask","Acrobatics"],"picked":"Flying Knee","floor":1.0},{"not_picked":["Eviscerate","Backflip"],"picked":"Dagger Throw","floor":3.0},{"not_picked":["Bouncing Flask","Expertise"],"picked":"Quick Slash","floor":5.0},{"not_picked":["Bane","Backflip"],"picked":"Cloak And Dagger","floor":7.0},{"not_picked":["PiercingWail","Heel Hook","Expertise"],"picked":"SKIP","floor":11.0},{"not_picked":["Grand Finale+1","Distraction"],"picked":"Underhanded Strike+1","floor":13.0},{"not_picked":["Catalyst","Predator+1"],"picked":"Blade Dance","floor":14.0},{"not_picked":["Tools of the Trade","A Thousand Cuts"],"picked":"Glass Knife+1","floor":16},{"not_picked":["Flechettes+1","Acrobatics","Dagger Throw+1"],"picked":"SKIP","floor":18},{"not_picked":["Flechettes+1","Dagger Throw+1"],"picked":"Acrobatics","floor":18},{"not_picked":["Deadly Poison+1","Endless Agony+1"],"picked":"Well Laid Plans","floor":19},{"not_picked":["Masterful Stab+1","Prepared"],"picked":"Reflex","floor":20}],"player_experience":1418894,"relics_obtained":[{"floor":13.0,"key":"Molten Egg 2"},{"floor":17,"key":"Orichalcum"},{"floor":17,"key":"Letter Opener"},{"floor":17,"key":"Ice Cream"}],"event_choices":[{"damage_healed":0.0,"max_hp_gain":0.0,"max_hp_loss":0.0,"gold_gain":0.0,"event_name":"Scrap Ooze","player_choice":"Success","floor":2.0,"gold_loss":0.0,"damage_taken":18.0,"relics_obtained":["Ninja Scroll"]},{"damage_healed":0.0,"max_hp_gain":0.0,"max_hp_loss":0.0,"gold_gain":0.0,"cards_transformed":["Strike_G"],"event_name":"Transmorgrifier","player_choice":"Transformed","floor":4.0,"gold_loss":0.0,"damage_taken":0.0,"cards_obtained":["Accuracy"]},{"damage_healed":0,"gold_gain":0,"player_choice":"Cursed","damage_taken":0,"max_hp_gain":0,"max_hp_loss":0,"event_name":"Wheel of Change","floor":21,"gold_loss":0,"cards_obtained":["Decay"]}],"is_beta":false,"boss_relics":[{"not_picked":["SacredBark","Black Star"],"picked":"Calling Bell"}],"items_purged_floors":[],"is_endless":false,"potions_floor_spawned":[1,11,13,18,20],"killed_by":"Snecko","ascension_level":20}}