{"host":"yy8mitdds7tg9c5m","time":1611798601,"event":{"mods":["Act Like it!","AlwaysNeverKeys","BaseMod","Better Note","Duelist Mod","GifTheSpireLib","Minty Spire (QoL Compilation)","Permanent Neow","Quick Restart","StSLib","egg"],"gold_per_floor":[141,141,66,66,82,82,82,82],"floor_reached":7,"language":"ENG","playtime":462,"items_purged":["theDuelist:Sparks"],"score":39,"play_id":"d15737fc-4a4c-4dea-b5eb-6ee1a3835821","local_time":"20210127215001","is_ascension_mode":false,"campfire_choices":[{"data":"theDuelist:SuperheavyBenkei","floor":6,"key":"SMITH"}],"circlet_count":0,"master_deck":["theDuelist:CastleWalls","theDuelist:CastleWalls","theDuelist:ColossalFighter","theDuelist:CommandKnight","theDuelist:FeedbackWarrior","theDuelist:FeedbackWarrior","theDuelist:MightyWarrior","theDuelist:SuperheavySoulbuster","theDuelist:BullBlader","theDuelist:Flint","theDuelist:SuperheavyBenkei+1"],"relics":["theDuelist:MillenniumPuzzle","theDuelist:CardPoolRelic","theDuelist:CardPoolBasicRelic","theDuelist:BoosterPackPoolRelic","theDuelist:CardPoolAddRelic","theDuelist:CardPoolMinusRelic","theDuelist:CardPoolSaveRelic","theDuelist:CardPoolOptionsRelic","GremlinMask"],"acts_visited":["Exordium"],"potions_floor_usage":[],"damage_taken":[{"damage":0,"enemies":"Jaw Worm","floor":1,"turns":1},{"damage":0,"enemies":"Cultist","floor":5,"turns":2},{"damage":0,"enemies":"Gremlin Nob","floor":7,"turns":3}],"seed_played":"6501435662622846213","potions_obtained":[{"floor":5,"key":"theDuelist:CoolBottle"}],"is_trial":false,"path_per_floor":["M","?","$","$","M","R","E"],"character_chosen":"THE_DUELIST","items_purchased":[],"campfire_rested":0,"item_purchase_floors":[],"current_hp_per_floor":[80,80,80,80,80,80,80,80],"gold":82,"neow_bonus":"TRANSFORM_CARD","is_daily":false,"chose_seed":false,"campfire_upgraded":1,"win_rate":0.0,"timestamp":1611798601,"path_taken":["M","?","?","$","?","R","E"],"items_purchased_type":[],"build_version":"2020-12-22","purchased_purges":1,"victory":false,"max_hp_per_floor":[80,80,80,80,80,80,80,80],"card_choices":[{"not_picked":["theDuelist:AgainstTheWind","theDuelist:GauntletWarrior","theDuelist:SuperheavySoulbuster","theDuelist:SuperheavyWaraji"],"picked":"theDuelist:Flint","floor":1},{"not_picked":["theDuelist:GridRod","theDuelist:GladiatorReturn","theDuelist:CrystalTree","theDuelist:LightningBlade"],"picked":"theDuelist:SuperheavyBenkei","floor":5}],"player_experience":283480,"relics_obtained":[],"event_choices":[{"damage_healed":0,"gold_gain":0,"player_choice":"Trade","damage_taken":0,"relics_obtained":["GremlinMask"],"max_hp_gain":0,"max_hp_loss":0,"event_name":"FaceTrader","floor":2,"gold_loss":0}],"is_beta":false,"boss_relics":[],"items_purged_floors":[3],"is_endless":false,"potions_floor_spawned":[5],"killed_by":"Gremlin Nob","ascension_level":0}}