{"host":"3zb3nk4wvq0dtbuh","time":1611833629,"event":{"mods":["AchievementEnabler","BaseMod","Lobotomy","Minty Spire (QoL Compilation)","Quick Restart","Relic Filter Mod","StSLib","SuperFastMode","The Blackbeard"],"gold_per_floor":[317,336,23,41,53,53,64,64,88,108,139,149,181,181,181,279,279,299,318,329,254,265,265,277,277,277,292,320,334,234,234,234,339,339,350,365,315,315,329,339,339,353,353,387,401,421,439,439,439,439,439,439,389,416,416,416],"floor_reached":55,"language":"ZHS","playtime":699,"items_purged":["Strike_R","Strike_R"],"score":889,"play_id":"7e1394f9-f9c3-4060-80e0-664b9884137c","local_time":"20210128193349","is_ascension_mode":false,"campfire_choices":[{"data":"Defend_R","floor":6.0,"key":"PURGE"},{"data":"Defend_R","floor":8.0,"key":"PURGE"},{"data":"Defend_R","floor":15.0,"key":"PURGE"},{"data":"Strike_R","floor":23.0,"key":"PURGE"},{"data":"Strike_R","floor":25.0,"key":"PURGE"},{"data":"Strike_R","floor":32.0,"key":"PURGE"},{"floor":41.0,"key":"RECALL"},{"floor":49.0,"key":"REST"},{"floor":52.0,"key":"REST"}],"circlet_count":3,"master_deck":["Clash+1"],"relics":["Burning Blood","Old Coin","Peace Pipe","Blood Vial","Shuriken","Unceasing Top","Empty Cage","Circlet","Fusion Hammer"],"acts_visited":["Exordium","TheCity","TheBeyond","TheEnding"],"potions_floor_usage":[55,55],"damage_taken":[{"damage":6.0,"enemies":"Cultist","floor":1.0,"turns":3.0},{"damage":5.0,"enemies":"Small Slimes","floor":2.0,"turns":3.0},{"damage":0.0,"enemies":"2 Louse","floor":4.0,"turns":3.0},{"damage":13.0,"enemies":"Lots of Slimes","floor":5.0,"turns":6.0},{"damage":8.0,"enemies":"Red Slaver","floor":7.0,"turns":4.0},{"damage":5.0,"enemies":"Exordium Thugs","floor":10.0,"turns":5.0},{"damage":26.0,"enemies":"Lagavulin","floor":11.0,"turns":6.0},{"damage":7.0,"enemies":"Blue Slaver","floor":12.0,"turns":4.0},{"damage":27.0,"enemies":"3 Sentries","floor":13.0,"turns":9.0},{"damage":51.0,"enemies":"The Guardian","floor":16.0,"turns":9.0},{"damage":30.0,"enemies":"2 Thieves","floor":18.0,"turns":5.0},{"damage":10.0,"enemies":"Spheric Guardian","floor":19.0,"turns":5.0},{"damage":35.0,"enemies":"Snecko","floor":20.0,"turns":7.0},{"damage":42.0,"enemies":"Snake Plant","floor":22.0,"turns":6.0},{"damage":10.0,"enemies":"Chosen and Byrds","floor":24.0,"turns":6.0},{"damage":21.0,"enemies":"3 Cultists","floor":27.0,"turns":6.0},{"damage":269.0,"enemies":"Slavers","floor":28.0,"turns":13.0},{"damage":24.0,"enemies":"Shelled Parasite and Fungi","floor":29.0,"turns":5.0},{"damage":0.0,"enemies":"Automaton","floor":33.0,"turns":3.0},{"damage":0.0,"enemies":"3 Shapes","floor":35.0,"turns":1.0},{"damage":0.0,"enemies":"Orb Walker","floor":36.0,"turns":1.0},{"damage":0.0,"enemies":"3 Darklings","floor":39.0,"turns":1.0},{"damage":0.0,"enemies":"Spire Growth","floor":40.0,"turns":1.0},{"damage":0.0,"enemies":"Jaw Worm Horde","floor":42.0,"turns":1.0},{"damage":0.0,"enemies":"Reptomancer","floor":44.0,"turns":1.0},{"damage":0.0,"enemies":"Maw","floor":45.0,"turns":1.0},{"damage":0.0,"enemies":"Writhing Mass","floor":46.0,"turns":1.0},{"damage":0.0,"enemies":"Jaw Worm Horde","floor":47.0,"turns":1.0},{"damage":0.0,"enemies":"Awakened One","floor":50.0,"turns":2.0},{"damage":0.0,"enemies":"Shield and Spear","floor":54.0,"turns":1.0},{"damage":80,"enemies":"The Heart","floor":55,"turns":3}],"seed_played":"7990734427964938652","potions_obtained":[{"floor":1.0,"key":"LiquidBronze"},{"floor":7.0,"key":"BloodPotion"},{"floor":10.0,"key":"SneckoOil"},{"floor":46.0,"key":"FairyPotion"}],"is_trial":false,"path_per_floor":["M","M","$","M","M","R","M","R","T","M","E","M","E","?","R","B",null,"M","M","M","$","M","R","M","R","T","M","E","M","$","?","R","B",null,"M","M","$","T","M","M","R","M","T","E","M","M","M","?","R","B",null,"R","$","E","B"],"character_chosen":"IRONCLAD","items_purchased":["Peace Pipe","Strength Potion","SkillPotion"],"campfire_rested":2,"item_purchase_floors":[3,37,53],"current_hp_per_floor":[80,80,80,80,80,80,80,80,80,80,80,80,80,80,80,80,80,80,80,80,80,80,80,80,80,80,80,80,80,80,80,80,80,80,80,80,80,80,80,80,80,80,80,80,80,80,80,80,80,80,80,80,80,80,24,24],"gold":416,"neow_bonus":"ONE_RARE_RELIC","is_daily":false,"chose_seed":false,"campfire_upgraded":0,"win_rate":0.0,"timestamp":1611833629,"path_taken":["M","M","$","M","M","R","M","R","T","M","E","?","E","?","R","BOSS","M","M","M","$","M","R","M","R","T","M","E","?","?","?","R","BOSS","M","M","$","?","M","M","R","M","T","E","M","M","?","?","R","BOSS","R","$","E","BOSS"],"items_purchased_type":["Relic","Potion","Potion"],"build_version":"2020-12-22","purchased_purges":2,"victory":false,"max_hp_per_floor":[80,80,80,80,80,80,80,80,80,80,80,80,80,80,80,80,80,80,80,80,80,80,80,80,80,80,80,80,80,80,80,80,80,80,80,80,80,80,80,80,80,80,80,80,80,80,80,80,80,80,80,80,80,80,80,80],"card_choices":[{"not_picked":["Flame Barrier","Anger","Twin Strike"],"picked":"SKIP","floor":1.0},{"not_picked":["Intimidate","Clothesline","Sword Boomerang"],"picked":"SKIP","floor":2.0},{"not_picked":["Shrug It Off","Thunderclap"],"picked":"Clash","floor":4.0},{"not_picked":["Shockwave","Power Through","Thunderclap"],"picked":"SKIP","floor":5.0},{"not_picked":["Ghostly Armor","Cleave","Dark Embrace"],"picked":"SKIP","floor":7.0},{"not_picked":["Shrug It Off","Clash","Havoc"],"picked":"SKIP","floor":10.0},{"not_picked":["Reaper","Flame Barrier","Dark Embrace"],"picked":"SKIP","floor":11.0},{"not_picked":["Dark Embrace","Evolve","Pummel"],"picked":"SKIP","floor":12.0},{"not_picked":["Twin Strike","Rage","Cleave"],"picked":"SKIP","floor":13.0},{"not_picked":["True Grit","Warcry","Sword Boomerang"],"picked":"SKIP","floor":18.0},{"not_picked":["Twin Strike","Shrug It Off","Shockwave"],"picked":"SKIP","floor":19.0},{"not_picked":["Sever Soul","Perfected Strike+1","Fire Breathing"],"picked":"SKIP","floor":20.0},{"not_picked":["Headbutt","Twin Strike","Heavy Blade+1"],"picked":"SKIP","floor":22.0},{"not_picked":["Pummel","Barricade","Heavy Blade+1"],"picked":"SKIP","floor":24.0},{"not_picked":["Twin Strike+1","Blood for Blood","Cleave"],"picked":"SKIP","floor":27.0},{"not_picked":["Dropkick","Metallicize","Headbutt"],"picked":"SKIP","floor":28.0},{"not_picked":["Burning Pact","Clothesline","Shrug It Off"],"picked":"SKIP","floor":29.0},{"not_picked":["Shrug It Off+1","Cleave","Inflame"],"picked":"SKIP","floor":35.0},{"not_picked":["Twin Strike","Battle Trance+1","Wild Strike"],"picked":"SKIP","floor":36.0},{"not_picked":["Bloodletting","Headbutt","Sentinel+1"],"picked":"SKIP","floor":39.0},{"not_picked":["Iron Wave+1","Armaments+1","Twin Strike+1"],"picked":"SKIP","floor":40.0},{"not_picked":["Iron Wave+1","Battle Trance","Sword Boomerang+1"],"picked":"SKIP","floor":42.0},{"not_picked":["Sword Boomerang+1","Combust","Flex+1"],"picked":"SKIP","floor":44.0},{"not_picked":["Sword Boomerang","Second Wind","Flame Barrier+1"],"picked":"SKIP","floor":45.0},{"not_picked":["Perfected Strike","Intimidate+1","Body Slam+1"],"picked":"SKIP","floor":46.0},{"not_picked":["Cleave+1","Feed","Infernal Blade+1"],"picked":"SKIP","floor":47.0},{"not_picked":["Sever Soul","Fire Breathing","Rupture"],"picked":"SKIP","floor":54.0}],"player_experience":40351,"relics_obtained":[{"floor":9.0,"key":"Blood Vial"},{"floor":11.0,"key":"Shuriken"},{"floor":13.0,"key":"Unceasing Top"},{"floor":28.0,"key":"Circlet"},{"floor":38.0,"key":"Circlet"},{"floor":54.0,"key":"Circlet"}],"event_choices":[{"damage_healed":0.0,"max_hp_gain":0.0,"max_hp_loss":0.0,"gold_gain":0.0,"event_name":"Upgrade Shrine","player_choice":"Upgraded","floor":14.0,"gold_loss":0.0,"damage_taken":0.0,"cards_upgraded":["Clash"]},{"damage_healed":0.0,"max_hp_gain":0.0,"max_hp_loss":0.0,"gold_gain":0.0,"event_name":"Knowing Skull","player_choice":"CARD ","floor":31.0,"potions_obtained":[],"gold_loss":0.0,"damage_taken":12.0,"cards_obtained":["Purity"]},{"cards_removed":["Purity"],"damage_healed":0.0,"max_hp_gain":0.0,"max_hp_loss":0.0,"gold_gain":0.0,"event_name":"Falling","player_choice":"Removed Skill","floor":48.0,"gold_loss":0.0,"damage_taken":0.0}],"is_beta":false,"boss_relics":[{"not_picked":["Runic Cube","Velvet Choker"],"picked":"Empty Cage"},{"not_picked":["Circlet","Circlet"],"picked":"Fusion Hammer"}],"items_purged_floors":[21,30],"is_endless":false,"potions_floor_spawned":[1,7,10,13,16,18,22,27,28,35,39,42,46,54],"killed_by":"The Heart","ascension_level":0}}