{"host":"na09lpbrez4gbfiz","time":1611836685,"event":{"mods":["Act Like it!","BaseMod","BetterRewards","Colored Map","Colored Powertips","DeckTracker","Googly Eyes","Highlight Path","Minty Spire (QoL Compilation)","Quick Restart","Spicy Shops","StSLib","SuperFastMode","Synergy Search"],"gold_per_floor":[113,126,59,79,95,95,95,111,138,153,167,167,202,377,377,377,377],"floor_reached":16,"language":"ENG","playtime":436,"items_purged":[],"score":156,"play_id":"021afdf9-5c27-4e9b-8f86-eb074076731e","local_time":"20210128132445","is_ascension_mode":true,"campfire_choices":[{"data":"True Grit","floor":6,"key":"SMITH"},{"data":"Bash","floor":12,"key":"SMITH"},{"data":"Inflame","floor":15,"key":"SMITH"}],"circlet_count":0,"master_deck":["AscendersBane","Strike_R","Strike_R","Strike_R","Strike_R","Strike_R","Defend_R","Defend_R","Defend_R","Defend_R","Bash+1","True Grit+1","Shrug It Off","Inflame+1","Metallicize","Doubt"],"relics":["Burning Blood","NeowsBlessing","Letter Opener","Question Card","PreservedInsect","Regal Pillow"],"acts_visited":["Exordium"],"potions_floor_usage":[11,13,16],"damage_taken":[{"damage":0,"enemies":"Small Slimes","floor":1,"turns":1},{"damage":0,"enemies":"Cultist","floor":2,"turns":1},{"damage":0,"enemies":"Jaw Worm","floor":4,"turns":1},{"damage":25,"enemies":"Blue Slaver","floor":5,"turns":7},{"damage":17,"enemies":"Looter","floor":8,"turns":4},{"damage":7,"enemies":"3 Louse","floor":10,"turns":4},{"damage":8,"enemies":"2 Fungi Beasts","floor":11,"turns":4},{"damage":8,"enemies":"Gremlin Nob","floor":13,"turns":3},{"damage":63,"enemies":"Hexaghost","floor":16,"turns":14}],"seed_played":"-9078652934687580167","potions_obtained":[{"floor":4,"key":"LiquidMemories"},{"floor":8,"key":"BloodPotion"},{"floor":10,"key":"Fire Potion"},{"floor":11,"key":"Fire Potion"}],"is_trial":false,"path_per_floor":["M","M","?","M","M","R","T","M","T","M","M","R","E","?","R","B"],"character_chosen":"IRONCLAD","items_purchased":[],"campfire_rested":0,"item_purchase_floors":[],"current_hp_per_floor":[78,80,80,80,61,61,61,50,50,49,63,63,61,61,61,0,0],"gold":377,"neow_bonus":"THREE_ENEMY_KILL","is_daily":false,"chose_seed":false,"campfire_upgraded":3,"win_rate":0.0,"timestamp":1611836685,"path_taken":["M","M","?","M","?","R","?","M","T","M","?","R","E","?","R","BOSS"],"items_purchased_type":[],"build_version":"2020-12-22","purchased_purges":0,"victory":false,"max_hp_per_floor":[80,80,80,80,80,80,80,80,80,80,80,80,80,80,80,80,80],"card_choices":[{"not_picked":["Twin Strike","Thunderclap","Havoc"],"picked":"SKIP","floor":1},{"not_picked":["Evolve","Sword Boomerang","Headbutt"],"picked":"SKIP","floor":2},{"not_picked":["Evolve","Sword Boomerang","Headbutt"],"picked":"SKIP","floor":2},{"not_picked":["Dropkick","Power Through","Anger"],"picked":"SKIP","floor":4},{"not_picked":["Havoc","Metallicize"],"picked":"True Grit","floor":5},{"not_picked":["Dropkick","Sentinel","Power Through"],"picked":"Shrug It Off","floor":8},{"not_picked":["Headbutt","Uppercut","Body Slam"],"picked":"Inflame","floor":10},{"not_picked":["Intimidate","Cleave","Whirlwind","Clash"],"picked":"SKIP","floor":11},{"not_picked":["Bloodletting","Warcry","Double Tap"],"picked":"Metallicize","floor":13}],"player_experience":178614,"relics_obtained":[{"floor":7,"key":"Question Card"},{"floor":9,"key":"PreservedInsect"},{"floor":13,"key":"Regal Pillow"}],"event_choices":[{"damage_healed":0,"gold_gain":0,"player_choice":"Paid Gold","damage_taken":0,"relics_obtained":["Letter Opener"],"max_hp_gain":0,"max_hp_loss":0,"event_name":"WeMeetAgain","floor":3,"gold_loss":67},{"damage_healed":0,"gold_gain":175,"player_choice":"AGREE","damage_taken":0,"max_hp_gain":0,"max_hp_loss":0,"event_name":"Liars Game","floor":14,"gold_loss":0,"cards_obtained":["Doubt"]}],"is_beta":false,"boss_relics":[],"items_purged_floors":[],"is_endless":false,"potions_floor_spawned":[4,8,10,11],"killed_by":"Hexaghost","ascension_level":10}}