{"host":"ttx8tv95o5vka1nm","time":1611795521,"event":{"mods":["AchievementEnabler","BaseMod","Colored Map","Downfall","Infinite Spire","Minty Spire (QoL Compilation)","Replay The Spire","Shop Mod","StSLib","The Jungle"],"gold_per_floor":[110,122,137,155,171,171,171,198,247,457,2,2,2],"floor_reached":12,"language":"ENG","playtime":715,"items_purged":["Strike_R"],"score":84,"play_id":"af842f02-8ed3-479c-9c97-01890e4b8046","local_time":"20210128105841","is_ascension_mode":true,"campfire_choices":[{"data":"Uppercut","floor":7,"key":"SMITH"}],"circlet_count":0,"master_deck":["Strike_R","Strike_R","Strike_R","Strike_R","Defend_R","Defend_R","Defend_R","Defend_R","Bash","Thunderclap","Uppercut+1","Disarm","Headbutt","ReplayTheSpireMod:Splinters","Flex"],"relics":["Burning Blood","Gambling Chip","Nunchaku","MerchantsRug","FossilizedHelix"],"acts_visited":["Exordium"],"potions_floor_usage":[],"damage_taken":[{"damage":11,"enemies":"Jaw Worm","floor":1,"turns":5},{"damage":10,"enemies":"Small Slimes","floor":2,"turns":3},{"damage":6,"enemies":"2 Louse","floor":3,"turns":2},{"damage":27,"enemies":"Exordium Wildlife","floor":4,"turns":5},{"damage":10,"enemies":"Looter","floor":5,"turns":3},{"damage":28,"enemies":"Gremlin Nob","floor":8,"turns":5},{"damage":37,"enemies":"3 Sentries","floor":12,"turns":6}],"seed_played":"-4130212384742994807","potions_obtained":[{"floor":2,"key":"hexamod:SoulburnPotion"},{"floor":4,"key":"hexamod:SoulburnPotion"},{"floor":5,"key":"SneckoOil"},{"floor":8,"key":"EssenceOfSteel"}],"is_trial":false,"path_per_floor":["M","M","M","M","M","?","R","E","T","?","$","E"],"character_chosen":"IRONCLAD","items_purchased":["MerchantsRug","FossilizedHelix"],"campfire_rested":0,"item_purchase_floors":[11,11],"current_hp_per_floor":[83,79,79,58,54,59,59,37,37,37,37,0,0],"gold":2,"neow_bonus":"TEN_PERCENT_HP_BONUS","is_daily":false,"chose_seed":false,"campfire_upgraded":1,"win_rate":0.0,"timestamp":1611795521,"path_taken":["M","M","M","M","M","?","R","E","T","?","$","E"],"items_purchased_type":["Relic","Relic"],"build_version":"2020-12-22","purchased_purges":1,"victory":false,"max_hp_per_floor":[88,88,88,88,88,93,93,93,93,93,93,93,93],"card_choices":[{"not_picked":["Iron Wave","Anger"],"picked":"Thunderclap","floor":1},{"not_picked":["Anger","ReplayTheSpireMod:Strike From Hell","Thunderclap"],"picked":"SKIP","floor":2},{"not_picked":["Rupture","Thunderclap"],"picked":"Uppercut","floor":3},{"not_picked":["Wild Strike","infinitespire:OneForAll"],"picked":"Disarm","floor":4},{"not_picked":["ReplayTheSpireMod:Strike From Hell","Evolve","Twin Strike"],"picked":"SKIP","floor":5},{"not_picked":["Wild Strike","Barricade"],"picked":"Headbutt","floor":8},{"not_picked":["Heavy Blade","Sword Boomerang"],"picked":"Flex","floor":10}],"player_experience":936498,"relics_obtained":[{"floor":8,"key":"Gambling Chip"},{"floor":9,"key":"Nunchaku"}],"event_choices":[{"damage_healed":0,"gold_gain":0,"player_choice":"Donut","damage_taken":0,"max_hp_gain":5,"max_hp_loss":0,"event_name":"Big Fish","floor":6,"gold_loss":0}],"is_beta":false,"boss_relics":[],"items_purged_floors":[11],"is_endless":false,"potions_floor_spawned":[2,4,5,8],"killed_by":"3 Sentries","ascension_level":1}}