{"host":"bbvmu6yleqps41w7","time":1611822432,"event":{"mods":["BaseMod","Colored Map","Colored Powertips","Downfall","Hermit","Marisa????????","Minty Spire (QoL Compilation)","StSLib","The Bug Knight","The Cursed","The Servant 0.9.4"],"gold_per_floor":[99,99,119,133,118,118,143,177,192,222,232,243,143,128,138,234,234,234,244,244,255,355,371,418,445,445,480,498,509,528,545,564,564,564,564],"floor_reached":33,"language":"ENG","playtime":2292,"items_purged":[],"score":283,"play_id":"3bee2a7e-3d5e-4f0a-9581-6f041a229e66","local_time":"20210128012712","is_ascension_mode":false,"campfire_choices":[{"data":"Guardian:TwinSlam","floor":1,"key":"SMITH"},{"data":"Guardian:PrismaticBeam","floor":6,"key":"SMITH"},{"data":"Guardian:FloatingOrbs","floor":13,"key":"SMITH"},{"data":"Guardian:TimeBomb","floor":18,"key":"SMITH"},{"data":"Guardian:StasisField","floor":26,"key":"SMITH"}],"circlet_count":0,"master_deck":["Guardian:CurlUp+1","Guardian:TwinSlam+1","Guardian:PrismaticBeam+1","Guardian:ArmoredProtocol","Guardian:FloatingOrbs+1","Guardian:PiercingHide","Guardian:Gem_Blue","Guardian:TimeBomb+1","Guardian:TimeSifter","Guardian:Planning","Guardian:CrystalBeam+1","Guardian:FastForward","Guardian:Repulse","J.A.X.","Guardian:Preprogram","Guardian:StasisField+1","Guardian:BodySlam","Guardian:Gem_Red","Guardian:BodySlam","Guardian:Gem_Orange","Guardian:BodySlam+1","Guardian:Planning+1"],"relics":["Guardian:ModeShifter","PreservedInsect","MealTicket","Tiny Chest","downfall:HeartBlessingGreen","Pandora\u0027s Box","MutagenicStrength","Oddly Smooth Stone","Anchor","Mummified Hand"],"acts_visited":["Exordium","TheCity"],"potions_floor_usage":[5,16,16,29,33,33,33],"damage_taken":[{"damage":1,"enemies":"2 Louse","floor":3,"turns":3},{"damage":1,"enemies":"Cultist","floor":4,"turns":3},{"damage":0,"enemies":"downfall:FleeingMerchant","floor":5,"turns":4},{"damage":9,"enemies":"3 Sentries","floor":8,"turns":7},{"damage":5,"enemies":"Small Slimes","floor":9,"turns":4},{"damage":17,"enemies":"HollowMod:MossKnight","floor":10,"turns":12},{"damage":2,"enemies":"Blue Slaver","floor":11,"turns":5},{"damage":8,"enemies":"3 Louse","floor":12,"turns":3},{"damage":9,"enemies":"downfall:FleeingMerchant","floor":14,"turns":4},{"damage":13,"enemies":"Red Slaver","floor":15,"turns":4},{"damage":19,"enemies":"IC_STATUS_ARCHETYPE","floor":16,"turns":10},{"damage":0,"enemies":"Shell Parasite","floor":19,"turns":4},{"damage":10,"enemies":"Cultist and Chosen","floor":21,"turns":5},{"damage":21,"enemies":"downfall:Augmenter","floor":22,"turns":4},{"damage":16,"enemies":"Centurion and Healer","floor":23,"turns":5},{"damage":15,"enemies":"Slavers","floor":27,"turns":3},{"damage":5,"enemies":"Snake Plant","floor":28,"turns":2},{"damage":0,"enemies":"3 Cultists","floor":29,"turns":3},{"damage":8,"enemies":"Snecko","floor":30,"turns":5},{"damage":2,"enemies":"Shelled Parasite and Fungi","floor":31,"turns":3},{"damage":0,"enemies":"3 Cultists","floor":32,"turns":3},{"damage":11,"enemies":"DF_ARCHETYPE_CLAW","floor":33,"turns":2}],"seed_played":"13479216389593712","potions_obtained":[{"floor":3,"key":"champ:CounterPotion"},{"floor":9,"key":"sneckomod:MuddlingPotion"},{"floor":10,"key":"DistilledChaos"},{"floor":15,"key":"Guardian:BlockOnCardUsePotion"},{"floor":16,"key":"SteroidPotion"},{"floor":27,"key":"Explosive Potion"},{"floor":28,"key":"AttackPotion"},{"floor":29,"key":"DistilledChaos"}],"is_trial":false,"path_per_floor":["R","?","M","M","$","R","T","E","M","E","M","M","R","$","M","B",null,"R","M","?","M","?","M","T","T","R","E","M","M","M","M","M","B"],"character_chosen":"GUARDIAN","items_purchased":[],"campfire_rested":0,"item_purchase_floors":[],"current_hp_per_floor":[88,88,87,86,86,86,86,77,72,55,53,45,45,51,38,19,88,88,88,88,78,57,41,41,41,41,26,21,21,13,11,11,0,0,0],"gold":564,"neow_bonus":"TEN_PERCENT_HP_BONUS","is_daily":false,"chose_seed":false,"campfire_upgraded":5,"win_rate":0.0,"timestamp":1611822432,"path_taken":["R","?","M","M","$","R","T","E","?","E","M","M","R","$","M","BOSS","R","M","?","?","?","M","T","?","R","E","M","M","?","M","M","BOSS"],"items_purchased_type":[],"build_version":"2020-12-22","purchased_purges":0,"victory":false,"max_hp_per_floor":[88,88,88,88,88,88,88,88,88,88,88,88,88,88,88,88,88,88,88,88,88,88,88,88,88,88,88,88,88,88,88,88,88,88,88],"card_choices":[{"not_picked":["Guardian:WalkerClaw","Guardian:Gem_Red"],"picked":"Guardian:PrismaticBeam","floor":3},{"not_picked":["Guardian:Gem_Green","Guardian:Gem_Lightblue"],"picked":"Guardian:ArmoredProtocol","floor":4},{"not_picked":["Guardian:RollAttack","Guardian:CrystalBeam"],"picked":"Guardian:FloatingOrbs","floor":5},{"not_picked":["Guardian:TimeCapacitor","Guardian:Incinerate","Guardian:Planning"],"picked":"SKIP","floor":8},{"not_picked":["Guardian:ChargeCore","Guardian:Emergency"],"picked":"Guardian:PiercingHide","floor":9},{"not_picked":["Guardian:Gem_Yellow","Guardian:ChargeCore"],"picked":"Guardian:Gem_Fragmented","floor":10},{"not_picked":["Guardian:Gem_White","Guardian:TimeCapacitor"],"picked":"Guardian:Gem_Synthetic","floor":11},{"not_picked":["Guardian:VentSteam","Guardian:CrystalBeam","Guardian:ShieldCharger"],"picked":"SKIP","floor":12},{"not_picked":["Guardian:PiercingHide","Guardian:RollAttack"],"picked":"Guardian:Gem_Blue","floor":14},{"not_picked":["Guardian:Emergency","Guardian:CrystalBeam"],"picked":"Guardian:Gem_Red","floor":15},{"not_picked":["Guardian:HyperBeam_Guardian","Guardian:FastForward"],"picked":"Guardian:Gem_Orange","floor":16},{"not_picked":["Guardian:ShieldCharger","Guardian:Gem_Red"],"picked":"Guardian:CrystalBeam+1","floor":19},{"not_picked":["Guardian:CrystalBeam","Guardian:TemporalShield+1"],"picked":"Guardian:Gem_Purple","floor":21},{"not_picked":[],"picked":"J.A.X.","floor":22},{"not_picked":["Guardian:Gem_Red","Guardian:Gem_Lightblue"],"picked":"Guardian:Preprogram","floor":22},{"not_picked":["Guardian:ChargeCore+1","Guardian:Gem_Cyan"],"picked":"Guardian:StasisField","floor":23},{"not_picked":["Guardian:RollAttack","Guardian:TemporalShield"],"picked":"Guardian:BodySlam","floor":27},{"not_picked":["Guardian:Incinerate","Guardian:Gem_Green"],"picked":"Guardian:Gem_Red","floor":28},{"not_picked":["Guardian:Reroute+1","Guardian:Gem_Cyan"],"picked":"Guardian:BodySlam","floor":29},{"not_picked":["Guardian:Repulse","Guardian:Gem_Cyan"],"picked":"Guardian:Gem_Orange","floor":30},{"not_picked":["Guardian:Planning","Guardian:PolyBeam"],"picked":"Guardian:BodySlam+1","floor":31},{"not_picked":["Guardian:ShieldCharger","Guardian:Planning+1","Guardian:MultiBeam"],"picked":"SKIP","floor":32},{"not_picked":["Guardian:ShieldCharger","Guardian:MultiBeam"],"picked":"Guardian:Planning+1","floor":32}],"player_experience":602819,"relics_obtained":[{"floor":7,"key":"PreservedInsect"},{"floor":8,"key":"MealTicket"},{"floor":10,"key":"Tiny Chest"},{"floor":22,"key":"MutagenicStrength"},{"floor":24,"key":"Oddly Smooth Stone"},{"floor":25,"key":"Anchor"},{"floor":27,"key":"Mummified Hand"}],"event_choices":[{"damage_healed":0,"gold_gain":0,"player_choice":"Ignored","damage_taken":0,"max_hp_gain":0,"max_hp_loss":0,"event_name":"NoteForYourself","floor":20,"gold_loss":0}],"is_beta":false,"boss_relics":[{"not_picked":["Snecko Eye","Velvet Choker"],"picked":"Pandora\u0027s Box"}],"items_purged_floors":[],"is_endless":false,"potions_floor_spawned":[3,9,10,15,16,27,28,29],"killed_by":"DF_ARCHETYPE_CLAW","ascension_level":0}}