{"host":"bw00wb7p5bw58om7","time":1611850014,"event":{"mods":["100% Spire Juice","Act Like it!","BaseMod","Better Third Choice","CapriCore","Chen","Downfall","Gensokyo","Koishi","KomeijiMod","Marisa????????","Minty Spire (QoL Compilation)","Onozuka Komachi Mod","Permanent Neow","Prisma Mod","Reimu??????","Remilia??????","StSLib","The Administrix","The Immortal","The Senshi","The Servant 0.9.4","Yakumo Yukari mod"],"gold_per_floor":[114,125,125,55,68,98,98,98,98,123,136,136,136,146,146,146,146],"floor_reached":16,"language":"ENG","playtime":621,"items_purged":[],"score":110,"play_id":"46b5c578-689b-4168-baec-01a45a29ba9a","local_time":"20210128160654","is_ascension_mode":false,"campfire_choices":[{"data":"PrismaMod:MiyuCheapChannelAttack","floor":7,"key":"SMITH"},{"floor":12,"key":"REST"},{"data":"PrismaMod:MiyuOrbIncreasePerm","floor":15,"key":"SMITH"}],"circlet_count":0,"master_deck":["PrismaMod:MiyuCommonDefend","PrismaMod:MiyuCommonDefend","PrismaMod:MiyuCommonDefend","PrismaMod:MiyuCommonDefend","PrismaMod:MiyuCommonAttack","PrismaMod:MiyuCommonAttack+1","PrismaMod:MiyuCommonAttack+1","PrismaMod:MiyuCommonAttack","PrismaMod:MiyuCommonAttack","PrismaMod:MiyuCheapChannelAttack+1","PrismaMod:MiyuCheapChannelDefend+1","PrismaMod:MiyuCheapStrBuff","PrismaMod:MiyuUncommonAttack","PrismaMod:MiyuEvokeBuffDex","PrismaMod:MiyuCheapPlate","PrismaMod:MiyuCheapChannelHeal","PrismaMod:MiyuOrbIncreasePerm+1"],"relics":["PrismaMod:PrismaSapphire","FossilizedHelix","Gensokyo:Mercy","Shovel","HornCleat","Eternal Feather"],"acts_visited":["Gensokyo:Gensokyo"],"potions_floor_usage":[],"damage_taken":[{"damage":3,"enemies":"Gensokyo:Python","floor":1,"turns":4},{"damage":0,"enemies":"Gensokyo:2_Kodama","floor":2,"turns":5},{"damage":0,"enemies":"Gensokyo:Gryphon","floor":5,"turns":3},{"damage":22,"enemies":"Gensokyo:Mamizou","floor":6,"turns":8},{"damage":40,"enemies":"Gensokyo:Cirno","floor":10,"turns":8},{"damage":0,"enemies":"Gensokyo:Kitsune","floor":11,"turns":4},{"damage":0,"enemies":"Gensokyo:LivingMonolith","floor":14,"turns":3},{"damage":46,"enemies":"Gensokyo:Yukari","floor":16,"turns":9}],"seed_played":"-7258194513463988610","potions_obtained":[{"floor":5,"key":"ZuzhouPotion:ReiMu"},{"floor":10,"key":"CalmPotion"},{"floor":14,"key":"GamblersBrew"}],"is_trial":false,"path_per_floor":["M","M","?","?","M","E","R","?","T","E","M","R","T","M","R","B"],"character_chosen":"MIYU","items_purchased":[],"campfire_rested":1,"item_purchase_floors":[],"current_hp_per_floor":[72,72,72,72,72,50,50,50,50,10,10,32,32,32,41,0,0],"gold":146,"neow_bonus":"UPGRADE_CARD","is_daily":false,"chose_seed":false,"campfire_upgraded":2,"win_rate":0.0,"timestamp":1611850014,"path_taken":["M","M","?","?","M","E","R","?","T","E","?","R","?","M","R","BOSS"],"items_purchased_type":[],"build_version":"2020-12-22","purchased_purges":0,"victory":false,"max_hp_per_floor":[75,75,75,75,75,75,75,75,75,75,75,75,75,75,75,75,75],"card_choices":[{"not_picked":["PrismaMod:MiyuCheapChannelWeak","PrismaMod:MiyuUncommonAttack"],"picked":"PrismaMod:MiyuCheapStrBuff","floor":1},{"not_picked":["PrismaMod:MiyuCheapStrBuff","PrismaMod:MiyuCheapChannelDefend"],"picked":"PrismaMod:MiyuUncommonAttack","floor":2},{"not_picked":["PrismaMod:MiyuChristmas","PrismaMod:MiyuCarnivalAttack"],"picked":"PrismaMod:MiyuEvokeAllAttack","floor":5},{"not_picked":["PrismaMod:MiyuDefenseExplosion","PrismaMod:MiyuDevil"],"picked":"PrismaMod:MiyuEvokeBuffDex","floor":6},{"not_picked":["PrismaMod:MiyuCommonAOEAttack","PrismaMod:MiyuCarnivalAttack"],"picked":"PrismaMod:MiyuCheapPlate","floor":10},{"not_picked":["PrismaMod:MiyuCheapAttack1","PrismaMod:MiyuCheapChannelRandom"],"picked":"PrismaMod:MiyuCheapChannelHeal","floor":11},{"not_picked":["PrismaMod:MiyuCheapChannelHeal","PrismaMod:MiyuDefenseRemoval"],"picked":"PrismaMod:MiyuOrbIncreasePerm","floor":14}],"player_experience":302309,"relics_obtained":[{"floor":6,"key":"FossilizedHelix"},{"floor":9,"key":"Shovel"},{"floor":10,"key":"HornCleat"},{"floor":13,"key":"Eternal Feather"}],"event_choices":[],"is_beta":false,"boss_relics":[],"items_purged_floors":[],"is_endless":false,"potions_floor_spawned":[5,10,14],"killed_by":"Gensokyo:Yukari","ascension_level":0}}