{"host":"n605f8gctjc87d7h","time":1611867749,"event":{"mods":["Aspiration","Bard","BaseMod","Better Match","Better Note","Better Skull","Better Third Choice","Conspire","Downfall","Halation","Hermit","Infinite Spire","Minty Spire (QoL Compilation)","Replay The Spire","Retaliation","Shade Mod","Spicy Shops","StSLib","The IronCluck","The Jungle"],"gold_per_floor":[99,110,110,122,138,164,246,231,245,245,265,265,265,285,299,398,398,472,486,223,240,260,260,260,260,260,273,293,121,121,131,143,243,243,243,263,277,288,288,288,288,299,34,45,45,61,61,74,87,87],"floor_reached":51,"language":"ENG","playtime":4993,"items_purged":[],"score":634,"play_id":"d2ff0a77-a946-4bac-a954-1760e7b3b139","local_time":"20210128130229","is_ascension_mode":false,"campfire_choices":[{"data":"champ:StrikeOfGenius","floor":10.0,"key":"SMITH"},{"data":"champ:EndlessRage","floor":12.0,"key":"SMITH"},{"data":"champ:Improvising","floor":23.0,"key":"SMITH"},{"data":"champ:TornadoPunch","floor":26.0,"key":"SMITH"},{"data":"champ:HoldFirm","floor":30.0,"key":"SMITH"},{"data":"champ:Parry","floor":35,"key":"SMITH"},{"floor":40,"key":"REST"},{"floor":47,"key":"REST"}],"circlet_count":0,"master_deck":["champ:Strike","champ:Strike","champ:Strike","champ:Defend","champ:Defend","champ:Defend","champ:Defend","champ:Execute","champ:Taunt","champ:ShieldSlam","champ:EndlessRage+1","champ:TornadoPunch+1","champ:Backstep","champ:FlashCut","champ:StrikeOfGenius+1","champ:BladeFlurry","champ:Parry+1","champ:HoldFirm+1","champ:Endure+1","champ:Circumvent+1","champ:Improvising+1","champ:GladiatorStyle","champ:ArenaPreparation+1","champ:HoldFirm","champ:ShieldWall","expansioncontent:QuickStudy","expansioncontent:Chronoboost","champ:StanceDance+1"],"relics":["champ:ChampionCrown","HornCleat","Shuriken","Painkiller Herb","Sundial","infinitespire:EmpoweringShard","Bronze Scales","Philosopher\u0027s Stone","Nunchaku","Quantum Egg"],"acts_visited":["Exordium","Exordium","TheBeyond"],"potions_floor_usage":[38,44,50],"damage_taken":[{"damage":11.0,"enemies":"Jaw Worm","floor":2.0,"turns":4.0},{"damage":20.0,"enemies":"Cultist","floor":4.0,"turns":5.0},{"damage":15.0,"enemies":"Small Slimes","floor":5.0,"turns":2.0},{"damage":25.0,"enemies":"3 Sentries","floor":6.0,"turns":9.0},{"damage":10.0,"enemies":"downfall:FleeingMerchant","floor":8.0,"turns":4.0},{"damage":17.0,"enemies":"Blue Slaver","floor":9.0,"turns":4.0},{"damage":10.0,"enemies":"Lots of Slimes","floor":11.0,"turns":3.0},{"damage":1.0,"enemies":"2 Fungi Beasts","floor":14.0,"turns":4.0},{"damage":0.0,"enemies":"3 Louse","floor":15.0,"turns":2.0},{"damage":57.0,"enemies":"SI_SHIV_ARCHETYPE","floor":16.0,"turns":9.0},{"damage":10.0,"enemies":"theJungle:MUSHROOMGANG","floor":19.0,"turns":5.0},{"damage":0.0,"enemies":"downfall:FleeingMerchant","floor":20.0,"turns":4.0},{"damage":0.0,"enemies":"Shell Parasite","floor":21.0,"turns":6.0},{"damage":10.0,"enemies":"Snake Plant","floor":22.0,"turns":5.0},{"damage":0.0,"enemies":"theJungle:Snecko_Cultist_And_Trap","floor":27.0,"turns":5.0},{"damage":15.0,"enemies":"theJungle:Lyon","floor":28.0,"turns":4.0},{"damage":10.0,"enemies":"downfall:FleeingMerchant","floor":29.0,"turns":4.0},{"damage":10.0,"enemies":"theJungle:JungleHuntersEncounter","floor":31.0,"turns":5.0},{"damage":11.0,"enemies":"theJungle:SlimyTreeVines","floor":32.0,"turns":4.0},{"damage":59,"enemies":"WA_ARCHETYPE_CALM","floor":33,"turns":8},{"damage":20,"enemies":"Orb Walker","floor":36,"turns":3},{"damage":10,"enemies":"3 Shapes","floor":37,"turns":4},{"damage":29,"enemies":"Transient","floor":38,"turns":5},{"damage":3,"enemies":"3 Darklings","floor":42,"turns":4},{"damage":10,"enemies":"downfall:FleeingMerchant","floor":43,"turns":4},{"damage":36,"enemies":"Jaw Worm Horde","floor":44,"turns":4},{"damage":15,"enemies":"Maw","floor":46,"turns":7},{"damage":15,"enemies":"Spire Growth","floor":48,"turns":4},{"damage":0,"enemies":"Transient","floor":49,"turns":5},{"damage":48,"enemies":"DF_ARCHETYPE_ORBS","floor":50,"turns":8}],"seed_played":"5634857765953966741","potions_obtained":[{"floor":5.0,"key":"GamblersBrew"},{"floor":9.0,"key":"Toxic Potion"},{"floor":14.0,"key":"Elixir"},{"floor":16.0,"key":"Block Potion"},{"floor":27.0,"key":"LifebloodPotion"},{"floor":31.0,"key":"DDmod:CleansePotion"},{"floor":32.0,"key":"sneckomod:MuddlingPotion"},{"floor":33,"key":"champ:UltimateStancePotion"},{"floor":42,"key":"PowerPotion"},{"floor":44,"key":"Strength Potion"},{"floor":46,"key":"Energy Potion"},{"floor":49,"key":"Fire Potion"}],"is_trial":false,"path_per_floor":["R","M","?","M","M","E","T","$","M","R","M","R","?","M","M","B",null,"T","?","T","?","?","T","T","?","T","?","?","T","T","?","?","B",null,"T","?","?","?","?","T","T","?","T","?","?","?","T","?","?","B",null],"character_chosen":"THE_CHAMP","items_purchased":["Sundial","Bronze Scales","Quantum Egg"],"campfire_rested":2,"item_purchase_floors":[20,29,43],"current_hp_per_floor":[99,98,98,98,93,88,88,88,81,81,81,81,81,80,80,23,99,99,99,99,99,99,99,99,84,84,84,84,84,84,84,86,72,99,99,99,99,80,75,99,99,96,96,60,60,60,89,84,84,76],"gold":87,"neow_bonus":"TEN_PERCENT_HP_BONUS","is_daily":false,"chose_seed":false,"campfire_upgraded":6,"win_rate":0.0,"timestamp":1611867749,"path_taken":["R","M","?","M","M","E","T","$","M","R","?","R","?","M","M","BOSS","T","?","T","?","?","T","T","?","T","?","?","T","T","?","?","BOSS","T","?","?","?","?","T","T","?","T","?","?","?","T","?","?","BOSS"],"items_purchased_type":["Relic","Relic","Relic"],"build_version":"2020-12-22","purchased_purges":0,"victory":true,"max_hp_per_floor":[99,99,99,99,99,99,99,99,99,99,99,99,99,99,99,99,99,99,99,99,99,99,99,99,99,99,99,99,99,99,99,99,99,99,99,99,99,99,99,99,99,99,99,99,99,99,99,99,99,99],"card_choices":[{"not_picked":["champ:Backstep","champ:Lariat"],"picked":"champ:EndlessRage","floor":2.0},{"not_picked":["champ:Encircle","champ:Haymaker"],"picked":"champ:TornadoPunch","floor":4.0},{"not_picked":["champ:TornadoPunch","champ:FocusedBerserking"],"picked":"champ:Backstep","floor":5.0},{"not_picked":["champ:SkillfulDodge","champ:CalledShot"],"picked":"champ:FlashCut","floor":6.0},{"not_picked":["champ:GutPunch","champ:AdrenalArmor"],"picked":"champ:StrikeOfGenius","floor":8.0},{"not_picked":["champ:FlashCut","champ:BringItOn"],"picked":"champ:BladeFlurry","floor":9.0},{"not_picked":["champ:FancyFootwork","champ:CrownThrow","champ:Shatter"],"picked":"SKIP","floor":11.0},{"not_picked":["champ:FanOfKnives","champ:CalledShot","champ:BringItOn"],"picked":"SKIP","floor":14.0},{"not_picked":["champ:AdrenalArmor","champ:FocusedBerserking"],"picked":"champ:Parry","floor":15.0},{"not_picked":["champ:LastStand","champ:DancingMaster"],"picked":"champ:HoldFirm","floor":16.0},{"not_picked":["champ:Parry+1","champ:StanceDance"],"picked":"champ:Endure+1","floor":19.0},{"not_picked":["champ:FocusedBerserking","champ:RisingSlash","champ:FlashCut+1"],"picked":"SKIP","floor":20.0},{"not_picked":["champ:Parry","champ:FlashCut"],"picked":"champ:Circumvent+1","floor":21.0},{"not_picked":["champ:Shatter","champ:BringItOn+1"],"picked":"champ:Improvising","floor":22.0},{"not_picked":["champ:GutPunch+1","champ:FanOfKnives+1","champ:Backstep"],"picked":"SKIP","floor":27.0},{"not_picked":["champ:TornadoPunch","champ:EnGarde"],"picked":"champ:GladiatorStyle","floor":28.0},{"not_picked":["champ:Circumvent","champ:Shatter","champ:ShieldSlam"],"picked":"SKIP","floor":29.0},{"not_picked":["champ:FaceSlap","champ:BladeFlurry+1","champ:FanOfKnives"],"picked":"SKIP","floor":31.0},{"not_picked":["champ:PerfectedStrike","champ:RecklessLeap"],"picked":"champ:ArenaPreparation+1","floor":32.0},{"not_picked":["champ:Devastate","champ:StrikeOfGenius"],"picked":"champ:HoldFirm","floor":33},{"not_picked":["champ:GladiatorStyle+1","champ:BerserkersShout","champ:FaceSlap"],"picked":"SKIP","floor":36},{"not_picked":["champ:Shatter","champ:Haymaker","champ:Lariat+1"],"picked":"SKIP","floor":37},{"not_picked":["champ:Circumvent+1","champ:DefensiveShout"],"picked":"champ:ShieldWall","floor":38},{"not_picked":["expansioncontent:YouAreMine","Replay:SS_hec_1"],"picked":"expansioncontent:QuickStudy","floor":39},{"not_picked":["expansioncontent:Hexaburn","expansioncontent:DecaShield"],"picked":"expansioncontent:Chronoboost","floor":39},{"not_picked":["champ:Circumvent","champ:BladeFlurry","champ:Lariat+1"],"picked":"SKIP","floor":42},{"not_picked":["champ:PreemptiveStrike","champ:Encircle+1","champ:EndlessRage+1"],"picked":"SKIP","floor":43},{"not_picked":["champ:FanOfKnives+1","champ:PerfectedStrike+1","champ:RecklessLeap"],"picked":"SKIP","floor":44},{"not_picked":["champ:LastStand","champ:BladeFlurry+1"],"picked":"champ:StanceDance+1","floor":46},{"not_picked":["champ:Haymaker","champ:PreciseThrust","champ:EnGarde+1"],"picked":"SKIP","floor":48},{"not_picked":["champ:Haymaker","champ:PreciseThrust","champ:EnGarde+1"],"picked":"SKIP","floor":48},{"not_picked":["champ:CalledShot","champ:FlashCut","champ:Backstep+1"],"picked":"SKIP","floor":49}],"player_experience":779150,"relics_obtained":[{"floor":6.0,"key":"HornCleat"},{"floor":7.0,"key":"Shuriken"},{"floor":24.0,"key":"infinitespire:EmpoweringShard"},{"floor":41,"key":"Nunchaku"}],"event_choices":[{"damage_healed":0.0,"max_hp_gain":0.0,"max_hp_loss":0.0,"gold_gain":0.0,"event_name":"conspire:LoneGhost","player_choice":"Disagree","floor":13.0,"gold_loss":0.0,"damage_taken":0.0}],"is_beta":false,"boss_relics":[{"not_picked":["aspiration:SecretTechniqueScroll","Runic Pyramid"],"picked":"Painkiller Herb"},{"not_picked":["ReplayTheSpireMod:DimensionalGlitch","champ:ChampionCrownUpgraded"],"picked":"Philosopher\u0027s Stone"}],"items_purged_floors":[],"is_endless":false,"potions_floor_spawned":[5,9,14,15,16,27,28,31,32,33,42,44,46,48,49],"ascension_level":0}}