{"host":"o3n4et6u1y1w2h5j","time":1611873818,"event":{"mods":["AchievementEnabler","BaseMod","Minty Spire (QoL Compilation)","StSLib"],"gold_per_floor":[112,112,126,76,76,76,107,107,107,142,160,176,193,209,209,305,305,325,345,361,374,163,198,198,223,223,258,258,258,258,273,273,370,370,388,388,438,142,154,154,187,207,275,291,310,22,22,37,37,37,37,37,37,68,68],"floor_reached":56,"language":"ENG","playtime":4066,"items_purged":["Bash","Strike_R","Strike_R"],"score":1351,"play_id":"55f3c3c0-5fbd-4e04-8d78-a883f6c60c66","local_time":"20210128144338","is_ascension_mode":true,"campfire_choices":[{"data":"True Grit","floor":6,"key":"SMITH"},{"data":"Combust","floor":8,"key":"SMITH"},{"data":"Rupture","floor":15,"key":"SMITH"},{"floor":24,"key":"REST"},{"data":"Dark Embrace","floor":30,"key":"SMITH"},{"data":"Rampage","floor":32,"key":"SMITH"},{"data":"Dual Wield","floor":40,"key":"SMITH"},{"floor":49,"key":"RECALL"},{"data":"Offering","floor":52,"key":"SMITH"}],"circlet_count":0,"master_deck":["Strike_R","Strike_R","Defend_R+1","Defend_R+1","Defend_R","Defend_R","Rampage+1","True Grit+1","Combust+1","Headbutt","Disarm","Ghostly Armor","Rupture+1","Blood for Blood","Offering+1","Twin Strike+1","Dark Embrace+1","Uppercut+1","Metallicize","Sword Boomerang","Sever Soul+1","Writhe","Battle Trance","Brutality","Dual Wield+1","Flex+1","Rupture","Feel No Pain+1","Shrug It Off+1","Feel No Pain+1","Corruption","Flame Barrier+1","Barricade"],"relics":["Burning Blood","NeowsBlessing","Pocketwatch","MealTicket","Mummified Hand","Anchor","SlaversCollar","Membership Card","Boot","Eternal Feather","Molten Egg 2","Shuriken","Pear","Mark of Pain","Champion Belt","Calipers","Pen Nib","War Paint","Toolbox","Strawberry","Ornamental Fan","CaptainsWheel"],"acts_visited":["Exordium","TheCity","TheBeyond","TheEnding"],"potions_floor_usage":[12,16,16,19,21,27,41,55,55,55],"damage_taken":[{"damage":0,"enemies":"Jaw Worm","floor":1,"turns":1},{"damage":0,"enemies":"2 Louse","floor":3,"turns":1},{"damage":0,"enemies":"Gremlin Nob","floor":7,"turns":1},{"damage":12,"enemies":"Lagavulin","floor":10,"turns":6},{"damage":7,"enemies":"Cultist","floor":11,"turns":3},{"damage":0,"enemies":"Gremlin Gang","floor":12,"turns":2},{"damage":4,"enemies":"Large Slime","floor":13,"turns":5},{"damage":3,"enemies":"2 Fungi Beasts","floor":14,"turns":3},{"damage":4,"enemies":"Slime Boss","floor":16,"turns":8},{"damage":9,"enemies":"3 Byrds","floor":18,"turns":4},{"damage":19,"enemies":"2 Thieves","floor":19,"turns":4},{"damage":11,"enemies":"Snecko","floor":20,"turns":4},{"damage":26,"enemies":"Shelled Parasite and Fungi","floor":21,"turns":5},{"damage":28,"enemies":"Gremlin Leader","floor":23,"turns":5},{"damage":18,"enemies":"Slavers","floor":25,"turns":5},{"damage":17,"enemies":"Gremlin Leader","floor":27,"turns":5},{"damage":24,"enemies":"3 Cultists","floor":31,"turns":4},{"damage":21,"enemies":"Collector","floor":33,"turns":6},{"damage":32,"enemies":"3 Darklings","floor":35,"turns":6},{"damage":21,"enemies":"Mind Bloom Boss Battle","floor":37,"turns":5},{"damage":21,"enemies":"3 Shapes","floor":39,"turns":5},{"damage":15,"enemies":"Giant Head","floor":41,"turns":6},{"damage":20,"enemies":"Sphere and 2 Shapes","floor":42,"turns":5},{"damage":9,"enemies":"4 Shapes","floor":44,"turns":6},{"damage":26,"enemies":"Writhing Mass","floor":45,"turns":8},{"damage":15,"enemies":"Spire Growth","floor":48,"turns":3},{"damage":38,"enemies":"Donu and Deca","floor":50,"turns":8},{"damage":71,"enemies":"Shield and Spear","floor":54,"turns":6},{"damage":17,"enemies":"The Heart","floor":55,"turns":8}],"seed_played":"-7873178849779888012","potions_obtained":[{"floor":1,"key":"Explosive Potion"},{"floor":11,"key":"Fire Potion"},{"floor":13,"key":"PowerPotion"},{"floor":14,"key":"Block Potion"},{"floor":19,"key":"DistilledChaos"},{"floor":25,"key":"DistilledChaos"},{"floor":27,"key":"SpeedPotion"},{"floor":31,"key":"Ancient Potion"},{"floor":37,"key":"BloodPotion"},{"floor":41,"key":"FearPotion"},{"floor":45,"key":"SteroidPotion"}],"is_trial":false,"path_per_floor":["M","?","M","?","?","R","E","R","T","E","M","M","M","M","R","B",null,"M","M","M","M","$","E","R","E","T","E","?","?","R","M","R","B",null,"M","?","?","$","M","R","E","M","T","M","M","$","T","M","R","B",null,"R","$","E","B",null],"character_chosen":"IRONCLAD","items_purchased":["Membership Card","Metallicize","Calipers","Pen Nib","Rupture","Corruption","Toolbox","Strawberry"],"campfire_rested":1,"item_purchase_floors":[22,22,38,38,38,46,46,46],"current_hp_per_floor":[80,80,80,80,80,80,80,80,80,74,73,79,80,80,80,80,80,77,64,59,39,54,32,56,44,44,33,43,43,55,37,52,37,90,64,64,49,64,49,64,72,58,58,55,35,57,57,48,66,34,92,92,92,27,16],"gold":68,"neow_bonus":"THREE_ENEMY_KILL","is_daily":false,"chose_seed":false,"campfire_upgraded":7,"win_rate":0.0,"timestamp":1611873818,"path_taken":["M","?","M","?","?","R","E","R","T","E","?","?","M","M","R","BOSS","M","M","M","M","$","E","R","E","T","E","?","?","R","M","R","BOSS","M","?","?","$","M","R","E","M","T","M","M","$","?","?","R","BOSS","R","$","E","BOSS"],"items_purchased_type":["Relic","Card","Relic","Relic","Card","Card","Relic","Relic"],"build_version":"2020-12-22","purchased_purges":3,"victory":true,"max_hp_per_floor":[80,80,80,80,80,80,80,80,80,80,80,80,80,80,80,80,80,80,80,80,80,80,80,80,80,80,80,90,90,90,90,90,90,90,90,85,85,85,85,85,85,85,85,85,85,92,92,92,92,92,92,92,92,92,92],"card_choices":[{"not_picked":["Pommel Strike","Clothesline"],"picked":"Rampage","floor":1},{"not_picked":["Warcry","Cleave"],"picked":"True Grit","floor":3},{"not_picked":["True Grit","Body Slam"],"picked":"Combust","floor":7},{"not_picked":["True Grit","Blood for Blood"],"picked":"Headbutt","floor":10},{"not_picked":["Warcry","Heavy Blade"],"picked":"Disarm","floor":11},{"not_picked":["Power Through","Combust"],"picked":"Ghostly Armor","floor":12},{"not_picked":["Thunderclap","Warcry"],"picked":"Rupture","floor":13},{"not_picked":["Clothesline","Pommel Strike"],"picked":"Blood for Blood","floor":14},{"not_picked":["Fiend Fire","Feed"],"picked":"Offering","floor":16},{"not_picked":["Cleave+1","Hemokinesis+1"],"picked":"Twin Strike+1","floor":18},{"not_picked":["Warcry","Armaments"],"picked":"Dark Embrace","floor":19},{"not_picked":["Anger","Intimidate"],"picked":"Uppercut+1","floor":20},{"not_picked":["Clothesline","Entrench","Headbutt"],"picked":"SKIP","floor":21},{"not_picked":["Bludgeon","Iron Wave"],"picked":"Sword Boomerang","floor":23},{"not_picked":["Sword Boomerang","Shrug It Off","True Grit"],"picked":"SKIP","floor":25},{"not_picked":["Anger+1","Body Slam+1"],"picked":"Sever Soul+1","floor":27},{"not_picked":["Uppercut+1","Cleave+1"],"picked":"Battle Trance","floor":31},{"not_picked":["Bludgeon+1","Berserk"],"picked":"Brutality","floor":33},{"not_picked":["Searing Blow+1","Combust"],"picked":"Dual Wield","floor":35},{"not_picked":["Carnage+1","Cleave+1"],"picked":"Flex+1","floor":37},{"not_picked":["Cleave+1","Perfected Strike+1"],"picked":"Feel No Pain+1","floor":39},{"not_picked":["Infernal Blade","Rampage+1"],"picked":"Shrug It Off+1","floor":41},{"not_picked":["Anger+1","Body Slam+1","Armaments"],"picked":"SKIP","floor":42},{"not_picked":["Clash+1","Cleave+1","Bloodletting"],"picked":"SKIP","floor":44},{"not_picked":["Power Through","Seeing Red+1"],"picked":"Feel No Pain+1","floor":45},{"not_picked":["Cleave+1","Seeing Red"],"picked":"Flame Barrier+1","floor":48},{"not_picked":["Armaments","Combust+1"],"picked":"Barricade","floor":54}],"player_experience":32193,"relics_obtained":[{"floor":7,"key":"MealTicket"},{"floor":9,"key":"Mummified Hand"},{"floor":10,"key":"Anchor"},{"floor":23,"key":"Boot"},{"floor":25,"key":"Eternal Feather"},{"floor":26,"key":"Molten Egg 2"},{"floor":27,"key":"Shuriken"},{"floor":37,"key":"Champion Belt"},{"floor":41,"key":"War Paint"},{"floor":47,"key":"Ornamental Fan"},{"floor":54,"key":"CaptainsWheel"}],"event_choices":[{"damage_healed":0,"gold_gain":0,"player_choice":"Box","damage_taken":0,"relics_obtained":["Pocketwatch"],"max_hp_gain":0,"max_hp_loss":0,"event_name":"Big Fish","floor":2,"gold_loss":0,"cards_obtained":["Regret"]},{"cards_removed":["Regret"],"damage_healed":0,"gold_gain":0,"player_choice":"Card Removal","damage_taken":0,"max_hp_gain":0,"max_hp_loss":0,"event_name":"The Cleric","floor":4,"gold_loss":50},{"cards_removed":["Strike_R"],"damage_healed":0,"gold_gain":0,"player_choice":"Purged","damage_taken":0,"max_hp_gain":0,"max_hp_loss":0,"event_name":"Purifier","floor":5,"gold_loss":0},{"damage_healed":0,"gold_gain":0,"player_choice":"Opened","damage_taken":0,"relics_obtained":["Pear"],"max_hp_gain":0,"max_hp_loss":0,"event_name":"The Mausoleum","floor":28,"gold_loss":0,"cards_obtained":["Writhe"]},{"damage_healed":0,"gold_gain":0,"player_choice":"Ignored","damage_taken":0,"max_hp_gain":0,"max_hp_loss":0,"event_name":"Ghosts","floor":29,"gold_loss":0},{"damage_healed":0,"gold_gain":0,"player_choice":"Max HP","damage_taken":0,"max_hp_gain":0,"max_hp_loss":5,"event_name":"Winding Halls","floor":36,"gold_loss":0},{"damage_healed":0,"gold_gain":0,"player_choice":"Fight","damage_taken":0,"max_hp_gain":0,"max_hp_loss":0,"event_name":"MindBloom","floor":37,"gold_loss":0}],"is_beta":false,"boss_relics":[{"not_picked":["Runic Pyramid","Velvet Choker"],"picked":"SlaversCollar"},{"not_picked":["Busted Crown","Tiny House"],"picked":"Mark of Pain"}],"items_purged_floors":[22,38,46],"is_endless":false,"potions_floor_spawned":[1,11,13,14,19,25,27,31,37,41,45],"ascension_level":1}}