{"host":"a4ifeplrx8vfq4u5","time":1611870644,"event":{"mods":["BaseMod","Beaked The Cultist","Better Third Choice","Colored Map","Conspire","Downfall","Marisa????????","Minty Spire (QoL Compilation)","Random Character Button","Rare Cards Sparkle","Replay The Spire","StSLib","The Cursed","The Hierophant","The Servant 0.9.4"],"gold_per_floor":[110,122,10,10,41,41,41,41,41,41,4,4,30,30,30,30,30],"floor_reached":16,"language":"ENG","playtime":1048,"items_purged":[],"score":138,"play_id":"6999d781-af15-4eb5-b975-bcf464320e11","local_time":"20210128215044","is_ascension_mode":false,"campfire_choices":[{"data":"hierophant:ChurchCoffers","floor":6,"key":"SMITH"},{"data":"hierophant:Smite","floor":8,"key":"SMITH"},{"data":"hierophant:OrnateBuckler","floor":12,"key":"SMITH"},{"data":"hierophant:OrnateBuckler","floor":15,"key":"SMITH"}],"circlet_count":0,"master_deck":["conspire:GhostlyStrike","conspire:GhostlyStrike","conspire:GhostlyStrike","conspire:GhostlyStrike","hierophant:Punish","conspire:GhostlyDefend","conspire:GhostlyDefend","conspire:GhostlyDefend","conspire:GhostlyDefend","hierophant:ChurchCoffers+1","hierophant:PassingBell","hierophant:Shelter","hierophant:OrnateJavelin+1","hierophant:Smite+1","hierophant:OrnateBuckler+1","hierophant:OrnateBuckler+1","hierophant:Zeal"],"relics":["hierophant:PropheticMaskRelic","Golden Idol","Oddly Smooth Stone","Orichalcum"],"acts_visited":["Exordium"],"potions_floor_usage":[16],"damage_taken":[{"damage":0,"enemies":"conspire:RoseBush","floor":1,"turns":3},{"damage":0,"enemies":"Small Slimes","floor":2,"turns":3},{"damage":0,"enemies":"2 Louse","floor":5,"turns":2},{"damage":0,"enemies":"conspire:2 RoseBushes","floor":13,"turns":4},{"damage":64,"enemies":"Hexaghost","floor":16,"turns":16}],"seed_played":"-4542032783785747405","potions_obtained":[{"floor":5,"key":"AttackPotion"}],"is_trial":false,"path_per_floor":["M","M","$","?","M","R","?","R","T","?","$","R","M","$","R","B"],"character_chosen":"HIEROPHANT","items_purchased":["hierophant:OrnateJavelin+1","hierophant:Smite","hierophant:OrnateBuckler"],"campfire_rested":0,"item_purchase_floors":[3,3,11],"current_hp_per_floor":[82,82,82,62,62,62,62,62,62,62,62,62,62,62,62,0,0],"gold":30,"neow_bonus":"TEN_PERCENT_HP_BONUS","is_daily":false,"chose_seed":false,"campfire_upgraded":4,"win_rate":0.0,"timestamp":1611870644,"path_taken":["M","M","$","?","M","R","?","R","T","?","$","R","M","?","R","BOSS"],"items_purchased_type":["Card","Card","Card"],"build_version":"2020-12-22","purchased_purges":0,"victory":false,"max_hp_per_floor":[82,82,82,82,82,82,82,82,82,82,82,82,82,82,82,82,82],"card_choices":[{"not_picked":["hierophant:HolyVerse","hierophant:Bribe"],"picked":"hierophant:PassingBell","floor":1},{"not_picked":["hierophant:ConvertCurrency","hierophant:SealAway"],"picked":"hierophant:Shelter","floor":2},{"not_picked":["hierophant:PassingBell","hierophant:SealAway","hierophant:MorningPrayer"],"picked":"SKIP","floor":5},{"not_picked":["hierophant:PassingBell","hierophant:HolyVerse"],"picked":"hierophant:Zeal","floor":13}],"player_experience":418764,"relics_obtained":[{"floor":9,"key":"Orichalcum"}],"event_choices":[{"damage_healed":0,"gold_gain":0,"player_choice":"Take Damage","damage_taken":20,"relics_obtained":["Golden Idol"],"max_hp_gain":0,"max_hp_loss":0,"event_name":"Golden Idol","floor":4,"gold_loss":0},{"damage_healed":0,"gold_gain":0,"player_choice":"Searched \u00271\u0027 times","damage_taken":0,"relics_obtained":["Oddly Smooth Stone"],"max_hp_gain":0,"max_hp_loss":0,"event_name":"Dead Adventurer","floor":7,"gold_loss":0},{"damage_healed":0,"gold_gain":0,"player_choice":"Agree","damage_taken":0,"max_hp_gain":0,"max_hp_loss":0,"event_name":"conspire:LoneGhost","floor":10,"gold_loss":0}],"is_beta":false,"boss_relics":[],"items_purged_floors":[],"is_endless":false,"potions_floor_spawned":[5],"killed_by":"Hexaghost","ascension_level":0}}