{"host":"yx5rao87132cy5xq","time":1611802464,"event":{"mods":["2.2 Compatiblity","AchievementEnabler","BaseMod","Bestiary","Colored Map","Colored Powertips","Minty Spire (QoL Compilation)","Quick Restart","Relic Stats","Slay-I","SuperFastMode"],"gold_per_floor":[113,133,133,133,148,177,191,191,217,217,260,280,319,319,319,444,444,467,517,567,167,186,186,151,182,182,213,263,301,322,343,343,343,343],"floor_reached":33,"language":"ENG","playtime":2285,"items_purged":["Strike_R"],"score":582,"play_id":"58c91dc5-e656-4091-a0e2-1649e63daca6","local_time":"20210128035424","is_ascension_mode":true,"campfire_choices":[{"floor":8.0,"key":"REST"},{"data":"Armaments","floor":15.0,"key":"SMITH"},{"data":"Well Laid Plans","floor":23.0,"key":"SMITH"},{"data":"Deep Breath","floor":32.0,"key":"SMITH"}],"circlet_count":0,"master_deck":["AscendersBane","Defend_R","Defend_R","Defend_R","Defend_R","Bash+1","Dark Shackles","Twin Strike+1","Intimidate","Sword Boomerang","Perfected Strike","Pommel Strike+1","Injury","Armaments+1","Flex","Pommel Strike","Limit Break","Flame Barrier+1","Well Laid Plans+1","SashWhip","Turbo","Bite","Bite","Bite","Bite","Bite","Deep Breath+1"],"relics":["Burning Blood","PreservedInsect","Bronze Scales","Golden Idol","Happy Flower","SsserpentHead","Black Star","PrismaticShard","Gremlin Horn","Centennial Puzzle","Meat on the Bone","Paper Frog","Ornamental Fan","Nunchaku","Akabeko","Whetstone"],"acts_visited":["Exordium","TheCity"],"potions_floor_usage":[33,33],"damage_taken":[{"damage":1.0,"enemies":"Cultist","floor":1.0,"turns":3.0},{"damage":0.0,"enemies":"Small Slimes","floor":2.0,"turns":3.0},{"damage":4.0,"enemies":"Jaw Worm","floor":5.0,"turns":3.0},{"damage":46.0,"enemies":"Lagavulin","floor":6.0,"turns":6.0},{"damage":9.0,"enemies":"Looter","floor":7.0,"turns":3.0},{"damage":15.0,"enemies":"3 Sentries","floor":11.0,"turns":3.0},{"damage":9.0,"enemies":"Red Slaver","floor":12.0,"turns":4.0},{"damage":0.0,"enemies":"Lagavulin","floor":13.0,"turns":3.0},{"damage":47.0,"enemies":"Slime Boss","floor":16.0,"turns":12.0},{"damage":34.0,"enemies":"Shell Parasite","floor":18.0,"turns":6.0},{"damage":2.0,"enemies":"Chosen","floor":22.0,"turns":4.0},{"damage":29.0,"enemies":"Slavers","floor":25.0,"turns":3.0},{"damage":12.0,"enemies":"Gremlin Leader","floor":27.0,"turns":5.0},{"damage":26.0,"enemies":"Slavers","floor":29.0,"turns":5.0},{"damage":22.0,"enemies":"Centurion and Healer","floor":30.0,"turns":21.0},{"damage":17.0,"enemies":"Snecko","floor":31.0,"turns":5.0},{"damage":157,"enemies":"Automaton","floor":33,"turns":12}],"seed_played":"-2737952348192975736","potions_obtained":[{"floor":2.0,"key":"LiquidMemories"},{"floor":6.0,"key":"Explosive Potion"},{"floor":12.0,"key":"FearPotion"},{"floor":13.0,"key":"SkillPotion"},{"floor":25.0,"key":"Fruit Juice"}],"is_trial":false,"path_per_floor":["M","M","$","?","M","E","M","R","T","?","E","M","E","?","R","B",null,"M","?","?","$","M","R","?","E","T","E","?","E","M","M","R","B"],"character_chosen":"IRONCLAD","items_purchased":["EntropicBrew","DuplicationPotion","PrismaticShard"],"campfire_rested":1,"item_purchase_floors":[21,21,21],"current_hp_per_floor":[77,80,80,80,80,40,37,61,61,61,52,49,55,55,55,16,64,38,38,64,64,70,70,70,49,49,57,57,47,80,69,69,0,0],"gold":343,"neow_bonus":"RANDOM_COLORLESS","is_daily":false,"chose_seed":false,"campfire_upgraded":3,"win_rate":0.0,"timestamp":1611802464,"path_taken":["M","?","$","?","M","E","M","R","T","?","E","M","E","?","R","BOSS","M","?","?","$","M","R","?","E","T","E","?","E","M","M","R","BOSS"],"items_purchased_type":["Potion","Potion","Relic"],"build_version":"2020-12-22","purchased_purges":1,"victory":false,"max_hp_per_floor":[80,80,80,80,80,80,80,80,80,80,80,80,80,80,80,80,80,80,80,80,80,80,80,80,80,80,80,80,80,80,80,80,85,85],"relic_stats":{"Happy Flower":[26],"Gremlin Horn":[11,11],"counters":[17,101],"Golden Idol":83,"PreservedInsect":192,"Whetstone":["Twin Strike","Pommel Strike"],"Burning Blood":85,"SsserpentHead":200,"Centennial Puzzle":[15],"Nunchaku":[8],"Ornamental Fan":[40],"Bronze Scales":[180],"Black Star":3,"obtain_stats":[{"Happy Flower":11,"Gremlin Horn":24,"Golden Idol":10,"PreservedInsect":6,"Whetstone":29,"PrismaticShard":21,"Burning Blood":0,"Akabeko":29,"Blood Vial":13,"SsserpentHead":14,"Centennial Puzzle":25,"Nunchaku":27,"Ornamental Fan":27,"Bronze Scales":9,"Black Star":17,"Meat on the Bone":25,"Paper Frog":26},{"Happy Flower":6,"Gremlin Horn":11,"Golden Idol":5,"PreservedInsect":4,"Whetstone":14,"PrismaticShard":10,"Burning Blood":0,"Akabeko":14,"Blood Vial":8,"SsserpentHead":8,"Centennial Puzzle":12,"Nunchaku":13,"Ornamental Fan":13,"Bronze Scales":5,"Black Star":9,"Meat on the Bone":12,"Paper Frog":12},{"Happy Flower":21,"Gremlin Horn":50,"Golden Idol":18,"PreservedInsect":15,"Whetstone":63,"PrismaticShard":46,"Burning Blood":0,"Akabeko":63,"Blood Vial":28,"SsserpentHead":28,"Centennial Puzzle":53,"Nunchaku":58,"Ornamental Fan":58,"Bronze Scales":18,"Black Star":40,"Meat on the Bone":53,"Paper Frog":53}],"Meat on the Bone":12},"card_choices":[{"not_picked":["Madness","Mind Blast"],"picked":"Dark Shackles","floor":0.0},{"not_picked":["Searing Blow","Thunderclap"],"picked":"Twin Strike","floor":1.0},{"not_picked":["Havoc","Clash"],"picked":"Intimidate","floor":2.0},{"not_picked":["Feel No Pain","Spot Weakness"],"picked":"Sword Boomerang","floor":5.0},{"not_picked":["Armaments","Battle Trance"],"picked":"Perfected Strike","floor":6.0},{"not_picked":["Headbutt","Searing Blow"],"picked":"Pommel Strike","floor":7.0},{"not_picked":["Flex","Offering"],"picked":"Armaments","floor":11.0},{"not_picked":["Anger","Seeing Red"],"picked":"Flex","floor":12.0},{"not_picked":["Seeing Red","Inflame"],"picked":"Pommel Strike","floor":13.0},{"not_picked":["Juggernaut","Bludgeon"],"picked":"Limit Break","floor":16.0},{"not_picked":["Inflame","Twin Strike"],"picked":"Flame Barrier+1","floor":18.0},{"not_picked":["Crescendo","Bane"],"picked":"Well Laid Plans","floor":22.0},{"not_picked":["Seeing Red","Bouncing Flask"],"picked":"SashWhip","floor":25.0},{"not_picked":["Secret Technique","Barrage"],"picked":"Turbo","floor":27.0},{"not_picked":["MentalFortress","WindmillStrike","Outmaneuver"],"picked":"SKIP","floor":29.0},{"not_picked":["Body Slam","FlurryOfBlows","Prostrate"],"picked":"SKIP","floor":30.0},{"not_picked":["Eviscerate","SignatureMove"],"picked":"Deep Breath","floor":31.0}],"player_experience":862813,"relics_obtained":[{"floor":6.0,"key":"PreservedInsect"},{"floor":9.0,"key":"Bronze Scales"},{"floor":11.0,"key":"Happy Flower"},{"floor":13.0,"key":"Blood Vial"},{"floor":25.0,"key":"Centennial Puzzle"},{"floor":25.0,"key":"Meat on the Bone"},{"floor":26.0,"key":"Paper Frog"},{"floor":27.0,"key":"Ornamental Fan"},{"floor":27.0,"key":"Nunchaku"},{"floor":29.0,"key":"Akabeko"},{"floor":29.0,"key":"Whetstone"}],"event_choices":[{"damage_healed":0.0,"max_hp_gain":0.0,"max_hp_loss":0.0,"gold_gain":0.0,"event_name":"Living Wall","player_choice":"Grow","floor":4.0,"gold_loss":0.0,"damage_taken":0.0,"cards_upgraded":["Bash"]},{"damage_healed":0.0,"max_hp_gain":0.0,"max_hp_loss":0.0,"gold_gain":0.0,"event_name":"Golden Idol","player_choice":"Take Wound","floor":10.0,"gold_loss":0.0,"damage_taken":0.0,"relics_obtained":["Golden Idol"],"cards_obtained":["Injury"]},{"damage_healed":0.0,"max_hp_gain":0.0,"max_hp_loss":0.0,"gold_gain":0.0,"event_name":"FaceTrader","player_choice":"Trade","floor":14.0,"gold_loss":0.0,"damage_taken":0.0,"relics_obtained":["SsserpentHead"]},{"damage_healed":0.0,"max_hp_gain":0.0,"max_hp_loss":0.0,"gold_gain":0.0,"event_name":"Ghosts","player_choice":"Ignored","floor":19.0,"gold_loss":0.0,"damage_taken":0.0},{"damage_healed":26.0,"max_hp_gain":0.0,"max_hp_loss":0.0,"gold_gain":0.0,"event_name":"The Library","player_choice":"Heal","floor":20.0,"gold_loss":0.0,"damage_taken":0.0},{"damage_healed":0.0,"max_hp_gain":0.0,"max_hp_loss":0.0,"gold_gain":0.0,"event_name":"Addict","player_choice":"Obtained Relic","floor":24.0,"gold_loss":85.0,"damage_taken":0.0,"relics_obtained":["Gremlin Horn"]},{"damage_healed":0.0,"max_hp_gain":0.0,"max_hp_loss":0.0,"gold_gain":0.0,"event_name":"Vampires","player_choice":"Became a vampire (Vial)","floor":28.0,"relics_lost":["Blood Vial"],"gold_loss":0.0,"damage_taken":0.0,"cards_obtained":["Bite","Bite","Bite","Bite","Bite"]}],"is_beta":false,"boss_relics":[{"not_picked":["Busted Crown","Tiny House"],"picked":"Black Star"}],"items_purged_floors":[21],"is_endless":false,"potions_floor_spawned":[2,6,12,13,25,29],"killed_by":"Automaton","ascension_level":12}}