{"host":"uvmuduost5bzvojs","time":1611872722,"event":{"mods":["Aspiration","Bard","BaseMod","Better Match","Block Reminder","Conspire","Hermit","Highlight Path","Hubris","Infinite Spire","Jorbs\u0027s Wanderer Trilogy","Mad Scientist","Marisa????????","Mimic Mod","Minty Spire (QoL Compilation)","Potionbrewer","Replay The Spire","Robot Space Explorer","StSLib","The Blackbeard","The Construct","The Cursed","The Disciple","The Hayseed","The Hierophant","The Juggle","The Jungle","The Poker Player","The Runesmith","The Servant 0.9.4","The Spell Scribe","The Valiant","TheBandit"],"gold_per_floor":[116,130,146,164,164,164,18,18,72,72,88,121,53,67,67,170,170,155,155],"floor_reached":18,"language":"ENG","playtime":620,"items_purged":["Voices"],"score":162,"play_id":"1951d359-1977-44f9-9c43-e1f4da81145b","local_time":"20210128172522","is_ascension_mode":false,"campfire_choices":[{"data":"hermit:Roulette","floor":6,"key":"SMITH"},{"data":"hermit:Brawl","floor":8,"key":"SMITH"},{"floor":15,"key":"REST"}],"circlet_count":0,"master_deck":["hermit:Strike_Hermit","hermit:Strike_Hermit","hermit:Strike_Hermit","hermit:Strike_Hermit","hermit:Defend_Hermit","hermit:Defend_Hermit","hermit:Defend_Hermit","hermit:Defend_Hermit","hermit:Snapshot","hermit:Covet","hermit:SprayPray","hermit:Roulette+1","hermit:PistolWhip","hermit:Desperado","hermit:Brawl+1","Decay","hermit:LoneWolf","hermit:Virtue","hermit:Determination","Regret","hermit:Cheat","hermit:Magnum","hermit:Magnum","hermit:Reprieve"],"relics":["hermit:Momento","Ring of Peace","ReplayTheSpireMod:Ring of Sloth","infinitespire:Lucky Rock","Blue Doll","ReplayTheSpireMod:CursedCoin","Runic Dome"],"acts_visited":["Exordium","TheCity"],"potions_floor_usage":[4,12,16],"damage_taken":[{"damage":11,"enemies":"Jaw Worm","floor":1,"turns":3},{"damage":0,"enemies":"Small Slimes","floor":2,"turns":3},{"damage":0,"enemies":"Cultist","floor":3,"turns":2},{"damage":25,"enemies":"Large Slime","floor":4,"turns":7},{"damage":6,"enemies":"2 Fungi Beasts","floor":11,"turns":3},{"damage":18,"enemies":"Lagavulin","floor":12,"turns":5},{"damage":7,"enemies":"Exordium Wildlife","floor":14,"turns":3},{"damage":35,"enemies":"Hexaghost","floor":16,"turns":8},{"damage":2,"enemies":"2 Thieves","floor":18,"turns":1}],"seed_played":"-7879661710750228122","potions_obtained":[{"floor":1,"key":"SpeedPotion"},{"floor":3,"key":"Venom Potion"},{"floor":4,"key":"PowerPotion"}],"is_trial":false,"path_per_floor":["M","M","M","M","?","R","$","R","T","?","M","E","$","M","R","B",null,"M"],"character_chosen":"HERMIT","items_purchased":["hermit:Brawl","hermit:Determination","ReplayTheSpireMod:CursedCoin","hermit:Cheat","hermit:Magnum"],"campfire_rested":1,"item_purchase_floors":[7,13,13,13,13],"current_hp_per_floor":[71,71,71,46,46,46,46,46,46,46,40,22,22,15,39,4,82,80,80],"gold":155,"neow_bonus":"TEN_PERCENT_HP_BONUS","is_daily":false,"chose_seed":false,"campfire_upgraded":2,"win_rate":0.0,"timestamp":1611872722,"path_taken":["M","M","M","M","?","R","$","R","T","?","?","E","$","M","R","BOSS","M"],"items_purchased_type":["Card","Card","Relic","Card","Card"],"build_version":"2020-12-22","purchased_purges":1,"victory":false,"max_hp_per_floor":[82,82,82,82,82,82,82,82,82,82,82,82,82,82,82,82,82,82,82],"card_choices":[{"not_picked":["hermit:Glare","hermit:ItchyTrigger"],"picked":"hermit:SprayPray","floor":1},{"not_picked":["hermit:TakeCover","hermit:Grudge"],"picked":"hermit:Roulette","floor":2},{"not_picked":["hermit:Adapt","hermit:Manifest"],"picked":"hermit:PistolWhip","floor":3},{"not_picked":["hermit:Dive","hermit:LowProfile"],"picked":"hermit:Desperado","floor":4},{"not_picked":["hermit:TakeAim","hermit:Headshot"],"picked":"hermit:LoneWolf","floor":11},{"not_picked":["hermit:Roulette","hermit:Showdown"],"picked":"hermit:Virtue","floor":12},{"not_picked":["hermit:Maintenance","hermit:Scavenge","hermit:Ricochet"],"picked":"SKIP","floor":14},{"not_picked":["hermit:OverwhelmingPower","hermit:EternalForm"],"picked":"hermit:Reprieve","floor":16}],"player_experience":1903460,"relics_obtained":[{"floor":5,"key":"Ring of Peace"},{"floor":5,"key":"ReplayTheSpireMod:Ring of Sloth"},{"floor":9,"key":"infinitespire:Lucky Rock"},{"floor":12,"key":"Blue Doll"}],"event_choices":[{"damage_healed":0,"gold_gain":0,"player_choice":"Cursed","damage_taken":0,"max_hp_gain":0,"max_hp_loss":0,"event_name":"Wheel of Change","floor":10,"gold_loss":0,"cards_obtained":["Decay"]}],"is_beta":false,"boss_relics":[{"not_picked":["Tiny House","Honey Jar"],"picked":"Runic Dome"}],"items_purged_floors":[7],"is_endless":false,"potions_floor_spawned":[1,3,4],"killed_by":"2 Thieves","ascension_level":0}}