{"host":"6xsbn6ynqlzwllfm","time":1611866958,"event":{"mods":["2.2 Compatiblity","BaseMod","Bestiary","Colored Map","Colored Powertips","Curses Come First","Highlight Path","Keyboard Shortcuts","Minty Spire (QoL Compilation)","Relic Stats","Slay the Relics Exporter","StSLib","SuperFastMode"],"gold_per_floor":[113,124,89,125,170,170,225,225,225,259,259,315,365,428,428,558,558,600,644,644,662,686,741,741,298,298,346,395,124,169,211,211,316,316,362,83,83,0,44,69,69,103,130,155,172,202,202],"floor_reached":46,"language":"ENG","playtime":4927,"items_purged":["Strike_P","Strike_P","Strike_P+1"],"score":975,"play_id":"49110b32-6a26-4576-8480-c8e21cf93f2e","local_time":"20210128154918","is_ascension_mode":true,"campfire_choices":[{"data":"Blasphemy","floor":6,"key":"SMITH"},{"data":"Wish","floor":8,"key":"SMITH"},{"data":"FlyingSleeves","floor":15,"key":"SMITH"},{"data":"ForeignInfluence","floor":24,"key":"SMITH"},{"data":"LessonLearned","floor":32,"key":"SMITH"},{"floor":41,"key":"RECALL"}],"circlet_count":0,"master_deck":["Defend_P+1","Defend_P","Defend_P","Defend_P","Eruption","Vigilance+1","Blasphemy+1","FlyingSleeves+1","Wish+1","CutThroughFate+1","ForeignInfluence+1","Wallop","FlyingSleeves+1","FlurryOfBlows","Protect+1","LessonLearned+1","Study+1","ReachHeaven+1","Swivel+1","Wireheading+1","SashWhip+1","Ragnarok","Fasting2","Madness","Madness+1","Perseverance"],"relics":["PureWater","MealTicket","Tiny Chest","White Beast Statue","Akabeko","Torii","SlaversCollar","Ancient Tea Set","Meat on the Bone","TungstenRod","Membership Card","Centennial Puzzle","Black Star","Yang","Bronze Scales","Red Mask","Peace Pipe","Omamori","Art of War","Calipers","War Paint","Pen Nib"],"acts_visited":["Exordium","TheCity","TheBeyond"],"potions_floor_usage":[10,13,16,16,16,21,23,23,23,23,23,23,28,30,31,33,39,39,40,40,42,46,46],"damage_taken":[{"damage":0,"enemies":"Jaw Worm","floor":1,"turns":3},{"damage":0,"enemies":"Small Slimes","floor":2,"turns":2},{"damage":6,"enemies":"Cultist","floor":4,"turns":3},{"damage":7,"enemies":"Looter","floor":5,"turns":4},{"damage":0,"enemies":"Lagavulin","floor":7,"turns":4},{"damage":0,"enemies":"Gremlin Nob","floor":10,"turns":1},{"damage":0,"enemies":"3 Sentries","floor":12,"turns":2},{"damage":2,"enemies":"Gremlin Gang","floor":13,"turns":6},{"damage":34,"enemies":"Lagavulin","floor":14,"turns":9},{"damage":8,"enemies":"The Guardian","floor":16,"turns":6},{"damage":10,"enemies":"Shell Parasite","floor":18,"turns":3},{"damage":29,"enemies":"3 Byrds","floor":19,"turns":10},{"damage":0,"enemies":"Snake Plant","floor":21,"turns":1},{"damage":1,"enemies":"Slavers","floor":23,"turns":12},{"damage":0,"enemies":"Chosen and Byrds","floor":27,"turns":4},{"damage":20,"enemies":"Sentry and Sphere","floor":28,"turns":6},{"damage":16,"enemies":"Centurion and Healer","floor":30,"turns":7},{"damage":7,"enemies":"Snake Plant","floor":31,"turns":4},{"damage":9,"enemies":"Champ","floor":33,"turns":8},{"damage":9,"enemies":"3 Shapes","floor":35,"turns":9},{"damage":11,"enemies":"Orb Walker","floor":39,"turns":5},{"damage":0,"enemies":"Reptomancer","floor":40,"turns":9},{"damage":17,"enemies":"Nemesis","floor":42,"turns":3},{"damage":6,"enemies":"Maw","floor":45,"turns":7},{"damage":100010,"enemies":"Writhing Mass","floor":46,"turns":6}],"seed_played":"4562449521590905944","potions_obtained":[{"floor":2,"key":"CultistPotion"},{"floor":4,"key":"Swift Potion"},{"floor":12,"key":"Strength Potion"},{"floor":13,"key":"Dexterity Potion"},{"floor":14,"key":"BottledMiracle"},{"floor":16,"key":"ColorlessPotion"},{"floor":18,"key":"PowerPotion"},{"floor":19,"key":"EssenceOfSteel"},{"floor":21,"key":"EntropicBrew"},{"floor":23,"key":"FearPotion"},{"floor":27,"key":"EssenceOfSteel"},{"floor":28,"key":"Fire Potion"},{"floor":30,"key":"SkillPotion"},{"floor":31,"key":"Block Potion"},{"floor":33,"key":"FearPotion"},{"floor":35,"key":"AttackPotion"},{"floor":39,"key":"Energy Potion"},{"floor":40,"key":"Dexterity Potion"},{"floor":42,"key":"Fire Potion"},{"floor":45,"key":"Swift Potion"}],"is_trial":false,"path_per_floor":["M","M","?","M","M","R","E","R","T","E","?","E","M","E","R","B",null,"M","M","?","M","T","E","R","$","T","M","M","$","M","M","R","B",null,"M","$","?","?","M","E","R","E","T","T","M","M"],"character_chosen":"WATCHER","items_purchased":["TungstenRod","Wireheading","Membership Card","Centennial Puzzle","Fasting2","Yang","Bronze Scales"],"campfire_rested":0,"item_purchase_floors":[25,25,29,29,36,36,36],"current_hp_per_floor":[47,47,65,59,52,52,52,52,52,52,45,45,43,9,9,1,54,44,15,15,15,15,14,14,29,29,41,33,48,44,37,37,40,64,55,70,62,62,51,51,51,46,46,46,40,0,0],"gold":202,"neow_bonus":"THREE_RARE_CARDS","is_daily":false,"chose_seed":false,"campfire_upgraded":5,"win_rate":0.0,"timestamp":1611866958,"path_taken":["M","M","?","M","M","R","E","R","T","E","?","E","M","E","R","BOSS","M","M","?","?","?","E","R","$","T","?","M","$","M","M","R","BOSS","M","$","?","?","M","E","R","E","T","?","?","M"],"items_purchased_type":["Relic","Card","Relic","Relic","Card","Relic","Relic"],"build_version":"2020-12-22","purchased_purges":3,"victory":false,"max_hp_per_floor":[72,72,72,72,72,72,72,72,72,72,72,72,72,72,72,72,72,72,72,72,72,72,72,72,72,72,72,72,72,72,72,72,72,72,72,72,72,72,72,72,72,72,72,72,72,72,72],"relic_stats":{"Torii":56,"counters":[25,133],"Yang":[42],"Pen Nib":[2],"War Paint":["Madness","Defend_P"],"Peace Pipe":0,"Centennial Puzzle":[24],"Bronze Scales":[79],"MealTicket":45,"Tiny Chest":2,"Black Star":2,"Art of War":[0],"obtain_stats":[{"Calipers":42,"Torii":14,"Yang":36,"Pen Nib":44,"Omamori":40,"War Paint":43,"Ancient Tea Set":22,"White Beast Statue":10,"Akabeko":12,"Peace Pipe":40,"SlaversCollar":17,"Centennial Puzzle":29,"Bronze Scales":36,"MealTicket":7,"Tiny Chest":9,"Black Star":34,"Red Mask":38,"Art of War":42,"Membership Card":29,"PureWater":0,"TungstenRod":25,"Meat on the Bone":23},{"Calipers":23,"Torii":9,"Yang":20,"Pen Nib":23,"Omamori":22,"War Paint":23,"Ancient Tea Set":13,"White Beast Statue":6,"Akabeko":7,"Peace Pipe":22,"SlaversCollar":10,"Centennial Puzzle":16,"Bronze Scales":20,"MealTicket":5,"Tiny Chest":5,"Black Star":19,"Red Mask":20,"Art of War":23,"Membership Card":16,"PureWater":0,"TungstenRod":14,"Meat on the Bone":14},{"Calipers":121,"Torii":34,"Yang":104,"Pen Nib":121,"Omamori":118,"War Paint":121,"Ancient Tea Set":54,"White Beast Statue":17,"Akabeko":19,"Peace Pipe":118,"SlaversCollar":40,"Centennial Puzzle":76,"Bronze Scales":104,"MealTicket":16,"Tiny Chest":16,"Black Star":95,"Red Mask":104,"Art of War":121,"Membership Card":76,"PureWater":0,"TungstenRod":66,"Meat on the Bone":66}],"TungstenRod":38,"Meat on the Bone":60},"card_choices":[{"not_picked":["Vault","Brilliance"],"picked":"Blasphemy","floor":0},{"not_picked":["FlurryOfBlows","CutThroughFate"],"picked":"FlyingSleeves","floor":1},{"not_picked":["FollowUp","ThirdEye"],"picked":"Wish","floor":2},{"not_picked":["BowlingBash","EmptyFist"],"picked":"CutThroughFate","floor":4},{"not_picked":["WaveOfTheHand","SignatureMove"],"picked":"ForeignInfluence","floor":5},{"not_picked":["Tantrum","FollowUp"],"picked":"Wallop","floor":7},{"not_picked":["Crescendo","Collect"],"picked":"FlyingSleeves","floor":10},{"not_picked":["JustLucky","Fasting2","CarveReality"],"picked":"SKIP","floor":12},{"not_picked":["BowlingBash","Collect"],"picked":"FlurryOfBlows","floor":13},{"not_picked":["Halt","Nirvana"],"picked":"Protect","floor":14},{"not_picked":["SpiritShield","Blasphemy"],"picked":"LessonLearned","floor":16},{"not_picked":["JustLucky","SandsOfTime"],"picked":"Study+1","floor":18},{"not_picked":["CarveReality+1","SashWhip"],"picked":"ReachHeaven+1","floor":19},{"not_picked":["Weave","Nirvana"],"picked":"Swivel","floor":21},{"not_picked":["Judgement","Halt","EmptyBody"],"picked":"SKIP","floor":23},{"not_picked":["Judgement","Halt","EmptyBody"],"picked":"SKIP","floor":23},{"not_picked":["FollowUp","Indignation"],"picked":"SashWhip","floor":27},{"not_picked":["Wireheading","FlyingSleeves+1","Halt"],"picked":"SKIP","floor":30},{"not_picked":["FlyingSleeves+1","Wallop","FollowUp"],"picked":"SKIP","floor":31},{"not_picked":["DevaForm","Alpha"],"picked":"Ragnarok","floor":33},{"not_picked":["BowlingBash","Tantrum+1","CrushJoints"],"picked":"SKIP","floor":39},{"not_picked":["MentalFortress","LessonLearned","ClearTheMind"],"picked":"SKIP","floor":40},{"not_picked":["EmptyBody+1","ThirdEye"],"picked":"Perseverance","floor":42},{"not_picked":["Fasting2","EmptyFist","Wallop"],"picked":"SKIP","floor":45}],"player_experience":1190451,"relics_obtained":[{"floor":7,"key":"MealTicket"},{"floor":9,"key":"Tiny Chest"},{"floor":10,"key":"White Beast Statue"},{"floor":12,"key":"Akabeko"},{"floor":14,"key":"Torii"},{"floor":22,"key":"Ancient Tea Set"},{"floor":23,"key":"Meat on the Bone"},{"floor":40,"key":"Peace Pipe"},{"floor":40,"key":"Omamori"},{"floor":42,"key":"Art of War"},{"floor":42,"key":"Calipers"},{"floor":43,"key":"War Paint"},{"floor":44,"key":"Pen Nib"}],"event_choices":[{"damage_healed":18,"gold_gain":0,"player_choice":"Healed","damage_taken":0,"max_hp_gain":0,"max_hp_loss":0,"event_name":"The Cleric","floor":3,"gold_loss":35},{"cards_removed":["Strike_P"],"damage_healed":0,"gold_gain":0,"player_choice":"Card Removal","damage_taken":7,"max_hp_gain":0,"max_hp_loss":0,"event_name":"Golden Wing","floor":11,"gold_loss":0},{"damage_healed":0,"gold_gain":0,"player_choice":"0 cards matched","damage_taken":0,"max_hp_gain":0,"max_hp_loss":0,"event_name":"Match and Keep!","floor":20,"gold_loss":0,"cards_obtained":[]},{"damage_healed":0,"gold_gain":0,"player_choice":"Embrace Madness","damage_taken":9,"max_hp_gain":0,"max_hp_loss":0,"event_name":"Winding Halls","floor":37,"gold_loss":0,"cards_obtained":["Madness","Madness"]},{"damage_healed":0,"gold_gain":0,"player_choice":"Paid","damage_taken":0,"relics_obtained":["Red Mask"],"max_hp_gain":0,"max_hp_loss":0,"event_name":"Tomb of Lord Red Mask","floor":38,"gold_loss":83}],"is_beta":false,"boss_relics":[{"not_picked":["Runic Pyramid","Sozu"],"picked":"SlaversCollar"},{"not_picked":["Runic Dome","Velvet Choker"],"picked":"Black Star"}],"items_purged_floors":[25,29,36],"is_endless":false,"potions_floor_spawned":[2,4,12,13,14,16,18,19,21,23,27,28,30,31,33,35,39,40,42,45],"killed_by":"Writhing Mass","ascension_level":9}}