{"host":"Mute","time":1611856724,"event":{"mods":["BaseMod","Colored Map","Downfall","Minty Spire (QoL Compilation)","StSLib"],"gold_per_floor":[99,116,132,144,160,170,170,180,199,199,219,254,266,266,281,281,281,281],"floor_reached":16,"language":"ENG","playtime":1128,"items_purged":[],"score":110,"play_id":"474e2b88-4811-4f75-8f05-d4204b708a62","local_time":"20210128125844","is_ascension_mode":false,"campfire_choices":[{"data":"hexamod:Sear","floor":1,"key":"SMITH"},{"data":"hexamod:GhostOfSpirePast","floor":10,"key":"SMITH"}],"circlet_count":0,"master_deck":["hexamod:Strike","hexamod:Strike","hexamod:Strike","hexamod:Strike","hexamod:Defend","hexamod:Defend","hexamod:Defend","hexamod:Defend","hexamod:Sear+1","hexamod:Float","hexamod:EmpoweredFlame","hexamod:TimeWarp","hexamod:GhostOfSpirePast+1","hexamod:Rewind","hexamod:EmpoweredFlame","hexamod:Again"],"relics":["hexamod:SpiritBrand","Prayer Wheel","hexamod:InflammatoryLetter","hexamod:MatchstickCase","downfall:BrokenWingStatue"],"acts_visited":["Exordium"],"potions_floor_usage":[16],"damage_taken":[{"damage":0,"enemies":"Cultist","floor":2,"turns":3},{"damage":1,"enemies":"Jaw Worm","floor":3,"turns":3},{"damage":0,"enemies":"2 Louse","floor":4,"turns":3},{"damage":2,"enemies":"Blue Slaver","floor":5,"turns":3},{"damage":0,"enemies":"Red Slaver","floor":6,"turns":4},{"damage":14,"enemies":"Exordium Wildlife","floor":8,"turns":4},{"damage":4,"enemies":"Blue Slaver","floor":9,"turns":3},{"damage":0,"enemies":"2 Fungi Beasts","floor":11,"turns":3},{"damage":16,"enemies":"3 Sentries","floor":12,"turns":10},{"damage":1,"enemies":"Exordium Wildlife","floor":13,"turns":3},{"damage":6,"enemies":"Large Slime","floor":15,"turns":4},{"damage":21,"enemies":"IC_STATUS_ARCHETYPE","floor":16,"turns":4}],"seed_played":"8926044073585110979","potions_obtained":[{"floor":3,"key":"PowerPotion"},{"floor":5,"key":"LiquidMemories"},{"floor":6,"key":"Energy Potion"}],"is_trial":false,"path_per_floor":["R","M","M","M","M","M","T","M","M","R","M","E","M","?","M","B"],"character_chosen":"THE_SPIRIT","items_purchased":[],"campfire_rested":0,"item_purchase_floors":[],"current_hp_per_floor":[63,63,62,62,60,60,60,46,42,42,42,26,25,25,19,0,0,0],"gold":281,"neow_bonus":"ONE_RARE_RELIC","is_daily":false,"chose_seed":false,"campfire_upgraded":2,"win_rate":0.0,"timestamp":1611856724,"path_taken":["R","M","M","M","M","M","T","M","?","R","?","E","M","?","M","BOSS"],"items_purchased_type":[],"build_version":"2020-12-18","purchased_purges":0,"victory":false,"max_hp_per_floor":[63,63,63,63,63,63,63,63,63,63,63,63,63,63,63,63,63,63],"card_choices":[{"not_picked":["hexamod:GhostShield","hexamod:InspiringFlames"],"picked":"hexamod:EmpoweredFlame","floor":2},{"not_picked":["hexamod:AdvancingGuard","hexamod:DynamicBlow","hexamod:RecurringNightmare"],"picked":"SKIP","floor":2},{"not_picked":["hexamod:Firestarter","hexamod:BurningTouch"],"picked":"hexamod:TimeWarp","floor":3},{"not_picked":["hexamod:Rewind","hexamod:InspiringFlames","hexamod:SpectralSpark"],"picked":"SKIP","floor":3},{"not_picked":["hexamod:BurningTouch","hexamod:GhostShield"],"picked":"hexamod:GhostOfSpirePast","floor":4},{"not_picked":["hexamod:NightmareStrike","hexamod:FlamesFromBeyond","hexamod:AdvancingGuard"],"picked":"SKIP","floor":4},{"not_picked":["hexamod:GhostShield","hexamod:HeatCrush","hexamod:ThirdSeal"],"picked":"SKIP","floor":5},{"not_picked":["hexamod:RainOfEmbers","hexamod:BurningTouch","hexamod:RecurringNightmare"],"picked":"SKIP","floor":5},{"not_picked":["hexamod:BacktrackSmack","hexamod:SwordOfDarkness"],"picked":"hexamod:Rewind","floor":6},{"not_picked":["hexamod:NightmareStrike","hexamod:ThermalTransfer"],"picked":"hexamod:EmpoweredFlame","floor":6},{"not_picked":["hexamod:ThirdSeal","hexamod:ParanormalForm","hexamod:GhostShield"],"picked":"SKIP","floor":8},{"not_picked":["hexamod:SecondSeal","hexamod:NightmareGuise","hexamod:GhostflameBarrier"],"picked":"SKIP","floor":8},{"not_picked":["hexamod:BurningTouch","hexamod:SwordOfDarkness","hexamod:AdvancingGuard"],"picked":"SKIP","floor":9},{"not_picked":["hexamod:ShieldOfDarkness","hexamod:SpectersWail","hexamod:ThermalTransfer"],"picked":"SKIP","floor":9},{"not_picked":["hexamod:HeatShield","hexamod:RadiantFlame","hexamod:NightmareStrike"],"picked":"SKIP","floor":11},{"not_picked":["hexamod:RadiantFlame","hexamod:GhostLash","hexamod:SuperheatedStrike"],"picked":"SKIP","floor":11},{"not_picked":["hexamod:GhostShield","hexamod:SwordOfDarkness","hexamod:SpectralSpark"],"picked":"SKIP","floor":12},{"not_picked":["hexamod:Firestarter","hexamod:FirstSeal","hexamod:ThirdSeal"],"picked":"SKIP","floor":13},{"not_picked":["hexamod:SwordOfDarkness","hexamod:Hexaguard","hexamod:Firestarter"],"picked":"SKIP","floor":13},{"not_picked":["hexamod:FlamesFromBeyond","hexamod:FourthSeal"],"picked":"hexamod:Again","floor":15},{"not_picked":["hexamod:ShieldOfDarkness","hexamod:GiftsFromTheDead","hexamod:SecondSeal"],"picked":"SKIP","floor":15}],"player_experience":528567,"relics_obtained":[{"floor":7,"key":"hexamod:InflammatoryLetter"},{"floor":12,"key":"hexamod:MatchstickCase"}],"event_choices":[],"is_beta":true,"boss_relics":[],"items_purged_floors":[],"is_endless":false,"potions_floor_spawned":[3,5,6,9,11,13],"killed_by":"IC_STATUS_ARCHETYPE","ascension_level":0}}