{"host":"o9xs51ubzug5n2pm","time":1611830529,"event":{"mods":["Arknights The Spire","Bard","BaseMod","Friendly Minions","GungeonMod","HololiveMod","Marisa£¨ìFÓê¡¡Ä§ÀíÉ³£©","Minty Spire (QoL Compilation)","RumiaBox-Â¶Ã×æ«µÄÉñÃØºÐ×Ó","Shop Mod","StSLib","The Bladedancer","The Construct","The Gatherer","Warlord Emblem","Yohane!","¡¾ÒÅÎï¿¨ÅÆ¡¿REMEMod"],"gold_per_floor":[19,31,31,31,206,206,231,231,231,264,275,275,300,311,311,416,416,433,447,71,71,91,91],"floor_reached":22,"language":"ZHS","playtime":1057,"items_purged":["Doubt"],"score":204,"play_id":"8025e4c8-e70c-48a4-803b-963440e400f4","local_time":"20210128184209","is_ascension_mode":false,"campfire_choices":[{"data":"ats:Emotion Absorption","floor":6,"key":"SMITH"},{"floor":8,"key":"REST"},{"floor":12,"key":"REST"},{"floor":15,"key":"REST"}],"circlet_count":0,"master_deck":["Footwork+1","ats:Assault Order","ats:Mental Burst","ats:Sword Rain","ats:Disruption Kick+1","ats:Nebulous Foxfire","ats:Wolf Pack","ats:Disruption Kick","ats:Calcification","ats:Volcano","ats:Durian","ats:Soul Rend","ats:Echo Reverb","ats:True Silver Slash","ats:Poison Spread","ats:Flame Of Heaven","ats:Leaping Hammer","ats:Roar Of Ursus","ats:Mental Burst+1","ats:Apocalypse","ats:Apocalypse","ats:Red Shift","ats:Absolute Focus","ats:Ambush","ats:Explosion Area Strengthen+1"],"relics":["ats:Sanity","REME_ComplimentaryCards","Torii","Ancient Tea Set","ats:Originium","DemoMod:BlueGuonStone","Matryoshka","SumBook","ats:Rhine Circuitry","Philosopher\u0027s Stone","Orrery","REME_HandOfSuture","MutagenicStrength","DemoMod:GlassGuonStoneRelic"],"acts_visited":["Exordium","TheCity"],"potions_floor_usage":[7,10,12,16],"damage_taken":[{"damage":1,"enemies":"Small Slimes","floor":1,"turns":3},{"damage":8,"enemies":"Jaw Worm","floor":2,"turns":5},{"damage":38,"enemies":"3 Sentries","floor":7,"turns":10},{"damage":21,"enemies":"Gremlin Nob","floor":10,"turns":3},{"damage":0,"enemies":"2 Louse","floor":11,"turns":3},{"damage":38,"enemies":"3 Sentries","floor":13,"turns":9},{"damage":0,"enemies":"Exordium Wildlife","floor":14,"turns":2},{"damage":24,"enemies":"Slime Boss","floor":16,"turns":6},{"damage":7,"enemies":"Chosen","floor":18,"turns":4},{"damage":19,"enemies":"2 Thieves","floor":19,"turns":4},{"damage":8,"enemies":"Snecko","floor":22,"turns":6}],"seed_played":"2931529507130793850","potions_obtained":[{"floor":2,"key":"Regen Potion"},{"floor":7,"key":"SkillPotion"},{"floor":11,"key":"REME_GoldPotion"},{"floor":14,"key":"DuplicationPotion"},{"floor":18,"key":"ats:Top Emergency Sanity Potion"},{"floor":19,"key":"SteroidPotion"},{"floor":22,"key":"DemoMod:LeadSkinPotion"}],"is_trial":false,"path_per_floor":["M","M","?","?","?","R","E","R","T","E","M","R","E","M","R","B",null,"M","M","$","?","M"],"character_chosen":"DOCTOR_CLASS","items_purchased":["Orrery","REME_HandOfSuture"],"campfire_rested":3,"item_purchase_floors":[20,20],"current_hp_per_floor":[71,63,63,30,30,30,7,28,28,7,20,41,5,5,26,8,72,72,53,53,53,71,71],"gold":91,"neow_bonus":"ONE_RARE_RELIC","is_daily":false,"chose_seed":false,"campfire_upgraded":1,"win_rate":0.0,"timestamp":1611830529,"path_taken":["M","M","?","?","?","R","E","R","T","E","M","R","E","M","R","BOSS","M","M","$","?","M"],"items_purchased_type":["Relic","Relic"],"build_version":"2020-12-22","purchased_purges":1,"victory":false,"max_hp_per_floor":[72,72,72,72,72,72,72,72,72,72,72,72,72,72,72,72,72,72,72,72,72,72,72],"card_choices":[{"not_picked":["ats:Shell Defense","ats:Steam Pump"],"picked":"ats:Assault Order","floor":1},{"not_picked":["ats:Hook Shot","ats:Revitalization"],"picked":"ats:Mental Burst","floor":2},{"not_picked":["ats:Shell Defense","ats:Revitalization"],"picked":"ats:Sword Rain","floor":7},{"not_picked":["ats:Closed Bolt Burst Fire","ats:Charging Defense"],"picked":"ats:Poison Spread","floor":10},{"not_picked":["ats:Poison Spread","ats:Sunburst","ats:Closed Bolt Burst Fire"],"picked":"SKIP","floor":11},{"not_picked":["ats:Phantom","ats:Collapsing Strike"],"picked":"ats:Flame Of Heaven","floor":13},{"not_picked":["ats:Directed Diagnosis","ats:Beaten Up"],"picked":"ats:Leaping Hammer","floor":14},{"not_picked":["ats:True Silver Slash","ats:Disruption Kick"],"picked":"ats:Roar Of Ursus","floor":16},{"not_picked":["ats:Explosion Area Strengthen","ats:Consecutive Shot Auto"],"picked":"ats:Mental Burst+1","floor":18},{"not_picked":["ats:Blood Oath","ats:Roar Of Ursus"],"picked":"ats:Apocalypse","floor":19},{"not_picked":["ats:Revitalization","ats:Support Order"],"picked":"ats:Apocalypse","floor":20},{"not_picked":["ats:Fractured Body","ats:Very Hot Blade"],"picked":"ats:Red Shift","floor":20},{"not_picked":["ats:Blood Oath","ats:Explosion Area Strengthen"],"picked":"ats:Absolute Focus","floor":20},{"not_picked":["ats:Closed Bolt Burst Fire","ats:Absolute Focus"],"picked":"ats:Ambush","floor":20},{"not_picked":["ats:Charging Defense+1","ats:Poison Spread"],"picked":"ats:Explosion Area Strengthen+1","floor":22}],"player_experience":223383,"relics_obtained":[{"floor":7,"key":"ats:Originium"},{"floor":7,"key":"DemoMod:BlueGuonStone"},{"floor":9,"key":"Matryoshka"},{"floor":10,"key":"ats:Originium"},{"floor":10,"key":"SumBook"},{"floor":13,"key":"ats:Originium"},{"floor":13,"key":"ats:Rhine Circuitry"}],"event_choices":[{"damage_healed":0,"gold_gain":0,"player_choice":"Grow","damage_taken":0,"max_hp_gain":0,"max_hp_loss":0,"event_name":"Living Wall","floor":3,"gold_loss":0,"cards_upgraded":["Footwork"]},{"damage_healed":0,"gold_gain":0,"player_choice":"Success","damage_taken":33,"relics_obtained":["Ancient Tea Set"],"max_hp_gain":0,"max_hp_loss":0,"event_name":"Scrap Ooze","floor":4,"gold_loss":0},{"damage_healed":0,"gold_gain":175,"player_choice":"AGREE","damage_taken":0,"max_hp_gain":0,"max_hp_loss":0,"event_name":"Liars Game","floor":5,"gold_loss":0,"cards_obtained":["Doubt"]},{"damage_healed":0,"gold_gain":0,"player_choice":"Inject Mutagens","damage_taken":0,"relics_obtained":["MutagenicStrength"],"max_hp_gain":0,"max_hp_loss":0,"event_name":"Drug Dealer","floor":21,"gold_loss":0}],"is_beta":false,"boss_relics":[{"not_picked":["Velvet Choker","Calling Bell"],"picked":"Philosopher\u0027s Stone"}],"items_purged_floors":[20],"is_endless":false,"potions_floor_spawned":[2,7,11,14,18,19,22],"killed_by":"Snecko","ascension_level":0}}