{"host":"ydujlihd8f5px9gp","time":1611793796,"event":{"mods":["BaseMod","Block Reminder","Colored Map","Downfall","Minty Spire (QoL Compilation)","StSLib","ojb\u0027s Info Mod"],"gold_per_floor":[99,119,129,129,148,177,177,177,194,344,363,363,383,88,102,102,102,102],"floor_reached":16,"language":"ENG","playtime":951,"items_purged":[],"score":104,"play_id":"0e133693-0f5b-4f27-8454-c44f37d92017","local_time":"20210127222956","is_ascension_mode":false,"campfire_choices":[{"data":"Guardian:CurlUp","floor":1,"key":"SMITH"},{"data":"Guardian:TwinSlam","floor":8,"key":"SMITH"},{"data":"Guardian:SphericShield","floor":12,"key":"SMITH"}],"circlet_count":0,"master_deck":["Guardian:Strike_Guardian","Guardian:Strike_Guardian","Guardian:Strike_Guardian","Guardian:Strike_Guardian","Guardian:Defend_Guardian","Guardian:Defend_Guardian","Guardian:Defend_Guardian","Guardian:Defend_Guardian","Guardian:CurlUp+1","Guardian:TwinSlam+1","Guardian:BodySlam","Guardian:Repulse","Guardian:SphericShield+1","Guardian:RollAttack","Guardian:PiercingHide","Guardian:CrystalBeam","Guardian:Gem_Fragmented","Guardian:Recover"],"relics":["Guardian:ModeShifter","Bronze Scales","Shuriken"],"acts_visited":["Exordium"],"potions_floor_usage":[6],"damage_taken":[{"damage":0,"enemies":"Small Slimes","floor":2,"turns":5},{"damage":2,"enemies":"2 Louse","floor":3,"turns":3},{"damage":1,"enemies":"Cultist","floor":5,"turns":4},{"damage":45,"enemies":"Gremlin Nob","floor":6,"turns":8},{"damage":11,"enemies":"Exordium Thugs","floor":9,"turns":6},{"damage":0,"enemies":"Blue Slaver","floor":11,"turns":2},{"damage":0,"enemies":"3 Louse","floor":13,"turns":3},{"damage":0,"enemies":"downfall:FleeingMerchant","floor":14,"turns":4},{"damage":0,"enemies":"2 Fungi Beasts","floor":15,"turns":2},{"damage":37,"enemies":"SI_SHIV_ARCHETYPE","floor":16,"turns":8}],"seed_played":"-6792697776837134083","potions_obtained":[{"floor":2,"key":"ColorlessPotion"},{"floor":13,"key":"Guardian:AcceleratePotion"},{"floor":15,"key":"SpeedPotion"}],"is_trial":false,"path_per_floor":["R","M","M","?","M","E","T","R","M","?","M","R","M","$","M","B"],"character_chosen":"GUARDIAN","items_purchased":["Guardian:Gem_Fragmented","Shuriken"],"campfire_rested":0,"item_purchase_floors":[14,14],"current_hp_per_floor":[88,88,86,91,90,45,45,45,34,34,34,34,34,34,34,0,0,0],"gold":102,"neow_bonus":"TEN_PERCENT_HP_BONUS","is_daily":false,"chose_seed":false,"campfire_upgraded":3,"win_rate":0.0,"timestamp":1611793796,"path_taken":["R","M","M","?","M","E","T","R","M","?","?","R","M","?","M","BOSS"],"items_purchased_type":["Card","Relic"],"build_version":"2020-12-22","purchased_purges":0,"victory":false,"max_hp_per_floor":[88,88,88,93,93,93,93,93,93,93,93,93,93,93,93,93,93,93],"card_choices":[{"not_picked":["Guardian:Planning","Guardian:Incinerate"],"picked":"Guardian:BodySlam","floor":2},{"not_picked":["Guardian:CrystalBeam","Guardian:TemporalStrike"],"picked":"Guardian:Gem_Green","floor":3},{"not_picked":["Guardian:WalkerClaw","Guardian:Incinerate"],"picked":"Guardian:Repulse","floor":5},{"not_picked":["Guardian:TemporalStrike","Guardian:CrystalBeam"],"picked":"Guardian:Gem_Crimson","floor":6},{"not_picked":["Guardian:Gem_Green","Guardian:Incinerate"],"picked":"Guardian:SphericShield","floor":9},{"not_picked":["Guardian:Reroute","Guardian:Clone"],"picked":"Guardian:RollAttack","floor":11},{"not_picked":["Guardian:ShieldCharger","Guardian:TemporalStrike"],"picked":"Guardian:PiercingHide","floor":13},{"not_picked":["Guardian:WalkerClaw","Guardian:DecasProtection"],"picked":"Guardian:CrystalBeam","floor":14},{"not_picked":["Guardian:PrimingBeam","Guardian:ChargeCore"],"picked":"Guardian:Recover","floor":15}],"player_experience":156237,"relics_obtained":[{"floor":6,"key":"Frozen Egg 2"},{"floor":7,"key":"Bronze Scales"}],"event_choices":[{"damage_healed":0,"gold_gain":0,"player_choice":"Donut","damage_taken":0,"max_hp_gain":5,"max_hp_loss":0,"event_name":"Big Fish","floor":4,"gold_loss":0}],"is_beta":false,"boss_relics":[],"items_purged_floors":[],"is_endless":false,"potions_floor_spawned":[2,13,15],"killed_by":"SI_SHIV_ARCHETYPE","ascension_level":0}}