{"host":"h1qktzcccqnez8tx","time":1611796199,"event":{"mods":["AchievementEnabler","BaseMod","Bestiary","Better Note","Block Reminder","Colored Map","Colored Powertips","Curses Come First","Highlight Path","Minty Spire (QoL Compilation)","Permanent Neow","Quick Restart","Relic Stats","StSLib","UnlockEverythingMod"],"gold_per_floor":[119,129,129,129,142,142,155,199,199,199,224,260,285,59,59,185,185,200,148,148,188,188,219,269,332,381,446,485,47,47,47,47,166,166,215,236,256,256,349,380,393,393,393,54,54,98,119,157,169,181,181],"floor_reached":50,"language":"ENG","playtime":2331,"items_purged":["Cleave","Pain"],"score":840,"play_id":"0ee8dc14-0880-4461-8516-c4830fe1ca3e","local_time":"20210128020959","daily_mods":["Draft","Red Cards","Blue Cards","Purple Cards"],"is_ascension_mode":true,"campfire_choices":[{"data":"Reprogram","floor":6,"key":"SMITH"},{"floor":10,"key":"REST"},{"floor":15,"key":"REST"},{"floor":30,"key":"REST"},{"floor":32,"key":"REST"},{"floor":42,"key":"REST"},{"floor":49,"key":"REST"}],"circlet_count":0,"master_deck":["Coolheaded+1","FearNoEvil","Steam Power+1","BowlingBash","Beam Cell","FlyingSleeves","Melter","Conserve Battery","FlurryOfBlows","LikeWater","Conserve Battery","Clothesline","Reinforced Body","Reprogram+1","Uppercut","Hologram","CutThroughFate","Wish","FlyingSleeves","Twin Strike","TalkToTheHand+1","Seeing Red","Tantrum+1","EmptyBody","Decay","Eruption","JustLucky+1","JustLucky+1"],"relics":["HolyWater","Golden Idol","Blue Candle","Matryoshka","Bag of Marbles","Orichalcum","Busted Crown","WarpedTongs","War Paint","Akabeko","Strawberry","Bronze Scales","Red Mask","WingedGreaves","Turnip","Ancient Tea Set","Potion Belt","Mummified Hand","Happy Flower","MawBank"],"acts_visited":["Exordium","TheCity","TheBeyond"],"potions_floor_usage":[12,25,33,33,33,33,41,41,44,47,50,50,50,50],"damage_taken":[{"damage":0,"enemies":"Jaw Worm","floor":1,"turns":2},{"damage":0,"enemies":"Small Slimes","floor":2,"turns":3},{"damage":0,"enemies":"2 Louse","floor":5,"turns":2},{"damage":8,"enemies":"Looter","floor":7,"turns":2},{"damage":9,"enemies":"Lagavulin","floor":8,"turns":5},{"damage":1,"enemies":"Blue Slaver","floor":11,"turns":3},{"damage":22,"enemies":"Gremlin Nob","floor":12,"turns":4},{"damage":5,"enemies":"Gremlin Gang","floor":13,"turns":3},{"damage":17,"enemies":"Hexaghost","floor":16,"turns":10},{"damage":0,"enemies":"Spheric Guardian","floor":18,"turns":3},{"damage":1,"enemies":"Chosen","floor":21,"turns":4},{"damage":17,"enemies":"Gremlin Leader","floor":23,"turns":4},{"damage":7,"enemies":"Centurion and Healer","floor":24,"turns":5},{"damage":14,"enemies":"Slavers","floor":25,"turns":5},{"damage":1,"enemies":"Masked Bandits","floor":27,"turns":3},{"damage":15,"enemies":"Snecko","floor":28,"turns":5},{"damage":1,"enemies":"Automaton","floor":33,"turns":3},{"damage":2,"enemies":"3 Shapes","floor":35,"turns":4},{"damage":1,"enemies":"Orb Walker","floor":36,"turns":1},{"damage":1,"enemies":"Spire Growth","floor":37,"turns":3},{"damage":2,"enemies":"Mind Bloom Boss Battle","floor":39,"turns":7},{"damage":1,"enemies":"Reptomancer","floor":40,"turns":1},{"damage":58,"enemies":"Writhing Mass","floor":41,"turns":4},{"damage":2,"enemies":"Sphere and 2 Shapes","floor":46,"turns":6},{"damage":11,"enemies":"Jaw Worm Horde","floor":47,"turns":2},{"damage":1,"enemies":"Giant Head","floor":48,"turns":5},{"damage":57,"enemies":"Awakened One","floor":50,"turns":9}],"seed_played":"8550214003448328008","potions_obtained":[{"floor":1,"key":"LiquidBronze"},{"floor":5,"key":"SkillPotion"},{"floor":11,"key":"EssenceOfSteel"},{"floor":12,"key":"BlessingOfTheForge"},{"floor":27,"key":"EntropicBrew"},{"floor":35,"key":"EssenceOfSteel"},{"floor":37,"key":"DuplicationPotion"},{"floor":41,"key":"SneckoOil"},{"floor":48,"key":"Regen Potion"}],"is_trial":true,"path_per_floor":["M","M","?","?","M","R","M","E","T","R","M","E","M","$","R","B",null,"M","$","?","M","?","E","M","E","T","?","M","$","R","?","R","B",null,"M","M","M","?","?","E","M","R","T","$","?","M","M","E","R","B"],"character_chosen":"WATCHER","items_purchased":["Orichalcum","Twin Strike","WingedGreaves","Tantrum","EmptyBody","Happy Flower","EntropicBrew"],"campfire_rested":6,"item_purchase_floors":[14,19,29,29,29,44,44],"current_hp_per_floor":[72,72,65,47,47,47,39,30,30,51,50,28,23,23,44,27,61,61,61,61,60,60,43,36,22,29,28,13,13,36,36,59,58,74,72,71,70,70,68,67,9,32,32,32,32,30,19,18,41,0,0],"gold":181,"neow_bonus":"","is_daily":false,"chose_seed":false,"campfire_upgraded":1,"win_rate":0.0,"timestamp":1611796199,"path_taken":["M","M","?","?","M","R","M","E","T","R","M","E","M","$","R","BOSS","M","$","?","M","?","E","?","E","T","?","M","$","R","?","R","BOSS","M","M","?","?","?","E","M","R","T","$","?","M","?","E","R","BOSS"],"items_purchased_type":["Relic","Card","Relic","Card","Card","Relic","Potion"],"build_version":"2020-12-22","purchased_purges":2,"victory":false,"max_hp_per_floor":[72,72,72,72,72,72,72,72,72,72,72,72,72,72,72,72,72,72,72,72,72,72,72,72,72,79,79,79,79,79,79,79,79,79,79,79,79,79,79,79,79,79,79,79,79,79,79,79,79,79,79],"relic_stats":{"Happy Flower":[7],"counters":[27,108],"Golden Idol":166,"Blue Candle":[17],"Orichalcum":[114],"War Paint":["Steam Power","Coolheaded"],"MawBank":24,"WarpedTongs":[67],"Busted Crown":34,"Mummified Hand":[3],"Bronze Scales":[120],"Turnip":[0],"obtain_stats":[{"Potion Belt":43,"Happy Flower":44,"Golden Idol":4,"Blue Candle":8,"Orichalcum":14,"War Paint":23,"Ancient Tea Set":40,"MawBank":48,"Akabeko":25,"WarpedTongs":22,"Matryoshka":9,"Busted Crown":17,"Mummified Hand":43,"Strawberry":26,"Bronze Scales":26,"HolyWater":34,"WingedGreaves":29,"Turnip":39,"Bag of Marbles":12,"Red Mask":27,"PureWater":0},{"Potion Belt":23,"Happy Flower":23,"Golden Idol":2,"Blue Candle":5,"Orichalcum":8,"War Paint":12,"Ancient Tea Set":22,"MawBank":26,"Akabeko":14,"WarpedTongs":11,"Matryoshka":5,"Busted Crown":9,"Mummified Hand":23,"Strawberry":14,"Bronze Scales":14,"HolyWater":17,"WingedGreaves":16,"Turnip":21,"Bag of Marbles":7,"Red Mask":15,"PureWater":0},{"Potion Belt":86,"Happy Flower":86,"Golden Idol":5,"Blue Candle":14,"Orichalcum":24,"War Paint":45,"Ancient Tea Set":82,"MawBank":99,"Akabeko":55,"WarpedTongs":41,"Matryoshka":14,"Busted Crown":34,"Mummified Hand":86,"Strawberry":55,"Bronze Scales":55,"HolyWater":66,"WingedGreaves":63,"Turnip":81,"Bag of Marbles":21,"Red Mask":58,"PureWater":0}]},"card_choices":[{"not_picked":["EmptyBody","CutThroughFate"],"picked":"Coolheaded","floor":0},{"not_picked":["Pommel Strike","Havoc"],"picked":"FearNoEvil","floor":0},{"not_picked":["Steam","Meditate"],"picked":"Steam Power","floor":0},{"not_picked":["Wild Strike","EmptyFist"],"picked":"BowlingBash","floor":0},{"not_picked":["Barrage","Searing Blow"],"picked":"Beam Cell","floor":0},{"not_picked":["SandsOfTime","Intimidate"],"picked":"FlyingSleeves","floor":0},{"not_picked":["EmptyBody","Nirvana"],"picked":"Melter","floor":0},{"not_picked":["Shockwave","BowlingBash"],"picked":"Conserve Battery","floor":0},{"not_picked":["Evaluate","JustLucky"],"picked":"FlurryOfBlows","floor":0},{"not_picked":["Pommel Strike","Wild Strike"],"picked":"LikeWater","floor":0},{"not_picked":["Protect","Prostrate"],"picked":"Cleave","floor":0},{"not_picked":["ThirdEye","Cleave"],"picked":"Conserve Battery","floor":0},{"not_picked":["Protect","Gash"],"picked":"Body Slam","floor":0},{"not_picked":["Coolheaded","Perfected Strike"],"picked":"Clothesline","floor":0},{"not_picked":["Headbutt","Havoc"],"picked":"Reinforced Body","floor":0},{"not_picked":["Crescendo","FlurryOfBlows"],"picked":"Reprogram","floor":1},{"not_picked":["Barrage","Worship","Halt"],"picked":"SKIP","floor":2},{"not_picked":["Rebound","Pray"],"picked":"Uppercut","floor":5},{"not_picked":["FlyingSleeves","PathToVictory"],"picked":"Hologram","floor":7},{"not_picked":["Sever Soul","Pray","Prostrate"],"picked":"SKIP","floor":8},{"not_picked":["Cleave","Gash","Anger"],"picked":"SKIP","floor":11},{"not_picked":["Leap","Metallicize"],"picked":"CutThroughFate","floor":12},{"not_picked":["Dual Wield","Evaluate","DevaForm"],"picked":"SKIP","floor":13},{"not_picked":["Vault","Machine Learning"],"picked":"Wish","floor":16},{"not_picked":[],"picked":"FlyingSleeves","floor":18},{"not_picked":["Armaments"],"picked":"SKIP","floor":21},{"not_picked":["MentalFortress+1"],"picked":"SKIP","floor":23},{"not_picked":["Halt"],"picked":"SKIP","floor":24},{"not_picked":["Seeing Red"],"picked":"SKIP","floor":25},{"not_picked":[],"picked":"Seeing Red","floor":25},{"not_picked":["Clash"],"picked":"SKIP","floor":28},{"not_picked":["Stack+1"],"picked":"SKIP","floor":35},{"not_picked":["Sanctity"],"picked":"SKIP","floor":36},{"not_picked":["Havoc+1"],"picked":"SKIP","floor":37},{"not_picked":["CutThroughFate"],"picked":"SKIP","floor":40},{"not_picked":["Sweeping Beam"],"picked":"SKIP","floor":41},{"not_picked":["Lockon+1"],"picked":"SKIP","floor":46},{"not_picked":[],"picked":"JustLucky+1","floor":47},{"not_picked":[],"picked":"JustLucky+1","floor":48}],"player_experience":198687,"relics_obtained":[{"floor":8,"key":"Blue Candle"},{"floor":9,"key":"Matryoshka"},{"floor":12,"key":"Bag of Marbles"},{"floor":23,"key":"War Paint"},{"floor":25,"key":"Akabeko"},{"floor":26,"key":"Strawberry"},{"floor":26,"key":"Bronze Scales"},{"floor":27,"key":"Red Mask"},{"floor":39,"key":"Turnip"},{"floor":40,"key":"Ancient Tea Set"},{"floor":43,"key":"Potion Belt"},{"floor":43,"key":"Mummified Hand"},{"floor":48,"key":"MawBank"}],"event_choices":[{"cards_removed":["Body Slam"],"damage_healed":0,"gold_gain":0,"player_choice":"Card Removal","damage_taken":7,"max_hp_gain":0,"max_hp_loss":0,"event_name":"Golden Wing","floor":3,"gold_loss":0},{"damage_healed":0,"gold_gain":0,"player_choice":"Take Damage","damage_taken":18,"relics_obtained":["Golden Idol"],"max_hp_gain":0,"max_hp_loss":0,"event_name":"Golden Idol","floor":4,"gold_loss":0},{"cards_removed":["Reprogram"],"damage_healed":0,"gold_gain":0,"player_choice":"Take \u0026 Give","damage_taken":0,"max_hp_gain":0,"max_hp_loss":0,"event_name":"betterNote:BetterNote","floor":20,"gold_loss":0,"cards_obtained":["TalkToTheHand"]},{"damage_healed":0,"gold_gain":0,"player_choice":"Rummage","damage_taken":0,"relics_obtained":["WarpedTongs"],"max_hp_gain":0,"max_hp_loss":0,"event_name":"Accursed Blacksmith","floor":22,"gold_loss":0,"cards_obtained":["Pain"]},{"damage_healed":0,"gold_gain":0,"player_choice":"Fought Bandits","damage_taken":0,"max_hp_gain":0,"max_hp_loss":0,"event_name":"Masked Bandits","floor":27,"gold_loss":0},{"damage_healed":0,"gold_gain":0,"player_choice":"2 cards matched","damage_taken":0,"max_hp_gain":0,"max_hp_loss":0,"event_name":"Match and Keep!","floor":31,"gold_loss":0,"cards_obtained":["Decay","Eruption"]},{"damage_healed":0,"gold_gain":0,"player_choice":"Ignored","damage_taken":0,"max_hp_gain":0,"max_hp_loss":0,"event_name":"The Moai Head","floor":38,"gold_loss":0},{"damage_healed":0,"gold_gain":0,"player_choice":"Fight","damage_taken":0,"max_hp_gain":0,"max_hp_loss":0,"event_name":"MindBloom","floor":39,"gold_loss":0},{"damage_healed":0,"gold_gain":0,"player_choice":"Upgraded","damage_taken":0,"max_hp_gain":0,"max_hp_loss":0,"event_name":"Upgrade Shrine","floor":45,"gold_loss":0,"cards_upgraded":["Tantrum"]}],"is_beta":false,"boss_relics":[{"not_picked":["Coffee Dripper","SacredBark"],"picked":"Busted Crown"},{"not_picked":["SlaversCollar","Philosopher\u0027s Stone"],"picked":"HolyWater"}],"items_purged_floors":[14,44],"is_endless":false,"potions_floor_spawned":[1,5,11,12,13,24,27,28,35,37,41,48],"killed_by":"Awakened One","ascension_level":5}}