{"host":"bw00wb7p5bw58om7","time":1611849351,"event":{"mods":["100% Spire Juice","Act Like it!","BaseMod","Better Third Choice","CapriCore","Chen","Downfall","Gensokyo","Koishi","KomeijiMod","Marisa????????","Minty Spire (QoL Compilation)","Onozuka Komachi Mod","Permanent Neow","Prisma Mod","Reimu??????","Remilia??????","StSLib","The Administrix","The Immortal","The Senshi","The Servant 0.9.4","Yakumo Yukari mod"],"gold_per_floor":[139,154,170,330,342,342,352,377,377,377,391,418,418,434,434,533,533,548,563,563,440,44,44,59,91,91,71,71],"floor_reached":27,"language":"ENG","playtime":3265,"items_purged":[],"score":245,"play_id":"a3c945d0-b8ef-4aad-ace9-1ffc1d887a40","local_time":"20210128155551","is_ascension_mode":false,"campfire_choices":[{"data":"SharpContractionReality_purple","floor":6,"key":"SMITH"},{"data":"Mirror_FormAndEmptin_purple","floor":10,"key":"SMITH"},{"floor":13,"key":"REST"},{"floor":15,"key":"REST"},{"data":"Gensokyo:SpontaneousHumanCombustion","floor":23,"key":"SMITH"}],"circlet_count":0,"master_deck":["AT_purpleEX","AT_purpleEX","AT_purpleEX","AT_purpleEX","Defend_purpleEX","Defend_purpleEX","Defend_purpleEX","Defend_purpleEX","Observe_purple_1","Observe_purple_2","SharpContractionReality_purple+1","MeetDecomposer_purple","Mirror_FormAndEmptin_purple+1","DimensionStaggered_purple","OmniscientAndOmnipotent_Monster_purple","StretchesForeverDream_purple","Worldmountain_purple","Erosivefilter_purple","Boundary_ObjectiveBoundary_purple","WangLiang_LineAndCurveDreams_purple","RuleDissolution_purple","Mirror_FormAndEmptin_purple","Gensokyo:SpontaneousHumanCombustion+1","DimensionStaggered_purple","Photoelasticity_Doppler_Effect_purple","Mirror_FourBoundary_purple","Extrememeaning_purpleEX+1"],"relics":["Boundary_crack","Memoryfragments_purpleEX","TungstenRod","Old Coin","Omamori","Bottled Lightning","AntiCross","Velvet Choker","GoodDreamPillow","Ginger","HornCleat","InkBottle"],"acts_visited":["Gensokyo:Gensokyo","Gensokyo:Gensokyoer"],"potions_floor_usage":[16,24],"damage_taken":[{"damage":0,"enemies":"Gensokyo:3_Fairies","floor":1,"turns":7},{"damage":3,"enemies":"Gensokyo:Gryphon","floor":2,"turns":3},{"damage":2,"enemies":"Gensokyo:Python","floor":3,"turns":4},{"damage":0,"enemies":"Gensokyo:Kitsune","floor":5,"turns":6},{"damage":0,"enemies":"Gensokyo:Gryphon_and_Rabbit","floor":7,"turns":9},{"damage":28,"enemies":"Gensokyo:Mamizou","floor":8,"turns":10},{"damage":7,"enemies":"Gensokyo:LivingMonolith","floor":11,"turns":4},{"damage":22,"enemies":"Gensokyo:Cirno","floor":12,"turns":8},{"damage":0,"enemies":"Gensokyo:Kitsune","floor":14,"turns":2},{"damage":41,"enemies":"Gensokyo:Reimu","floor":16,"turns":6},{"damage":9,"enemies":"Gensokyo:CosmicMonolith","floor":18,"turns":4},{"damage":24,"enemies":"Gensokyo:AngelMirror","floor":19,"turns":4},{"damage":0,"enemies":"Gensokyo:Swordslinger","floor":24,"turns":3},{"damage":18,"enemies":"Gensokyo:Koishi","floor":25,"turns":5},{"damage":27,"enemies":"Gensokyo:Koishi","floor":27,"turns":8}],"seed_played":"6060526031472652296","potions_obtained":[{"floor":5,"key":"ColorlessPotion"},{"floor":8,"key":"EntropicBrew"},{"floor":12,"key":"EssenceOfSteel"},{"floor":16,"key":"SkillPotion"},{"floor":24,"key":"Regen Potion"}],"is_trial":false,"path_per_floor":["M","M","M","?","M","R","M","E","T","R","M","?","R","M","R","B",null,"M","M","?","?","$","R","M","E","T","?"],"character_chosen":"Youkari","items_purchased":["Ginger","DimensionStaggered_purple","Photoelasticity_Doppler_Effect_purple"],"campfire_rested":2,"item_purchase_floors":[22,22,22],"current_hp_per_floor":[63,61,60,60,62,62,63,39,39,39,33,14,32,34,52,16,63,54,32,32,32,32,32,33,16,16,0,0],"gold":71,"neow_bonus":"ONE_RARE_RELIC","is_daily":false,"chose_seed":false,"campfire_upgraded":3,"win_rate":0.0,"timestamp":1611849351,"path_taken":["M","?","M","?","?","R","M","E","T","R","M","?","R","M","R","BOSS","M","M","?","?","$","R","?","E","T","?"],"items_purchased_type":["Relic","Card","Card"],"build_version":"2020-12-22","purchased_purges":0,"victory":false,"max_hp_per_floor":[63,63,63,63,63,63,63,63,63,63,63,63,63,63,63,63,63,63,63,57,57,57,57,57,57,57,57,57],"card_choices":[{"not_picked":["Line_surface_state_purple","Bait_HighSpeedFlying_purple"],"picked":"SharpContractionReality_purple","floor":1},{"not_picked":["SfantasyHide_purple","MetroBOOM_purple"],"picked":"MeetDecomposer_purple","floor":2},{"not_picked":["MeetDecomposer_purple","Line_surface_state_purple"],"picked":"Mirror_FormAndEmptin_purple","floor":3},{"not_picked":["Boundary_DynamicStaticEquilibrium_purple","Realm_recovery_purpleEX"],"picked":"DimensionStaggered_purple","floor":5},{"not_picked":["Mirror_FormAndEmptin_purple","Computing_the_future_purpleEX"],"picked":"OmniscientAndOmnipotent_Monster_purple","floor":7},{"not_picked":["Extrememeaning_purpleEX","ExistenceContinue_purple"],"picked":"StretchesForeverDream_purple","floor":8},{"not_picked":["SharpContractionReality_purple","ExternalForce_HighSpeedFlying_purple"],"picked":"Worldmountain_purple","floor":11},{"not_picked":["RuleDissolution_purple","ExternalForce_HighSpeedFlying_purple"],"picked":"Erosivefilter_purple","floor":12},{"not_picked":["Mirror_WaveAndshot_purple","ExistenceContinue_purple"],"picked":"Boundary_ObjectiveBoundary_purple","floor":14},{"not_picked":["UniverseChoice_purple","Mirror_TwoAndThreeElementRealm_purple"],"picked":"WangLiang_LineAndCurveDreams_purple","floor":16},{"not_picked":["Realm_recovery_purpleEX","PurpleNeedle_purple"],"picked":"RuleDissolution_purple","floor":18},{"not_picked":["Umbrella_purple","RuleDissolution_purple+1"],"picked":"Mirror_FormAndEmptin_purple","floor":19},{"not_picked":["Gensokyo:ManorOfTheDishes","Gensokyo:MonkeysPaw"],"picked":"Gensokyo:SpontaneousHumanCombustion","floor":20},{"not_picked":["Extrememeaning_purpleEX","RuleDissolution_purple"],"picked":"Mirror_FourBoundary_purple","floor":24},{"not_picked":["Realm_recovery_purpleEX","RuleDissolution_purple"],"picked":"Extrememeaning_purpleEX+1","floor":25}],"player_experience":299044,"relics_obtained":[{"floor":8,"key":"Omamori"},{"floor":9,"key":"Bottled Lightning"},{"floor":12,"key":"AntiCross"},{"floor":25,"key":"HornCleat"},{"floor":26,"key":"InkBottle"}],"event_choices":[],"is_beta":false,"boss_relics":[{"not_picked":["RedLine:ReiMu","Snecko Eye"],"picked":"Velvet Choker"}],"items_purged_floors":[],"is_endless":false,"potions_floor_spawned":[5,8,12,16,18,24,25],"killed_by":"Gensokyo:Koishi","ascension_level":0}}