{"host":"dvpvhz1t6etneyb3","time":1611802936,"event":{"mods":["AchievementEnabler","BaseMod","Colored Map","Highlight Path","Minty Spire (QoL Compilation)","Permanent Neow","Quick Restart"],"gold_per_floor":[99,99,99,99,24,24,24,24,24,24,24,24,24,24,24,24,24,0,0,0,0,0,0,0,0,0,0,0,0,0,0,0,0,0],"floor_reached":33,"language":"ENG","playtime":1560,"items_purged":["Strike_G"],"score":714,"play_id":"6cb58928-f124-4c35-823f-0990c9c56894","local_time":"20210127220216","is_ascension_mode":true,"campfire_choices":[{"data":"Deadly Poison","floor":7.0,"key":"SMITH"},{"data":"Burst","floor":12.0,"key":"SMITH"},{"data":"Crippling Poison","floor":15.0,"key":"SMITH"},{"floor":25,"key":"REST"},{"data":"Wraith Form v2","floor":30,"key":"SMITH"},{"data":"Wraith Form v2","floor":32,"key":"SMITH"}],"circlet_count":0,"master_deck":["AscendersBane","Strike_G+1","Strike_G","Strike_G","Strike_G+1","Defend_G","Defend_G","Defend_G","Defend_G","Defend_G","Survivor","Neutralize","All Out Attack","Dagger Spray","Quick Slash","Deadly Poison+1","Backflip","Burst+1","Deadly Poison","Crippling Poison+1","Wraith Form v2+1","Calculated Gamble+1","RitualDagger","Wraith Form v2+1","Acrobatics+1","After Image","Dodge and Roll+1"],"relics":["Ectoplasm","Ninja Scroll","Whetstone","PreservedInsect","Snake Skull","Runic Dome","MutagenicStrength","White Beast Statue","Omamori","Mummified Hand"],"acts_visited":["Exordium","TheCity"],"potions_floor_usage":[28,33,33],"damage_taken":[{"damage":6.0,"enemies":"Jaw Worm","floor":1.0,"turns":6.0},{"damage":2.0,"enemies":"Small Slimes","floor":2.0,"turns":3.0},{"damage":0.0,"enemies":"2 Louse","floor":4.0,"turns":2.0},{"damage":5.0,"enemies":"3 Sentries","floor":6.0,"turns":5.0},{"damage":7.0,"enemies":"Lagavulin","floor":8.0,"turns":5.0},{"damage":0.0,"enemies":"Large Slime","floor":10.0,"turns":4.0},{"damage":0.0,"enemies":"3 Sentries","floor":11.0,"turns":3.0},{"damage":0.0,"enemies":"Exordium Thugs","floor":13.0,"turns":3.0},{"damage":0.0,"enemies":"2 Fungi Beasts","floor":14.0,"turns":2.0},{"damage":13.0,"enemies":"Hexaghost","floor":16.0,"turns":6.0},{"damage":12,"enemies":"2 Thieves","floor":18,"turns":4},{"damage":0,"enemies":"3 Byrds","floor":19,"turns":3},{"damage":0,"enemies":"Gremlin Leader","floor":23,"turns":4},{"damage":9,"enemies":"Snecko","floor":24,"turns":5},{"damage":2,"enemies":"Slavers","floor":28,"turns":4},{"damage":0,"enemies":"3 Cultists","floor":29,"turns":3},{"damage":0,"enemies":"Chosen and Byrds","floor":31,"turns":5},{"damage":63,"enemies":"Champ","floor":33,"turns":13}],"seed_played":"5382124963892864619","potions_obtained":[{"floor":1.0,"key":"BlessingOfTheForge"},{"floor":2.0,"key":"CunningPotion"},{"floor":6.0,"key":"LiquidBronze"},{"floor":10.0,"key":"ColorlessPotion"},{"floor":14.0,"key":"Poison Potion"},{"floor":24,"key":"SpeedPotion"},{"floor":28,"key":"LiquidBronze"},{"floor":29,"key":"Weak Potion"}],"is_trial":false,"path_per_floor":["M","M","?","M","$","E","R","E","T","M","E","R","M","M","R","B",null,"M","M","?","?","?","E","M","R","T","$","E","M","R","M","R","B"],"character_chosen":"THE_SILENT","items_purchased":[],"campfire_rested":1,"item_purchase_floors":[],"current_hp_per_floor":[53,51,56,56,56,51,51,44,44,44,44,44,44,44,44,31,61,49,49,43,43,43,43,34,55,55,55,53,53,53,53,53,0,0],"gold":0,"neow_bonus":"BOSS_RELIC","is_daily":false,"chose_seed":false,"campfire_upgraded":5,"win_rate":0.0,"timestamp":1611802936,"path_taken":["M","M","?","M","$","E","R","E","T","M","E","R","M","M","R","BOSS","M","M","?","?","?","E","?","R","T","?","E","M","R","M","R","BOSS"],"items_purchased_type":[],"build_version":"2020-12-22","purchased_purges":1,"victory":false,"max_hp_per_floor":[66,66,71,71,71,71,71,71,71,71,71,71,71,71,71,71,71,71,71,71,71,71,71,71,71,71,71,71,71,71,71,71,71,71],"card_choices":[{"not_picked":["Choke","Underhanded Strike"],"picked":"All Out Attack","floor":1.0},{"not_picked":["Underhanded Strike","Deflect"],"picked":"Dagger Spray","floor":2.0},{"not_picked":["Concentrate","Backflip"],"picked":"Quick Slash","floor":4.0},{"not_picked":["Prepared","Dagger Spray"],"picked":"Deadly Poison","floor":6.0},{"not_picked":["Dash","Prepared"],"picked":"Backflip","floor":8.0},{"not_picked":["Infinite Blades","Acrobatics","Prepared"],"picked":"SKIP","floor":10.0},{"not_picked":["Blur","Cloak And Dagger"],"picked":"Burst","floor":11.0},{"not_picked":["Skewer","PiercingWail"],"picked":"Deadly Poison","floor":13.0},{"not_picked":["Dodge and Roll","Poisoned Stab"],"picked":"Crippling Poison","floor":14.0},{"not_picked":["A Thousand Cuts","Tools of the Trade"],"picked":"Wraith Form v2","floor":16.0},{"not_picked":["Blade Dance","Dodge and Roll","Sucker Punch"],"picked":"SKIP","floor":18},{"not_picked":["Deadly Poison","Tactician"],"picked":"Calculated Gamble+1","floor":19},{"not_picked":["Tactician","All Out Attack","Deadly Poison"],"picked":"SKIP","floor":23},{"not_picked":["Quick Slash","Blade Dance"],"picked":"Acrobatics+1","floor":24},{"not_picked":["Accuracy","Riddle With Holes"],"picked":"After Image","floor":28},{"not_picked":["Acrobatics","All Out Attack"],"picked":"Dodge and Roll+1","floor":29},{"not_picked":["Riddle With Holes","Dagger Throw","Prepared"],"picked":"SKIP","floor":31}],"player_experience":2089050,"relics_obtained":[{"floor":6.0,"key":"Ninja Scroll"},{"floor":8.0,"key":"Whetstone"},{"floor":9.0,"key":"PreservedInsect"},{"floor":11.0,"key":"Snake Skull"},{"floor":23,"key":"White Beast Statue"},{"floor":26,"key":"Omamori"},{"floor":28,"key":"Mummified Hand"}],"event_choices":[{"damage_healed":0.0,"max_hp_gain":5.0,"max_hp_loss":0.0,"gold_gain":0.0,"event_name":"Big Fish","player_choice":"Donut","floor":3.0,"gold_loss":0.0,"damage_taken":0.0},{"damage_healed":0,"gold_gain":0,"player_choice":"Joined the Cult","damage_taken":6,"max_hp_gain":0,"max_hp_loss":0,"event_name":"Nest","floor":20,"gold_loss":0,"cards_obtained":["RitualDagger"]},{"damage_healed":0,"gold_gain":0,"player_choice":"Inject Mutagens","damage_taken":0,"relics_obtained":["MutagenicStrength"],"max_hp_gain":0,"max_hp_loss":0,"event_name":"Drug Dealer","floor":21,"gold_loss":0},{"damage_healed":0,"gold_gain":0,"player_choice":"Copied","damage_taken":0,"max_hp_gain":0,"max_hp_loss":0,"event_name":"Duplicator","floor":22,"gold_loss":0,"cards_obtained":["Wraith Form v2"]}],"is_beta":false,"boss_relics":[{"not_picked":["WristBlade","Coffee Dripper"],"picked":"Runic Dome"}],"items_purged_floors":[5],"is_endless":false,"potions_floor_spawned":[1,2,6,10,14,24,28,29,31],"killed_by":"Champ","ascension_level":20}}