{"host":"vyjryxuuuxkt43k4","time":1611829540,"event":{"mods":["AchievementEnabler","BaseMod","Colored Map","DeckTracker","Keyboard Shortcuts","Minty Spire (QoL Compilation)","Permanent Neow","Quick Restart","Rare Cards Sparkle","StSLib","SuperFastMode","everything is the same but u backflip on backflip"],"gold_per_floor":[113,113,128,8,8,8,41,41,66,66,96,110,141,156,156,233,233,253,253,276,276,290,290,318,335,358,396,15,29,29,79,79,165,165,184,203,216,239,253,253,279,279,279,322,340,186,227,239,239,239,239,239,239,58,92,92,92],"floor_reached":56,"language":"KOR","playtime":3900,"items_purged":["Strike_R","Brutality+1"],"score":2311,"play_id":"55bd007e-d5c7-4580-baf4-8dfbd8033a66","local_time":"20210128192540","is_ascension_mode":true,"campfire_choices":[{"data":"Corruption","floor":6.0,"key":"SMITH"},{"data":"Blood for Blood","floor":8.0,"key":"SMITH"},{"floor":10.0,"key":"REST"},{"data":"Feed","floor":15.0,"key":"SMITH"},{"data":"Impervious","floor":23.0,"key":"SMITH"},{"data":"Body Slam","floor":30.0,"key":"SMITH"},{"data":"Pummel","floor":32.0,"key":"SMITH"},{"floor":40.0,"key":"RECALL"},{"floor":42.0,"key":"REST"},{"floor":49.0,"key":"REST"},{"floor":53.0,"key":"REST"}],"circlet_count":0,"master_deck":["AscendersBane","Defend_R","Defend_R","Defend_R","Defend_R","Bash","Feed+1","Ghostly Armor+1","Blood for Blood+1","Hemokinesis","Corruption+1","Shrug It Off","Juggernaut+1","Pummel+1","Evolve+1","Impervious+1","Havoc+1","Ghostly Armor+1","Body Slam+1","Entrench","Metallicize+1","Impervious","Sentinel","Feed","Shockwave","Madness","Madness","True Grit+1","Feel No Pain+1","Body Slam+1","Body Slam+1"],"relics":["Burning Blood","Frozen Egg 2","Happy Flower","Dead Branch","Mummified Hand","Astrolabe","Bronze Scales","Charon\u0027s Ashes","CeramicFish","Potion Belt","OrangePellets","Fusion Hammer","Bag of Marbles","Molten Egg 2","Lantern","Ancient Tea Set","TungstenRod"],"acts_visited":["Exordium","TheCity","TheBeyond","TheEnding"],"potions_floor_usage":[56],"damage_taken":[{"damage":0.0,"enemies":"Small Slimes","floor":1.0,"turns":2.0},{"damage":0.0,"enemies":"Cultist","floor":3.0,"turns":4.0},{"damage":34.0,"enemies":"Gremlin Nob","floor":7.0,"turns":4.0},{"damage":22.0,"enemies":"3 Sentries","floor":11.0,"turns":6.0},{"damage":0.0,"enemies":"Jaw Worm","floor":12.0,"turns":4.0},{"damage":2.0,"enemies":"Gremlin Nob","floor":13.0,"turns":3.0},{"damage":16.0,"enemies":"Exordium Thugs","floor":14.0,"turns":3.0},{"damage":11.0,"enemies":"Slime Boss","floor":16.0,"turns":5.0},{"damage":1.0,"enemies":"Spheric Guardian","floor":18.0,"turns":4.0},{"damage":0.0,"enemies":"Chosen","floor":22.0,"turns":3.0},{"damage":19.0,"enemies":"Gremlin Leader","floor":24.0,"turns":4.0},{"damage":16.0,"enemies":"Snake Plant","floor":25.0,"turns":3.0},{"damage":2.0,"enemies":"Slavers","floor":27.0,"turns":2.0},{"damage":4.0,"enemies":"Sentry and Sphere","floor":29.0,"turns":3.0},{"damage":6.0,"enemies":"Automaton","floor":33.0,"turns":5.0},{"damage":2.0,"enemies":"Orb Walker","floor":35.0,"turns":3.0},{"damage":31.0,"enemies":"3 Shapes","floor":36.0,"turns":4.0},{"damage":6.0,"enemies":"Spire Growth","floor":37.0,"turns":4.0},{"damage":2.0,"enemies":"Jaw Worm Horde","floor":38.0,"turns":5.0},{"damage":7.0,"enemies":"Transient","floor":39.0,"turns":6.0},{"damage":4.0,"enemies":"Reptomancer","floor":41.0,"turns":3.0},{"damage":5.0,"enemies":"Giant Head","floor":44.0,"turns":3.0},{"damage":0.0,"enemies":"Reptomancer","floor":47.0,"turns":3.0},{"damage":0.0,"enemies":"4 Shapes","floor":48.0,"turns":2.0},{"damage":30.0,"enemies":"Donu and Deca","floor":50.0,"turns":8.0},{"damage":58.0,"enemies":"Time Eater","floor":51.0,"turns":7.0},{"damage":84.0,"enemies":"Shield and Spear","floor":55.0,"turns":6.0},{"damage":67,"enemies":"The Heart","floor":56,"turns":2}],"seed_played":"6574881649143641139","potions_obtained":[{"floor":1.0,"key":"Strength Potion"},{"floor":3.0,"key":"Explosive Potion"},{"floor":11.0,"key":"Dexterity Potion"},{"floor":14.0,"key":"Dexterity Potion"},{"floor":18.0,"key":"Fire Potion"},{"floor":27.0,"key":"PowerPotion"},{"floor":33.0,"key":"HeartOfIron"},{"floor":35.0,"key":"SkillPotion"},{"floor":39.0,"key":"Strength Potion"},{"floor":41.0,"key":"Block Potion"},{"floor":47.0,"key":"LiquidBronze"}],"is_trial":false,"path_per_floor":["M","?","M","$","?","R","E","R","T","R","E","M","E","M","R","B",null,"M","?","T","?","M","R","E","M","T","E","$","M","R","?","R","B",null,"M","M","M","M","M","R","E","R","T","E","?","$","E","M","R","B","B",null,"R","$","E","B"],"character_chosen":"IRONCLAD","items_purchased":["Hemokinesis","Potion Belt","OrangePellets","Swift Potion","Energy Potion","Feel No Pain+1","GamblersBrew","Body Slam+1"],"campfire_rested":4,"item_purchase_floors":[4,28,28,28,46,54,54,54],"current_hp_per_floor":[71,50,56,56,56,56,28,28,28,49,33,42,49,39,39,34,66,75,75,75,52,58,58,45,39,39,43,43,45,45,45,45,45,79,83,58,62,70,69,69,74,101,101,104,85,85,91,97,104,80,28,85,104,104,29,0,0],"gold":92,"neow_bonus":"THREE_RARE_CARDS","is_daily":false,"chose_seed":false,"campfire_upgraded":6,"win_rate":0.0,"timestamp":1611829540,"path_taken":["M","?","M","$","?","R","E","R","T","R","E","M","E","?","R","BOSS","M","?","?","?","M","R","E","M","T","E","$","M","R","?","R","BOSS","M","M","M","M","M","R","E","R","T","E","?","$","E","M","R","BOSS","BOSS","R","$","E","BOSS"],"items_purchased_type":["Card","Relic","Relic","Potion","Potion","Card","Potion","Card"],"build_version":"2020-12-22","purchased_purges":2,"victory":false,"max_hp_per_floor":[71,71,71,71,71,71,71,71,71,71,71,74,77,77,77,77,77,81,81,81,86,86,86,86,90,90,90,90,90,90,90,90,90,90,90,90,94,98,98,98,101,101,101,104,104,104,104,104,104,104,104,104,104,104,107,107,107],"card_choices":[{"not_picked":["Brutality","Exhume"],"picked":"Feed","floor":0.0},{"not_picked":["Body Slam","Shockwave"],"picked":"Ghostly Armor","floor":1.0},{"not_picked":["Ghostly Armor","True Grit"],"picked":"Blood for Blood","floor":3.0},{"not_picked":["Twin Strike","Pommel Strike"],"picked":"Shrug It Off","floor":7.0},{"not_picked":["Cleave","Twin Strike"],"picked":"Juggernaut+1","floor":11.0},{"not_picked":["Entrench","Rampage"],"picked":"Pummel","floor":12.0},{"not_picked":["Sever Soul","Whirlwind","Flex"],"picked":"SKIP","floor":13.0},{"not_picked":["Blood for Blood","True Grit"],"picked":"Evolve+1","floor":14.0},{"not_picked":["Immolate","Feed"],"picked":"Impervious","floor":16.0},{"not_picked":["Cleave","Heavy Blade","Thunderclap"],"picked":"SKIP","floor":18.0},{"not_picked":["Sword Boomerang","Wild Strike","Hemokinesis"],"picked":"SKIP","floor":22.0},{"not_picked":["Shrug It Off","Whirlwind"],"picked":"Body Slam","floor":24.0},{"not_picked":["Pommel Strike","Armaments"],"picked":"Entrench","floor":25.0},{"not_picked":["Havoc","Feed"],"picked":"Metallicize+1","floor":27.0},{"not_picked":["Clash","Uppercut+1","Clothesline"],"picked":"SKIP","floor":29.0},{"not_picked":["Clash","Uppercut+1","Clothesline"],"picked":"SKIP","floor":29.0},{"not_picked":["Juggernaut+1","Fiend Fire"],"picked":"Impervious","floor":33.0},{"not_picked":["Body Slam+1","Power Through"],"picked":"Sentinel","floor":35.0},{"not_picked":["Clash","Twin Strike","Anger"],"picked":"SKIP","floor":36.0},{"not_picked":["Cleave","Pommel Strike","Iron Wave"],"picked":"SKIP","floor":37.0},{"not_picked":["True Grit","Body Slam"],"picked":"Feed","floor":38.0},{"not_picked":["Thunderclap","Iron Wave","Inflame+1"],"picked":"SKIP","floor":39.0},{"not_picked":["Ghostly Armor","Thunderclap","Clash+1"],"picked":"SKIP","floor":41.0},{"not_picked":["True Grit","Cleave+1"],"picked":"Shockwave","floor":44.0},{"not_picked":["Headbutt+1","Iron Wave+1"],"picked":"True Grit+1","floor":47.0},{"not_picked":["Bludgeon+1","Sword Boomerang+1","Iron Wave+1"],"picked":"SKIP","floor":48.0},{"not_picked":["Pommel Strike+1","True Grit"],"picked":"Body Slam+1","floor":55.0}],"player_experience":455241,"relics_obtained":[{"floor":7.0,"key":"Frozen Egg 2"},{"floor":9.0,"key":"Happy Flower"},{"floor":11.0,"key":"Dead Branch"},{"floor":13.0,"key":"Mummified Hand"},{"floor":20.0,"key":"Bronze Scales"},{"floor":24.0,"key":"Charon\u0027s Ashes"},{"floor":27.0,"key":"CeramicFish"},{"floor":41.0,"key":"Bag of Marbles"},{"floor":43.0,"key":"Molten Egg 2"},{"floor":44.0,"key":"Lantern"},{"floor":47.0,"key":"Ancient Tea Set"},{"floor":55.0,"key":"TungstenRod"}],"event_choices":[{"damage_healed":0.0,"max_hp_gain":0.0,"max_hp_loss":0.0,"gold_gain":0.0,"event_name":"Shining Light","player_choice":"Entered Light","floor":2.0,"gold_loss":0.0,"damage_taken":21.0,"cards_upgraded":["Ghostly Armor","Strike_R"]},{"damage_healed":0.0,"max_hp_gain":0.0,"max_hp_loss":0.0,"gold_gain":0.0,"event_name":"Match and Keep!","player_choice":"1 cards matched","floor":5.0,"gold_loss":0.0,"damage_taken":0.0,"cards_obtained":["Corruption"]},{"cards_removed":["Strike_R"],"damage_healed":0.0,"max_hp_gain":0.0,"max_hp_loss":0.0,"gold_gain":0.0,"event_name":"Back to Basics","player_choice":"Elegance","floor":19.0,"gold_loss":0.0,"damage_taken":0.0},{"damage_healed":0.0,"max_hp_gain":5.0,"max_hp_loss":0.0,"gold_gain":0.0,"event_name":"Forgotten Altar","player_choice":"Shed Blood","floor":21.0,"gold_loss":0.0,"damage_taken":28.0},{"damage_healed":0.0,"max_hp_gain":0.0,"max_hp_loss":0.0,"gold_gain":50.0,"event_name":"Nest","player_choice":"Stole From Cult","floor":31.0,"gold_loss":0.0,"damage_taken":0.0},{"damage_healed":0.0,"max_hp_gain":0.0,"max_hp_loss":0.0,"gold_gain":0.0,"event_name":"Winding Halls","player_choice":"Embrace Madness","floor":45.0,"gold_loss":0.0,"damage_taken":19.0,"cards_obtained":["Madness","Madness"]}],"is_beta":false,"boss_relics":[{"not_picked":["Pandora\u0027s Box","SacredBark"],"picked":"Astrolabe"},{"not_picked":["Runic Dome","Calling Bell"],"picked":"Fusion Hammer"}],"items_purged_floors":[4,46],"is_endless":false,"potions_floor_spawned":[1,3,11,14,18,27,33,35,39,41,47],"killed_by":"The Heart","ascension_level":20}}