{"host":"qsusua7l529r8z9k","time":1611829748,"event":{"mods":["BaseMod","Minty Spire (QoL Compilation)","StSLib"],"gold_per_floor":[369,369,388,152,165,192,192,192,241,241,258,308,333,346,346,420,420,430,430,55,70,84,84,84,84],"floor_reached":24,"language":"ZHS","playtime":586,"items_purged":["Pain","Strike_B"],"score":427,"play_id":"f9751643-f09b-433c-89bb-c52898fbe299","local_time":"20210128182908","is_ascension_mode":true,"campfire_choices":[{"data":"Coolheaded","floor":7.0,"key":"SMITH"},{"data":"Dualcast","floor":10.0,"key":"SMITH"},{"data":"Turbo","floor":15.0,"key":"SMITH"},{"data":"Multi-Cast","floor":23.0,"key":"SMITH"}],"circlet_count":0,"master_deck":["AscendersBane","Defend_B","Defend_B","Defend_B","Defend_B+1","Zap","Dualcast+1","Tempest+1","Cold Snap","Coolheaded+1","Ball Lightning","Turbo+1","Multi-Cast+1","Conserve Battery"],"relics":["Cracked Core","Chemical X","Happy Flower","War Paint","Blood Vial","Gambling Chip","Empty Cage","Sundial"],"acts_visited":["Exordium","TheCity"],"potions_floor_usage":[],"damage_taken":[{"damage":14.0,"enemies":"Jaw Worm","floor":1.0,"turns":3.0},{"damage":3.0,"enemies":"Small Slimes","floor":3.0,"turns":3.0},{"damage":0.0,"enemies":"Cultist","floor":5.0,"turns":2.0},{"damage":16.0,"enemies":"3 Sentries","floor":6.0,"turns":7.0},{"damage":4.0,"enemies":"Exordium Thugs","floor":11.0,"turns":3.0},{"damage":0.0,"enemies":"Gremlin Nob","floor":13.0,"turns":1.0},{"damage":1.0,"enemies":"Looter","floor":14.0,"turns":2.0},{"damage":9.0,"enemies":"Slime Boss","floor":16.0,"turns":7.0},{"damage":0.0,"enemies":"3 Byrds","floor":18.0,"turns":2.0},{"damage":0.0,"enemies":"Spheric Guardian","floor":21.0,"turns":2.0},{"damage":0.0,"enemies":"Shelled Parasite and Fungi","floor":22.0,"turns":1.0},{"damage":63,"enemies":"Slavers","floor":24,"turns":4}],"seed_played":"7861809195219868165","potions_obtained":[{"floor":1.0,"key":"Block Potion"},{"floor":6.0,"key":"DuplicationPotion"},{"floor":13.0,"key":"FearPotion"},{"floor":14.0,"key":"DuplicationPotion"},{"floor":18.0,"key":"Swift Potion"},{"floor":21.0,"key":"Fruit Juice"}],"is_trial":false,"path_per_floor":["M","?","M","$","M","E","R","?","T","R","M","T","E","M","R","B",null,"M","?","$","M","M","R","E"],"character_chosen":"DEFECT","items_purchased":["Chemical X","Sundial"],"campfire_rested":0,"item_purchase_floors":[4,20],"current_hp_per_floor":[50,55,52,52,52,36,36,36,36,36,32,32,34,35,35,28,64,66,44,44,51,53,53,0,0],"gold":84,"neow_bonus":"TWO_FIFTY_GOLD","is_daily":false,"chose_seed":false,"campfire_upgraded":4,"win_rate":0.0,"timestamp":1611829748,"path_taken":["M","?","M","$","M","E","R","?","T","R","?","?","E","M","R","BOSS","M","?","$","M","M","R","E"],"items_purchased_type":["Relic","Relic"],"build_version":"2020-12-22","purchased_purges":2,"victory":false,"max_hp_per_floor":[71,76,76,76,76,76,76,76,76,76,76,76,76,76,76,76,76,76,81,81,86,86,86,86,86],"card_choices":[{"not_picked":["Redo","Heatsinks"],"picked":"Tempest","floor":1.0},{"not_picked":["Steam","Sweeping Beam"],"picked":"Cold Snap","floor":3.0},{"not_picked":["Stack","Go for the Eyes"],"picked":"Coolheaded","floor":5.0},{"not_picked":["Compile Driver","Hyperbeam"],"picked":"Ball Lightning","floor":6.0},{"not_picked":["Redo","Stack","Beam Cell"],"picked":"SKIP","floor":11.0},{"not_picked":["Stack","Loop"],"picked":"Turbo","floor":13.0},{"not_picked":["Stack","Rebound","Steam"],"picked":"SKIP","floor":14.0},{"not_picked":["Hyperbeam","Meteor Strike"],"picked":"Multi-Cast","floor":16.0},{"not_picked":["Conserve Battery","Ball Lightning","Beam Cell"],"picked":"SKIP","floor":18.0},{"not_picked":["Ball Lightning","Beam Cell"],"picked":"Conserve Battery","floor":18.0},{"not_picked":["Stack","Melter","Rebound"],"picked":"SKIP","floor":21.0},{"not_picked":["Cold Snap","Fusion","Stack"],"picked":"SKIP","floor":22.0}],"player_experience":522592,"relics_obtained":[{"floor":6.0,"key":"Happy Flower"},{"floor":9.0,"key":"War Paint"},{"floor":12.0,"key":"Blood Vial"},{"floor":13.0,"key":"Gambling Chip"}],"event_choices":[{"damage_healed":0.0,"max_hp_gain":5.0,"max_hp_loss":0.0,"gold_gain":0.0,"event_name":"Big Fish","player_choice":"Donut","floor":2.0,"gold_loss":0.0,"damage_taken":0.0},{"cards_removed":["Strike_B"],"damage_healed":0.0,"max_hp_gain":0.0,"max_hp_loss":0.0,"gold_gain":0.0,"event_name":"Purifier","player_choice":"Purged","floor":8.0,"gold_loss":0.0,"damage_taken":0.0},{"damage_healed":0.0,"max_hp_gain":5.0,"max_hp_loss":0.0,"gold_gain":0.0,"event_name":"Forgotten Altar","player_choice":"Shed Blood","floor":19.0,"gold_loss":0.0,"damage_taken":27.0}],"is_beta":false,"boss_relics":[{"not_picked":["Velvet Choker","Cursed Key"],"picked":"Empty Cage"}],"items_purged_floors":[4,20],"is_endless":false,"potions_floor_spawned":[1,6,13,14,18,21],"killed_by":"Slavers","ascension_level":17}}