{"host":"emut9mh212kd9b86","time":1611806098,"event":{"mods":["ATMod(°¢èªMod)","Act Like it!","Arknights The Spire","BaseMod","Lobotomy","Minty Spire (QoL Compilation)","MostiFishMod","Shop Mod","Spicy Shops","StSLib","TestMod","¡¾ÒÅÎï¿¨ÅÆ¡¿REMEMod"],"gold_per_floor":[111,111,111,124,134,169,181,209,209,209,209,209],"floor_reached":11,"language":"ZHS","playtime":409,"items_purged":[],"score":120,"play_id":"053f3052-2341-462e-9b0e-8867d2900aeb","local_time":"20210128115458","is_ascension_mode":true,"campfire_choices":[],"circlet_count":0,"master_deck":["ats:Strike C","ats:Strike G","ats:Strike S","ats:Strike V","ats:Armor Crushing Shot","ats:Defend","ats:Defend","ats:Defend","ats:Defend","ats:Emotion Absorption","REME_SingleHolding","AT_FamilyPortrait","ats:Closed Bolt Burst Fire"],"relics":["ats:Sanity","testmod-TestBox","DaveBox","AT_ATBox","REME_ComplimentaryCards","BionicSphere","testmod-Justice","CogitoBucket","SynthV:TestCard","ats:Originium","Pen Nib","AT_ForceNature"],"acts_visited":["Exordium"],"potions_floor_usage":[11],"damage_taken":[{"damage":0,"enemies":"2 Louse","floor":1,"turns":3},{"damage":0,"enemies":"Cultist","floor":4,"turns":5},{"damage":0,"enemies":"Small Slimes","floor":5,"turns":3},{"damage":25,"enemies":"Lagavulin","floor":6,"turns":8},{"damage":0,"enemies":"Exordium Wildlife","floor":7,"turns":3},{"damage":42,"enemies":"Gremlin Nob","floor":8,"turns":6},{"damage":0,"enemies":"3 Sentries","floor":11,"turns":1}],"seed_played":"-6890123367683276465","potions_obtained":[{"floor":4,"key":"Energy Potion"},{"floor":5,"key":"LiquidBronze"},{"floor":8,"key":"Block Potion"}],"is_trial":false,"path_per_floor":["M","?","?","M","M","E","M","E","T","?","E"],"character_chosen":"DOCTOR_CLASS","items_purchased":[],"campfire_rested":0,"item_purchase_floors":[],"current_hp_per_floor":[65,70,70,70,70,45,45,3,3,3,3,3],"gold":209,"neow_bonus":"","is_daily":false,"chose_seed":false,"campfire_upgraded":0,"win_rate":0.0,"timestamp":1611806098,"path_taken":["M","?","?","?","M","E","M","E","T","?","E"],"items_purchased_type":[],"build_version":"2020-12-22","purchased_purges":0,"victory":false,"max_hp_per_floor":[72,77,77,77,77,77,77,77,77,77,77,77],"card_choices":[{"not_picked":["ats:Revitalization","ats:Cat Scratch","ats:Guard Mode"],"picked":"SKIP","floor":1},{"not_picked":["ats:Leaping Hammer","ats:Thermite Blade","ats:Curse Doll","ats:Poison Spread"],"picked":"ats:Closed Bolt Burst Fire","floor":4},{"not_picked":["ats:Poison Spread","ats:Guardian Obelisk","ats:Absolute Focus","ats:Hammer On","ats:LN2 Cannon"],"picked":"SKIP","floor":5},{"not_picked":["ats:Support Order","ats:Ignite","ats:Sunburst","ats:Assault Order","ats:Neurotoxin"],"picked":"SKIP","floor":6},{"not_picked":["ats:Explosion Area Strengthen","ats:Encircling Forest","ats:Automatic Cover","ats:Assault Order","ats:Hammer On"],"picked":"SKIP","floor":7},{"not_picked":["ats:Beaten Up","ats:Collapsing Strike","ats:Flame Of Heaven","ats:Hook Shot","ats:Consecutive Shot Auto"],"picked":"SKIP","floor":8}],"player_experience":347878,"relics_obtained":[{"floor":1,"key":"SynthV:TestCard"},{"floor":6,"key":"ats:Originium"},{"floor":6,"key":"Pen Nib"},{"floor":8,"key":"ats:Originium"},{"floor":8,"key":"AT_ForceNature"}],"event_choices":[{"damage_healed":0,"gold_gain":0,"player_choice":"Donut","damage_taken":0,"max_hp_gain":5,"max_hp_loss":0,"event_name":"Big Fish","floor":2,"gold_loss":0},{"damage_healed":0,"gold_gain":0,"player_choice":"Bought 0 Potions","damage_taken":0,"max_hp_gain":0,"max_hp_loss":0,"event_name":"The Woman in Blue","floor":3,"gold_loss":0},{"damage_healed":0,"gold_gain":0,"player_choice":"Fled","damage_taken":0,"max_hp_gain":0,"max_hp_loss":0,"event_name":"Scrap Ooze","floor":10,"gold_loss":0}],"is_beta":false,"boss_relics":[],"items_purged_floors":[],"is_endless":false,"potions_floor_spawned":[4,5,8],"killed_by":"3 Sentries","ascension_level":9}}