{"host":"m4pe905ae9bldoe7","time":1611835375,"event":{"mods":["BaseMod","Bestiary","Block Reminder","Downfall","Minty Spire (QoL Compilation)","StSLib"],"gold_per_floor":[99,99,99,99,0,0,25,25,25,40,53,87,387,414,427,427,427,427],"floor_reached":16,"language":"ENG","playtime":731,"items_purged":["champ:Strike"],"score":96,"play_id":"027b9328-ea21-472d-a0f8-8c93655b4925","local_time":"20210128130255","is_ascension_mode":false,"campfire_choices":[{"data":"champ:Execute","floor":1,"key":"SMITH"},{"data":"champ:Taunt","floor":6,"key":"SMITH"},{"data":"champ:FanOfKnives","floor":8,"key":"SMITH"}],"circlet_count":0,"master_deck":["champ:Strike","champ:Strike","champ:Defend","champ:Defend","champ:Defend","champ:Defend","champ:Execute+1","champ:Taunt+1","champ:FocusedBerserking","champ:ViciousMockery","champ:BerserkersShout","champ:FanOfKnives+1","champ:CalledShot","champ:StanceDance","champ:LastStand","downfall:Icky","downfall:Icky","champ:ShieldSlam"],"relics":["champ:ChampionCrown","downfall:HeartsMalice","downfall:BrokenWingStatue","Tiny Chest","Eternal Feather","Juzu Bracelet"],"acts_visited":["Exordium"],"potions_floor_usage":[16,16],"damage_taken":[{"damage":0,"enemies":"Cultist","floor":2,"turns":1},{"damage":0,"enemies":"Jaw Worm","floor":3,"turns":1},{"damage":0,"enemies":"downfall:FleeingMerchant","floor":5,"turns":1},{"damage":0,"enemies":"2 Louse","floor":10,"turns":1},{"damage":27,"enemies":"Blue Slaver","floor":11,"turns":4},{"damage":64,"enemies":"Gremlin Nob","floor":12,"turns":5},{"damage":15,"enemies":"2 Fungi Beasts","floor":15,"turns":1},{"damage":84,"enemies":"DF_ARCHETYPE_STREAMLINE","floor":16,"turns":12}],"seed_played":"-4600963616672237954","potions_obtained":[{"floor":10,"key":"SneckoOil"},{"floor":12,"key":"Ancient Potion"},{"floor":15,"key":"Slimebound:ThreeZeroPotion"}],"is_trial":false,"path_per_floor":["R","M","M","?","$","R","T","R","?","M","M","E","?","T","M","B"],"character_chosen":"THE_CHAMP","items_purchased":["champ:FanOfKnives"],"campfire_rested":0,"item_purchase_floors":[5],"current_hp_per_floor":[90,90,90,90,90,90,90,90,90,90,83,49,49,49,49,0,0,0],"gold":427,"neow_bonus":"THREE_ENEMY_KILL","is_daily":false,"chose_seed":false,"campfire_upgraded":3,"win_rate":0.0,"timestamp":1611835375,"path_taken":["R","M","M","?","$","R","T","R","?","M","M","E","?","?","M","BOSS"],"items_purchased_type":["Card"],"build_version":"2020-12-22","purchased_purges":1,"victory":false,"max_hp_per_floor":[90,90,90,90,90,90,90,90,90,90,90,90,90,90,90,90,90,90],"card_choices":[{"not_picked":["champ:IronFortress","champ:CalledShot"],"picked":"champ:FocusedBerserking","floor":2},{"not_picked":["champ:TornadoPunch","champ:Circumvent"],"picked":"champ:ViciousMockery","floor":3},{"not_picked":["champ:PerfectedStrike","champ:Circumvent"],"picked":"champ:BerserkersShout","floor":5},{"not_picked":["champ:PerfectedStrike","champ:EnragedBash"],"picked":"champ:CalledShot","floor":10},{"not_picked":["champ:FocusedBerserking","champ:DefensiveShout"],"picked":"champ:StanceDance","floor":11},{"not_picked":["champ:BladeFlurry","champ:FocusedDefense"],"picked":"champ:LastStand","floor":12},{"not_picked":["champ:EnragedBash","champ:FanOfKnives"],"picked":"champ:ShieldSlam","floor":15}],"player_experience":500934,"relics_obtained":[{"floor":7,"key":"Tiny Chest"},{"floor":12,"key":"Eternal Feather"},{"floor":14,"key":"Juzu Bracelet"}],"event_choices":[],"is_beta":false,"boss_relics":[],"items_purged_floors":[5],"is_endless":false,"potions_floor_spawned":[10,12,15],"killed_by":"DF_ARCHETYPE_STREAMLINE","ascension_level":0}}