{"host":"og21o26alpnbwmz8","time":1611869414,"event":{"mods":["Act Like it!","Aspiration","BaseMod","Conspire","Downfall","Halation","Hallownest","Hubris","Jedi Mod","Mimic Mod","Minty Spire (QoL Compilation)","Pale of the Ancients","Replay The Spire","Shop Mod","Spikes Relics","StSLib","The Administrix","The Alterego","The Blue Laboratory","The Bug Knight","The Death Knight","The Problem Sleuth","The Wild Card","Waifu the Spire"],"gold_per_floor":[130,142,154,166,178,220,232,261,310,355,51,17,34,69,69,167,167,178,178,50,50,70,70,102,102,102,132,178,178,178,211,211,316,316,327,347,347,347,361,361,361,392,392,392,392,405,405,419,419,419,419],"floor_reached":50,"language":"ENG","playtime":2087,"items_purged":["HollowMod:QuickDashStart"],"score":592,"play_id":"f5697ebb-980d-4a27-8fcd-cb74644b6a0d","local_time":"20210128163014","is_ascension_mode":false,"campfire_choices":[{"data":"HollowMod:FocusHealStart","floor":7,"key":"SMITH"},{"data":"HollowMod:FastStrike","floor":15,"key":"SMITH"},{"data":"HollowMod:MantisMark","floor":23,"key":"SMITH"},{"data":"HollowMod:Weaversong","floor":25,"key":"SMITH"},{"floor":29,"key":"RECALL"},{"data":"HollowMod:MylasSalvation","floor":32,"key":"SMITH"},{"floor":40,"key":"REST"},{"data":"Flying Knee","floor":45,"key":"SMITH"},{"floor":47,"key":"REST"},{"floor":49,"key":"REST"}],"circlet_count":0,"master_deck":["HollowMod:QuickDashStart","HollowMod:QuickDashStart","HollowMod:QuickDashStart","HollowMod:FocusHealStart+1","HollowMod:PogoStrike","HollowMod:DescendingDark","HollowMod:Weaversong+1","HollowMod:FastStrike+1","HollowMod:InfectedCysts+1","HollowMod:HornetsHelp+1","HollowMod:CloakDash","HollowMod:MylasSalvation+1","HollowMod:HerrahsAnger","HollowMod:SoulSplash+1","HollowMod:GrimmsGift+1","hubris:DuctTapeCard","Neutralize","Atom Bomb","Flying Knee+1"],"relics":["HollowMod:VesselMask","MawBank","Letter Opener","Hallownest:DreamNailRelic","Guardian:GemstoneGun","Mirror","hexamod:CandleOfCauterizing","halation:WeightlessCrab","aspiration:PoetsPen_weak","hubris:CrystalStatue","Replay:Bottled Flurry","Juzu Bracelet","Replay:Ringing Soul","aspiration:SneckoTail","hubris:CrackedHourglass","hubris:Icosahedron","Hallownest:BeastSealRelic","Art of War","hubris:DuctTape"],"acts_visited":["Exordium","Hallownest:Greenpath","Hallownest:CityofTears"],"potions_floor_usage":[6,33,33],"damage_taken":[{"damage":5,"enemies":"Hallownest:monsterHuskGuard","floor":1,"turns":6},{"damage":46,"enemies":"Hallownest:eliteCrystalGuardian","floor":6,"turns":8},{"damage":0,"enemies":"2_ Uuma","floor":8,"turns":1},{"damage":2,"enemies":"Hallownest:2_Tiktiks_and_1_Crawlid","floor":9,"turns":10},{"damage":3,"enemies":"Hallownest:eliteVengeflyKing","floor":10,"turns":8},{"damage":0,"enemies":"Hallownest:2_Tiktiks_and_1_Crawlid","floor":13,"turns":1},{"damage":3,"enemies":"Hallownest:eliteMossKnight","floor":14,"turns":3},{"damage":22,"enemies":"Hallownest:BossBrokenVessel","floor":16,"turns":6},{"damage":0,"enemies":"Hallownest:3_Youths","floor":18,"turns":2},{"damage":4,"enemies":"Hallownest:Flukemon_and_Top","floor":22,"turns":2},{"damage":2,"enemies":"Hallownest:Nosk","floor":24,"turns":3},{"damage":5,"enemies":"Hallownest:eliteSoulWarrior","floor":27,"turns":3},{"damage":0,"enemies":"Hallownest:Glutton_and_Coward","floor":28,"turns":1},{"damage":0,"enemies":"Hallownest:Nosk","floor":31,"turns":3},{"damage":57,"enemies":"Hallownest:BossGrimm","floor":33,"turns":6},{"damage":9,"enemies":"Hallownest:2_Littles","floor":35,"turns":3},{"damage":24,"enemies":"Hallownest:3_Siblings","floor":36,"turns":4},{"damage":5,"enemies":"Hallownest:2_Great","floor":39,"turns":3},{"damage":41,"enemies":"Hallownest:eliteCollector","floor":42,"turns":3},{"damage":18,"enemies":"Hallownest:Slobbering_and_Violent","floor":46,"turns":3},{"damage":22,"enemies":"Hallownest:2_Soldiers_and_1_Guardian","floor":48,"turns":2},{"damage":106,"enemies":"Hallownest:BossHollowKnight","floor":50,"turns":6}],"seed_played":"5677904533577251583","potions_obtained":[{"floor":6,"key":"EssenceOfSteel"},{"floor":8,"key":"bronze:BurnAndBuffPotion"},{"floor":16,"key":"blueLaboratory:ArtificerPotion"},{"floor":35,"key":"blueLaboratory:HeartbeatPotion"},{"floor":36,"key":"sneckomod:MuddlingPotion"},{"floor":48,"key":"blueLaboratory:ImpenetrablePotion"}],"is_trial":false,"path_per_floor":["M","?","?","T","?","E","R","M","MIM","E","$","$","M","E","R","B",null,"M","?","$","?","M","R","E","R","T","E","M","R","?","E","R","B",null,"M","M","?","?","M","R","?","E","T","?","R","M","R","M","R","B"],"character_chosen":"THE_BUGKNIGHT","items_purchased":["hexamod:CandleOfCauterizing","HollowMod:FastStrike","HollowMod:InfectedCysts+1","HollowMod:CloakDash"],"campfire_rested":3,"item_purchase_floors":[11,11,12,20],"current_hp_per_floor":[75,75,75,75,75,44,44,44,54,63,63,63,63,66,66,44,75,75,75,75,75,71,71,73,73,73,68,68,68,71,77,77,33,81,75,51,51,51,49,75,87,55,58,61,61,49,77,61,89,0,0],"gold":419,"neow_bonus":"RANDOM_COMMON_RELIC","is_daily":false,"chose_seed":false,"campfire_upgraded":6,"win_rate":0.0,"timestamp":1611869414,"path_taken":["M","?","?","?","?","E","R","M","MIM","E","?","$","M","E","R","BOSS","M","?","$","?","M","R","E","R","T","E","M","R","?","E","R","BOSS","M","M","?","?","M","R","?","E","T","?","R","M","R","M","R","BOSS"],"items_purchased_type":["Relic","Card","Card","Card"],"build_version":"2020-12-22","purchased_purges":1,"victory":false,"max_hp_per_floor":[75,75,75,75,75,75,75,75,75,75,75,75,75,75,75,75,75,75,75,75,75,75,75,75,75,75,75,75,75,78,78,78,81,81,84,84,84,84,87,87,87,90,93,96,96,96,96,96,96,96,96],"card_choices":[{"not_picked":["HollowMod:ChannelNail","HollowMod:HeavyBlow"],"picked":"HollowMod:DescendingDark","floor":1},{"not_picked":["HollowMod:InfectedCysts","HollowMod:Grubsong","HollowMod:HeavyBlow"],"picked":"SKIP","floor":6},{"not_picked":["HollowMod:PerfectDash","HollowMod:NewLittleFool","HollowMod:BrokenVessel"],"picked":"SKIP","floor":8},{"not_picked":["HollowMod:SoulStrike","HollowMod:Grubsong"],"picked":"HollowMod:Weaversong","floor":9},{"not_picked":["HollowMod:ShadowDash","HollowMod:NewLittleFool","HollowMod:BaldurShell"],"picked":"SKIP","floor":10},{"not_picked":["HollowMod:CornifersMapStart","HollowMod:SoulEater","HollowMod:NewLittleFool"],"picked":"SKIP","floor":13},{"not_picked":["HollowMod:GrimmsGift","HollowMod:GoodIntentions"],"picked":"HollowMod:HornetsHelp","floor":14},{"not_picked":["HollowMod:NewJinnsSoul","HollowMod:DescendingDark","HollowMod:InfectionAssault"],"picked":"SKIP","floor":18},{"not_picked":["HollowMod:GoodIntentions","HollowMod:DescendingDark+1"],"picked":"HollowMod:MantisMark","floor":22},{"not_picked":["HollowMod:InfectedCysts","HollowMod:GreatSlash","HollowMod:Hiveblood"],"picked":"SKIP","floor":24},{"not_picked":["HollowMod:TaintedHusks","HollowMod:NewLittleFool","HollowMod:HowlingWraiths"],"picked":"SKIP","floor":27},{"not_picked":["HollowMod:BaldurShell+1","HollowMod:ShadowDash","HollowMod:LifebloodCocoon"],"picked":"SKIP","floor":28},{"not_picked":["HollowMod:HowlingWraiths+1","HollowMod:NewLittleFool","HollowMod:InfectedCysts+1"],"picked":"SKIP","floor":31},{"not_picked":["HollowMod:PaleKingsBlessing","HollowMod:WhiteLadysBlessing"],"picked":"HollowMod:HerrahsAnger","floor":33},{"not_picked":["HollowMod:DoubleDash","HollowMod:WraithStrike"],"picked":"HollowMod:SoulSplash+1","floor":35},{"not_picked":["HollowMod:GoodIntentions","HollowMod:FallenFury","HollowMod:DescendingDark"],"picked":"SKIP","floor":36},{"not_picked":["HollowMod:DescendingDark","HollowMod:DungDefenderAura"],"picked":"HollowMod:GrimmsGift+1","floor":39},{"not_picked":["HollowMod:NewGlowingWomb+1","HollowMod:DashSlash"],"picked":"HollowMod:HuntersJournal+1","floor":42},{"not_picked":["HollowMod:MothsMistake+1","HollowMod:InfectedCysts+1","HollowMod:ChannelNail+1"],"picked":"SKIP","floor":46},{"not_picked":["HollowMod:ChannelNail","HollowMod:VengefulVoid","HollowMod:GrimmsGift+1"],"picked":"SKIP","floor":48}],"player_experience":224070,"relics_obtained":[{"floor":4,"key":"Letter Opener"},{"floor":6,"key":"Guardian:GemstoneGun"},{"floor":10,"key":"Mirror"},{"floor":14,"key":"halation:WeightlessCrab"},{"floor":24,"key":"Replay:Bottled Flurry"},{"floor":26,"key":"Juzu Bracelet"},{"floor":27,"key":"Replay:Ringing Soul"},{"floor":31,"key":"aspiration:SneckoTail"},{"floor":42,"key":"Art of War"},{"floor":43,"key":"hubris:DuctTape"}],"event_choices":[],"is_beta":false,"boss_relics":[{"not_picked":["HollowMod:KingsSoulRelic","conspire:SlowCooker"],"picked":"aspiration:PoetsPen_weak"},{"not_picked":["Honey Jar","Replay:Ancient Bell"],"picked":"hubris:CrackedHourglass"}],"items_purged_floors":[20],"is_endless":false,"potions_floor_spawned":[6,8,16,24,27,28,35,36,39,46,48],"killed_by":"Hallownest:BossHollowKnight","ascension_level":0}}