{"host":"0m9qzqwuh9r40nrk","time":1611865258,"event":{"mods":["BaseMod","Conspire","Downfall","Hermit","Hubris","Infinite Spire","Jorbs\u0027s Wanderer Trilogy","Minty Spire (QoL Compilation)","Quick Restart","Replay The Spire","Shop Mod","StSLib","The Animator","The Construct","The Cursed","The Disciple","The Hierophant","The Necromancer","The Runesmith","everything is the same but u backflip on backflip"],"gold_per_floor":[118,118,131,145,155,182,195,224,270,301,301,314,314,332,332,463,463,478,478,478,498,522,561,561,595,595,628,651,689,712,750,750,873,873,891,552,452,452,362,362,422,422,422,477,496,582,646,696,696,871,971,971],"floor_reached":51,"language":"ENG","playtime":10078,"items_purged":[],"score":1203,"play_id":"0253defa-a12c-4d84-a123-65fd32dbf7dd","local_time":"20210128122058","daily_mods":["SealedDeck","Elite Swarm"],"is_ascension_mode":true,"campfire_choices":[{"data":"Cloudkill","floor":15.0,"key":"SMITH"},{"data":"infinitespire:Collect","floor":24.0,"key":"SMITH"},{"data":"Summon_Vampire_Lady","floor":32,"key":"SMITH"},{"data":"Stop_Heart","floor":40,"key":"SMITH"},{"data":"Bones_to_Steel","floor":42,"key":"SMITH"},{"floor":49,"key":"RECALL"}],"circlet_count":0,"master_deck":["Scare+1","Spectral_Armor","Bone_Shift+1","Life_Drain","Bone_Armor","Bones_to_Steel+1","Consume_Illness","Cloudkill+1","Bone_Prison","Blood_Magic","Requiem","Uncharnel+1","Spectral_Walk","infinitespire:Collect+1","Stop_Heart+1","Summon_Vampire_Lady+1","Hellfire","Summon_Death_Knight+1","hubris:DuctTapeCard+2","Skeleton_Dragon+1","conspire:SpireCoStock","conspire:SpireCoStock","Bone_Armor+1","hubris:Fate","Summon_Death_Knight+1","Bone_Shift+1","Summon_Vampire_Lady+1","Summon_Vampire_Lady+1"],"relics":["Vampire_Amulet","Akabeko","hubris:CuriousFeather","Matryoshka","Nunchaku","StrikeDummy","Golden Idol","expansioncontent:StudyCardRelic","TungstenRod","hubris:BundleOfHerbs","hubris:DuctTape","Gremlin Food","Guardian:GemstoneGun","Question Card","Golden Egg","sneckomod:SneckoTalon","conspire:BottledYoYo","Calipers","War Paint","Onion Ring","infinitespire:PuzzleCube","Replay:Wanted Poster"],"acts_visited":["Exordium","TheCity","TheBeyond","Exordium"],"potions_floor_usage":[29,30,33,33,44,44,44,48,50],"damage_taken":[{"damage":0.0,"enemies":"Jaw Worm","floor":1.0,"turns":10.0},{"damage":0.0,"enemies":"Cultist","floor":3.0,"turns":4.0},{"damage":6.0,"enemies":"conspire:RoseBush","floor":4.0,"turns":1.0},{"damage":1.0,"enemies":"2 Fungi Beasts","floor":5.0,"turns":5.0},{"damage":22.0,"enemies":"3 Sentries","floor":6.0,"turns":14.0},{"damage":13.0,"enemies":"3 Louse","floor":7.0,"turns":2.0},{"damage":0.0,"enemies":"Lagavulin","floor":8.0,"turns":10.0},{"damage":30.0,"enemies":"3 Sentries","floor":10.0,"turns":11.0},{"damage":15.0,"enemies":"conspire:2 RoseBushes","floor":12.0,"turns":6.0},{"damage":0.0,"enemies":"Blue Slaver","floor":14.0,"turns":5.0},{"damage":33.0,"enemies":"Slime Boss","floor":16.0,"turns":11.0},{"damage":0.0,"enemies":"Chosen","floor":18.0,"turns":7.0},{"damage":0.0,"enemies":"Spheric Guardian","floor":21.0,"turns":3.0},{"damage":16.0,"enemies":"Centurion and Healer","floor":22.0,"turns":4.0},{"damage":25.0,"enemies":"Gremlin Leader","floor":23.0,"turns":6.0},{"damage":0.0,"enemies":"Replay:Snechameleon","floor":25.0,"turns":5.0},{"damage":6.0,"enemies":"Book of Stabbing","floor":27.0,"turns":5.0},{"damage":11.0,"enemies":"Snake Plant","floor":28.0,"turns":3.0},{"damage":9,"enemies":"conspire:Head Lice","floor":29,"turns":2},{"damage":14,"enemies":"Chosen and Byrds","floor":30,"turns":3},{"damage":27,"enemies":"Gremlin Leader","floor":31,"turns":5},{"damage":46,"enemies":"Champ","floor":33,"turns":8},{"damage":62,"enemies":"3 Darklings","floor":35,"turns":3},{"damage":0,"enemies":"Orb Walker","floor":41,"turns":2},{"damage":18,"enemies":"Nightmare","floor":44,"turns":7},{"damage":0,"enemies":"4 Shapes","floor":45,"turns":1},{"damage":41,"enemies":"Giant Head","floor":46,"turns":8},{"damage":21,"enemies":"Jaw Worm Horde","floor":47,"turns":4},{"damage":21,"enemies":"Nemesis","floor":48,"turns":5},{"damage":38,"enemies":"Donu and Deca","floor":50,"turns":8}],"seed_played":"-6804804532151177287","potions_obtained":[{"floor":1.0,"key":"Reflective Coating"},{"floor":5.0,"key":"Reflective Coating"},{"floor":10.0,"key":"SpeedPotion"},{"floor":12.0,"key":"BlessingOfTheForge"},{"floor":14.0,"key":"Dexterity Potion"},{"floor":25.0,"key":"Ancient Potion"},{"floor":27.0,"key":"SteroidPotion"},{"floor":28.0,"key":"Milkshake"},{"floor":29,"key":"Weak Potion"},{"floor":33,"key":"ColorlessPotion"},{"floor":35,"key":"Regen Potion"},{"floor":44,"key":"sneckomod:MuddlingPotion"},{"floor":47,"key":"infinitespire:BlackPotion"}],"is_trial":true,"path_per_floor":["M","?","M","M","M","E","M","E","T","E","?","M","?","M","R","B",null,"M","?","AVR","M","M","E","R","E","T","E","M","E","M","E","R","B",null,"M","$","?","?","?","R","M","R","T","NM","M","E","M","E","R","B",null],"character_chosen":"NECROMANCER","items_purchased":["conspire:BottledYoYo","Strength Potion","Energy Potion"],"campfire_rested":0,"item_purchase_floors":[36,36,36],"current_hp_per_floor":[75,75,75,71,75,71,70,75,75,62,44,48,48,56,56,46,75,75,75,75,75,73,64,64,72,72,74,65,68,67,54,54,35,75,21,21,21,21,21,21,23,23,23,47,53,47,74,65,65,55,75,75],"gold":971,"neow_bonus":"","is_daily":false,"chose_seed":false,"campfire_upgraded":5,"win_rate":0.0,"timestamp":1611865258,"path_taken":["M","?","M","M","?","E","M","E","T","E","?","M","?","M","R","BOSS","M","?","AVR","M","M","E","R","E","T","E","M","E","M","E","R","BOSS","M","$","?","?","?","R","M","R","T","NM","M","E","M","E","R","BOSS"],"items_purchased_type":["Relic","Potion","Potion"],"build_version":"2020-12-22","purchased_purges":0,"victory":false,"max_hp_per_floor":[75,75,75,75,75,75,75,75,75,75,75,75,75,75,75,75,75,75,75,75,75,75,75,75,75,75,75,75,75,75,75,75,75,75,75,75,75,75,75,75,75,75,75,75,75,75,75,75,75,75,75,75],"card_choices":[{"not_picked":["Negative_Energy_Sphere","Flesh_Made_Foul"],"picked":"Consume_Illness","floor":1.0},{"not_picked":["Bones_to_Steel","Negative_Energy_Shield","Flesh_Made_Foul"],"picked":"SKIP","floor":3.0},{"not_picked":["Plague_Bolt","Bone_Spikes","Blood_Curse"],"picked":"SKIP","floor":4.0},{"not_picked":["Vampiric_Strike","Negative_Energy_Shield","Bones_to_Steel"],"picked":"SKIP","floor":5.0},{"not_picked":["Detonate_Bones","Negative_Energy_Bomb"],"picked":"Cloudkill","floor":6.0},{"not_picked":["Life_Drain","Negative_Energy_Shield"],"picked":"Bone_Prison","floor":7.0},{"not_picked":["Negative_Energy_Bomb","Detonate_Bones","Blood_Wake"],"picked":"SKIP","floor":8.0},{"not_picked":["Summon_Death_Knight","Blood_Wake"],"picked":"Blood_Magic","floor":10.0},{"not_picked":["Negative_Energy_Shield","Finger_Of_Death","Death_Coil"],"picked":"SKIP","floor":12.0},{"not_picked":["Negative_Energy_Burst","Negative_Energy_Bomb"],"picked":"Bone_Armor","floor":14.0},{"not_picked":["Blood_Wake","Detonate_Bones"],"picked":"Requiem","floor":16.0},{"not_picked":["Finger_Of_Death","Spectral_Armor"],"picked":"Uncharnel+1","floor":18.0},{"not_picked":["Consume_Illness","Pandemic","Shackles_Of_Pain"],"picked":"SKIP","floor":21.0},{"not_picked":["Bone_Bullets","Flesh_Made_Foul+1"],"picked":"Stop_Heart","floor":22.0},{"not_picked":["Blood_Magic","Cloudkill"],"picked":"Summon_Vampire_Lady","floor":23.0},{"not_picked":["Grasp_Heart","Reap_The_Weak"],"picked":"Hellfire","floor":25.0},{"not_picked":["Reap_The_Weak","Blood_Magic"],"picked":"Summon_Death_Knight","floor":27.0},{"not_picked":["Shackles_Of_Pain","Necrotic_Claws+1","Consume_Illness"],"picked":"SKIP","floor":28.0},{"not_picked":["Reap_The_Weak","Detonate_Bones","Cloudkill"],"picked":"SKIP","floor":29},{"not_picked":["Necrotic_Claws","Acid_Javelin","Blood_for_Blood","Thousand_Bone_Knives"],"picked":"SKIP","floor":30},{"not_picked":["Summon_Vampire_Lady","Blood_Wake","Grasp_Heart"],"picked":"Skeleton_Dragon","floor":31},{"not_picked":["Bone_Shift","Bones_to_Steel","Necrotic_Claws+1","Death_Coil+1"],"picked":"SKIP","floor":35},{"not_picked":["Flesh_Made_Foul","Bones_to_Steel","Finger_Of_Death+1"],"picked":"Bone_Armor+1","floor":41},{"not_picked":["ReplayTheSpireMod:Echoes of Time","hubris:InfiniteBlow+9"],"picked":"hubris:Fate","floor":44},{"not_picked":["Requiem","Cloudkill","Hellfire","Blood_Wake"],"picked":"SKIP","floor":44},{"not_picked":["Bone_Spikes","Negative_Energy_Sphere+1","Bones_to_Steel+1","Spectral_Walk"],"picked":"SKIP","floor":45},{"not_picked":["Requiem","Skeleton_Dragon","Blood_Magic"],"picked":"Summon_Death_Knight","floor":46},{"not_picked":["Blood_Whip","Thousand_Bone_Knives","Negative_Energy_Javelin"],"picked":"Bone_Shift+1","floor":47},{"not_picked":["Grasp_Heart","Negative_Energy_Bomb","Cloudkill"],"picked":"Summon_Vampire_Lady","floor":48},{"not_picked":["Grasp_Heart","Cloudkill","Hellfire"],"picked":"Summon_Vampire_Lady","floor":50}],"player_experience":479235,"relics_obtained":[{"floor":6.0,"key":"hubris:CuriousFeather"},{"floor":8.0,"key":"Matryoshka"},{"floor":9.0,"key":"Nunchaku"},{"floor":10.0,"key":"StrikeDummy"},{"floor":23.0,"key":"TungstenRod"},{"floor":25.0,"key":"hubris:BundleOfHerbs"},{"floor":26.0,"key":"hubris:DuctTape"},{"floor":26.0,"key":"Gremlin Food"},{"floor":27.0,"key":"Guardian:GemstoneGun"},{"floor":29,"key":"Question Card"},{"floor":31,"key":"Golden Egg"},{"floor":43,"key":"Calipers"},{"floor":44,"key":"War Paint"},{"floor":46,"key":"Onion Ring"},{"floor":48,"key":"infinitespire:PuzzleCube"}],"event_choices":[{"cards_removed":["Toxic_Smoke_Screen"],"damage_healed":0.0,"max_hp_gain":0.0,"max_hp_loss":0.0,"gold_gain":0.0,"event_name":"WeMeetAgain","player_choice":"Gave Card","floor":2.0,"gold_loss":0.0,"damage_taken":0.0,"relics_obtained":["Akabeko"]},{"damage_healed":0.0,"max_hp_gain":0.0,"max_hp_loss":0.0,"gold_gain":0.0,"event_name":"Golden Idol","player_choice":"Take Damage","floor":11.0,"gold_loss":0.0,"damage_taken":18.0,"relics_obtained":["Golden Idol"]},{"damage_healed":0.0,"max_hp_gain":0.0,"max_hp_loss":0.0,"gold_gain":0.0,"event_name":"The Library","player_choice":"Read","floor":19.0,"gold_loss":0.0,"damage_taken":0.0,"cards_obtained":["Spectral_Walk"]},{"damage_healed":0,"gold_gain":0,"player_choice":"Invest 2","damage_taken":0,"max_hp_gain":0,"max_hp_loss":0,"event_name":"conspire:Investor","floor":37,"gold_loss":0},{"cards_removed":["Uncharnel"],"damage_healed":0,"gold_gain":0,"player_choice":"Upgrade and Remove","damage_taken":0,"max_hp_gain":0,"max_hp_loss":0,"event_name":"Designer","floor":39,"gold_loss":90,"cards_upgraded":["hubris:DuctTapeCard"]}],"is_beta":false,"boss_relics":[{"not_picked":["hubris:HollowSoul","Painkiller Herb"],"picked":"expansioncontent:StudyCardRelic"},{"not_picked":["Honey Jar","Philosopher\u0027s Stone"],"picked":"sneckomod:SneckoTalon"},{"not_picked":["Black Star","ReplayTheSpireMod:DimensionalGlitch"],"picked":"Replay:Wanted Poster"}],"items_purged_floors":[],"is_endless":true,"potions_floor_spawned":[1,5,10,12,14,25,27,28,29,33,35,44,47],"ascension_level":4}}