{"host":"qekv59dthhdg54sz","time":1611814587,"event":{"mods":["AchievementEnabler","BaseMod","Colored Map","DeckTracker","KOR Keyword Fix","Minty Spire (QoL Compilation)","Rare Cards Sparkle","StSLib","SuperFastMode"],"gold_per_floor":[111,123,140,140,140,140,140,169,192,219,219,57,98,116,116,206,206,220,220,220],"floor_reached":19,"language":"KOR","playtime":340,"items_purged":["Strike_R"],"score":378,"play_id":"22f77abf-b314-47c0-8e31-e9d6f59c1189","local_time":"20210128151627","is_ascension_mode":true,"campfire_choices":[{"data":"True Grit","floor":6.0,"key":"SMITH"},{"data":"Fire Breathing","floor":15.0,"key":"SMITH"}],"circlet_count":0,"master_deck":["AscendersBane","Strike_R","Strike_R","Defend_R","Defend_R","Defend_R","Bash","Bludgeon+1","Ghostly Armor","Dropkick","True Grit+1","Fire Breathing+1","Shrug It Off","Shrug It Off","Barricade","Limit Break+1","Demon Form+1","Wild Strike+1"],"relics":["Burning Blood","Lantern","Red Skull","Regal Pillow","Bottled Flame","Golden Idol","Happy Flower","Astrolabe"],"acts_visited":["Exordium","TheCity"],"potions_floor_usage":[18],"damage_taken":[{"damage":0.0,"enemies":"Cultist","floor":1.0,"turns":2.0},{"damage":0.0,"enemies":"2 Louse","floor":2.0,"turns":3.0},{"damage":6.0,"enemies":"Small Slimes","floor":3.0,"turns":2.0},{"damage":15.0,"enemies":"Lagavulin","floor":8.0,"turns":4.0},{"damage":8.0,"enemies":"Gremlin Nob","floor":10.0,"turns":3.0},{"damage":0.0,"enemies":"Lagavulin","floor":13.0,"turns":2.0},{"damage":9.0,"enemies":"3 Louse","floor":14.0,"turns":4.0},{"damage":23,"enemies":"Slime Boss","floor":16,"turns":6},{"damage":32,"enemies":"3 Byrds","floor":18,"turns":6},{"damage":19,"enemies":"Shell Parasite","floor":19,"turns":5}],"seed_played":"1734958382723686792","potions_obtained":[{"floor":3.0,"key":"DuplicationPotion"},{"floor":8.0,"key":"LiquidMemories"},{"floor":16,"key":"Energy Potion"},{"floor":18,"key":"Dexterity Potion"}],"is_trial":false,"path_per_floor":["M","M","M","?","?","R","?","E","T","E","?","$","E","M","R","B",null,"M","M"],"character_chosen":"IRONCLAD","items_purchased":["Fire Breathing"],"campfire_rested":0,"item_purchase_floors":[12],"current_hp_per_floor":[74,75,75,40,40,40,40,31,31,29,29,29,35,32,32,15,55,29,10,10],"gold":220,"neow_bonus":"ONE_RANDOM_RARE_CARD","is_daily":false,"chose_seed":false,"campfire_upgraded":2,"win_rate":0.0,"timestamp":1611814587,"path_taken":["M","?","M","?","?","R","?","E","T","E","?","?","E","M","R","BOSS","M","?"],"items_purchased_type":["Card"],"build_version":"2020-12-22","purchased_purges":1,"victory":false,"max_hp_per_floor":[75,75,75,75,75,75,75,75,75,75,68,68,68,68,68,68,68,68,68,68],"card_choices":[{"not_picked":["Flex","Uppercut"],"picked":"Ghostly Armor","floor":1.0},{"not_picked":["True Grit","Rupture"],"picked":"Dropkick","floor":2.0},{"not_picked":["Havoc","Disarm"],"picked":"True Grit","floor":3.0},{"not_picked":["Reckless Charge","Clothesline","Entrench"],"picked":"SKIP","floor":8.0},{"not_picked":["Metallicize","Infernal Blade","Intimidate"],"picked":"SKIP","floor":10.0},{"not_picked":["Thunderclap","Burning Pact"],"picked":"Shrug It Off","floor":13.0},{"not_picked":["Flex","Armaments"],"picked":"Shrug It Off","floor":14.0},{"not_picked":["Brutality","Exhume"],"picked":"Barricade","floor":16},{"not_picked":["True Grit","Rupture","Combust"],"picked":"SKIP","floor":18}],"player_experience":864137,"relics_obtained":[{"floor":8.0,"key":"Red Skull"},{"floor":9.0,"key":"Regal Pillow"},{"floor":10.0,"key":"Bottled Flame"},{"floor":13.0,"key":"Happy Flower"}],"event_choices":[{"damage_healed":0.0,"max_hp_gain":0.0,"max_hp_loss":0.0,"gold_gain":0.0,"event_name":"Scrap Ooze","player_choice":"Success","floor":4.0,"gold_loss":0.0,"damage_taken":35.0,"relics_obtained":["Lantern"]},{"damage_healed":0.0,"max_hp_gain":0.0,"max_hp_loss":0.0,"gold_gain":0.0,"event_name":"Living Wall","player_choice":"Grow","floor":5.0,"gold_loss":0.0,"damage_taken":0.0,"cards_upgraded":["Bludgeon"]},{"damage_healed":0.0,"max_hp_gain":0.0,"max_hp_loss":0.0,"gold_gain":0.0,"event_name":"Liars Game","player_choice":"Ignored","floor":7.0,"gold_loss":0.0,"damage_taken":0.0},{"damage_healed":0.0,"max_hp_gain":0.0,"max_hp_loss":7.0,"gold_gain":0.0,"event_name":"Golden Idol","player_choice":"Lose Max HP","floor":11.0,"gold_loss":0.0,"damage_taken":0.0,"relics_obtained":["Golden Idol"]}],"is_beta":false,"boss_relics":[{"not_picked":["Black Star","Pandora\u0027s Box"],"picked":"Astrolabe"}],"items_purged_floors":[12],"is_endless":false,"potions_floor_spawned":[3,8,16,18],"killed_by":"Shell Parasite","ascension_level":16}}