{"host":"6gl4z8x6qhx9xtfj","time":1611821449,"event":{"mods":["2.2 Compatiblity","AchievementEnabler","BaseMod","Bestiary","Colored Map","Colored Powertips","Evolution","Minty Spire (QoL Compilation)","Quick Restart","Relic Stats","StSLib","SuperFastMode"],"gold_per_floor":[112,112,123,142,152,186,186,186,211,222,241,266,110,120,120,217,217,231,231,250,263,279,311,321,350,350,350,350,97,122,140,140,239,239,252,265,0,17,30,30,57,57,83,83,115,184,203,203,203,203,203],"floor_reached":50,"language":"RUS","playtime":3919,"items_purged":["Strike_P","Defend_P"],"score":606,"play_id":"dcfbb94d-684c-477b-9835-f2bd0f6d7108","local_time":"20210128111049","is_ascension_mode":false,"campfire_choices":[{"data":"EmptyFist","floor":8.0,"key":"SMITH"},{"data":"Crescendo","floor":15.0,"key":"SMITH"},{"floor":28.0,"key":"REST"},{"data":"Eruption","floor":32.0,"key":"SMITH"},{"floor":40.0,"key":"REST"},{"floor":42,"key":"REST"},{"data":"Dramatic Entrance","floor":44,"key":"SMITH"},{"data":"Omniscience","floor":49,"key":"SMITH"}],"circlet_count":0,"master_deck":["Strike_P","Strike_P","Strike_P","Defend_P","Defend_P+1","Defend_P","Eruption+1","Vigilance+1","FollowUp","Sanctity","FlurryOfBlows+1","EmptyBody","EmptyFist+1","Crescendo+1","Meditate","Dramatic Entrance+1","CarveReality","LessonLearned+1","FearNoEvil+1","DevaForm+1","ThirdEye+1","Tantrum","WheelKick","Wallop","CarveReality+1","FlurryOfBlows+1","CrushJoints+1","Parasite","Omniscience+1","Dramatic Entrance"],"relics":["HolyWater","EVO:Axolotl","Ancient Tea Set","Mango","Vajra","Centennial Puzzle","Regal Pillow","Red Mask","Juzu Bracelet","Nloth\u0027s Gift","PreservedInsect","Bag of Preparation","VioletLotus","Membership Card","Matryoshka","Mummified Hand","Eternal Feather","Dream Catcher","Blood Vial","Pen Nib","Meat on the Bone"],"acts_visited":["Exordium","TheCity","TheBeyond"],"potions_floor_usage":[50,50,50],"damage_taken":[{"damage":0.0,"enemies":"Jaw Worm","floor":1.0,"turns":3.0},{"damage":0.0,"enemies":"Cultist","floor":3.0,"turns":2.0},{"damage":2.0,"enemies":"2 Louse","floor":4.0,"turns":2.0},{"damage":3.0,"enemies":"Gremlin Gang","floor":5.0,"turns":3.0},{"damage":10.0,"enemies":"Lagavulin","floor":6.0,"turns":5.0},{"damage":0.0,"enemies":"Blue Slaver","floor":10.0,"turns":2.0},{"damage":0.0,"enemies":"Red Slaver","floor":11.0,"turns":2.0},{"damage":1.0,"enemies":"Gremlin Nob","floor":12.0,"turns":3.0},{"damage":1.0,"enemies":"2 Fungi Beasts","floor":14.0,"turns":2.0},{"damage":40.0,"enemies":"Hexaghost","floor":16.0,"turns":5.0},{"damage":2.0,"enemies":"Chosen","floor":18.0,"turns":4.0},{"damage":0.0,"enemies":"Spheric Guardian","floor":20.0,"turns":2.0},{"damage":15.0,"enemies":"Snake Plant","floor":21.0,"turns":3.0},{"damage":0.0,"enemies":"Cultist and Chosen","floor":22.0,"turns":4.0},{"damage":14.0,"enemies":"Slavers","floor":23.0,"turns":2.0},{"damage":37.0,"enemies":"Sentry and Sphere","floor":24.0,"turns":4.0},{"damage":0.0,"enemies":"Masked Bandits","floor":25.0,"turns":2.0},{"damage":0.0,"enemies":"Gremlin Leader","floor":30.0,"turns":3.0},{"damage":0.0,"enemies":"Centurion and Healer","floor":31.0,"turns":2.0},{"damage":6.0,"enemies":"Collector","floor":33.0,"turns":7.0},{"damage":2.0,"enemies":"3 Darklings","floor":35.0,"turns":4.0},{"damage":40.0,"enemies":"3 Shapes","floor":36.0,"turns":3.0},{"damage":31.0,"enemies":"Maw","floor":38.0,"turns":6.0},{"damage":16.0,"enemies":"Writhing Mass","floor":39.0,"turns":5.0},{"damage":34,"enemies":"Reptomancer","floor":41,"turns":3},{"damage":8,"enemies":"Giant Head","floor":45,"turns":6},{"damage":0,"enemies":"Transient","floor":47,"turns":5},{"damage":95,"enemies":"Awakened One","floor":50,"turns":6}],"seed_played":"7228519182900155944","potions_obtained":[{"floor":1.0,"key":"GamblersBrew"},{"floor":4.0,"key":"Dexterity Potion"},{"floor":6.0,"key":"BottledMiracle"},{"floor":11.0,"key":"Fire Potion"},{"floor":14.0,"key":"Fire Potion"},{"floor":20.0,"key":"FearPotion"},{"floor":24.0,"key":"StancePotion"},{"floor":25.0,"key":"Fruit Juice"},{"floor":33.0,"key":"EntropicBrew"},{"floor":41,"key":"Strength Potion"},{"floor":45,"key":"Ancient Potion"},{"floor":47,"key":"Block Potion"}],"is_trial":false,"path_per_floor":["M","?","M","M","M","E","?","R","T","M","M","E","$","M","R","B",null,"M","?","M","M","M","E","M","?","T","?","R","$","E","M","R","B",null,"M","M","$","M","M","R","E","R","T","R","E","T","M","?","R","B"],"character_chosen":"WATCHER","items_purchased":["Dramatic Entrance","PreservedInsect","Membership Card","Matryoshka"],"campfire_rested":3,"item_purchase_floors":[13,29,37,37],"current_hp_per_floor":[79,79,79,77,74,64,75,75,75,75,75,74,74,73,73,33,93,91,91,91,76,76,62,25,30,30,30,74,74,74,74,74,68,98,96,56,56,25,9,53,19,63,63,78,70,70,72,72,90,0,0],"gold":203,"neow_bonus":"TEN_PERCENT_HP_BONUS","is_daily":false,"chose_seed":false,"campfire_upgraded":5,"win_rate":0.0,"timestamp":1611821449,"path_taken":["M","?","M","?","M","E","?","R","T","M","M","E","?","M","R","BOSS","M","?","?","M","M","E","M","?","T","?","R","$","E","M","R","BOSS","M","M","$","M","M","R","E","R","T","R","E","?","M","?","R","BOSS"],"items_purchased_type":["Card","Relic","Relic","Relic"],"build_version":"2020-12-22","purchased_purges":2,"victory":false,"max_hp_per_floor":[79,79,79,79,79,79,93,93,93,93,93,93,93,93,93,93,93,93,93,93,93,93,93,93,98,98,98,98,98,98,98,98,98,98,98,98,98,98,98,98,98,98,98,98,98,98,98,98,98,98,98],"relic_stats":{"Regal Pillow":45,"counters":[28,100],"Eternal Feather":33,"PreservedInsect":227,"Pen Nib":[5],"Juzu Bracelet":0,"Bag of Preparation":[20],"Blood Vial":4,"Centennial Puzzle":[40],"Dream Catcher":0,"Mummified Hand":[5],"VioletLotus":[12],"Nloth\u0027s Gift":2,"obtain_stats":[{"Regal Pillow":23,"Damaru":2,"Vajra":9,"Mango":7,"Eternal Feather":43,"PreservedInsect":29,"Pen Nib":46,"Juzu Bracelet":26,"Bag of Preparation":30,"EVO:Axolotl":0,"Ancient Tea Set":6,"Blood Vial":45,"Centennial Puzzle":12,"Dream Catcher":43,"Matryoshka":37,"Mummified Hand":41,"HolyWater":17,"VioletLotus":34,"Red Mask":25,"Nloth\u0027s Gift":27,"Membership Card":37,"PureWater":0,"Meat on the Bone":46},{"Regal Pillow":15,"Damaru":1,"Vajra":5,"Mango":5,"Eternal Feather":25,"PreservedInsect":17,"Pen Nib":26,"Juzu Bracelet":17,"Bag of Preparation":18,"EVO:Axolotl":0,"Ancient Tea Set":5,"Blood Vial":26,"Centennial Puzzle":8,"Dream Catcher":25,"Matryoshka":22,"Mummified Hand":25,"HolyWater":10,"VioletLotus":20,"Red Mask":17,"Nloth\u0027s Gift":17,"Membership Card":22,"PureWater":0,"Meat on the Bone":26},{"Regal Pillow":44,"Damaru":3,"Vajra":15,"Mango":15,"Eternal Feather":83,"PreservedInsect":50,"Pen Nib":89,"Juzu Bracelet":50,"Bag of Preparation":53,"EVO:Axolotl":0,"Ancient Tea Set":15,"Blood Vial":89,"Centennial Puzzle":22,"Dream Catcher":83,"Matryoshka":69,"Mummified Hand":83,"HolyWater":29,"VioletLotus":62,"Red Mask":50,"Nloth\u0027s Gift":50,"Membership Card":69,"PureWater":0,"Meat on the Bone":89}],"Meat on the Bone":0},"card_choices":[{"not_picked":["SandsOfTime","Evaluate"],"picked":"FollowUp","floor":1.0},{"not_picked":["LikeWater","Evaluate"],"picked":"Sanctity","floor":3.0},{"not_picked":["CarveReality","ThirdEye"],"picked":"FlurryOfBlows","floor":4.0},{"not_picked":["CrushJoints","Nirvana"],"picked":"EmptyBody","floor":5.0},{"not_picked":["Collect","ClearTheMind"],"picked":"EmptyFist","floor":6.0},{"not_picked":["Halt","BowlingBash","SandsOfTime"],"picked":"SKIP","floor":10.0},{"not_picked":["EmptyBody","Indignation"],"picked":"Crescendo","floor":11.0},{"not_picked":["Ragnarok","Protect"],"picked":"Meditate","floor":12.0},{"not_picked":["Crescendo","Evaluate"],"picked":"CarveReality","floor":14.0},{"not_picked":["Scrawl","MasterReality"],"picked":"LessonLearned","floor":16.0},{"not_picked":["LikeWater","WaveOfTheHand"],"picked":"FearNoEvil+1","floor":18.0},{"not_picked":["FollowUp","Protect"],"picked":"ThirdEye+1","floor":20.0},{"not_picked":["LikeWater","Nirvana","WreathOfFlame"],"picked":"SKIP","floor":21.0},{"not_picked":["EmptyFist+1","JustLucky","Conclude"],"picked":"SKIP","floor":22.0},{"not_picked":["EmptyBody","Crescendo"],"picked":"Tantrum","floor":23.0},{"not_picked":["FlyingSleeves+1","PathToVictory+1"],"picked":"WheelKick","floor":24.0},{"not_picked":["ClearTheMind+1","EmptyBody"],"picked":"Wallop","floor":25.0},{"not_picked":["Halt","DevaForm"],"picked":"CarveReality+1","floor":30.0},{"not_picked":["Protect+1","SashWhip+1","PathToVictory"],"picked":"SKIP","floor":31.0},{"not_picked":["Perseverance","Fasting2"],"picked":"FlurryOfBlows+1","floor":35.0},{"not_picked":["SashWhip+1","EmptyMind+1","PathToVictory"],"picked":"SKIP","floor":36.0},{"not_picked":["WheelKick","FlyingSleeves+1"],"picked":"CrushJoints+1","floor":38.0},{"not_picked":["EmptyBody+1","SandsOfTime+1","WreathOfFlame+1"],"picked":"SKIP","floor":39.0},{"not_picked":["FlurryOfBlows","Nirvana","SashWhip+1"],"picked":"SKIP","floor":41},{"not_picked":["ClearTheMind","MasterReality"],"picked":"Omniscience","floor":45},{"not_picked":["WaveOfTheHand","Consecrate","SashWhip"],"picked":"SKIP","floor":47},{"not_picked":["Sadistic Nature","Enlightenment"],"picked":"Dramatic Entrance","floor":48}],"player_experience":68485,"relics_obtained":[{"floor":6.0,"key":"Ancient Tea Set"},{"floor":9.0,"key":"Vajra"},{"floor":12.0,"key":"Centennial Puzzle"},{"floor":23.0,"key":"Regal Pillow"},{"floor":25.0,"key":"Red Mask"},{"floor":26.0,"key":"Juzu Bracelet"},{"floor":30.0,"key":"Bag of Preparation"},{"floor":41,"key":"Mummified Hand"},{"floor":43,"key":"Eternal Feather"},{"floor":43,"key":"Dream Catcher"},{"floor":45,"key":"Blood Vial"},{"floor":46,"key":"Pen Nib"},{"floor":46,"key":"Meat on the Bone"}],"event_choices":[{"damage_healed":0.0,"max_hp_gain":0.0,"max_hp_loss":0.0,"gold_gain":0.0,"event_name":"WeMeetAgain","player_choice":"Gave Potion","floor":2.0,"gold_loss":0.0,"damage_taken":0.0,"relics_obtained":["Damaru"]},{"damage_healed":0.0,"max_hp_gain":0.0,"max_hp_loss":0.0,"gold_gain":0.0,"event_name":"Scrap Ooze","player_choice":"Success","floor":7.0,"gold_loss":0.0,"damage_taken":3.0,"relics_obtained":["Mango"]},{"damage_healed":0.0,"max_hp_gain":0.0,"max_hp_loss":0.0,"gold_gain":0.0,"event_name":"Match and Keep!","player_choice":"1 cards matched","floor":19.0,"gold_loss":0.0,"damage_taken":0.0,"cards_obtained":["DevaForm"]},{"damage_healed":0.0,"max_hp_gain":0.0,"max_hp_loss":0.0,"gold_gain":0.0,"event_name":"Masked Bandits","player_choice":"Fought Bandits","floor":25.0,"gold_loss":0.0,"damage_taken":0.0},{"damage_healed":0.0,"max_hp_gain":0.0,"max_hp_loss":0.0,"gold_gain":0.0,"event_name":"N\u0027loth","player_choice":"Traded Relic","floor":27.0,"relics_lost":["Damaru"],"gold_loss":0.0,"damage_taken":0.0,"relics_obtained":["Nloth\u0027s Gift"]},{"damage_healed":0,"gold_gain":0,"player_choice":"Memory 1","damage_taken":0,"max_hp_gain":0,"max_hp_loss":0,"event_name":"SensoryStone","floor":48,"gold_loss":0}],"is_beta":false,"boss_relics":[{"not_picked":["Astrolabe","Coffee Dripper"],"picked":"HolyWater"},{"not_picked":["Sozu","Tiny House"],"picked":"VioletLotus"}],"items_purged_floors":[13,29],"is_endless":false,"potions_floor_spawned":[1,4,6,11,14,20,22,24,25,33,41,45,47],"killed_by":"Awakened One","ascension_level":0}}