{"host":"a1xt9i3rspws3fph","time":1611850390,"event":{"mods":["2.2 Compatiblity","AchievementEnabler","BaseMod","Card Forge","Hero for Fun","HexUI Lib","Minty Spire (QoL Compilation)","StSLib","The Animator","The Hierophant","The Judge","The Marked"],"gold_per_floor":[112,37,51,151,161,161,180,180,230,405,437,96,120,135,135,236,236,236,236,236,236,236,236,236,236,236,236,236,236,236,236,236,236,236,236,0,0,0,0,0,0,0,0,0,0,0,0,0,0,0],"floor_reached":51,"language":"ENG","playtime":2445,"items_purged":["WordoMod:DefendCard"],"score":848,"play_id":"e06e68e6-1ece-41a6-a0ba-4c0a64ad38a3","local_time":"20210128171310","is_ascension_mode":false,"campfire_choices":[{"data":"WordoMod:Parry","floor":6,"key":"SMITH"},{"data":"WordoMod:Repent","floor":8,"key":"SMITH"},{"floor":15,"key":"REST"},{"data":"WordoMod:DarkForm","floor":23,"key":"SMITH"},{"data":"WordoMod:HighwayToHell","floor":25,"key":"SMITH"},{"data":"WordoMod:Cleanse","floor":27,"key":"SMITH"},{"data":"WordoMod:Vulgarity","floor":29,"key":"SMITH"},{"data":"WordoMod:Cremate","floor":32,"key":"SMITH"},{"data":"WordoMod:ProjectilePurge","floor":40,"key":"SMITH"},{"data":"WordoMod:GreatSeal","floor":47,"key":"SMITH"},{"data":"WordoMod:Miasma","floor":49,"key":"SMITH"}],"circlet_count":0,"master_deck":["WordoMod:StrikeCard","WordoMod:StrikeCard","WordoMod:StrikeCard","WordoMod:StrikeCard","WordoMod:DefendCard","WordoMod:DefendCard","WordoMod:Accursed","WordoMod:IllWill","WordoMod:Sacrilege","WordoMod:Parry+1","WordoMod:Exorcism","WordoMod:WillOWisp","Clumsy","WordoMod:Repent+1","Doubt","WordoMod:BreakChains","WordoMod:Cremate+1","WordoMod:DarkForm+1","Doubt","WordoMod:HighwayToHell+1","WordoMod:Unchained","Writhe","WordoMod:Parry+1","WordoMod:SoulSpear+1","WordoMod:Vulgarity+1","WordoMod:Repent+1","WordoMod:MentalFortitude+1","WordoMod:Miasma+1","WordoMod:ProjectilePurge+1","WordoMod:UltimateSacrifice","WordoMod:BoundlessGreed","WordoMod:GreatSeal+1","WordoMod:Sickness+1","WordoMod:ShackleGuard"],"relics":["WordoMod:Obsidian","WordoMod:Effigy","Hammer of Thor","Anvil of the Gods","NeowsBlessing","Art of War","Orichalcum","Membership Card","Strawberry","Ectoplasm","Nloth\u0027s Gift","MutagenicStrength","Omamori","Pear","Sozu","Red Mask","Akabeko","Regal Pillow"],"acts_visited":["Exordium","TheCity","TheBeyond"],"potions_floor_usage":[33,50],"damage_taken":[{"damage":0,"enemies":"Jaw Worm","floor":1,"turns":2},{"damage":0,"enemies":"Cultist","floor":3,"turns":1},{"damage":0,"enemies":"2 Louse","floor":5,"turns":1},{"damage":11,"enemies":"Exordium Thugs","floor":7,"turns":4},{"damage":28,"enemies":"Gremlin Nob","floor":11,"turns":4},{"damage":8,"enemies":"Blue Slaver","floor":14,"turns":3},{"damage":12,"enemies":"Slime Boss","floor":16,"turns":6},{"damage":28,"enemies":"3 Byrds","floor":18,"turns":4},{"damage":18,"enemies":"Shell Parasite","floor":20,"turns":5},{"damage":37,"enemies":"Slavers","floor":24,"turns":4},{"damage":0,"enemies":"Sentry and Sphere","floor":28,"turns":3},{"damage":6,"enemies":"Cultist and Chosen","floor":30,"turns":3},{"damage":6,"enemies":"Snecko","floor":31,"turns":4},{"damage":35,"enemies":"Automaton","floor":33,"turns":8},{"damage":5,"enemies":"3 Darklings","floor":35,"turns":4},{"damage":11,"enemies":"Orb Walker","floor":41,"turns":2},{"damage":35,"enemies":"Spire Growth","floor":42,"turns":4},{"damage":48,"enemies":"Giant Head","floor":44,"turns":7},{"damage":32,"enemies":"Reptomancer","floor":46,"turns":4},{"damage":20,"enemies":"Sphere and 2 Shapes","floor":48,"turns":5},{"damage":127,"enemies":"Time Eater","floor":50,"turns":11}],"seed_played":"-7842823238426181752","potions_obtained":[{"floor":1,"key":"LiquidMemories"},{"floor":3,"key":"Strength Potion"},{"floor":16,"key":"EntropicBrew"}],"is_trial":false,"path_per_floor":["M","$","M","?","M","R","M","R","T","?","E","$","T","M","R","B",null,"M","?","M","?","?","R","E","R","T","R","M","R","M","M","R","B",null,"M","?","$","?","$","R","M","M","T","E","?","E","R","M","R","B",null],"character_chosen":"JUDGE_CLASS","items_purchased":["WordoMod:Parry","WordoMod:Cremate","Membership Card","WordoMod:DarkForm"],"campfire_rested":1,"item_purchase_floors":[2,12,12,12],"current_hp_per_floor":[75,75,75,75,75,75,64,64,64,64,36,36,43,35,59,47,82,54,54,36,36,36,36,59,59,69,69,69,69,63,57,57,22,92,87,87,87,92,92,92,81,46,46,58,58,60,60,40,40,33],"gold":0,"neow_bonus":"THREE_ENEMY_KILL","is_daily":false,"chose_seed":false,"campfire_upgraded":10,"win_rate":0.0,"timestamp":1611850390,"path_taken":["M","$","M","?","M","R","?","R","T","?","E","$","?","M","R","BOSS","M","?","?","?","?","R","E","R","T","R","M","R","?","M","R","BOSS","M","?","$","?","$","R","M","?","T","E","?","E","R","?","R","BOSS"],"items_purchased_type":["Card","Card","Relic","Card"],"build_version":"2020-12-22","purchased_purges":1,"victory":true,"max_hp_per_floor":[75,75,75,75,75,75,75,75,75,75,75,75,82,82,82,82,82,82,82,82,82,82,82,82,82,92,92,92,92,92,92,92,92,92,92,92,92,92,92,92,92,92,92,92,92,92,92,92,92,92],"card_choices":[{"not_picked":["WordoMod:SecondChance","WordoMod:BadMemories"],"picked":"WordoMod:Sacrilege","floor":1},{"not_picked":["WordoMod:ThornedFist","WordoMod:FalseDiagnosis"],"picked":"WordoMod:Exorcism","floor":3},{"not_picked":["WordoMod:BurdenOfSin","WordoMod:DarkBead"],"picked":"WordoMod:WillOWisp","floor":5},{"not_picked":["Doubt","Regret"],"picked":"Clumsy","floor":5},{"not_picked":["WordoMod:ConjureTheDamned","WordoMod:CloudOfDust"],"picked":"WordoMod:Repent","floor":7},{"not_picked":["WordoMod:ScatterAshes","WordoMod:BurdenOfSin"],"picked":"WordoMod:BreakChains","floor":11},{"not_picked":["Regret","Pain"],"picked":"Doubt","floor":14},{"not_picked":["WordoMod:SecondChance","WordoMod:Taunt"],"picked":"WordoMod:Cleanse","floor":14},{"not_picked":["WordoMod:BurnMyDread","WordoMod:ConjureTheDamned"],"picked":"WordoMod:HighwayToHell","floor":16},{"not_picked":["WordoMod:Reading","WordoMod:Sickness"],"picked":"WordoMod:Unchained","floor":18},{"not_picked":["WordoMod:Accursed","Parasite"],"picked":"Writhe","floor":20},{"not_picked":["WordoMod:ScatterAshes+1","WordoMod:SurgicalPrecision"],"picked":"WordoMod:Parry+1","floor":20},{"not_picked":["WordoMod:BreakChains","WordoMod:TheCure"],"picked":"WordoMod:SoulSpear+1","floor":24},{"not_picked":["WordoMod:Reading+1","WordoMod:Retaliate"],"picked":"WordoMod:Vulgarity","floor":28},{"not_picked":["Normality","Pain"],"picked":"animator:Curse_Nutcracker","floor":30},{"not_picked":["WordoMod:Unchained","WordoMod:BoundlessGreed"],"picked":"WordoMod:Repent+1","floor":30},{"not_picked":["WordoMod:BoundlessGreed","WordoMod:ThornedFist"],"picked":"WordoMod:MentalFortitude+1","floor":31},{"not_picked":["WordoMod:TheCure","WordoMod:MonkeysPaw"],"picked":"WordoMod:Miasma","floor":33},{"not_picked":["WordoMod:Exorcism","WordoMod:BadMemories+1"],"picked":"WordoMod:ProjectilePurge","floor":35},{"not_picked":["WordoMod:Plague","WordoMod:LanternFlame"],"picked":"WordoMod:UltimateSacrifice","floor":41},{"not_picked":["WordoMod:WillOWisp","WordoMod:Vulgarity"],"picked":"WordoMod:BoundlessGreed","floor":42},{"not_picked":["animator:Curse_GriefSeed","Parasite"],"picked":"Clumsy","floor":44},{"not_picked":["WordoMod:Miasma","WordoMod:Taunt"],"picked":"WordoMod:GreatSeal","floor":44},{"not_picked":["WordoMod:MementoMori","WordoMod:Unchained"],"picked":"WordoMod:Sickness+1","floor":46},{"not_picked":["WordoMod:Malice+1","WordoMod:BadMemories"],"picked":"WordoMod:ShackleGuard","floor":48}],"player_experience":248151,"relics_obtained":[{"floor":9,"key":"Art of War"},{"floor":11,"key":"Orichalcum"},{"floor":13,"key":"Strawberry"},{"floor":24,"key":"Omamori"},{"floor":26,"key":"Pear"},{"floor":44,"key":"Akabeko"},{"floor":46,"key":"Regal Pillow"}],"event_choices":[{"damage_healed":0,"gold_gain":100,"player_choice":"Pray","damage_taken":0,"max_hp_gain":0,"max_hp_loss":0,"event_name":"Golden Shrine","floor":4,"gold_loss":0},{"damage_healed":0,"gold_gain":175,"player_choice":"AGREE","damage_taken":0,"max_hp_gain":0,"max_hp_loss":0,"event_name":"Liars Game","floor":10,"gold_loss":0,"cards_obtained":["Doubt"]},{"damage_healed":0,"gold_gain":0,"player_choice":"Traded Relic","damage_taken":0,"relics_obtained":["Nloth\u0027s Gift"],"max_hp_gain":0,"max_hp_loss":0,"event_name":"N\u0027loth","floor":19,"relics_lost":["Seething Fire"],"gold_loss":0},{"damage_healed":0,"gold_gain":0,"player_choice":"Inject Mutagens","damage_taken":0,"relics_obtained":["MutagenicStrength"],"max_hp_gain":0,"max_hp_loss":0,"event_name":"Drug Dealer","floor":21,"gold_loss":0},{"cards_removed":["WordoMod:DefendCard"],"damage_healed":0,"gold_gain":0,"player_choice":"Card Removal","damage_taken":0,"max_hp_gain":0,"max_hp_loss":0,"event_name":"Wheel of Change","floor":22,"gold_loss":0},{"damage_healed":0,"gold_gain":0,"player_choice":"Paid","damage_taken":0,"relics_obtained":["Red Mask"],"max_hp_gain":0,"max_hp_loss":0,"event_name":"Tomb of Lord Red Mask","floor":36,"gold_loss":236},{"cards_removed":["WordoMod:Cleanse"],"damage_healed":5,"gold_gain":0,"player_choice":"Offered Uncommon","damage_taken":0,"max_hp_gain":0,"max_hp_loss":0,"event_name":"Bonfire Elementals","floor":38,"gold_loss":0},{"damage_healed":0,"gold_gain":0,"player_choice":"0 cards matched","damage_taken":0,"max_hp_gain":0,"max_hp_loss":0,"event_name":"Match and Keep!","floor":45,"gold_loss":0,"cards_obtained":[]}],"is_beta":false,"boss_relics":[{"not_picked":["Snecko Eye","Fusion Hammer"],"picked":"Ectoplasm"},{"not_picked":["Runic Dome","Tiny House"],"picked":"Sozu"}],"items_purged_floors":[12],"is_endless":false,"potions_floor_spawned":[1,3,16,20,24,44,46],"ascension_level":0}}