{"host":"63yhhrjweyj22b0v","time":1611818145,"event":{"mods":["BaseMod","Minty Spire (QoL Compilation)","Quick Restart"],"gold_per_floor":[115,128,16,16,16,44,64,64,64,64,64,64,82,47,47,146,146,164,178,178,55,55,55,55],"floor_reached":23,"language":"ENG","playtime":451,"items_purged":["Strike_B"],"score":223,"play_id":"45419714-18fd-47d6-b1c8-464a414f0c66","local_time":"20210128011545","is_ascension_mode":true,"campfire_choices":[{"data":"Zap","floor":8,"key":"SMITH"},{"data":"1","floor":10,"key":"LIFT"},{"data":"2","floor":12,"key":"LIFT"},{"data":"3","floor":15,"key":"LIFT"}],"circlet_count":0,"master_deck":["Strike_B","Strike_B","Defend_B","Defend_B+1","Defend_B","Defend_B+1","Zap+1","Dualcast","Lockon","Double Energy","FTL","Melter","Streamline","Storm","Creative AI","Redo","Static Discharge"],"relics":["Cracked Core","NeowsBlessing","Bottled Lightning","Girya","Smiling Mask","SacredBark"],"acts_visited":["Exordium","TheCity"],"potions_floor_usage":[16,16,23],"damage_taken":[{"damage":0,"enemies":"2 Louse","floor":1,"turns":1},{"damage":0,"enemies":"Jaw Worm","floor":2,"turns":1},{"damage":0,"enemies":"Gremlin Nob","floor":6,"turns":1},{"damage":0,"enemies":"Small Slimes","floor":7,"turns":2},{"damage":10,"enemies":"Looter","floor":13,"turns":2},{"damage":32,"enemies":"Slime Boss","floor":16,"turns":5},{"damage":29,"enemies":"3 Byrds","floor":18,"turns":4},{"damage":2,"enemies":"Chosen","floor":19,"turns":3},{"damage":30,"enemies":"Slavers","floor":23,"turns":2}],"seed_played":"5780540678991458528","potions_obtained":[{"floor":7,"key":"Ancient Potion"},{"floor":13,"key":"ColorlessPotion"},{"floor":18,"key":"SkillPotion"}],"is_trial":false,"path_per_floor":["M","M","$","?","?","E","M","R","T","R","?","R","M","?","R","B",null,"M","M","?","$","?","E"],"character_chosen":"DEFECT","items_purchased":["Double Energy","FTL","Static Discharge"],"campfire_rested":0,"item_purchase_floors":[3,3,21],"current_hp_per_floor":[75,75,75,68,53,53,53,53,53,53,50,50,40,58,58,26,75,46,44,30,30,30,0,0],"gold":55,"neow_bonus":"THREE_ENEMY_KILL","is_daily":false,"chose_seed":false,"campfire_upgraded":1,"win_rate":0.0,"timestamp":1611818145,"path_taken":["M","M","$","?","?","E","M","R","T","R","?","R","?","?","R","BOSS","M","M","?","$","?","E"],"items_purchased_type":["Card","Card","Card"],"build_version":"2020-12-22","purchased_purges":1,"victory":false,"max_hp_per_floor":[75,75,75,75,75,75,75,75,75,75,75,75,75,75,75,75,75,75,75,80,80,80,80,80],"card_choices":[{"not_picked":["Sweeping Beam","Scrape","Hologram"],"picked":"SKIP","floor":1},{"not_picked":["Rebound","Turbo"],"picked":"Lockon","floor":2},{"not_picked":["Beam Cell","Undo"],"picked":"Melter","floor":6},{"not_picked":["Cold Snap","Chill"],"picked":"Streamline","floor":7},{"not_picked":["Rebound","Steam"],"picked":"Storm","floor":13},{"not_picked":["Core Surge","Echo Form"],"picked":"Creative AI","floor":16},{"not_picked":["Hologram+1","Stack+1","Chill"],"picked":"SKIP","floor":18},{"not_picked":["Sweeping Beam+1","Reprogram+1"],"picked":"Redo","floor":19}],"player_experience":600801,"relics_obtained":[{"floor":6,"key":"Bottled Lightning"},{"floor":9,"key":"Girya"}],"event_choices":[{"cards_removed":["Strike_B"],"damage_healed":0,"gold_gain":0,"player_choice":"Card Removal","damage_taken":7,"max_hp_gain":0,"max_hp_loss":0,"event_name":"Golden Wing","floor":4,"gold_loss":0},{"damage_healed":0,"gold_gain":0,"player_choice":"Entered Light","damage_taken":15,"max_hp_gain":0,"max_hp_loss":0,"event_name":"Shining Light","floor":5,"gold_loss":0,"cards_upgraded":["Defend_B","Defend_B"]},{"damage_healed":0,"gold_gain":0,"player_choice":"Success","damage_taken":3,"relics_obtained":["Smiling Mask"],"max_hp_gain":0,"max_hp_loss":0,"event_name":"Scrap Ooze","floor":11,"gold_loss":0},{"damage_healed":18,"gold_gain":0,"player_choice":"Healed","damage_taken":0,"max_hp_gain":0,"max_hp_loss":0,"event_name":"The Cleric","floor":14,"gold_loss":35},{"damage_healed":0,"gold_gain":0,"player_choice":"Shed Blood","damage_taken":19,"max_hp_gain":5,"max_hp_loss":0,"event_name":"Forgotten Altar","floor":20,"gold_loss":0}],"is_beta":false,"boss_relics":[{"not_picked":["Runic Pyramid","Calling Bell"],"picked":"SacredBark"}],"items_purged_floors":[21],"is_endless":false,"potions_floor_spawned":[7,13,18],"killed_by":"Slavers","ascension_level":1}}