{"host":"8d5lz1qub9wfpdii","time":1611811488,"event":{"mods":["2.2 Compatiblity","AchievementEnabler","Act Like it!","Arknights The Spire","Aspiration","BaseMod","Beaked The Cultist","Bestiary","Better Altar","Better Match","Better Note","Better Skull","Better Third Choice","BetterRewards","Colored Powertips","Conspire","Downfall","Friendly Minions","GifTheSpireLib","Hallownest","Hermit","Hubris","Infinite Spire","Jorbs\u0027s Wanderer Trilogy","Minty Spire (QoL Compilation)","RNG Fix","Relic Stats","Replay The Spire","Shade Mod","Shop Mod","Spicy Shops","Spire Arcade","StSLib","Stuff the Spire","The Animator","The Blackbeard","The Bug Knight","The Clintock","The Forsaken","The Hayseed","The Hierophant","The Necromancer","The Runesmith","The Servant 0.9.4","Uncapped","Wandering Minibosses"],"gold_per_floor":[114,114,129,149,258,287,287,321,398,398,423,438,438,455,455,455,455],"floor_reached":16,"language":"ENG","playtime":569,"items_purged":[],"score":204,"play_id":"a6ec4d7c-0e5e-4c4e-9446-c691926f8f0d","local_time":"20210128155448","is_ascension_mode":true,"campfire_choices":[{"data":"beaked:Ceremony","floor":7,"key":"SMITH"},{"data":"beaked:Evade","floor":15,"key":"SMITH"}],"circlet_count":0,"master_deck":["beaked:Strike_Y","beaked:Strike_Y","beaked:Strike_Y","beaked:Strike_Y+1","beaked:Strike_Y","beaked:Strike_Y","beaked:Defend_Y","beaked:Defend_Y","beaked:Defend_Y","beaked:Defend_Y","beaked:Ceremony+1","beaked:Ceremony","beaked:Ceremony","beaked:Evade+1"],"relics":["beaked:MendingPlumage","Mango","Regal Pillow","hubris:CrystalStatue","Toy Ornithopter","conspire:Flyswatter","Runesmith:AutoHammer","Replay:Winged Headress"],"acts_visited":["Exordium"],"potions_floor_usage":[6,8,16],"damage_taken":[{"damage":7,"enemies":"Cultist","floor":1,"turns":5},{"damage":8,"enemies":"2 Louse","floor":3,"turns":4},{"damage":1,"enemies":"conspire:RoseBush","floor":4,"turns":5},{"damage":21,"enemies":"Lagavulin","floor":6,"turns":7},{"damage":9,"enemies":"Replay:BlueRogue","floor":8,"turns":5},{"damage":21,"enemies":"Lagavulin","floor":11,"turns":7},{"damage":18,"enemies":"Blue Slaver","floor":12,"turns":5},{"damage":12,"enemies":"Exordium Thugs","floor":14,"turns":5},{"damage":84,"enemies":"The Guardian","floor":16,"turns":11}],"seed_played":"5565156196303359114","potions_obtained":[{"floor":4,"key":"Regen Potion"},{"floor":6,"key":"AttackPotion"},{"floor":11,"key":"SneckoOil"},{"floor":12,"key":"Explosive Potion"}],"is_trial":false,"path_per_floor":["M","?","M","M","?","E","R","E","T","?","E","M","T","M","R","B"],"character_chosen":"BEAKED_THE_CULTIST","items_purchased":["Mango"],"campfire_rested":0,"item_purchase_floors":[0],"current_hp_per_floor":[64,69,66,69,40,50,50,57,57,57,55,49,49,52,52,0,0],"gold":455,"neow_bonus":"","is_daily":false,"chose_seed":false,"campfire_upgraded":2,"win_rate":0.0,"timestamp":1611811488,"path_taken":["M","?","M","M","?","E","R","E","T","?","E","M","?","?","R","BOSS"],"items_purchased_type":["Relic"],"build_version":"2020-12-22","purchased_purges":0,"victory":false,"max_hp_per_floor":[64,69,69,69,69,69,69,69,69,69,69,69,69,69,69,69,69],"relic_stats":{"Regal Pillow":0,"counters":[83,430],"obtain_stats":[{"Golden Egg":28,"hubris:CrystalStatue":6,"hubris:MysteriousPyramids":11,"hubris:TerracottaHorce":17,"Old Coin":28,"Sozu":19,"Replay:Ringing Soul":14,"Lizard Tail":15,"FaceOfCleric":3,"aspiration:BabyByrd":4,"MealTicket":14,"aspiration:Headhunter":21,"Replay:Winged Headress":10,"Replay:Bottled Steam":40,"MerchantsRug":5,"Happy Flower":13,"Oddly Smooth Stone":0,"Pen Nib":11,"hubris:HollowSoul":21,"hubris:Zylophone":7,"infinitespire:EvilPickle":51,"Shuriken":8,"Bird Faced Urn":25,"CultistMask":3,"infinitespire:EmpoweringShard":22,"aspiration:HatOfInfinitePower":0,"Abe\u0027s Treasure":19,"Pocketwatch":0,"conspire:Flyswatter":9,"ReplayFunnel":6,"Regal Pillow":7,"aspiration:Lifesprig":15,"Lantern":56,"Torii":12,"Blue Doll":6,"Mango":0,"StuffTheSpire:EmeraldSignet":10,"Bag of Preparation":0,"Replay:Mystery Machine":48,"theForsaken:PlagueMask":7,"beaked:BlessedCoat":36,"Ancient Tea Set":30,"Pet Ghost":9,"conspire:TopHat":9,"StuffTheSpire:Experiment12":23,"Dream Catcher":42,"Shovel":6,"StuffTheSpire:HeavyRock":17,"InkBottle":28,"NeowsBlessing":0,"hubris:MedicalManual":0,"infinitespire:Lucky Rock":9,"StuffTheSpire:HistoryBook":0,"infinitespire:WardingShard":11,"Runesmith:AutoHammer":29,"Bottled Lightning":7,"beaked:MendingPlumage":0,"ReplayTheSpireMod:Lightbulb":26,"Toy Ornithopter":8},{"Golden Egg":57,"hubris:CrystalStatue":78,"hubris:MysteriousPyramids":49,"hubris:TerracottaHorce":67,"Old Coin":73,"Sozu":21,"Replay:Ringing Soul":51,"Lizard Tail":66,"FaceOfCleric":16,"aspiration:BabyByrd":16,"MealTicket":66,"aspiration:Headhunter":22,"Replay:Winged Headress":4,"Replay:Bottled Steam":36,"MerchantsRug":2,"Happy Flower":5,"Oddly Smooth Stone":9,"Pen Nib":18,"hubris:HollowSoul":22,"hubris:Zylophone":16,"infinitespire:EvilPickle":41,"Shuriken":17,"Bird Faced Urn":25,"CultistMask":16,"infinitespire:EmpoweringShard":55,"aspiration:HatOfInfinitePower":44,"Abe\u0027s Treasure":54,"Pocketwatch":44,"conspire:Flyswatter":79,"ReplayFunnel":48,"Regal Pillow":13,"aspiration:Lifesprig":20,"Lantern":43,"Torii":50,"Blue Doll":3,"Mango":74,"StuffTheSpire:EmeraldSignet":18,"Bag of Preparation":44,"Replay:Mystery Machine":41,"theForsaken:PlagueMask":3,"beaked:BlessedCoat":32,"Ancient Tea Set":58,"Pet Ghost":13,"conspire:TopHat":64,"StuffTheSpire:Experiment12":70,"Dream Catcher":38,"Shovel":63,"StuffTheSpire:HeavyRock":20,"InkBottle":27,"NeowsBlessing":0,"hubris:MedicalManual":44,"infinitespire:Lucky Rock":3,"StuffTheSpire:HistoryBook":44,"infinitespire:WardingShard":65,"Runesmith:AutoHammer":28,"Bottled Lightning":63,"beaked:MendingPlumage":0,"ReplayTheSpireMod:Lightbulb":57,"Toy Ornithopter":79},{"Golden Egg":270,"hubris:CrystalStatue":397,"hubris:MysteriousPyramids":216,"hubris:TerracottaHorce":334,"Old Coin":371,"Sozu":104,"Replay:Ringing Soul":228,"Lizard Tail":323,"FaceOfCleric":76,"aspiration:BabyByrd":76,"MealTicket":323,"aspiration:Headhunter":109,"Replay:Winged Headress":13,"Replay:Bottled Steam":157,"MerchantsRug":2,"Happy Flower":20,"Oddly Smooth Stone":49,"Pen Nib":84,"hubris:HollowSoul":109,"hubris:Zylophone":76,"infinitespire:EvilPickle":174,"Shuriken":78,"Bird Faced Urn":117,"CultistMask":76,"infinitespire:EmpoweringShard":257,"aspiration:HatOfInfinitePower":189,"Abe\u0027s Treasure":251,"Pocketwatch":189,"conspire:Flyswatter":402,"ReplayFunnel":210,"Regal Pillow":70,"aspiration:Lifesprig":93,"Lantern":182,"Torii":222,"Blue Doll":3,"Mango":376,"StuffTheSpire:EmeraldSignet":84,"Bag of Preparation":189,"Replay:Mystery Machine":174,"theForsaken:PlagueMask":3,"beaked:BlessedCoat":142,"Ancient Tea Set":277,"Pet Ghost":70,"conspire:TopHat":311,"StuffTheSpire:Experiment12":353,"Dream Catcher":163,"Shovel":304,"StuffTheSpire:HeavyRock":93,"InkBottle":125,"NeowsBlessing":0,"hubris:MedicalManual":189,"infinitespire:Lucky Rock":3,"StuffTheSpire:HistoryBook":189,"infinitespire:WardingShard":318,"Runesmith:AutoHammer":127,"Bottled Lightning":304,"beaked:MendingPlumage":0,"ReplayTheSpireMod:Lightbulb":270,"Toy Ornithopter":402}],"Toy Ornithopter":5},"card_choices":[{"not_picked":["beaked:Devastation","beaked:WarriorEssence","beaked:Insight"],"picked":"SKIP","floor":1},{"not_picked":["ReplayTheSpireMod:RavenHex","ReplayTheSpireMod:Prepare the Ceremony","beaked:Resilience"],"picked":"SKIP","floor":3},{"not_picked":["beaked:Flinch","beaked:Brainwash","beaked:Tweet"],"picked":"SKIP","floor":4},{"not_picked":["ReplayTheSpireMod:RavenHex","beaked:Tradeoff","beaked:RuinSticks"],"picked":"SKIP","floor":6},{"not_picked":["beaked:Cower","beaked:SurvivalInstinct","beaked:BraceForImpact"],"picked":"SKIP","floor":8},{"not_picked":["ReplayTheSpireMod:Prepare the Ceremony","beaked:Flinch","beaked:Insight"],"picked":"SKIP","floor":11},{"not_picked":["beaked:FeelMyPain","beaked:Cower"],"picked":"beaked:Evade","floor":12},{"not_picked":["beaked:Daydream","beaked:Negation","beaked:RuinSticks"],"picked":"SKIP","floor":14}],"player_experience":95513,"relics_obtained":[{"floor":6,"key":"hubris:CrystalStatue"},{"floor":8,"key":"Toy Ornithopter"},{"floor":9,"key":"conspire:Flyswatter"},{"floor":11,"key":"Runesmith:AutoHammer"},{"floor":13,"key":"Replay:Winged Headress"}],"event_choices":[{"damage_healed":0,"gold_gain":0,"player_choice":"Donut","damage_taken":0,"max_hp_gain":5,"max_hp_loss":0,"event_name":"Big Fish","floor":2,"gold_loss":0},{"damage_healed":0,"gold_gain":109,"player_choice":"GO UP RE ","damage_taken":34,"relics_obtained":["Regal Pillow"],"max_hp_gain":0,"max_hp_loss":0,"event_name":"betterSkull:BetterSkull","floor":5,"gold_loss":0,"cards_upgraded":["beaked:Strike_Y"]}],"is_beta":false,"boss_relics":[],"items_purged_floors":[],"is_endless":false,"potions_floor_spawned":[4,6,11,12],"killed_by":"The Guardian","ascension_level":1}}