{"host":"sav7uxregyirlf69","time":1611819991,"event":{"mods":["AchievementEnabler","BaseMod","Colored Map","DeckTracker","Keyboard Shortcuts","Minty Spire (QoL Compilation)","READ ME - Guardian Mod","StSLib","SuperFastMode"],"gold_per_floor":[113,113,126,143,158,158,158,175,200,275,288,288,288,120,120,192,242,259,259,270,285,285,285,375,375,375],"floor_reached":25,"language":"KOR","playtime":606,"items_purged":["Strike_G"],"score":386,"play_id":"06ed1d43-784d-4c91-be6b-97b93b440c87","local_time":"20210128164631","is_ascension_mode":true,"campfire_choices":[{"data":"Neutralize","floor":6,"key":"SMITH"},{"floor":12,"key":"REST"},{"data":"Venomology","floor":15,"key":"SMITH"},{"data":"Well Laid Plans","floor":23,"key":"SMITH"}],"circlet_count":0,"master_deck":["AscendersBane","Strike_G+1","Strike_G+1","Strike_G+1","Defend_G+1","Defend_G+1","Defend_G+1","Survivor","Neutralize+1","Venomology+1","Dodge and Roll","Escape Plan","Backstab","Heel Hook","Dagger Spray","Blade Dance","Well Laid Plans+1","After Image","Backflip","Panacea"],"relics":["Ring of the Snake","Toy Ornithopter","Tiny House"],"acts_visited":["Exordium","TheCity"],"potions_floor_usage":[5,11,16,16,18,18,20,21,25],"damage_taken":[{"damage":7,"enemies":"Small Slimes","floor":1,"turns":5},{"damage":6,"enemies":"Cultist","floor":3,"turns":5},{"damage":0,"enemies":"2 Louse","floor":4,"turns":2},{"damage":2,"enemies":"Blue Slaver","floor":5,"turns":5},{"damage":12,"enemies":"3 Louse","floor":8,"turns":5},{"damage":8,"enemies":"Looter","floor":11,"turns":3},{"damage":11,"enemies":"The Guardian","floor":16,"turns":18},{"damage":7,"enemies":"Chosen","floor":18,"turns":8},{"damage":2,"enemies":"Spheric Guardian","floor":20,"turns":10},{"damage":44,"enemies":"Cultist and Chosen","floor":21,"turns":10},{"damage":14,"enemies":"Snake Plant","floor":25,"turns":3}],"seed_played":"8596124285675808608","potions_obtained":[{"floor":16,"key":"CunningPotion"},{"floor":18,"key":"DuplicationPotion"}],"is_trial":false,"path_per_floor":["M","?","M","M","M","R","?","M","T","?","M","R","?","$","R","B",null,"M","?","M","M","?","R","?","M"],"character_chosen":"THE_SILENT","items_purchased":["Blade Dance","Well Laid Plans"],"campfire_rested":1,"item_purchase_floors":[14,14],"current_hp_per_floor":[37,37,31,31,29,29,29,17,17,6,3,22,22,22,22,21,60,63,63,66,27,27,27,9,0,0],"gold":375,"neow_bonus":"TRANSFORM_TWO_CARDS","is_daily":false,"chose_seed":false,"campfire_upgraded":3,"win_rate":0.0,"timestamp":1611819991,"path_taken":["M","?","M","?","?","R","?","M","T","?","M","R","?","?","R","BOSS","M","?","M","M","?","R","?","?"],"items_purchased_type":["Card","Card"],"build_version":"2020-12-22","purchased_purges":1,"victory":false,"max_hp_per_floor":[66,66,66,66,66,66,66,66,66,66,66,66,66,66,66,66,71,71,71,71,71,71,71,71,71,71],"card_choices":[{"not_picked":["Slice","Choke"],"picked":"Escape Plan","floor":1},{"not_picked":["Calculated Gamble","Setup","Sucker Punch"],"picked":"SKIP","floor":3},{"not_picked":["Blade Dance","Choke"],"picked":"Backstab","floor":4},{"not_picked":["Backstab","Eviscerate","Heel Hook"],"picked":"SKIP","floor":5},{"not_picked":["Backstab","Eviscerate"],"picked":"Heel Hook","floor":5},{"not_picked":["Backflip","Outmaneuver"],"picked":"Dagger Spray","floor":8},{"not_picked":["Finisher","Acrobatics","PiercingWail"],"picked":"SKIP","floor":11},{"not_picked":["Storm of Steel","Tools of the Trade"],"picked":"After Image","floor":16},{"not_picked":["Concentrate","Predator+1","Sucker Punch"],"picked":"SKIP","floor":18},{"not_picked":["Flechettes","Dagger Spray","Bullet Time"],"picked":"SKIP","floor":20},{"not_picked":["Dodge and Roll","Bane"],"picked":"Backflip","floor":21}],"player_experience":1415417,"relics_obtained":[{"floor":9,"key":"Toy Ornithopter"}],"event_choices":[{"cards_removed":["Defend_G"],"damage_healed":0,"gold_gain":0,"player_choice":"Purged","damage_taken":0,"max_hp_gain":0,"max_hp_loss":0,"event_name":"Purifier","floor":2,"gold_loss":0},{"damage_healed":0,"gold_gain":0,"player_choice":"Searched \u00270\u0027 times","damage_taken":0,"max_hp_gain":0,"max_hp_loss":0,"event_name":"Dead Adventurer","floor":7,"gold_loss":0},{"damage_healed":0,"gold_gain":75,"player_choice":"Gather Gold","damage_taken":11,"max_hp_gain":0,"max_hp_loss":0,"event_name":"World of Goop","floor":10,"gold_loss":0},{"damage_healed":0,"gold_gain":0,"player_choice":"Ignored","damage_taken":0,"max_hp_gain":0,"max_hp_loss":0,"event_name":"Liars Game","floor":13,"gold_loss":0},{"damage_healed":0,"gold_gain":0,"player_choice":"Ignored","damage_taken":0,"max_hp_gain":0,"max_hp_loss":0,"event_name":"Vampires","floor":19,"gold_loss":0},{"damage_healed":0,"gold_gain":0,"player_choice":"Simplicity","damage_taken":0,"max_hp_gain":0,"max_hp_loss":0,"event_name":"Back to Basics","floor":22,"gold_loss":0,"cards_upgraded":["Strike_G","Strike_G","Strike_G","Defend_G","Defend_G"]},{"damage_healed":0,"gold_gain":90,"player_choice":"GOLD CARD ","damage_taken":18,"max_hp_gain":0,"max_hp_loss":0,"event_name":"Knowing Skull","floor":24,"potions_obtained":[],"gold_loss":0,"cards_obtained":["Panacea"]}],"is_beta":false,"boss_relics":[{"not_picked":["Runic Dome","Fusion Hammer"],"picked":"Tiny House"}],"items_purged_floors":[14],"is_endless":false,"potions_floor_spawned":[4,8,16,18],"killed_by":"Snake Plant","ascension_level":20}}