{"host":"xmr2g8b7eju0288o","time":1611847644,"event":{"mods":["100% Spire Juice","AchievementEnabler","BaseMod","Colored Map","Colored Powertips","KOR Keyword Fix","Minty Spire (QoL Compilation)","Quick Restart","Spicy Shops","StSLib","SuperFastMode"],"gold_per_floor":[153,15,15,15,63,162,162,162,162],"floor_reached":8,"language":"KOR","playtime":165,"items_purged":[],"score":108,"play_id":"4a6249c0-7a53-408a-aca6-59510d0deae7","local_time":"20210129002724","daily_mods":["Heirloom","DeadlyEvents","Elite Swarm","Midas"],"is_ascension_mode":true,"campfire_choices":[{"floor":7,"key":"REST"}],"circlet_count":0,"master_deck":["AscendersBane","Moonworks:Strike","Moonworks:Strike","Moonworks:Strike","Moonworks:Strike","Moonworks:Defend","Moonworks:Defend","Moonworks:Defend","Moonworks:Defend","Moonworks:Ambush","Moonworks:LongDistanceShot","Moonworks:EvilSpyWorkPreparation","Pain","Moonworks:JonathanRush","Moonworks:CrystalBarrier"],"relics":["Moonworks:BrokenBomb","Moonworks:Homemark","Unceasing Top","White Beast Statue","Eternal Feather","WarpedTongs","Smiling Mask"],"acts_visited":["Exordium"],"potions_floor_usage":[],"damage_taken":[{"damage":1,"enemies":"Cultist","floor":1,"turns":3},{"damage":13,"enemies":"Jaw Worm","floor":5,"turns":3},{"damage":33,"enemies":"3 Sentries","floor":6,"turns":5},{"damage":55,"enemies":"Gremlin Nob","floor":8,"turns":4}],"seed_played":"-1905264516424281128","potions_obtained":[{"floor":1,"key":"Swift Potion"},{"floor":5,"key":"FairyPotion"}],"is_trial":true,"path_per_floor":["M","$","T","?","M","E","R","E"],"character_chosen":"THE_STARBREAKER","items_purchased":["White Beast Statue"],"campfire_rested":1,"item_purchase_floors":[2],"current_hp_per_floor":[49,49,49,49,36,3,28,0,0],"gold":162,"neow_bonus":"","is_daily":false,"chose_seed":false,"campfire_upgraded":0,"win_rate":0.0,"timestamp":1611847644,"path_taken":["M","$","?","?","M","E","R","E"],"items_purchased_type":["Relic"],"build_version":"2020-12-22","purchased_purges":0,"victory":false,"max_hp_per_floor":[55,55,55,55,55,55,55,55,55],"card_choices":[{"not_picked":["Moonworks:TacticalRetreat","Moonworks:IndiscriminateFireSupport"],"picked":"Moonworks:EvilSpyWorkPreparation","floor":1},{"not_picked":["Moonworks:BigMagnum","Moonworks:IndiscriminateFireSupport"],"picked":"Moonworks:JonathanRush","floor":5},{"not_picked":["Moonworks:AnotherUltimateWeapon","Moonworks:Accelerator"],"picked":"Moonworks:CrystalBarrier","floor":6}],"player_experience":114780,"relics_obtained":[{"floor":3,"key":"Eternal Feather"},{"floor":6,"key":"Smiling Mask"}],"event_choices":[{"damage_healed":0,"gold_gain":0,"player_choice":"Rummage","damage_taken":0,"relics_obtained":["WarpedTongs"],"max_hp_gain":0,"max_hp_loss":0,"event_name":"Accursed Blacksmith","floor":4,"gold_loss":0,"cards_obtained":["Pain"]}],"is_beta":false,"boss_relics":[],"items_purged_floors":[],"is_endless":true,"potions_floor_spawned":[1,5,6],"killed_by":"Gremlin Nob","ascension_level":20}}