{"host":"jmumkimrafwvkspb","time":1611864932,"event":{"mods":["AchievementEnabler","BaseMod","Colored Map","Minty Spire (QoL Compilation)","Replay The Spire","StSLib"],"gold_per_floor":[112,412,430,110,130,130,160,177,204,232,157,182,198,211,211,211,211],"floor_reached":16,"language":"ENG","playtime":681,"items_purged":["Regret"],"score":244,"play_id":"8ef45016-3f36-4464-afdb-693d18b003d6","local_time":"20210128211532","is_ascension_mode":true,"campfire_choices":[{"data":"Chaos","floor":6.0,"key":"SMITH"},{"data":"Defragment","floor":15.0,"key":"SMITH"}],"circlet_count":0,"master_deck":["AscendersBane","Strike_B","Strike_B","Strike_B","Defend_B","Defend_B","Defend_B","Defend_B","Zap","Dualcast","Self Repair","Go for the Eyes","Pot Of Greed","Pot Of Greed","Defragment+1","Chaos+1","Seek","Barrage","Reinforced Body","Fission"],"relics":["Cracked Core","Divine Protection","Old Coin","Grinning Jar","Happy Flower","Replay:Baseball","Regal Pillow","Art of War"],"acts_visited":["Exordium"],"potions_floor_usage":[16,16],"damage_taken":[{"damage":7.0,"enemies":"Cultist","floor":1.0,"turns":4.0},{"damage":0.0,"enemies":"2 Louse","floor":3.0,"turns":3.0},{"damage":0.0,"enemies":"Jaw Worm","floor":5.0,"turns":4.0},{"damage":14.0,"enemies":"Lagavulin","floor":7.0,"turns":7.0},{"damage":10.0,"enemies":"Large Slime","floor":8.0,"turns":5.0},{"damage":17.0,"enemies":"Replay:BlueRogue","floor":10.0,"turns":4.0},{"damage":12.0,"enemies":"Lagavulin","floor":12.0,"turns":5.0},{"damage":2.0,"enemies":"2 Fungi Beasts","floor":13.0,"turns":4.0},{"damage":0.0,"enemies":"Looter","floor":14.0,"turns":4.0},{"damage":77,"enemies":"Fading Forest","floor":16,"turns":7}],"seed_played":"643945655477372575","potions_obtained":[{"floor":1.0,"key":"Reflective Coating"},{"floor":3.0,"key":"FearPotion"},{"floor":14.0,"key":"Doom Potion"}],"is_trial":false,"path_per_floor":["M","T","M","$","M","R","E","M","T","E","?","E","M","M","R","B"],"character_chosen":"DEFECT","items_purchased":["Grinning Jar","Defragment"],"campfire_rested":0,"item_purchase_floors":[4,4],"current_hp_per_floor":[57,57,64,64,71,71,64,61,61,51,51,46,51,58,58,0,0],"gold":211,"neow_bonus":"RANDOM_EVENT","is_daily":false,"chose_seed":false,"campfire_upgraded":2,"win_rate":0.0,"timestamp":1611864932,"path_taken":["M","?","?","$","M","R","E","M","T","E","?","E","M","M","R","BOSS"],"items_purchased_type":["Relic","Card"],"build_version":"2020-12-22","purchased_purges":1,"victory":false,"max_hp_per_floor":[71,71,71,71,71,71,71,71,71,71,71,71,71,71,71,71,71],"card_choices":[{"not_picked":["Steam","Time Bomb"],"picked":"Self Repair","floor":1.0},{"not_picked":["Panic Button","Hologram"],"picked":"Go for the Eyes","floor":3.0},{"not_picked":["Genetic Algorithm","Streamline"],"picked":"Chaos","floor":5.0},{"not_picked":["Compile Driver","Barrage"],"picked":"Seek","floor":7.0},{"not_picked":["Rebound","Streamline"],"picked":"Barrage","floor":8.0},{"not_picked":["Coolheaded","Genetic Algorithm"],"picked":"Reinforced Body","floor":10.0},{"not_picked":["Streamline","Hello World"],"picked":"Fission","floor":12.0},{"not_picked":["Streamline","Lockon","Barrage"],"picked":"SKIP","floor":13.0},{"not_picked":["Steam Power","Lockon","Redo"],"picked":"SKIP","floor":14.0}],"player_experience":1624347,"relics_obtained":[{"floor":2.0,"key":"Old Coin"},{"floor":7.0,"key":"Happy Flower"},{"floor":9.0,"key":"Replay:Baseball"},{"floor":10.0,"key":"Regal Pillow"},{"floor":12.0,"key":"Art of War"}],"event_choices":[{"damage_healed":0.0,"max_hp_gain":0.0,"max_hp_loss":0.0,"gold_gain":0.0,"event_name":"Big Fish","player_choice":"Box","floor":0.0,"gold_loss":0.0,"damage_taken":0.0,"relics_obtained":["Divine Protection"],"cards_obtained":["Regret"]},{"cards_removed":["Strike_B"],"damage_healed":0.0,"max_hp_gain":0.0,"max_hp_loss":0.0,"gold_gain":0.0,"event_name":"The Cleric","player_choice":"Card Removal","floor":11.0,"gold_loss":75.0,"damage_taken":0.0}],"is_beta":false,"boss_relics":[],"items_purged_floors":[4],"is_endless":false,"potions_floor_spawned":[1,3,5,14],"killed_by":"Fading Forest","ascension_level":20}}