{"host":"p62uqwu04pp7leh9","time":1611812281,"event":{"mods":["BaseMod","Block Reminder","Colored Map","Colored Powertips","Minty Spire (QoL Compilation)","Relic Stats"],"gold_per_floor":[118,36,53,65,240,273,273,286,334,334,43,113,78,78,78],"floor_reached":14,"language":"ENG","playtime":647,"items_purged":["Doubt"],"score":92,"play_id":"fc77bf66-21e3-4e00-9a83-a27d8efd0f76","local_time":"20210127233801","is_ascension_mode":true,"campfire_choices":[{"floor":7,"key":"RECALL"},{"data":"Loop","floor":10,"key":"SMITH"}],"circlet_count":0,"master_deck":["Strike_B","Strike_B","Defend_B","Defend_B","Defend_B","Defend_B","Zap","Dualcast","Clumsy","Steam","Steam","Enlightenment","Loop+1","Steam","Blizzard","Chill","Meteor Strike","Self Repair"],"relics":["Cracked Core","Question Card","Art of War"],"acts_visited":["Exordium"],"potions_floor_usage":[14,14],"damage_taken":[{"damage":0,"enemies":"Small Slimes","floor":1,"turns":3},{"damage":0,"enemies":"Cultist","floor":3,"turns":3},{"damage":0,"enemies":"Jaw Worm","floor":4,"turns":4},{"damage":57,"enemies":"3 Sentries","floor":6,"turns":13},{"damage":8,"enemies":"Blue Slaver","floor":8,"turns":5},{"damage":53,"enemies":"Gremlin Nob","floor":14,"turns":5}],"seed_played":"3379126443295334704","potions_obtained":[{"floor":3,"key":"Ancient Potion"},{"floor":8,"key":"Weak Potion"}],"is_trial":false,"path_per_floor":["M","$","M","M","?","E","R","M","T","R","$","?","?","E"],"character_chosen":"DEFECT","items_purchased":["Enlightenment","Meteor Strike","Self Repair"],"campfire_rested":0,"item_purchase_floors":[2,11,11],"current_hp_per_floor":[75,75,75,75,75,18,18,10,10,10,10,10,28,0,0],"gold":78,"neow_bonus":"TRANSFORM_TWO_CARDS","is_daily":false,"chose_seed":false,"campfire_upgraded":1,"win_rate":0.0,"timestamp":1611812281,"path_taken":["M","$","M","M","?","E","R","M","T","R","$","?","?","E"],"items_purchased_type":["Card","Card","Card"],"build_version":"2020-12-22","purchased_purges":1,"victory":false,"max_hp_per_floor":[75,75,75,75,75,75,75,75,75,75,75,75,75,75,75],"relic_stats":{"counters":[6,32],"Art of War":[2],"Question Card":1,"obtain_stats":[{"Art of War":9,"Cracked Core":0,"Question Card":6},{"Art of War":5,"Cracked Core":0,"Question Card":4},{"Art of War":27,"Cracked Core":0,"Question Card":22}]},"card_choices":[{"not_picked":["Beam Cell","Turbo","Leap"],"picked":"SKIP","floor":1},{"not_picked":["Turbo","Stack"],"picked":"Loop","floor":3},{"not_picked":["Coolheaded","Static Discharge"],"picked":"Steam","floor":4},{"not_picked":["Turbo","Tempest"],"picked":"Blizzard","floor":6},{"not_picked":["Steam","Turbo","Conserve Battery"],"picked":"Chill","floor":8}],"player_experience":380593,"relics_obtained":[{"floor":6,"key":"Question Card"},{"floor":9,"key":"Art of War"}],"event_choices":[{"damage_healed":0,"gold_gain":175,"player_choice":"AGREE","damage_taken":0,"max_hp_gain":0,"max_hp_loss":0,"event_name":"Liars Game","floor":5,"gold_loss":0,"cards_obtained":["Doubt"]},{"damage_healed":0,"gold_gain":70,"player_choice":"Gained Gold","damage_taken":0,"max_hp_gain":0,"max_hp_loss":0,"event_name":"Golden Wing","floor":12,"gold_loss":0},{"damage_healed":18,"gold_gain":0,"player_choice":"Healed","damage_taken":0,"max_hp_gain":0,"max_hp_loss":0,"event_name":"The Cleric","floor":13,"gold_loss":35}],"is_beta":false,"boss_relics":[],"items_purged_floors":[11],"is_endless":false,"potions_floor_spawned":[3,8],"killed_by":"Gremlin Nob","ascension_level":1}}