{"host":"zp8jvycvinn13jdb","time":1611810620,"event":{"mods":["BaseMod","Googly Eyes","Minty Spire (QoL Compilation)"],"gold_per_floor":[13,25,25,25,44,84,84,107,107,121,121,142,158,232,232,360,360,379,379,404,443,1,1,32,32,59,59,82,82,105,5,5,131,131,149,173,239,263,263,263,263,263,263,263,286,302,177,197,197,197],"floor_reached":51,"language":"ENG","playtime":2778,"items_purged":["Strike_G","Strike_G","Writhe"],"score":694,"play_id":"33d64e29-a4b1-4438-940c-22230c9ee646","local_time":"20210128001020","is_ascension_mode":false,"campfire_choices":[{"floor":7,"key":"REST"},{"floor":15,"key":"REST"},{"data":"Mayhem","floor":23,"key":"SMITH"},{"floor":25,"key":"REST"},{"floor":29,"key":"REST"},{"data":"Corpse Explosion","floor":32,"key":"SMITH"},{"floor":40,"key":"REST"},{"floor":42,"key":"REST"},{"data":"Accuracy","floor":44,"key":"SMITH"},{"floor":49,"key":"REST"}],"circlet_count":0,"master_deck":["Survivor","Neutralize","Deflect","Poisoned Stab","Sucker Punch+1","Acrobatics","Backstab+1","Blur","Deflect","Corpse Explosion+1","Accuracy+1","Infinite Blades+1","Mayhem+1","Deflect","Poisoned Stab+1","Poisoned Stab+1","Dagger Spray+1","Terror","Wraith Form v2","Infinite Blades","Poisoned Stab+1","Die Die Die+1","Unload+1","Poisoned Stab+1","Accuracy+1"],"relics":["Ring of the Snake","Lizard Tail","Golden Idol","Molten Egg 2","Gremlin Horn","Empty Cage","MutagenicStrength","Red Mask","Lantern","Mummified Hand","Nunchaku","Pandora\u0027s Box","StoneCalendar","Bottled Lightning"],"acts_visited":["Exordium","TheCity","TheBeyond"],"potions_floor_usage":[6,16,16,18,24,33,37,48,50,50],"damage_taken":[{"damage":3,"enemies":"Small Slimes","floor":1,"turns":4},{"damage":0,"enemies":"Jaw Worm","floor":2,"turns":4},{"damage":0,"enemies":"Cultist","floor":5,"turns":5},{"damage":39,"enemies":"Gremlin Nob","floor":6,"turns":5},{"damage":6,"enemies":"Red Slaver","floor":8,"turns":3},{"damage":0,"enemies":"Blue Slaver","floor":10,"turns":4},{"damage":19,"enemies":"Large Slime","floor":12,"turns":5},{"damage":9,"enemies":"2 Fungi Beasts","floor":13,"turns":3},{"damage":23,"enemies":"Slime Boss","floor":16,"turns":11},{"damage":17,"enemies":"2 Thieves","floor":18,"turns":2},{"damage":12,"enemies":"3 Byrds","floor":20,"turns":3},{"damage":7,"enemies":"Masked Bandits","floor":21,"turns":3},{"damage":8,"enemies":"Book of Stabbing","floor":24,"turns":6},{"damage":7,"enemies":"Shelled Parasite and Fungi","floor":28,"turns":4},{"damage":0,"enemies":"3 Cultists","floor":30,"turns":3},{"damage":18,"enemies":"Automaton","floor":33,"turns":9},{"damage":8,"enemies":"Orb Walker","floor":35,"turns":3},{"damage":11,"enemies":"3 Darklings","floor":36,"turns":2},{"damage":9,"enemies":"2 Orb Walkers","floor":37,"turns":3},{"damage":17,"enemies":"Sphere and 2 Shapes","floor":38,"turns":4},{"damage":0,"enemies":"Jaw Worm Horde","floor":45,"turns":2},{"damage":44,"enemies":"Spire Growth","floor":46,"turns":4},{"damage":0,"enemies":"Transient","floor":48,"turns":5},{"damage":74,"enemies":"Donu and Deca","floor":50,"turns":6}],"seed_played":"-2249839245992593712","potions_obtained":[{"floor":2,"key":"CunningPotion"},{"floor":5,"key":"DuplicationPotion"},{"floor":10,"key":"Explosive Potion"},{"floor":12,"key":"Fire Potion"},{"floor":16,"key":"Strength Potion"},{"floor":18,"key":"SneckoOil"},{"floor":24,"key":"DuplicationPotion"},{"floor":28,"key":"CunningPotion"},{"floor":35,"key":"CunningPotion"},{"floor":36,"key":"AttackPotion"},{"floor":46,"key":"SpeedPotion"}],"is_trial":false,"path_per_floor":["M","M","?","$","M","E","R","M","T","M","?","M","M","?","R","B",null,"M","?","M","?","$","R","E","R","T","?","M","R","M","$","R","B",null,"M","M","?","M","?","R","?","R","T","R","M","M","$","M","R","B",null],"character_chosen":"THE_SILENT","items_purchased":["Mayhem","Lantern","Deflect"],"campfire_rested":7,"item_purchase_floors":[22,22,22],"current_hp_per_floor":[67,67,50,50,50,11,32,26,26,26,49,30,21,21,42,19,70,53,53,41,34,34,34,26,47,47,47,40,61,61,61,61,43,70,62,51,42,25,25,46,64,70,70,70,70,26,26,26,47,19],"gold":197,"neow_bonus":"ONE_RARE_RELIC","is_daily":false,"chose_seed":false,"campfire_upgraded":3,"win_rate":0.0,"timestamp":1611810620,"path_taken":["M","M","?","$","M","E","R","M","T","M","?","M","M","?","R","BOSS","M","?","M","?","$","R","E","R","T","?","M","R","?","?","R","BOSS","M","M","?","M","?","R","?","R","T","R","M","M","$","M","R","BOSS"],"items_purchased_type":["Card","Relic","Card"],"build_version":"2020-12-22","purchased_purges":3,"victory":true,"max_hp_per_floor":[70,70,70,70,70,70,70,70,70,70,70,70,70,70,70,70,70,70,70,70,70,70,70,70,70,70,70,70,70,70,70,70,70,70,70,70,70,70,70,70,70,70,70,70,70,70,70,70,70,70],"card_choices":[{"not_picked":["Dagger Spray","Cloak And Dagger"],"picked":"Deflect","floor":1},{"not_picked":["Deadly Poison","Slice"],"picked":"Infinite Blades","floor":2},{"not_picked":["Bane","Calculated Gamble"],"picked":"Poisoned Stab","floor":5},{"not_picked":["Slice+1","Masterful Stab+1"],"picked":"Sucker Punch+1","floor":6},{"not_picked":["Cloak And Dagger","Endless Agony+1"],"picked":"Acrobatics","floor":8},{"not_picked":["Quick Slash+1","Cloak And Dagger"],"picked":"Backstab+1","floor":10},{"not_picked":["Doppelganger","Predator+1"],"picked":"Blur","floor":12},{"not_picked":["Skewer+1","Prepared"],"picked":"Deflect","floor":13},{"not_picked":["Die Die Die+1","Doppelganger"],"picked":"Corpse Explosion","floor":16},{"not_picked":["Quick Slash+1","Blur"],"picked":"Accuracy+1","floor":18},{"not_picked":["Dash+1","Terror","Cloak And Dagger"],"picked":"SKIP","floor":20},{"not_picked":["Accuracy+1","Prepared"],"picked":"Infinite Blades+1","floor":21},{"not_picked":["Masterful Stab+1","Outmaneuver"],"picked":"Poisoned Stab+1","floor":24},{"not_picked":["Dash+1","Heel Hook+1"],"picked":"Dagger Spray+1","floor":28},{"not_picked":["Catalyst","Finisher+1","Outmaneuver+1"],"picked":"SKIP","floor":30},{"not_picked":["Endless Agony+1","Choke+1","Flying Knee+1"],"picked":"SKIP","floor":35},{"not_picked":["Eviscerate+1","Terror+1"],"picked":"Poisoned Stab+1","floor":36},{"not_picked":["Outmaneuver","Skewer+1"],"picked":"Accuracy","floor":38},{"not_picked":["Flying Knee+1","Bane+1","Distraction"],"picked":"SKIP","floor":45},{"not_picked":["Poisoned Stab+1","Glass Knife+1","Slice+1"],"picked":"SKIP","floor":46},{"not_picked":["Outmaneuver","Cloak And Dagger+1","Expertise"],"picked":"SKIP","floor":48}],"player_experience":161199,"relics_obtained":[{"floor":6,"key":"Molten Egg 2"},{"floor":9,"key":"Gremlin Horn"},{"floor":21,"key":"Red Mask"},{"floor":24,"key":"Mummified Hand"},{"floor":26,"key":"Nunchaku"},{"floor":37,"key":"StoneCalendar"},{"floor":43,"key":"Bottled Lightning"}],"event_choices":[{"damage_healed":0,"gold_gain":0,"player_choice":"Take Damage","damage_taken":17,"relics_obtained":["Golden Idol"],"max_hp_gain":0,"max_hp_loss":0,"event_name":"Golden Idol","floor":3,"gold_loss":0},{"damage_healed":23,"gold_gain":0,"player_choice":"Banana","damage_taken":0,"max_hp_gain":0,"max_hp_loss":0,"event_name":"Big Fish","floor":11,"gold_loss":0},{"damage_healed":0,"gold_gain":74,"player_choice":"Gained Gold","damage_taken":0,"max_hp_gain":0,"max_hp_loss":0,"event_name":"Golden Wing","floor":14,"gold_loss":0},{"damage_healed":0,"gold_gain":0,"player_choice":"Inject Mutagens","damage_taken":0,"relics_obtained":["MutagenicStrength"],"max_hp_gain":0,"max_hp_loss":0,"event_name":"Drug Dealer","floor":19,"gold_loss":0},{"damage_healed":0,"gold_gain":0,"player_choice":"Fought Bandits","damage_taken":0,"max_hp_gain":0,"max_hp_loss":0,"event_name":"Masked Bandits","floor":21,"gold_loss":0},{"damage_healed":0,"gold_gain":0,"player_choice":"Copied","damage_taken":0,"max_hp_gain":0,"max_hp_loss":0,"event_name":"Duplicator","floor":27,"gold_loss":0,"cards_obtained":["Poisoned Stab"]},{"damage_healed":0,"gold_gain":0,"player_choice":"Fight","damage_taken":0,"max_hp_gain":0,"max_hp_loss":0,"event_name":"Mysterious Sphere","floor":37,"gold_loss":0},{"cards_removed":["Infinite Blades"],"damage_healed":0,"gold_gain":0,"player_choice":"Removed Power","damage_taken":0,"max_hp_gain":0,"max_hp_loss":0,"event_name":"Falling","floor":39,"gold_loss":0},{"damage_healed":18,"gold_gain":0,"player_choice":"Writhe","damage_taken":0,"max_hp_gain":0,"max_hp_loss":0,"event_name":"Winding Halls","floor":41,"gold_loss":0,"cards_obtained":["Writhe"]}],"is_beta":false,"boss_relics":[{"not_picked":["WristBlade","SacredBark"],"picked":"Empty Cage"},{"not_picked":["Sozu","Fusion Hammer"],"picked":"Pandora\u0027s Box"}],"items_purged_floors":[22,31,47],"is_endless":false,"potions_floor_spawned":[2,5,10,12,16,18,24,28,35,36,46],"ascension_level":0}}