{"host":"5fpb1gzflhq9886n","time":1611816944,"event":{"mods":["AchievementEnabler","BaseMod","Colored Map","Colored Powertips","Minty Spire (QoL Compilation)","Permanent Neow"],"gold_per_floor":[109,128,41,58,133,164,164,189,189,364,117,117,29,55,55,55,55],"floor_reached":16,"language":"ENG","playtime":714,"items_purged":[],"score":133,"play_id":"1ef62b81-e81a-4f6d-b5e6-8cd6786bd583","local_time":"20210128015544","is_ascension_mode":true,"campfire_choices":[{"floor":7,"key":"REST"},{"floor":12,"key":"REST"},{"floor":15,"key":"REST"}],"circlet_count":0,"master_deck":["Strike_R","Strike_R","Strike_R","Strike_R","Strike_R","Defend_R","Defend_R","Defend_R","Defend_R","Bash","Cleave","Perfected Strike","Dark Embrace","Havoc","Intimidate","True Grit","Warcry","Doubt","Burning Pact","Pommel Strike","Discovery","Dual Wield"],"relics":["Burning Blood","Potion Belt","Bag of Marbles","Letter Opener","Regal Pillow","Strange Spoon","Odd Mushroom"],"acts_visited":["Exordium"],"potions_floor_usage":[16],"damage_taken":[{"damage":11,"enemies":"Jaw Worm","floor":1,"turns":5},{"damage":0,"enemies":"2 Louse","floor":2,"turns":2},{"damage":0,"enemies":"Small Slimes","floor":4,"turns":3},{"damage":36,"enemies":"Gremlin Nob","floor":6,"turns":4},{"damage":62,"enemies":"Lagavulin","floor":8,"turns":8},{"damage":32,"enemies":"The Mushroom Lair","floor":14,"turns":3},{"damage":60,"enemies":"The Guardian","floor":16,"turns":6}],"seed_played":"-6753840737498431457","potions_obtained":[{"floor":2,"key":"SpeedPotion"},{"floor":14,"key":"Strength Potion"}],"is_trial":false,"path_per_floor":["M","M","$","M","?","E","R","E","T","?","$","R","$","?","R","B"],"character_chosen":"IRONCLAD","items_purchased":["Dark Embrace","Havoc","Burning Pact","Strange Spoon","Pommel Strike","Discovery"],"campfire_rested":3,"item_purchase_floors":[3,3,11,11,11,13],"current_hp_per_floor":[75,80,80,80,69,39,63,7,7,7,7,46,46,20,59,0,0],"gold":55,"neow_bonus":"RANDOM_COMMON_RELIC","is_daily":false,"chose_seed":false,"campfire_upgraded":0,"win_rate":0.0,"timestamp":1611816944,"path_taken":["M","M","$","M","?","E","R","E","T","?","?","R","?","?","R","BOSS"],"items_purchased_type":["Card","Card","Card","Relic","Card","Card"],"build_version":"2020-12-22","purchased_purges":0,"victory":false,"max_hp_per_floor":[80,80,80,80,80,80,80,80,80,80,80,80,80,80,80,80,80],"card_choices":[{"not_picked":["Body Slam","Shockwave"],"picked":"Cleave","floor":1},{"not_picked":["Shrug It Off","Wild Strike"],"picked":"Perfected Strike","floor":2},{"not_picked":["Wild Strike","Perfected Strike"],"picked":"Intimidate","floor":4},{"not_picked":["Rage","Flex"],"picked":"True Grit","floor":6},{"not_picked":["Juggernaut","True Grit"],"picked":"Warcry","floor":8},{"not_picked":["Perfected Strike","Intimidate"],"picked":"Dual Wield","floor":14}],"player_experience":772409,"relics_obtained":[{"floor":6,"key":"Bag of Marbles"},{"floor":8,"key":"Letter Opener"},{"floor":9,"key":"Regal Pillow"},{"floor":14,"key":"Odd Mushroom"}],"event_choices":[{"damage_healed":0,"gold_gain":75,"player_choice":"Gather Gold","damage_taken":11,"max_hp_gain":0,"max_hp_loss":0,"event_name":"World of Goop","floor":5,"gold_loss":0},{"damage_healed":0,"gold_gain":175,"player_choice":"AGREE","damage_taken":0,"max_hp_gain":0,"max_hp_loss":0,"event_name":"Liars Game","floor":10,"gold_loss":0,"cards_obtained":["Doubt"]},{"damage_healed":0,"gold_gain":0,"player_choice":"Fought Mushrooms","damage_taken":0,"max_hp_gain":0,"max_hp_loss":0,"event_name":"Mushrooms","floor":14,"gold_loss":0}],"is_beta":false,"boss_relics":[],"items_purged_floors":[],"is_endless":false,"potions_floor_spawned":[2,14],"killed_by":"The Guardian","ascension_level":5}}