{"host":"w9njud19qyl0lpz1","time":1611865067,"event":{"mods":["BaseMod","Minty Spire (QoL Compilation)","StSLib"],"gold_per_floor":[118,132,148,163,40,40,70,83,83,258,278,296,329,4,4,99,99,109,76,89,102,119,119,151,167,167,167,92,127,56,456,456,561,561,572,572,582,600,619,619,371,383,408,408,435,435,435,4,4,4],"floor_reached":51,"language":"ENG","playtime":9433,"items_purged":["Strike_B","Doubt"],"score":731,"play_id":"9e2905c7-74bb-44d9-bdc3-db3282a3bac8","local_time":"20210128151747","is_ascension_mode":false,"campfire_choices":[{"data":"Buffer","floor":6,"key":"SMITH"},{"data":"Chaos","floor":15,"key":"SMITH"},{"floor":23,"key":"REST"},{"data":"Barrage","floor":27,"key":"SMITH"},{"floor":32,"key":"REST"},{"floor":40,"key":"REST"},{"data":"Barrage","floor":44,"key":"SMITH"},{"data":"Dualcast","floor":49,"key":"SMITH"}],"circlet_count":0,"master_deck":["Strike_B","Strike_B","Defend_B","Defend_B","Defend_B","Zap+1","Dualcast+1","Buffer+1","Chaos+1","Hologram","Barrage+1","Cold Snap","Genetic Algorithm","Auto Shields","Beam Cell","Conserve Battery+1","Discovery+1","Thunder Strike","Chill+1","Compile Driver","BootSequence+1","Steam+1","Capacitor+1","Streamline+1","Barrage+1","Hologram+1","Stack+1","Ball Lightning","Mayhem+1","Fusion+1","The Bomb+1","Melter","FTL+1"],"relics":["Cracked Core","Ginger","Sundial","Blood Vial","Toxic Egg 2","Busted Crown","Pear","Frozen Egg 2","PreservedInsect","Old Coin","Ornamental Fan","SacredBark","Pen Nib","War Paint","Orrery"],"acts_visited":["Exordium","TheCity","TheBeyond"],"potions_floor_usage":[3,4,4,4,4,7,19,24,24,29,31,33,38,39,39,45,50,50],"damage_taken":[{"damage":0,"enemies":"Small Slimes","floor":1,"turns":3},{"damage":2,"enemies":"2 Louse","floor":2,"turns":3},{"damage":0,"enemies":"Jaw Worm","floor":3,"turns":3},{"damage":6,"enemies":"Exordium Wildlife","floor":4,"turns":2},{"damage":2,"enemies":"Gremlin Nob","floor":7,"turns":5},{"damage":2,"enemies":"2 Fungi Beasts","floor":8,"turns":4},{"damage":0,"enemies":"Blue Slaver","floor":11,"turns":5},{"damage":8,"enemies":"Exordium Wildlife","floor":12,"turns":7},{"damage":0,"enemies":"Lagavulin","floor":13,"turns":8},{"damage":32,"enemies":"Slime Boss","floor":16,"turns":11},{"damage":7,"enemies":"Shell Parasite","floor":18,"turns":8},{"damage":13,"enemies":"2 Thieves","floor":19,"turns":5},{"damage":3,"enemies":"Shelled Parasite and Fungi","floor":20,"turns":8},{"damage":11,"enemies":"Centurion and Healer","floor":21,"turns":7},{"damage":7,"enemies":"Cultist and Chosen","floor":22,"turns":9},{"damage":4,"enemies":"Book of Stabbing","floor":24,"turns":5},{"damage":0,"enemies":"Shelled Parasite and Fungi","floor":25,"turns":6},{"damage":38,"enemies":"Gremlin Leader","floor":29,"turns":6},{"damage":2,"enemies":"Colosseum Slavers","floor":31,"turns":5},{"damage":16,"enemies":"Colosseum Nobs","floor":31,"turns":5},{"damage":34,"enemies":"Automaton","floor":33,"turns":14},{"damage":0,"enemies":"3 Darklings","floor":35,"turns":6},{"damage":11,"enemies":"3 Shapes","floor":37,"turns":8},{"damage":5,"enemies":"Transient","floor":38,"turns":5},{"damage":22,"enemies":"Maw","floor":39,"turns":9},{"damage":0,"enemies":"Sphere and 2 Shapes","floor":42,"turns":9},{"damage":9,"enemies":"Giant Head","floor":45,"turns":7},{"damage":35,"enemies":"Awakened One","floor":50,"turns":11}],"seed_played":"-4870465939927847083","potions_obtained":[{"floor":1,"key":"Explosive Potion"},{"floor":3,"key":"EntropicBrew"},{"floor":12,"key":"DuplicationPotion"},{"floor":13,"key":"PotionOfCapacity"},{"floor":21,"key":"CultistPotion"},{"floor":22,"key":"Strength Potion"},{"floor":29,"key":"AttackPotion"},{"floor":31,"key":"EssenceOfSteel"},{"floor":33,"key":"FocusPotion"},{"floor":37,"key":"FearPotion"},{"floor":39,"key":"EntropicBrew"}],"is_trial":false,"path_per_floor":["M","M","M","M","$","R","E","M","T","?","M","M","E","$","R","B",null,"M","M","M","M","M","R","E","M","T","R","$","E","$","?","R","B",null,"M","?","M","M","M","R","$","M","T","R","E","?","?","$","R","B",null],"character_chosen":"DEFECT","items_purchased":["Block Potion","Toxic Egg 2","Discovery+1","Capacitor+1","Barrage","Hologram+1","Mayhem+1","Fusion+1","The Bomb+1","Orrery"],"campfire_rested":3,"item_purchase_floors":[5,14,14,28,30,30,41,41,48,48],"current_hp_per_floor":[75,73,73,67,67,67,65,63,63,63,63,55,55,55,55,25,75,68,57,56,47,42,64,72,74,74,74,74,38,38,24,49,17,85,85,85,74,71,51,76,76,78,78,78,71,71,71,71,71,38],"gold":4,"neow_bonus":"TRANSFORM_CARD","is_daily":false,"chose_seed":false,"campfire_upgraded":5,"win_rate":0.0,"timestamp":1611865067,"path_taken":["M","M","M","M","$","R","E","M","T","?","M","M","E","$","R","BOSS","M","M","M","M","M","R","E","M","T","R","$","E","$","?","R","BOSS","M","?","M","M","M","R","$","M","T","R","E","?","?","$","R","BOSS"],"items_purchased_type":["Potion","Relic","Card","Card","Card","Card","Card","Card","Card","Relic"],"build_version":"2020-12-22","purchased_purges":2,"victory":true,"max_hp_per_floor":[75,75,75,75,75,75,75,75,75,75,75,75,75,75,75,75,75,75,75,75,75,75,75,85,85,85,85,85,85,85,85,85,85,85,85,85,85,85,85,85,85,85,85,85,85,85,85,85,85,85],"card_choices":[{"not_picked":["Self Repair","Gash"],"picked":"Chaos","floor":1},{"not_picked":["Loop","Rebound"],"picked":"Hologram","floor":2},{"not_picked":["Compile Driver","Redo"],"picked":"Barrage","floor":3},{"not_picked":["Heatsinks","Thunder Strike"],"picked":"Cold Snap","floor":4},{"not_picked":["Conserve Battery","Go for the Eyes"],"picked":"Genetic Algorithm","floor":7},{"not_picked":["Gash","Leap"],"picked":"Auto Shields","floor":8},{"not_picked":["Cold Snap","Barrage"],"picked":"Beam Cell","floor":11},{"not_picked":["Steam","Gash"],"picked":"Conserve Battery","floor":12},{"not_picked":["Storm","Force Field","Glacier"],"picked":"SKIP","floor":13},{"not_picked":["Biased Cognition","Rainbow+1"],"picked":"Thunder Strike","floor":16},{"not_picked":["Rebound"],"picked":"SKIP","floor":18},{"not_picked":[],"picked":"Chill+1","floor":19},{"not_picked":[],"picked":"Compile Driver","floor":20},{"not_picked":["Go for the Eyes"],"picked":"SKIP","floor":21},{"not_picked":[],"picked":"BootSequence+1","floor":22},{"not_picked":[],"picked":"Steam+1","floor":24},{"not_picked":["Beam Cell"],"picked":"SKIP","floor":25},{"not_picked":[],"picked":"Streamline+1","floor":29},{"not_picked":[],"picked":"Stack+1","floor":31},{"not_picked":["Barrage"],"picked":"SKIP","floor":35},{"not_picked":["Steam+1"],"picked":"SKIP","floor":37},{"not_picked":[],"picked":"Ball Lightning","floor":38},{"not_picked":["Beam Cell+1"],"picked":"SKIP","floor":39},{"not_picked":["Beam Cell"],"picked":"SKIP","floor":42},{"not_picked":["Leap+1"],"picked":"SKIP","floor":45},{"not_picked":[],"picked":"Melter","floor":48},{"not_picked":[],"picked":"FTL+1","floor":48}],"player_experience":2294424,"relics_obtained":[{"floor":7,"key":"Ginger"},{"floor":9,"key":"Sundial"},{"floor":13,"key":"Blood Vial"},{"floor":24,"key":"Pear"},{"floor":26,"key":"Frozen Egg 2"},{"floor":29,"key":"PreservedInsect"},{"floor":31,"key":"Old Coin"},{"floor":31,"key":"Ornamental Fan"},{"floor":43,"key":"Pen Nib"},{"floor":45,"key":"War Paint"}],"event_choices":[{"damage_healed":0,"gold_gain":175,"player_choice":"AGREE","damage_taken":0,"max_hp_gain":0,"max_hp_loss":0,"event_name":"Liars Game","floor":10,"gold_loss":0,"cards_obtained":["Doubt"]},{"damage_healed":0,"gold_gain":0,"player_choice":"Fight","damage_taken":0,"max_hp_gain":0,"max_hp_loss":0,"event_name":"Colosseum","floor":31,"gold_loss":0},{"damage_healed":0,"gold_gain":0,"player_choice":"Fought Nobs","damage_taken":0,"max_hp_gain":0,"max_hp_loss":0,"event_name":"Colosseum","floor":31,"gold_loss":0},{"damage_healed":0,"gold_gain":0,"player_choice":"Ignored","damage_taken":0,"max_hp_gain":0,"max_hp_loss":0,"event_name":"Tomb of Lord Red Mask","floor":36,"gold_loss":0},{"cards_removed":["Defend_B"],"damage_healed":0,"gold_gain":0,"player_choice":"Removed Skill","damage_taken":0,"max_hp_gain":0,"max_hp_loss":0,"event_name":"Falling","floor":46,"gold_loss":0},{"damage_healed":0,"gold_gain":0,"player_choice":"Ignored","damage_taken":0,"max_hp_gain":0,"max_hp_loss":0,"event_name":"Mysterious Sphere","floor":47,"gold_loss":0}],"is_beta":false,"boss_relics":[{"not_picked":["Empty Cage","SlaversCollar"],"picked":"Busted Crown"},{"not_picked":["Fusion Hammer","Inserter"],"picked":"SacredBark"}],"items_purged_floors":[5,48],"is_endless":false,"potions_floor_spawned":[1,3,12,13,21,22,29,31,33,37,39],"ascension_level":0}}