{"host":"yqw1zpryoutrnocq","time":1611869021,"event":{"mods":["2.2 Compatiblity","AchievementEnabler","BaseMod","Colored Map","Custom Start","DeckTracker","Minty Spire (QoL Compilation)","Replay The Spire","StSLib","SuperFastMode"],"gold_per_floor":[114,127,143,143,155,155,186,60,60,90,107,123,135,153,153,257,257,271,287,297,396,396,428,428,432,432],"floor_reached":25,"language":"KOR","playtime":781,"items_purged":["Strike_B"],"score":301,"play_id":"7017ac26-02be-47b4-ab92-977c78a6637f","local_time":"20210128152341","is_ascension_mode":true,"campfire_choices":[{"data":"Storm","floor":6,"key":"SMITH"},{"data":"Crystallizer","floor":15,"key":"SMITH"},{"floor":24,"key":"REST"}],"circlet_count":0,"master_deck":["Strike_B","Strike_B","Defend_B","Defend_B","Defend_B","Defend_B","Zap","Dualcast","Defragment+1","Coolheaded","Redo","Storm+1","BasicCrystalCard","Crystallizer+1","Crystallizer","Conserve Battery","Cold Snap","Turbo","Redo","Chill","Creative AI","Rebound+1","Static Discharge","Double Energy","Chill","Lockon+1"],"relics":["Cracked Core","NeowsBlessing","Potion Belt","Pear","Calipers","ReplayTheSpireMod:DimensionalGlitch","Replay:Bandana"],"acts_visited":["Exordium","TheCity"],"potions_floor_usage":[7,16,18,19,20],"damage_taken":[{"damage":0,"enemies":"Jaw Worm","floor":1,"turns":1},{"damage":0,"enemies":"Cultist","floor":2,"turns":1},{"damage":0,"enemies":"Small Slimes","floor":3,"turns":1},{"damage":6,"enemies":"Red Slaver","floor":5,"turns":3},{"damage":12,"enemies":"Gremlin Nob","floor":7,"turns":4},{"damage":16,"enemies":"Lagavulin","floor":10,"turns":4},{"damage":7,"enemies":"Blue Slaver","floor":11,"turns":2},{"damage":14,"enemies":"3 Louse","floor":12,"turns":3},{"damage":12,"enemies":"Exordium Thugs","floor":13,"turns":3},{"damage":4,"enemies":"Large Slime","floor":14,"turns":3},{"damage":0,"enemies":"The Guardian","floor":16,"turns":17},{"damage":10,"enemies":"3 Byrds","floor":18,"turns":6},{"damage":10,"enemies":"Chosen","floor":19,"turns":4},{"damage":15,"enemies":"Sentry and Sphere","floor":20,"turns":6},{"damage":33,"enemies":"Book of Stabbing","floor":23,"turns":7},{"damage":49,"enemies":"Slavers","floor":25,"turns":3}],"seed_played":"3714387168577692679","potions_obtained":[{"floor":1,"key":"Milkshake"},{"floor":3,"key":"BlessingOfTheForge"},{"floor":10,"key":"EssenceOfDarkness"},{"floor":12,"key":"Energy Potion"},{"floor":14,"key":"Languid Potion"},{"floor":19,"key":"Strength Potion"},{"floor":23,"key":"Doom Potion"}],"is_trial":false,"path_per_floor":["M","M","M","?","M","R","E","$","T","E","M","M","M","M","R","B",null,"M","M","M","?","?","E","R","E"],"character_chosen":"DEFECT","items_purchased":["Crystallizer"],"campfire_rested":1,"item_purchase_floors":[8],"current_hp_per_floor":[75,75,75,75,69,69,57,57,67,51,44,30,18,14,14,14,85,75,65,50,50,50,17,42,0,0],"gold":432,"neow_bonus":"THREE_ENEMY_KILL","is_daily":false,"chose_seed":false,"campfire_upgraded":2,"win_rate":0.0,"timestamp":1611869021,"path_taken":["M","M","M","?","M","R","E","$","T","E","M","M","M","?","R","BOSS","M","M","M","?","?","E","R","E"],"items_purchased_type":["Card"],"build_version":"2020-12-22","purchased_purges":1,"victory":false,"max_hp_per_floor":[75,75,75,75,75,75,75,75,85,85,85,85,85,85,85,85,85,85,85,85,85,85,85,85,85,85],"card_choices":[{"not_picked":["Aggregate","Heatsinks"],"picked":"Defragment","floor":1},{"not_picked":["Scrape","Compile Driver"],"picked":"Coolheaded","floor":2},{"not_picked":["Sunder","Lockon"],"picked":"Redo","floor":3},{"not_picked":["FTL","Darkness"],"picked":"Storm","floor":5},{"not_picked":["Recycle","Fusion"],"picked":"BasicCrystalCard","floor":7},{"not_picked":["Static Discharge","Hologram"],"picked":"Conserve Battery","floor":10},{"not_picked":["FTL","Stack"],"picked":"Cold Snap","floor":11},{"not_picked":["Gash","Redo"],"picked":"Turbo","floor":12},{"not_picked":["BootSequence","Recycle"],"picked":"Redo","floor":13},{"not_picked":["BasicCrystalCard","Force Field"],"picked":"Chill","floor":14},{"not_picked":["Buffer","ReplayTheSpireMod:Omega Cannon"],"picked":"Creative AI","floor":16},{"not_picked":["Streamline","Beam Cell"],"picked":"Rebound+1","floor":18},{"not_picked":["Force Field","Leap"],"picked":"Static Discharge","floor":19},{"not_picked":["Panic Button","Cold Snap"],"picked":"Double Energy","floor":20},{"not_picked":["Rainbow","Rebound"],"picked":"Lockon+1","floor":23}],"player_experience":233596,"relics_obtained":[{"floor":7,"key":"Potion Belt"},{"floor":9,"key":"Pear"},{"floor":10,"key":"Calipers"},{"floor":23,"key":"Replay:Bandana"}],"event_choices":[{"damage_healed":0,"gold_gain":0,"player_choice":"Upgraded","damage_taken":0,"max_hp_gain":0,"max_hp_loss":0,"event_name":"Upgrade Shrine","floor":4,"gold_loss":0,"cards_upgraded":["Defragment"]},{"damage_healed":0,"gold_gain":99,"player_choice":"Stole From Cult","damage_taken":0,"max_hp_gain":0,"max_hp_loss":0,"event_name":"Nest","floor":21,"gold_loss":0},{"damage_healed":0,"gold_gain":0,"cards_transformed":["Strike_B"],"player_choice":"Transformed","damage_taken":0,"max_hp_gain":0,"max_hp_loss":0,"event_name":"Transmorgrifier","floor":22,"gold_loss":0,"cards_obtained":["Chill"]}],"is_beta":false,"boss_relics":[{"not_picked":["Painkiller Herb","Replay:Drink Me"],"picked":"ReplayTheSpireMod:DimensionalGlitch"}],"items_purged_floors":[8],"is_endless":false,"potions_floor_spawned":[1,3,10,12,14,19,23],"killed_by":"Slavers","ascension_level":1}}