{"host":"uvmuduost5bzvojs","time":1611805590,"event":{"mods":["Aspiration","Bard","BaseMod","Better Match","Block Reminder","Conspire","Hermit","Highlight Path","Hubris","Infinite Spire","Jorbs\u0027s Wanderer Trilogy","Mad Scientist","Marisa????????","Mimic Mod","Minty Spire (QoL Compilation)","Potionbrewer","Replay The Spire","Robot Space Explorer","StSLib","The Blackbeard","The Construct","The Cursed","The Disciple","The Hayseed","The Hierophant","The Juggle","The Jungle","The Poker Player","The Runesmith","The Servant 0.9.4","The Spell Scribe","The Valiant","TheBandit"],"gold_per_floor":[210,220,145,161,172,172,203,203,234,234,248,312,324,341,341,441,441,459,478,478,394,394,394,319,319,319,193,208,243,243,263,263,360,360,376,390,390,390,390],"floor_reached":38,"language":"ENG","playtime":2494,"items_purged":["bard:Defend"],"score":421,"play_id":"5c072e65-d219-454a-be47-c7694ff1bdad","local_time":"20210127224630","is_ascension_mode":false,"campfire_choices":[{"data":"bard:Inspire","floor":6,"key":"SMITH"},{"data":"bard:MantleOfInspiration","floor":8,"key":"SMITH"},{"data":"bard:FirstStrike","floor":10,"key":"SMITH"},{"data":"bard:Blink","floor":15,"key":"SMITH"},{"data":"bard:Sonata","floor":23,"key":"SMITH"},{"data":"infinitespire:Collect","floor":30,"key":"SMITH"},{"data":"bard:SixFourTime","floor":32,"key":"SMITH"}],"circlet_count":0,"master_deck":["bard:Strike","bard:Strike","bard:Strike","bard:Defend","bard:Defend","bard:Defend","bard:Riposte","bard:Inspire+1","bard:FirstStrike+1","bard:ViciousMockery","Panache+1","bard:MantleOfInspiration+1","bard:Thunderwave","bard:MantleOfInspiration+1","bard:LingeringEcho","bard:Blink+1","bard:ViciousMockery","bard:Sonata+1","bard:Flourish","Impatience","infinitespire:Collect+1","bard:Sift","bard:SixFourTime+1","bard:SplendidForm","infinitespire:Collect"],"relics":["bard:PitchPipe","bard:BagPipes","hubris:TenFootPole","MealTicket","hubris:GrandSneckoEye","Regal Pillow","Pocketwatch","Mercury Hourglass","hubris:TerracottaHorce","Eternal Feather"],"acts_visited":["Exordium","TheCity","TheBeyond"],"potions_floor_usage":[29,31,38,38],"damage_taken":[{"damage":0,"enemies":"Small Slimes","floor":1,"turns":4},{"damage":0,"enemies":"Cultist","floor":2,"turns":4},{"damage":2,"enemies":"2 Louse","floor":4,"turns":2},{"damage":6,"enemies":"Large Slime","floor":5,"turns":5},{"damage":5,"enemies":"3 Sentries","floor":7,"turns":4},{"damage":0,"enemies":"Exordium Wildlife","floor":9,"turns":5},{"damage":0,"enemies":"Exordium Wildlife","floor":11,"turns":2},{"damage":2,"enemies":"Blue Slaver","floor":13,"turns":3},{"damage":0,"enemies":"2 Fungi Beasts","floor":14,"turns":1},{"damage":20,"enemies":"Hexaghost","floor":16,"turns":9},{"damage":6,"enemies":"2 Thieves","floor":18,"turns":3},{"damage":10,"enemies":"Chosen","floor":19,"turns":3},{"damage":15,"enemies":"Snake Plant","floor":28,"turns":4},{"damage":0,"enemies":"Gremlin Leader","floor":29,"turns":6},{"damage":4,"enemies":"Centurion and Healer","floor":31,"turns":6},{"damage":10,"enemies":"Automaton","floor":33,"turns":8},{"damage":19,"enemies":"3 Shapes","floor":35,"turns":4},{"damage":24,"enemies":"Orb Walker","floor":36,"turns":4},{"damage":26,"enemies":"Jaw Worm Horde","floor":38,"turns":2}],"seed_played":"4128049824890942062","potions_obtained":[{"floor":1,"key":"EssenceOfSteel"},{"floor":5,"key":"PowerPotion"},{"floor":13,"key":"Elixir"},{"floor":31,"key":"SteroidPotion"},{"floor":35,"key":"Toxic Potion"}],"is_trial":false,"path_per_floor":["M","M","?","M","M","R","E","R","MIM","R","M","?","M","M","R","B",null,"M","M","?","$","?","R","?","?","T","$","M","E","R","M","R","B",null,"M","M","AVR","M"],"character_chosen":"BARD","items_purchased":["Impatience","bard:Sift"],"campfire_rested":0,"item_purchase_floors":[21,27],"current_hp_per_floor":[70,70,70,68,62,62,57,57,57,57,57,57,55,55,55,35,70,64,54,54,69,69,69,69,61,61,70,55,55,55,51,51,41,63,44,20,20,0,0],"gold":390,"neow_bonus":"HUNDRED_GOLD","is_daily":false,"chose_seed":false,"campfire_upgraded":7,"win_rate":0.0,"timestamp":1611805590,"path_taken":["M","M","?","M","?","R","E","R","MIM","R","?","?","M","M","R","BOSS","M","M","?","$","?","R","?","?","T","$","M","E","R","M","R","BOSS","M","M","AVR","M"],"items_purchased_type":["Card","Card"],"build_version":"2020-12-22","purchased_purges":1,"victory":false,"max_hp_per_floor":[70,70,70,70,70,70,70,70,70,70,70,70,70,70,70,70,70,70,70,70,70,70,70,70,70,70,70,70,70,70,70,70,70,70,70,70,70,70,70],"card_choices":[{"not_picked":["bard:CuttingWords","bard:Sift"],"picked":"bard:FirstStrike","floor":1},{"not_picked":["bard:OffKey","bard:Fermata"],"picked":"bard:ViciousMockery","floor":2},{"not_picked":["The Bomb+1","hubris:EnhanceAbility+1"],"picked":"Panache+1","floor":3},{"not_picked":["bard:Heroism+1","bard:FirstStrike+1"],"picked":"bard:MantleOfInspiration+1","floor":3},{"not_picked":["bard:LingeringPerformance","bard:TinyHut"],"picked":"bard:Thunderwave","floor":4},{"not_picked":["bard:CovetousAura","bard:SongBolt","bard:Fermata"],"picked":"SKIP","floor":5},{"not_picked":["bard:Flourish","bard:BestowCurse"],"picked":"bard:MantleOfInspiration","floor":7},{"not_picked":["bard:StudiedStrike","bard:PrismaticSpray"],"picked":"bard:LingeringEcho","floor":9},{"not_picked":["bard:ViciousMockery","bard:Parry"],"picked":"bard:Blink","floor":11},{"not_picked":["bard:OffKey","bard:Gamble"],"picked":"bard:ViciousMockery","floor":13},{"not_picked":["bard:Fermata","bard:FalseLife","bard:Rest"],"picked":"SKIP","floor":14},{"not_picked":["bard:Encore","bard:Improv"],"picked":"bard:Sonata","floor":16},{"not_picked":["bard:FeastOnFear","bard:EchoEcho+1","bard:StudiedStrike"],"picked":"SKIP","floor":18},{"not_picked":["bard:Heroism","bard:PowerWordStun"],"picked":"bard:Flourish","floor":19},{"not_picked":["hubris:Fate","infinitespire:Execution"],"picked":"infinitespire:Collect","floor":25},{"not_picked":["bard:FalseLife","bard:Silence","bard:PrismaticSpray"],"picked":"SKIP","floor":28},{"not_picked":["bard:Shifting","bard:Fermata","bard:BucklerBash"],"picked":"SKIP","floor":29},{"not_picked":["bard:Heroism","bard:SongBolt"],"picked":"bard:SixFourTime","floor":31},{"not_picked":["bard:MnemonicVestments","bard:Shifting"],"picked":"bard:SplendidForm","floor":33},{"not_picked":["bard:BucklerBash+1","bard:ViciousMockery","bard:PhantasmalForce+1"],"picked":"SKIP","floor":35},{"not_picked":["bard:Gamble","bard:ThickOfTheFight+1","bard:Parry"],"picked":"SKIP","floor":36}],"player_experience":1870848,"relics_obtained":[{"floor":7,"key":"hubris:TenFootPole"},{"floor":9,"key":"MealTicket"},{"floor":26,"key":"Pocketwatch"},{"floor":29,"key":"Mercury Hourglass"}],"event_choices":[{"damage_healed":0,"gold_gain":0,"player_choice":"2","damage_taken":0,"max_hp_gain":0,"max_hp_loss":0,"event_name":"betterMatch:BetterMatch","floor":3,"gold_loss":0,"cards_obtained":["betterMatch:ColorlessRareCard","betterMatch:UncommonCard"]},{"damage_healed":0,"gold_gain":64,"player_choice":"Gained Gold","damage_taken":0,"max_hp_gain":0,"max_hp_loss":0,"event_name":"Golden Wing","floor":12,"gold_loss":0},{"damage_healed":0,"gold_gain":0,"player_choice":"Opened","damage_taken":0,"relics_obtained":["Regal Pillow"],"max_hp_gain":0,"max_hp_loss":0,"event_name":"The Mausoleum","floor":22,"gold_loss":0},{"cards_removed":["bard:Strike"],"damage_healed":0,"gold_gain":0,"player_choice":"Gave Gold","damage_taken":0,"max_hp_gain":0,"max_hp_loss":0,"event_name":"Beggar","floor":24,"gold_loss":75}],"is_beta":false,"boss_relics":[{"not_picked":["Abe\u0027s Treasure","aspiration:DefectSkillbook"],"picked":"hubris:GrandSneckoEye"},{"not_picked":["aspiration:FutureDiary","Velvet Choker"],"picked":"hubris:TerracottaHorce"}],"items_purged_floors":[27],"is_endless":false,"potions_floor_spawned":[1,5,13,14,16,19,31,35],"killed_by":"Jaw Worm Horde","ascension_level":0}}