{"host":"jnjxzd6rarbui4j8","time":1611854782,"event":{"mods":["AchievementEnabler","BaseMod","Colored Map","Highlight Path","Minty Spire (QoL Compilation)","Relic Stats","StSLib"],"gold_per_floor":[16,16,30,43,61,61,102,123,123,138,171,186,186,205,205,301,301,314,333,333,16,35,70,70,70,70,70,110,110,141,164,164,262,262,295,320,320,350,45,95,95,125,148,172,192,234,234,267,276,276,276,276,276,62,102,102],"floor_reached":57,"language":"ENG","playtime":9974,"items_purged":["Slice"],"score":3328,"play_id":"0944a5d5-e7a6-4a0a-9442-cebdb04519d6","local_time":"20210128122622","is_ascension_mode":true,"campfire_choices":[{"data":"Phantasmal Killer","floor":6.0,"key":"SMITH"},{"data":"Glass Knife","floor":15.0,"key":"SMITH"},{"data":"Terror","floor":24,"key":"SMITH"},{"data":"Tactician","floor":27,"key":"SMITH"},{"data":"Prepared","floor":32,"key":"SMITH"},{"floor":41,"key":"RECALL"},{"floor":47,"key":"REST"},{"floor":49,"key":"REST"},{"floor":53,"key":"REST"}],"circlet_count":0,"master_deck":["AscendersBane","Survivor","Neutralize","Blur","Phantasmal Killer+1","Dash","Dagger Throw","Glass Knife+1","Poisoned Stab","Predator","Burst","Wraith Form v2+1","Riddle With Holes","All Out Attack","Tactician+1","PiercingWail","Wraith Form v2+1","Corpse Explosion","Footwork+1","Terror+1","Backflip","PanicButton+1","PiercingWail","Cloak And Dagger+1","Prepared+1","Night Terror","Acrobatics+1","Footwork+1","Calculated Gamble","After Image+1","Escape Plan","Acrobatics","Leg Sweep+1","A Thousand Cuts+1","Bane+1","Deadly Poison","PiercingWail","Flechettes+1"],"relics":["Ring of the Snake","Golden Idol","White Beast Statue","Frozen Egg 2","Gambling Chip","Eternal Feather","Pandora\u0027s Box","MutagenicStrength","Vajra","Omamori","Tough Bandages","Art of War","Oddly Smooth Stone","Enchiridion","CeramicFish","Centennial Puzzle","Fusion Hammer","WarpedTongs","PreservedInsect","War Paint","Dream Catcher","Molten Egg 2","Anchor"],"acts_visited":["Exordium","TheCity","TheBeyond","TheEnding"],"potions_floor_usage":[23,28,35,55,56,56],"damage_taken":[{"damage":0.0,"enemies":"Small Slimes","floor":1.0,"turns":6.0},{"damage":0.0,"enemies":"2 Louse","floor":3.0,"turns":4.0},{"damage":8.0,"enemies":"Cultist","floor":4.0,"turns":6.0},{"damage":6.0,"enemies":"2 Fungi Beasts","floor":5.0,"turns":6.0},{"damage":28.0,"enemies":"Lagavulin","floor":7.0,"turns":8.0},{"damage":4.0,"enemies":"Large Slime","floor":8.0,"turns":6.0},{"damage":0.0,"enemies":"Looter","floor":10.0,"turns":2.0},{"damage":0.0,"enemies":"3 Sentries","floor":11.0,"turns":7.0},{"damage":5.0,"enemies":"Gremlin Gang","floor":12.0,"turns":3.0},{"damage":0.0,"enemies":"Red Slaver","floor":14.0,"turns":2.0},{"damage":3.0,"enemies":"Hexaghost","floor":16.0,"turns":6.0},{"damage":0.0,"enemies":"Chosen","floor":18.0,"turns":3.0},{"damage":0.0,"enemies":"2 Thieves","floor":19.0,"turns":2.0},{"damage":3.0,"enemies":"Chosen and Byrds","floor":22.0,"turns":4.0},{"damage":0,"enemies":"Book of Stabbing","floor":23,"turns":2},{"damage":0,"enemies":"Gremlin Leader","floor":28,"turns":4},{"damage":0,"enemies":"Slavers","floor":30,"turns":2},{"damage":25,"enemies":"Automaton","floor":33,"turns":9},{"damage":0,"enemies":"Orb Walker","floor":35,"turns":2},{"damage":0,"enemies":"3 Shapes","floor":36,"turns":4},{"damage":0,"enemies":"3 Darklings","floor":38,"turns":2},{"damage":0,"enemies":"Nemesis","floor":40,"turns":5},{"damage":0,"enemies":"Sphere and 2 Shapes","floor":42,"turns":4},{"damage":0,"enemies":"Jaw Worm Horde","floor":44,"turns":2},{"damage":0,"enemies":"Transient","floor":45,"turns":6},{"damage":0,"enemies":"Giant Head","floor":46,"turns":5},{"damage":0,"enemies":"Nemesis","floor":48,"turns":7},{"damage":0,"enemies":"Donu and Deca","floor":50,"turns":9},{"damage":12,"enemies":"Awakened One","floor":51,"turns":24},{"damage":0,"enemies":"Shield and Spear","floor":55,"turns":4},{"damage":47,"enemies":"The Heart","floor":56,"turns":17}],"seed_played":"-154657598540122085","potions_obtained":[{"floor":3.0,"key":"Dexterity Potion"},{"floor":8.0,"key":"SteroidPotion"},{"floor":11.0,"key":"FearPotion"},{"floor":12.0,"key":"Strength Potion"},{"floor":16.0,"key":"BlessingOfTheForge"},{"floor":18.0,"key":"CunningPotion"},{"floor":19.0,"key":"SmokeBomb"},{"floor":22.0,"key":"Explosive Potion"},{"floor":23,"key":"Explosive Potion"},{"floor":28,"key":"LiquidMemories"},{"floor":30,"key":"CunningPotion"},{"floor":35,"key":"BlessingOfTheForge"},{"floor":40,"key":"AttackPotion"},{"floor":44,"key":"Strength Potion"},{"floor":45,"key":"Swift Potion"},{"floor":48,"key":"LiquidMemories"},{"floor":55,"key":"SteroidPotion"}],"is_trial":false,"path_per_floor":["M","?","M","M","M","R","E","M","T","M","E","M","?","M","R","B",null,"M","M","?","$","M","E","R","?","T","R","E","?","E","T","R","B",null,"M","M","?","M","$","E","R","M","T","M","M","E","R","E","R","B","B",null,"R","$","E","B",null],"character_chosen":"THE_SILENT","items_purchased":["AttackPotion","PanicButton","Vajra","Calculated Gamble","PreservedInsect","Bane+1","GhostInAJar","Deadly Poison","PiercingWail"],"campfire_rested":3,"item_purchase_floors":[21,21,21,39,39,54,54,54,54],"current_hp_per_floor":[59,59,59,51,45,45,17,13,13,13,13,8,8,8,17,14,49,49,49,49,49,46,46,60,60,60,60,60,39,39,39,54,29,52,52,52,52,52,52,52,60,60,60,60,60,60,60,60,60,60,48,57,60,60,60,13],"gold":102,"neow_bonus":"TRANSFORM_TWO_CARDS","is_daily":false,"chose_seed":false,"campfire_upgraded":5,"win_rate":0.0,"timestamp":1611854782,"path_taken":["M","?","M","M","M","R","E","M","T","M","E","M","?","?","R","BOSS","M","M","?","$","M","E","R","?","T","R","E","?","E","?","R","BOSS","M","M","?","?","?","E","R","M","T","M","?","E","R","E","R","BOSS","BOSS","R","$","E","BOSS"],"items_purchased_type":["Potion","Card","Relic","Card","Relic","Card","Potion","Card","Card"],"build_version":"2020-12-22","purchased_purges":1,"victory":true,"max_hp_per_floor":[66,60,60,60,60,60,60,60,60,60,60,60,60,60,60,60,60,60,60,60,60,60,60,60,60,60,60,60,60,60,60,60,60,60,60,60,60,60,60,60,60,60,60,60,60,60,60,60,60,60,60,60,60,60,60,60],"relic_stats":{"counters":[31,173],"Golden Idol":218,"CeramicFish":117,"Eternal Feather":49,"PreservedInsect":307,"War Paint":["PanicButton","Acrobatics"],"WarpedTongs":[78],"Tough Bandages":[681],"Centennial Puzzle":[9],"Dream Catcher":3,"Gambling Chip":[103],"Pandora\u0027s Box":["Riddle With Holes","All Out Attack","Tactician","PiercingWail","Slice","Wraith Form v2","Corpse Explosion","Footwork"],"Art of War":[21],"obtain_stats":[{"Golden Idol":2,"CeramicFish":30,"Vajra":21,"Oddly Smooth Stone":28,"Enchiridion":29,"Eternal Feather":13,"PreservedInsect":39,"Omamori":23,"Frozen Egg 2":9,"War Paint":40,"White Beast Statue":7,"WarpedTongs":37,"Tough Bandages":25,"Centennial Puzzle":31,"Dream Catcher":46,"Anchor":55,"Gambling Chip":11,"MutagenicStrength":20,"Pandora\u0027s Box":17,"Molten Egg 2":48,"Fusion Hammer":34,"Art of War":26,"Ring of the Snake":0},{"Golden Idol":1,"CeramicFish":17,"Vajra":13,"Oddly Smooth Stone":16,"Enchiridion":16,"Eternal Feather":9,"PreservedInsect":21,"Omamori":15,"Frozen Egg 2":6,"War Paint":22,"White Beast Statue":5,"WarpedTongs":20,"Tough Bandages":15,"Centennial Puzzle":17,"Dream Catcher":26,"Anchor":30,"Gambling Chip":8,"MutagenicStrength":13,"Pandora\u0027s Box":11,"Molten Egg 2":27,"Fusion Hammer":18,"Art of War":15,"Ring of the Snake":0},{"Golden Idol":6,"CeramicFish":73,"Vajra":61,"Oddly Smooth Stone":71,"Enchiridion":71,"Eternal Feather":48,"PreservedInsect":90,"Omamori":67,"Frozen Egg 2":36,"War Paint":95,"White Beast Statue":30,"WarpedTongs":88,"Tough Bandages":67,"Centennial Puzzle":73,"Dream Catcher":112,"Anchor":156,"Gambling Chip":45,"MutagenicStrength":61,"Pandora\u0027s Box":56,"Molten Egg 2":119,"Fusion Hammer":82,"Art of War":67,"Ring of the Snake":0}],"Ring of the Snake":[62]},"card_choices":[{"not_picked":["Dodge and Roll","Expertise","Outmaneuver"],"picked":"SKIP","floor":1.0},{"not_picked":["Sucker Punch","Terror"],"picked":"Dash","floor":3.0},{"not_picked":["Outmaneuver","Setup","Acrobatics"],"picked":"SKIP","floor":4.0},{"not_picked":["Cloak And Dagger","Slice"],"picked":"Dagger Throw","floor":5.0},{"not_picked":["Calculated Gamble","Acrobatics"],"picked":"Glass Knife","floor":7.0},{"not_picked":["Caltrops","Catalyst"],"picked":"Poisoned Stab","floor":8.0},{"not_picked":["Choke","Dagger Throw"],"picked":"Predator","floor":10.0},{"not_picked":["Dagger Spray","Cloak And Dagger"],"picked":"Burst","floor":11.0},{"not_picked":["Deflect","Slice"],"picked":"PiercingWail","floor":12.0},{"not_picked":["Slice","Dagger Throw","Prepared"],"picked":"SKIP","floor":14.0},{"not_picked":["Corpse Explosion","Doppelganger"],"picked":"Wraith Form v2+1","floor":16.0},{"not_picked":["Dagger Throw","Deadly Poison"],"picked":"Terror","floor":18.0},{"not_picked":["Distraction","Concentrate"],"picked":"Backflip","floor":19.0},{"not_picked":["Flechettes","Bane+1"],"picked":"PiercingWail","floor":22.0},{"not_picked":["Glass Knife","Backflip"],"picked":"Cloak And Dagger+1","floor":23},{"not_picked":["Deadly Poison","Crippling Poison"],"picked":"Prepared","floor":28},{"not_picked":["Quick Slash","Cloak And Dagger","Outmaneuver"],"picked":"SKIP","floor":30},{"not_picked":["Unload","Adrenaline"],"picked":"Night Terror","floor":33},{"not_picked":["Blade Dance","PiercingWail"],"picked":"Acrobatics","floor":35},{"not_picked":["Prepared","Dagger Throw+1","Flying Knee"],"picked":"SKIP","floor":36},{"not_picked":["Eviscerate","Underhanded Strike"],"picked":"Footwork+1","floor":38},{"not_picked":["Dodge and Roll","Prepared"],"picked":"After Image+1","floor":40},{"not_picked":["Deflect","Terror"],"picked":"Escape Plan","floor":42},{"not_picked":["Skewer","Choke"],"picked":"Acrobatics","floor":44},{"not_picked":["Quick Slash+1","Poisoned Stab+1","Blade Dance"],"picked":"SKIP","floor":45},{"not_picked":["Cloak And Dagger","Outmaneuver"],"picked":"Leg Sweep+1","floor":46},{"not_picked":["Prepared","Dodge and Roll","Cloak And Dagger"],"picked":"SKIP","floor":48},{"not_picked":["Dodge and Roll","Setup"],"picked":"A Thousand Cuts+1","floor":49},{"not_picked":["Outmaneuver","Sucker Punch+1"],"picked":"Flechettes+1","floor":55}],"player_experience":2560737,"relics_obtained":[{"floor":7.0,"key":"White Beast Statue"},{"floor":9.0,"key":"Frozen Egg 2"},{"floor":11.0,"key":"Gambling Chip"},{"floor":23,"key":"Omamori"},{"floor":26,"key":"Art of War"},{"floor":28,"key":"Oddly Smooth Stone"},{"floor":29,"key":"Enchiridion"},{"floor":30,"key":"CeramicFish"},{"floor":31,"key":"Centennial Puzzle"},{"floor":40,"key":"War Paint"},{"floor":46,"key":"Dream Catcher"},{"floor":48,"key":"Molten Egg 2"},{"floor":55,"key":"Anchor"}],"event_choices":[{"damage_healed":0.0,"max_hp_gain":0.0,"max_hp_loss":6.0,"gold_gain":0.0,"event_name":"Golden Idol","player_choice":"Lose Max HP","floor":2.0,"gold_loss":0.0,"damage_taken":0.0,"relics_obtained":["Golden Idol"]},{"cards_removed":["PiercingWail"],"damage_healed":0.0,"max_hp_gain":0.0,"max_hp_loss":0.0,"gold_gain":0.0,"event_name":"WeMeetAgain","player_choice":"Gave Card","floor":13.0,"gold_loss":0.0,"damage_taken":0.0,"relics_obtained":["Eternal Feather"]},{"damage_healed":0.0,"max_hp_gain":0.0,"max_hp_loss":0.0,"gold_gain":0.0,"event_name":"Drug Dealer","player_choice":"Inject Mutagens","floor":20.0,"gold_loss":0.0,"damage_taken":0.0,"relics_obtained":["MutagenicStrength"]},{"damage_healed":0,"gold_gain":0,"player_choice":"Stole Relic","damage_taken":0,"relics_obtained":["Tough Bandages"],"max_hp_gain":0,"max_hp_loss":0,"event_name":"Addict","floor":25,"gold_loss":0,"cards_obtained":["Shame"]},{"damage_healed":0,"gold_gain":0,"player_choice":"Obtained Book","damage_taken":21,"max_hp_gain":0,"max_hp_loss":0,"event_name":"Cursed Tome","floor":29,"gold_loss":0},{"damage_healed":0,"gold_gain":0,"player_choice":"Rummage","damage_taken":0,"relics_obtained":["WarpedTongs"],"max_hp_gain":0,"max_hp_loss":0,"event_name":"Accursed Blacksmith","floor":37,"gold_loss":0,"cards_obtained":["Pain"]}],"is_beta":false,"boss_relics":[{"not_picked":["SlaversCollar","Empty Cage"],"picked":"Pandora\u0027s Box"},{"not_picked":["Calling Bell","Ring of the Serpent"],"picked":"Fusion Hammer"}],"items_purged_floors":[39],"is_endless":false,"potions_floor_spawned":[3,8,10,11,12,14,16,18,19,22,23,28,30,33,35,36,38,40,42,44,45,46,48,55],"ascension_level":20}}