{"host":"yx5rao87132cy5xq","time":1611860071,"event":{"mods":["2.2 Compatiblity","AchievementEnabler","BaseMod","Bestiary","Colored Map","Colored Powertips","Minty Spire (QoL Compilation)","Quick Restart","Relic Stats","Slay-I","SuperFastMode"],"gold_per_floor":[110,130,130,147,161,194,194,226,226,226,239,239,250,266,266,370,370,382,382,382,398,346,346,374,374,422,434,434,51,51,70,70,166,166,184,196,196,208,208,208,258,274,349,349,367,367,382,414,414,414],"floor_reached":51,"language":"ENG","playtime":3853,"items_purged":[],"score":1104,"play_id":"9cbee495-e678-4545-9e03-8faefde3acd9","local_time":"20210128195431","is_ascension_mode":true,"campfire_choices":[{"data":"Bash","floor":7,"key":"SMITH"},{"floor":12,"key":"REST"},{"floor":15,"key":"REST"},{"floor":23,"key":"REST"},{"floor":25,"key":"REST"},{"data":"Corruption","floor":30,"key":"SMITH"},{"data":"Juggernaut","floor":32,"key":"SMITH"},{"data":"Second Wind","floor":40,"key":"SMITH"},{"floor":46,"key":"REST"},{"floor":49,"key":"REST"}],"circlet_count":0,"master_deck":["AscendersBane","Strike_R+1","Strike_R+1","Strike_R+1","Strike_R+1","Strike_R+1","Defend_R+1","Defend_R+1","Defend_R+1","Defend_R+1","Bash+1","Double Tap","Twin Strike","Flame Barrier+1","Shrug It Off","Corruption+1","Sever Soul","Demon Form","Second Wind+1","Iron Wave","Shrug It Off","Juggernaut+1","Ghostly Armor+1","Feel No Pain","Shrug It Off","Shrug It Off","Shrug It Off","Writhe","Wild Strike","Battle Trance","Limit Break","Warcry+1","Pummel","Havoc","Body Slam","Clumsy","Havoc"],"relics":["Black Blood","Art of War","Lizard Tail","Gremlin Horn","Mercury Hourglass","Ice Cream","Potion Belt","Letter Opener","Calipers","Cursed Key","Ginger","StrikeDummy","Centennial Puzzle"],"acts_visited":["Exordium","TheCity","TheBeyond"],"potions_floor_usage":[6,11,11,16,33,50,50,50],"damage_taken":[{"damage":11,"enemies":"Jaw Worm","floor":1,"turns":4},{"damage":1,"enemies":"Cultist","floor":2,"turns":3},{"damage":0,"enemies":"Small Slimes","floor":4,"turns":3},{"damage":5,"enemies":"2 Fungi Beasts","floor":5,"turns":4},{"damage":55,"enemies":"Lagavulin","floor":6,"turns":12},{"damage":35,"enemies":"3 Sentries","floor":8,"turns":10},{"damage":5,"enemies":"Gremlin Gang","floor":11,"turns":5},{"damage":17,"enemies":"Large Slime","floor":13,"turns":7},{"damage":1,"enemies":"Looter","floor":14,"turns":3},{"damage":30,"enemies":"Hexaghost","floor":16,"turns":9},{"damage":53,"enemies":"Shell Parasite","floor":18,"turns":10},{"damage":4,"enemies":"Chosen","floor":21,"turns":4},{"damage":37,"enemies":"Gremlin Leader","floor":24,"turns":7},{"damage":0,"enemies":"Centurion and Healer","floor":27,"turns":6},{"damage":11,"enemies":"Snake Plant","floor":31,"turns":4},{"damage":91,"enemies":"Champ","floor":33,"turns":13},{"damage":40,"enemies":"3 Darklings","floor":35,"turns":5},{"damage":0,"enemies":"3 Shapes","floor":36,"turns":6},{"damage":7,"enemies":"3 Darklings","floor":38,"turns":4},{"damage":2,"enemies":"Mind Bloom Boss Battle","floor":41,"turns":6},{"damage":35,"enemies":"Maw","floor":42,"turns":7},{"damage":28,"enemies":"Jaw Worm Horde","floor":45,"turns":4},{"damage":35,"enemies":"3 Darklings","floor":47,"turns":5},{"damage":14,"enemies":"Reptomancer","floor":48,"turns":5},{"damage":31,"enemies":"Time Eater","floor":50,"turns":7}],"seed_played":"-7010580308819117605","potions_obtained":[{"floor":4,"key":"Regen Potion"},{"floor":5,"key":"ElixirPotion"},{"floor":6,"key":"LiquidBronze"},{"floor":8,"key":"DuplicationPotion"},{"floor":11,"key":"PowerPotion"},{"floor":18,"key":"SteroidPotion"},{"floor":31,"key":"Block Potion"},{"floor":33,"key":"FairyPotion"},{"floor":35,"key":"SkillPotion"},{"floor":41,"key":"Dexterity Potion"},{"floor":42,"key":"SteroidPotion"}],"is_trial":false,"path_per_floor":["M","M","?","M","M","E","R","E","T","?","M","R","M","M","R","B",null,"M","?","?","M","$","R","E","R","T","M","?","$","R","M","R","B",null,"M","M","?","M","?","R","?","M","T","?","M","R","M","E","R","B",null],"character_chosen":"IRONCLAD","items_purchased":["Shrug It Off","Wild Strike","Calipers","Battle Trance"],"campfire_rested":6,"item_purchase_floors":[22,29,29,29],"current_hp_per_floor":[67,72,72,78,79,41,41,12,12,12,13,37,26,31,55,31,68,27,27,27,35,35,59,34,58,58,70,70,70,70,71,71,52,73,45,57,57,62,62,62,72,49,49,49,33,57,34,32,56,37],"gold":414,"neow_bonus":"ONE_RANDOM_RARE_CARD","is_daily":false,"chose_seed":false,"campfire_upgraded":4,"win_rate":0.0,"timestamp":1611860071,"path_taken":["M","M","?","?","M","E","R","E","T","?","?","R","M","M","R","BOSS","M","?","?","?","$","R","E","R","T","M","?","$","R","M","R","BOSS","M","M","?","?","?","R","?","M","T","?","M","R","M","E","R","BOSS"],"items_purchased_type":["Card","Card","Relic","Card"],"build_version":"2020-12-22","purchased_purges":0,"victory":true,"max_hp_per_floor":[80,80,80,80,80,80,80,80,80,80,80,80,80,80,80,80,80,80,80,80,80,80,80,80,80,80,80,80,80,80,80,80,80,80,80,80,80,80,80,80,80,80,80,80,80,80,80,80,80,80],"relic_stats":{"Lizard Tail":40,"Centennial Puzzle":[3],"Gremlin Horn":[21,25],"counters":[25,152],"Black Blood":240,"Art of War":[23],"Letter Opener":[184],"Ginger":[4],"Cursed Key":1,"obtain_stats":[{"Ice Cream":24,"Potion Belt":26,"Calipers":29,"Gremlin Horn":9,"Black Blood":17,"Letter Opener":28,"Ginger":41,"Cursed Key":34,"Burning Blood":0,"Mercury Hourglass":20,"Lizard Tail":8,"Centennial Puzzle":48,"Art of War":6,"StrikeDummy":43},{"Ice Cream":13,"Potion Belt":13,"Calipers":14,"Gremlin Horn":6,"Black Blood":10,"Letter Opener":14,"Ginger":20,"Cursed Key":16,"Burning Blood":0,"Mercury Hourglass":11,"Lizard Tail":6,"Centennial Puzzle":24,"Art of War":5,"StrikeDummy":21},{"Ice Cream":81,"Potion Belt":81,"Calipers":87,"Gremlin Horn":36,"Black Blood":60,"Letter Opener":87,"Ginger":124,"Cursed Key":104,"Burning Blood":0,"Mercury Hourglass":70,"Lizard Tail":36,"Centennial Puzzle":145,"Art of War":26,"StrikeDummy":131}],"Mercury Hourglass":[315]},"card_choices":[{"not_picked":["Heavy Blade","Flex"],"picked":"Twin Strike","floor":1},{"not_picked":["Shrug It Off","Pommel Strike"],"picked":"Flame Barrier","floor":2},{"not_picked":["Blood for Blood","Infernal Blade"],"picked":"Shrug It Off","floor":4},{"not_picked":["Bloodletting","Warcry"],"picked":"Corruption","floor":5},{"not_picked":["Rampage","Dark Embrace"],"picked":"Sever Soul","floor":6},{"not_picked":["Heavy Blade","Perfected Strike"],"picked":"Demon Form","floor":8},{"not_picked":["Intimidate","Headbutt"],"picked":"Second Wind","floor":11},{"not_picked":["Armaments","Flex"],"picked":"Iron Wave","floor":13},{"not_picked":["Heavy Blade","Blood for Blood"],"picked":"Shrug It Off","floor":14},{"not_picked":["Fiend Fire","Corruption"],"picked":"Juggernaut","floor":16},{"not_picked":["Dual Wield","Perfected Strike"],"picked":"Ghostly Armor+1","floor":18},{"not_picked":["Sword Boomerang","Pummel"],"picked":"Feel No Pain","floor":21},{"not_picked":["Immolate","Twin Strike"],"picked":"Shrug It Off","floor":24},{"not_picked":["Flex","Rampage"],"picked":"Shrug It Off","floor":27},{"not_picked":["Armaments","Combust+1","Twin Strike"],"picked":"SKIP","floor":31},{"not_picked":["Brutality","Berserk"],"picked":"Limit Break","floor":33},{"not_picked":["Searing Blow","Intimidate","Armaments"],"picked":"SKIP","floor":35},{"not_picked":["Shockwave","Headbutt+1"],"picked":"Warcry+1","floor":36},{"not_picked":["Thunderclap","Twin Strike","Heavy Blade+1"],"picked":"SKIP","floor":38},{"not_picked":["Twin Strike","Sword Boomerang"],"picked":"Havoc","floor":41},{"not_picked":["Shrug It Off+1","Anger"],"picked":"Body Slam","floor":42},{"not_picked":["Clothesline","Limit Break","Sword Boomerang"],"picked":"SKIP","floor":45},{"not_picked":["Anger","Rage"],"picked":"Havoc","floor":47},{"not_picked":["Clash+1","Rampage","Feed"],"picked":"SKIP","floor":48}],"player_experience":871845,"relics_obtained":[{"floor":6,"key":"Art of War"},{"floor":8,"key":"Lizard Tail"},{"floor":9,"key":"Gremlin Horn"},{"floor":24,"key":"Ice Cream"},{"floor":26,"key":"Potion Belt"},{"floor":41,"key":"Ginger"},{"floor":43,"key":"StrikeDummy"},{"floor":48,"key":"Centennial Puzzle"}],"event_choices":[{"damage_healed":0,"gold_gain":0,"player_choice":"Upgraded","damage_taken":0,"max_hp_gain":0,"max_hp_loss":0,"event_name":"Upgrade Shrine","floor":3,"gold_loss":0,"cards_upgraded":["Flame Barrier"]},{"damage_healed":0,"gold_gain":0,"player_choice":"Got Potions","damage_taken":0,"max_hp_gain":0,"max_hp_loss":0,"event_name":"Lab","floor":10,"gold_loss":0},{"damage_healed":0,"gold_gain":0,"player_choice":"Simplicity","damage_taken":0,"max_hp_gain":0,"max_hp_loss":0,"event_name":"Back to Basics","floor":19,"gold_loss":0,"cards_upgraded":["Strike_R","Strike_R","Strike_R","Strike_R","Strike_R","Defend_R","Defend_R","Defend_R","Defend_R"]},{"damage_healed":0,"gold_gain":0,"player_choice":"Gave Potion","damage_taken":0,"relics_obtained":["Mercury Hourglass"],"max_hp_gain":0,"max_hp_loss":0,"event_name":"WeMeetAgain","floor":20,"gold_loss":0},{"damage_healed":0,"gold_gain":0,"player_choice":"Opened","damage_taken":0,"relics_obtained":["Letter Opener"],"max_hp_gain":0,"max_hp_loss":0,"event_name":"The Mausoleum","floor":28,"gold_loss":0,"cards_obtained":["Writhe"]},{"damage_healed":0,"gold_gain":0,"player_choice":"1 cards matched","damage_taken":0,"max_hp_gain":0,"max_hp_loss":0,"event_name":"Match and Keep!","floor":37,"gold_loss":0,"cards_obtained":["Pummel"]},{"damage_healed":0,"gold_gain":0,"player_choice":"Ignored","damage_taken":0,"max_hp_gain":0,"max_hp_loss":0,"event_name":"Tomb of Lord Red Mask","floor":39,"gold_loss":0},{"damage_healed":0,"gold_gain":0,"player_choice":"Fight","damage_taken":0,"max_hp_gain":0,"max_hp_loss":0,"event_name":"MindBloom","floor":41,"gold_loss":0},{"damage_healed":0,"gold_gain":0,"player_choice":"Ignored","damage_taken":0,"max_hp_gain":0,"max_hp_loss":0,"event_name":"Mysterious Sphere","floor":44,"gold_loss":0}],"is_beta":false,"boss_relics":[{"not_picked":["Coffee Dripper","Busted Crown"],"picked":"Black Blood"},{"not_picked":["Sozu","Tiny House"],"picked":"Cursed Key"}],"items_purged_floors":[],"is_endless":false,"potions_floor_spawned":[4,5,6,8,11,18,31,33,35,41,42,45,48],"ascension_level":12}}