{"host":"ordk2y2ebcetabk6","time":1611867137,"event":{"mods":["AlwaysNeverKeys","Astrologer","Bard","BaseMod","Better Debug","Colored Map","Colored Powertips","Dark Map","Hermit","Highlight Path","Minty Spire (QoL Compilation)","Permanent Neow","Rare Cards Sparkle","Spire Arcade","StSLib","Sumireko Usami"],"gold_per_floor":[115,65,65,75,94,94,114,289,289,289,214,226,226,75,75,174,174,186,83,93,93,107,107,107,107,107,107,107,120,120,139,139,237,237,254,254,254,254],"floor_reached":39,"language":"ENG","playtime":1726,"items_purged":["Doubt"],"score":667,"play_id":"6829f5f9-00a3-43f1-9c41-3e3412b78ca4","local_time":"20210128135217","is_ascension_mode":false,"campfire_choices":[{"data":"bard:LingeringEcho","floor":6,"key":"SMITH"},{"data":"bard:Balestra","floor":10,"key":"SMITH"},{"data":"bard:Inspire","floor":15,"key":"SMITH"},{"data":"bard:Blink","floor":23,"key":"SMITH"},{"data":"bard:LifeDrain","floor":28,"key":"SMITH"},{"data":"bard:PowerWordStun","floor":30,"key":"SMITH"}],"circlet_count":0,"master_deck":["bard:Defend+1","bard:Defend+1","bard:Defend+1","bard:Defend+1","bard:Riposte+1","bard:Inspire+1","bard:Balestra+1","bard:PowerWordStun+1","bard:LifeDrain+1","bard:Blink+1","bard:Greatness+1","bard:Doot+1","bard:Shifting"],"relics":["bard:PitchPipe","bard:BagPipes","bard:CoralOrchestra","Orichalcum","Coffee Dripper","Bottled Lightning","Busted Crown"],"acts_visited":["Exordium","TheCity","TheBeyond"],"potions_floor_usage":[20,33,38,38,38],"damage_taken":[{"damage":0,"enemies":"2 Louse","floor":1,"turns":2},{"damage":0,"enemies":"Small Slimes","floor":4,"turns":3},{"damage":0,"enemies":"Jaw Worm","floor":5,"turns":5},{"damage":0,"enemies":"Large Slime","floor":7,"turns":6},{"damage":0,"enemies":"3 Louse","floor":12,"turns":2},{"damage":22,"enemies":"Hexaghost","floor":16,"turns":9},{"damage":0,"enemies":"Chosen","floor":18,"turns":3},{"damage":0,"enemies":"Spheric Guardian","floor":20,"turns":2},{"damage":0,"enemies":"Cultist and Chosen","floor":22,"turns":8},{"damage":0,"enemies":"Chosen and Byrds","floor":29,"turns":6},{"damage":0,"enemies":"Centurion and Healer","floor":31,"turns":6},{"damage":3,"enemies":"Automaton","floor":33,"turns":9},{"damage":0,"enemies":"Orb Walker","floor":35,"turns":3},{"damage":37,"enemies":"Time Eater","floor":38,"turns":15}],"seed_played":"4061901699420679882","potions_obtained":[{"floor":4,"key":"Swift Potion"},{"floor":16,"key":"PowerPotion"},{"floor":18,"key":"Fire Potion"},{"floor":22,"key":"PowerPotion"},{"floor":33,"key":"Regen Potion"}],"is_trial":false,"path_per_floor":["M","?","?","M","M","R","M","?","T","R","$","M","?","$","R","B",null,"M","$","M","?","M","R","?","?","T","?","R","M","R","M","R","B",null,"M","?","?","B",null],"character_chosen":"BARD","items_purchased":["Orichalcum","bard:LifeDrain","bard:Blink"],"campfire_rested":0,"item_purchase_floors":[14,19,19],"current_hp_per_floor":[49,49,49,49,49,49,49,49,49,49,49,49,35,35,35,13,70,70,70,70,70,70,70,70,70,70,75,75,75,75,75,75,72,75,75,75,75,53],"gold":254,"neow_bonus":"REMOVE_TWO","is_daily":false,"chose_seed":false,"campfire_upgraded":6,"win_rate":0.0,"timestamp":1611867137,"path_taken":["M","?","?","M","M","R","?","?","T","R","$","M","?","?","R","BOSS","M","$","M","?","M","R","?","?","T","?","R","?","R","M","R","BOSS","M","?","?","BOSS"],"items_purchased_type":["Relic","Card","Card"],"build_version":"2020-12-22","purchased_purges":1,"victory":true,"max_hp_per_floor":[70,70,70,70,70,70,70,70,70,70,70,70,70,70,70,70,70,70,70,70,70,70,70,70,70,70,75,75,75,75,75,75,75,75,75,75,75,75],"card_choices":[{"not_picked":["bard:Fermata","bard:Sift"],"picked":"bard:LingeringEcho","floor":1},{"not_picked":["bard:Gamble","bard:QuickSong","bard:InspiringSong"],"picked":"SKIP","floor":4},{"not_picked":["bard:Sift","bard:PrismaticSpray","bard:Gamble"],"picked":"SKIP","floor":5},{"not_picked":["bard:TinyHut","bard:FeastOnFear"],"picked":"bard:Balestra","floor":7},{"not_picked":["bard:Sift","bard:Rest","bard:TinyHut"],"picked":"SKIP","floor":12},{"not_picked":["bard:ReverseGravity","bard:Invisibility"],"picked":"bard:PowerWordStun","floor":16},{"not_picked":["bard:Accelerando","bard:OffKey","bard:LingeringEcho"],"picked":"SKIP","floor":18},{"not_picked":["bard:Doot","bard:FeastOnFear","bard:GreaterMagicWeapon+1"],"picked":"SKIP","floor":20},{"not_picked":["bard:CuttingWords","bard:Thunderwave"],"picked":"bard:Greatness+1","floor":22},{"not_picked":["bard:FirstStrike+1","bard:ThickOfTheFight","bard:Solo"],"picked":"SKIP","floor":29},{"not_picked":["bard:Invisibility","bard:EchoEcho+1"],"picked":"bard:Doot+1","floor":31},{"not_picked":["bard:Sonata","bard:BottledSong"],"picked":"bard:Shifting","floor":33},{"not_picked":["bard:CuttingWords"],"picked":"SKIP","floor":35}],"player_experience":1069175,"relics_obtained":[{"floor":9,"key":"bard:CoralOrchestra"},{"floor":26,"key":"Bottled Lightning"}],"event_choices":[{"cards_removed":["bard:Strike"],"damage_healed":0,"gold_gain":0,"player_choice":"Card Removal","damage_taken":0,"max_hp_gain":0,"max_hp_loss":0,"event_name":"The Cleric","floor":2,"gold_loss":50},{"cards_removed":["bard:Strike"],"damage_healed":0,"gold_gain":0,"player_choice":"Forget","damage_taken":0,"max_hp_gain":0,"max_hp_loss":0,"event_name":"Living Wall","floor":3,"gold_loss":0},{"damage_healed":0,"gold_gain":175,"player_choice":"AGREE","damage_taken":0,"max_hp_gain":0,"max_hp_loss":0,"event_name":"Liars Game","floor":8,"gold_loss":0,"cards_obtained":["Doubt"]},{"damage_healed":0,"gold_gain":0,"player_choice":"Entered Light","damage_taken":14,"max_hp_gain":0,"max_hp_loss":0,"event_name":"Shining Light","floor":13,"gold_loss":0,"cards_upgraded":["bard:Riposte","bard:Defend"]},{"damage_healed":0,"gold_gain":0,"player_choice":"Ignored","damage_taken":0,"max_hp_gain":0,"max_hp_loss":0,"event_name":"Vampires","floor":21,"gold_loss":0},{"damage_healed":0,"gold_gain":0,"player_choice":"Simplicity","damage_taken":0,"max_hp_gain":0,"max_hp_loss":0,"event_name":"Back to Basics","floor":24,"gold_loss":0,"cards_upgraded":["bard:Defend","bard:Defend","bard:Defend"]},{"damage_healed":0,"gold_gain":0,"player_choice":"Ignored","damage_taken":0,"max_hp_gain":0,"max_hp_loss":0,"event_name":"Beggar","floor":25,"gold_loss":0},{"cards_removed":["bard:LingeringEcho"],"damage_healed":0,"gold_gain":0,"player_choice":"Removed Attack","damage_taken":0,"max_hp_gain":0,"max_hp_loss":0,"event_name":"Falling","floor":36,"gold_loss":0},{"damage_healed":0,"gold_gain":0,"player_choice":"Took Portal","damage_taken":0,"max_hp_gain":0,"max_hp_loss":0,"event_name":"SecretPortal","floor":37,"gold_loss":0}],"is_beta":false,"boss_relics":[{"not_picked":["Black Star","Calling Bell"],"picked":"Coffee Dripper"},{"not_picked":["Philosopher\u0027s Stone","Sozu"],"picked":"Busted Crown"}],"items_purged_floors":[11],"is_endless":false,"potions_floor_spawned":[4,16,18,22,33],"ascension_level":0}}