{"host":"sp1f3sybb350mzsh","time":1611801134,"event":{"mods":["AchievementEnabler","BaseMod","Bestiary","Colored Map","Colored Powertips","Filter the Spire","Minty Spire (QoL Compilation)","Puzzle Mod","Relic Stats","StSLib"],"gold_per_floor":[116,134,145,20,20,48,48,80,104,104,104,104,2,14,14,14,14],"floor_reached":16,"language":"ENG","playtime":439,"items_purged":["Strike_B"],"score":108,"play_id":"1755d44c-0160-45bd-b1a1-ef033333769a","local_time":"20210127203214","is_ascension_mode":false,"campfire_choices":[{"data":"Lockon","floor":7,"key":"SMITH"},{"data":"Genetic Algorithm","floor":10,"key":"SMITH"},{"data":"Machine Learning","floor":15,"key":"SMITH"}],"circlet_count":0,"master_deck":["Strike_B","Strike_B","Defend_B","Defend_B","Defend_B","Zap","Dualcast+1","Aggregate","Genetic Algorithm+1","Hologram+1","Lockon+1","FTL","Turbo","Scrape","Machine Learning+1"],"relics":["Cracked Core","PreservedInsect","Smiling Mask","Orichalcum","Thread and Needle"],"acts_visited":[],"potions_floor_usage":[6,14],"damage_taken":[{"damage":6,"enemies":"2 Louse","floor":1,"turns":2},{"damage":1,"enemies":"Jaw Worm","floor":2,"turns":4},{"damage":0,"enemies":"Small Slimes","floor":3,"turns":3},{"damage":29,"enemies":"Lagavulin","floor":6,"turns":6},{"damage":7,"enemies":"Gremlin Nob","floor":8,"turns":3},{"damage":0,"enemies":"2 Fungi Beasts","floor":14,"turns":2},{"damage":13,"enemies":"The Guardian","floor":16,"turns":2}],"seed_played":"5420726504621986831","potions_obtained":[{"floor":3,"key":"SneckoOil"},{"floor":6,"key":"SkillPotion"}],"is_trial":false,"path_per_floor":["M","M","M","$","?","E","R","E","T","R","?","T","$","M","R","B"],"character_chosen":"DEFECT","items_purchased":["FTL","ColorlessPotion","Fire Potion"],"campfire_rested":0,"item_purchase_floors":[4,4,13],"current_hp_per_floor":[62,61,61,61,61,32,32,25,25,25,11,11,11,11,11,0,0],"gold":14,"neow_bonus":"TRANSFORM_TWO_CARDS","is_daily":false,"chose_seed":false,"campfire_upgraded":3,"win_rate":0.0,"timestamp":1611801134,"path_taken":["M","M","M","$","?","E","R","E","T","R","?","?","?","M","R","BOSS"],"items_purchased_type":["Card","Potion","Potion"],"build_version":"2020-12-22","purchased_purges":1,"victory":false,"max_hp_per_floor":[68,68,68,68,68,68,68,68,68,68,68,68,68,68,68,68,68],"relic_stats":{"counters":[7,22],"PreservedInsect":21,"Orichalcum":[6],"Smiling Mask":25,"obtain_stats":[{"Thread and Needle":12,"PreservedInsect":6,"Orichalcum":9,"Cracked Core":0,"Smiling Mask":8},{"Thread and Needle":5,"PreservedInsect":4,"Orichalcum":5,"Cracked Core":0,"Smiling Mask":5},{"Thread and Needle":18,"PreservedInsect":15,"Orichalcum":18,"Cracked Core":0,"Smiling Mask":18}]},"card_choices":[{"not_picked":["Stack","Melter"],"picked":"Hologram","floor":1},{"not_picked":["Hologram","Cold Snap","Conserve Battery"],"picked":"SKIP","floor":2},{"not_picked":["Stack","Gash"],"picked":"Lockon","floor":3},{"not_picked":["Steam","Chill"],"picked":"Turbo","floor":6},{"not_picked":["Turbo","Cold Snap"],"picked":"Scrape","floor":8},{"not_picked":["Steam","Redo"],"picked":"Machine Learning","floor":14}],"player_experience":135939,"relics_obtained":[{"floor":6,"key":"PreservedInsect"},{"floor":8,"key":"Smiling Mask"},{"floor":9,"key":"Orichalcum"},{"floor":12,"key":"Thread and Needle"}],"event_choices":[{"damage_healed":0,"gold_gain":0,"player_choice":"Ignored","damage_taken":0,"max_hp_gain":0,"max_hp_loss":0,"event_name":"Liars Game","floor":5,"gold_loss":0},{"damage_healed":0,"gold_gain":0,"player_choice":"Entered Light","damage_taken":14,"max_hp_gain":0,"max_hp_loss":0,"event_name":"Shining Light","floor":11,"gold_loss":0,"cards_upgraded":["Dualcast","Hologram"]}],"is_beta":false,"boss_relics":[],"items_purged_floors":[13],"is_endless":false,"potions_floor_spawned":[3,6],"killed_by":"The Guardian","ascension_level":0}}