{"host":"w01zow3jg16g8jdh","time":1611847481,"event":{"mods":["AchievementEnabler","BaseMod","DeckTracker","Keyboard Shortcuts","Minty Spire (QoL Compilation)","Permanent Neow","StSLib","SuperFastMode"],"gold_per_floor":[116,116,135,148,148,180,180,190,217,217,232,243,243,268,268,268,268],"floor_reached":16,"language":"KOR","playtime":255,"items_purged":[],"score":274,"play_id":"947cd864-d47b-450f-bc3f-61dd677f8d98","local_time":"20210129002441","is_ascension_mode":true,"campfire_choices":[{"data":"Choke","floor":7.0,"key":"SMITH"},{"data":"Tactician","floor":10.0,"key":"SMITH"},{"data":"Blade Dance","floor":13.0,"key":"SMITH"},{"floor":15.0,"key":"REST"}],"circlet_count":0,"master_deck":["AscendersBane","Strike_G","Strike_G+1","Strike_G","Strike_G","Strike_G","Defend_G","Defend_G","Defend_G","Defend_G","Survivor","Neutralize+1","Blade Dance+1","Tactician+1","Choke+1","Acrobatics","Acrobatics"],"relics":["Ring of the Snake","PreservedInsect","Whetstone","Bag of Preparation","Anchor"],"acts_visited":["Exordium"],"potions_floor_usage":[16],"damage_taken":[{"damage":0.0,"enemies":"Small Slimes","floor":1.0,"turns":4.0},{"damage":0.0,"enemies":"Cultist","floor":3.0,"turns":3.0},{"damage":0.0,"enemies":"2 Louse","floor":4.0,"turns":2.0},{"damage":0.0,"enemies":"Gremlin Nob","floor":6.0,"turns":3.0},{"damage":1.0,"enemies":"2 Fungi Beasts","floor":8.0,"turns":3.0},{"damage":1.0,"enemies":"Red Slaver","floor":11.0,"turns":3.0},{"damage":8.0,"enemies":"Exordium Thugs","floor":12.0,"turns":3.0},{"damage":20.0,"enemies":"Lagavulin","floor":14.0,"turns":5.0},{"damage":30,"enemies":"Slime Boss","floor":16,"turns":7}],"seed_played":"2863164995665204804","potions_obtained":[{"floor":2.0,"key":"Ancient Potion"},{"floor":2.0,"key":"Block Potion"},{"floor":4.0,"key":"Fire Potion"},{"floor":6.0,"key":"AttackPotion"},{"floor":11.0,"key":"Weak Potion"}],"is_trial":false,"path_per_floor":["M","?","M","M","?","E","R","M","T","R","M","M","R","E","R","B"],"character_chosen":"THE_SILENT","items_purchased":[],"campfire_rested":1,"item_purchase_floors":[],"current_hp_per_floor":[59,59,59,59,41,41,41,40,40,40,39,31,31,11,30,0,0],"gold":268,"neow_bonus":"REMOVE_CARD","is_daily":false,"chose_seed":false,"campfire_upgraded":3,"win_rate":0.0,"timestamp":1611847481,"path_taken":["M","?","M","?","?","E","R","M","T","R","M","M","R","E","R","BOSS"],"items_purchased_type":[],"build_version":"2020-12-22","purchased_purges":0,"victory":false,"max_hp_per_floor":[66,66,66,66,66,66,66,66,66,66,66,66,66,66,66,66,66],"card_choices":[{"not_picked":["Prepared","Poisoned Stab"],"picked":"Blade Dance","floor":1.0},{"not_picked":["Outmaneuver","Terror","Footwork"],"picked":"SKIP","floor":3.0},{"not_picked":["PiercingWail","Skewer"],"picked":"Tactician","floor":4.0},{"not_picked":["Crippling Poison","Outmaneuver"],"picked":"Choke","floor":6.0},{"not_picked":["Finisher","Infinite Blades"],"picked":"Acrobatics","floor":8.0},{"not_picked":["Outmaneuver","Deadly Poison","Masterful Stab"],"picked":"SKIP","floor":11.0},{"not_picked":["Night Terror","Deflect","Bouncing Flask"],"picked":"SKIP","floor":12.0},{"not_picked":["Dodge and Roll","Expertise"],"picked":"Acrobatics","floor":14.0}],"player_experience":327143,"relics_obtained":[{"floor":6.0,"key":"Whetstone"},{"floor":9.0,"key":"Bag of Preparation"},{"floor":14.0,"key":"Anchor"}],"event_choices":[{"damage_healed":0.0,"max_hp_gain":0.0,"max_hp_loss":0.0,"gold_gain":0.0,"event_name":"Lab","player_choice":"Got Potions","floor":2.0,"gold_loss":0.0,"damage_taken":0.0},{"damage_healed":0.0,"max_hp_gain":0.0,"max_hp_loss":0.0,"gold_gain":0.0,"event_name":"Scrap Ooze","player_choice":"Success","floor":5.0,"gold_loss":0.0,"damage_taken":18.0,"relics_obtained":["PreservedInsect"]}],"is_beta":false,"boss_relics":[],"items_purged_floors":[],"is_endless":false,"potions_floor_spawned":[4,6,11],"killed_by":"Slime Boss","ascension_level":20}}