{"host":"j49z5jz0n7e8vjox","time":1611858119,"event":{"mods":["AchievementEnabler","BaseMod","Bestiary","Colored Map","Colored Powertips","DeckTracker","Minty Spire (QoL Compilation)","Permanent Neow","UnlockEverythingMod"],"gold_per_floor":[369,369,10,22,172,172,199,199,199,199,213,58,87,87,87,183,183,196,196,196,196,246,246,246],"floor_reached":23,"language":"ENG","playtime":5700,"items_purged":["Strike_G"],"score":386,"play_id":"36ec30ae-c760-4e17-a1e7-6295a2276494","local_time":"20210128122159","is_ascension_mode":true,"campfire_choices":[{"floor":6,"key":"REST"},{"data":"Blade Dance","floor":8,"key":"SMITH"},{"data":"Deadly Poison","floor":10,"key":"SMITH"},{"floor":15,"key":"REST"}],"circlet_count":0,"master_deck":["AscendersBane","Strike_G","Strike_G","Strike_G","Strike_G","Defend_G","Defend_G","Defend_G","Defend_G","Defend_G","Survivor","Neutralize","Well Laid Plans","Deadly Poison+1","Blade Dance+1","Doubt","Crippling Poison","Noxious Fumes","Acrobatics","Corpse Explosion","Acrobatics","Footwork"],"relics":["Ring of the Snake","Oddly Smooth Stone","Happy Flower","MealTicket","Mango","Tough Bandages","Golden Idol","Philosopher\u0027s Stone","MutagenicStrength"],"acts_visited":["Exordium","TheCity"],"potions_floor_usage":[16,18],"damage_taken":[{"damage":1,"enemies":"Cultist","floor":1,"turns":4},{"damage":6,"enemies":"Small Slimes","floor":4,"turns":5},{"damage":20,"enemies":"Lagavulin","floor":7,"turns":10},{"damage":6,"enemies":"2 Louse","floor":11,"turns":3},{"damage":23,"enemies":"3 Sentries","floor":13,"turns":9},{"damage":21,"enemies":"The Guardian","floor":16,"turns":10},{"damage":0,"enemies":"Spheric Guardian","floor":18,"turns":2},{"damage":49,"enemies":"Slavers","floor":23,"turns":3}],"seed_played":"-6960823566316619231","potions_obtained":[{"floor":13,"key":"Weak Potion"},{"floor":16,"key":"BlessingOfTheForge"}],"is_trial":false,"path_per_floor":["M","?","$","M","?","R","E","R","T","R","M","$","E","?","R","B",null,"M","?","?","?","?","E"],"character_chosen":"THE_SILENT","items_purchased":["Oddly Smooth Stone","Happy Flower","Deadly Poison","Noxious Fumes"],"campfire_rested":2,"item_purchase_floors":[3,3,3,12],"current_hp_per_floor":[58,51,51,45,45,64,44,44,58,58,52,67,44,44,65,44,65,65,45,45,45,45,0,0],"gold":246,"neow_bonus":"TWO_FIFTY_GOLD","is_daily":false,"chose_seed":false,"campfire_upgraded":2,"win_rate":0.0,"timestamp":1611858119,"path_taken":["M","?","$","M","?","R","E","R","T","R","M","$","E","?","R","BOSS","M","?","?","?","?","E"],"items_purchased_type":["Relic","Relic","Card","Card"],"build_version":"2020-12-22","purchased_purges":1,"victory":false,"max_hp_per_floor":[66,66,66,66,66,66,66,66,80,80,80,80,80,72,72,72,72,72,77,77,77,77,77,77],"card_choices":[{"not_picked":["Dodge and Roll","Acrobatics"],"picked":"Well Laid Plans","floor":1},{"not_picked":["Concentrate","Eviscerate"],"picked":"Blade Dance","floor":4},{"not_picked":["Underhanded Strike","Dagger Spray","Slice"],"picked":"SKIP","floor":7},{"not_picked":["Slice","Dodge and Roll"],"picked":"Crippling Poison","floor":11},{"not_picked":["Flying Knee","Infinite Blades"],"picked":"Acrobatics","floor":13},{"not_picked":["Adrenaline","Burst"],"picked":"Corpse Explosion","floor":16},{"not_picked":["Blade Dance+1","Deadly Poison"],"picked":"Acrobatics","floor":18}],"player_experience":781220,"relics_obtained":[{"floor":7,"key":"MealTicket"},{"floor":9,"key":"Mango"},{"floor":13,"key":"Tough Bandages"}],"event_choices":[{"cards_removed":["Regret"],"damage_healed":0,"gold_gain":0,"player_choice":"Card Removal","damage_taken":7,"max_hp_gain":0,"max_hp_loss":0,"event_name":"Golden Wing","floor":2,"gold_loss":0},{"damage_healed":0,"gold_gain":150,"player_choice":"AGREE","damage_taken":0,"max_hp_gain":0,"max_hp_loss":0,"event_name":"Liars Game","floor":5,"gold_loss":0,"cards_obtained":["Doubt"]},{"damage_healed":0,"gold_gain":0,"player_choice":"Lose Max HP","damage_taken":0,"relics_obtained":["Golden Idol"],"max_hp_gain":0,"max_hp_loss":8,"event_name":"Golden Idol","floor":14,"gold_loss":0},{"damage_healed":0,"gold_gain":0,"player_choice":"Shed Blood","damage_taken":25,"max_hp_gain":5,"max_hp_loss":0,"event_name":"Forgotten Altar","floor":19,"gold_loss":0},{"damage_healed":0,"gold_gain":0,"player_choice":"Inject Mutagens","damage_taken":0,"relics_obtained":["MutagenicStrength"],"max_hp_gain":0,"max_hp_loss":0,"event_name":"Drug Dealer","floor":20,"gold_loss":0},{"damage_healed":0,"gold_gain":0,"player_choice":"Read","damage_taken":0,"max_hp_gain":0,"max_hp_loss":0,"event_name":"The Library","floor":21,"gold_loss":0,"cards_obtained":["Footwork"]},{"damage_healed":0,"gold_gain":50,"player_choice":"Pray","damage_taken":0,"max_hp_gain":0,"max_hp_loss":0,"event_name":"Golden Shrine","floor":22,"gold_loss":0}],"is_beta":false,"boss_relics":[{"not_picked":["Snecko Eye","Busted Crown"],"picked":"Philosopher\u0027s Stone"}],"items_purged_floors":[12],"is_endless":false,"potions_floor_spawned":[13,16],"killed_by":"Slavers","ascension_level":20}}