{"host":"y89x8uui45kcjy42","time":1611829065,"event":{"mods":["2.2 Compatiblity","BaseMod","CapriCore","Colored Map","Colored Powertips","Custom Start","Friendly Minions","Keyboard Shortcuts","Marisa£¨Ùöéë¡¡Øª×âÞÞ£©","Minty Spire (QoL Compilation)","Relic Stats","Slay the Relics Exporter","StSLib","SuperFastMode","Uncapped"],"gold_per_floor":[11,26,26,201,58,58,385,385,385,419,419,429,379,410,410,483,483,499,518,518,234,109,109,109,109,178,211,211,243,243,259,259,331,331,345,161,186,241,241,241,241,241,313,294,329,361,361,390,390,390,390,390,10,39,39],"floor_reached":56,"language":"KOR","playtime":1666,"items_purged":["Doubt","Defend_MRS","Strike_MRS","Defend_MRS","Shame","Strike_MRS+1"],"score":2057,"play_id":"7c227191-512d-4f41-afcd-b5de5449cf6e","local_time":"20210128191745","is_ascension_mode":true,"campfire_choices":[{"data":"RefractionSpark","floor":6,"key":"SMITH"},{"data":"SprinkleStarSeal","floor":8,"key":"SMITH"},{"data":"CasketOfStar","floor":11,"key":"SMITH"},{"data":"6A","floor":15,"key":"SMITH"},{"data":"Singularity","floor":23,"key":"SMITH"},{"data":"UpSweep","floor":24,"key":"SMITH"},{"data":"MasterSpark","floor":25,"key":"SMITH"},{"data":"Master of Strategy","floor":28,"key":"SMITH"},{"data":"Strike_MRS","floor":30,"key":"SMITH"},{"data":"Defend_MRS","floor":32,"key":"SMITH"},{"data":"FinalSpark","floor":40,"key":"SMITH"},{"floor":42,"key":"RECALL"},{"data":"MachineGunSpark","floor":47,"key":"SMITH"},{"data":"Strike_MRS","floor":49,"key":"SMITH"}],"circlet_count":0,"master_deck":["AscendersBane","Strike_MRS+1","Defend_MRS+1","MasterSpark+1","6A+1","RefractionSpark+1","CasketOfStar+1","Singularity+1","Master of Strategy+1","FinalSpark+1","MachineGunSpark+1","Singularity+1","OortCloud"],"relics":["MiniHakkero","AmplifyWand","HandDrill","TungstenRod","Old Coin","Oddly Smooth Stone","Blue Candle","Gremlin Horn","Coffee Dripper","Mummified Hand","Torii","Cursed Key","SproutingBranch","CatCart","Red Mask","DollysMirror","Prayer Wheel","Omamori","WingedGreaves","Letter Opener","Bronze Scales","Potion Belt","Pantograph"],"acts_visited":["Exordium","TheCity","TheBeyond","TheEnding"],"potions_floor_usage":[27,27,55,55],"damage_taken":[{"damage":1,"enemies":"Cultist","floor":1,"turns":3},{"damage":6,"enemies":"Jaw Worm","floor":2,"turns":4},{"damage":25,"enemies":"Lagavulin","floor":7,"turns":6},{"damage":31,"enemies":"3 Sentries","floor":10,"turns":9},{"damage":1,"enemies":"2 Louse","floor":12,"turns":2},{"damage":18,"enemies":"Gremlin Nob","floor":14,"turns":4},{"damage":34,"enemies":"Slime Boss","floor":16,"turns":9},{"damage":4,"enemies":"Shell Parasite","floor":18,"turns":3},{"damage":4,"enemies":"Spheric Guardian","floor":19,"turns":3},{"damage":14,"enemies":"Gremlin Leader","floor":27,"turns":4},{"damage":36,"enemies":"Slavers","floor":29,"turns":3},{"damage":14,"enemies":"Snake Plant","floor":31,"turns":2},{"damage":16,"enemies":"Automaton","floor":33,"turns":6},{"damage":0,"enemies":"Orb Walker","floor":35,"turns":3},{"damage":13,"enemies":"Mind Bloom Boss Battle","floor":37,"turns":3},{"damage":23,"enemies":"Orin","floor":38,"turns":5},{"damage":0,"enemies":"Nemesis","floor":45,"turns":3},{"damage":29,"enemies":"Reptomancer","floor":46,"turns":3},{"damage":34,"enemies":"Nemesis","floor":48,"turns":3},{"damage":34,"enemies":"Donu and Deca","floor":50,"turns":5},{"damage":18,"enemies":"Shield and Spear","floor":54,"turns":3},{"damage":89,"enemies":"The Heart","floor":55,"turns":7}],"seed_played":"8179156953475608656","potions_obtained":[{"floor":2,"key":"SmokeBomb"},{"floor":10,"key":"Weak Potion"},{"floor":16,"key":"Explosive Potion"},{"floor":29,"key":"FairyPotion"},{"floor":35,"key":"SteroidPotion"},{"floor":46,"key":"FairyPotion"}],"is_trial":false,"path_per_floor":["M","M","?","?","$","R","E","R","T","E","R","M","?","E","R","B",null,"M","M","?","$","$","R","R","R","T","E","R","E","R","M","R","B",null,"M","$","?","?","?","R","?","R","T","$","E","E","R","E","R","B",null,"R","$","E","B",null],"character_chosen":"MARISA","items_purchased":["AmplifyWand","HandDrill","RefractionSpark","Master of Strategy","MachineGunSpark","DollysMirror","OortCloud","Bronze Scales","PowerPotion","Dexterity Potion"],"campfire_rested":0,"item_purchase_floors":[5,5,5,21,36,44,53,53,53,53],"current_hp_per_floor":[76,70,63,63,63,63,38,38,38,7,7,6,6,66,66,32,71,67,63,84,84,84,84,84,84,84,70,70,34,34,20,20,75,82,82,82,69,84,84,84,84,84,84,84,84,55,55,30,30,73,81,81,81,66,25],"gold":39,"neow_bonus":"TWENTY_PERCENT_HP_BONUS","is_daily":false,"chose_seed":false,"campfire_upgraded":13,"win_rate":0.0,"timestamp":1611829065,"path_taken":["M","M","?","?","?","R","E","R","T","E","R","?","?","E","R","BOSS","M","M","?","$","$","R","R","R","T","E","R","E","R","M","R","BOSS","M","$","?","?","?","R","?","R","T","$","E","E","R","E","R","BOSS","R","$","E","BOSS"],"items_purchased_type":["Relic","Relic","Card","Card","Card","Relic","Card","Relic","Potion","Potion"],"build_version":"2020-12-22","purchased_purges":6,"victory":true,"max_hp_per_floor":[84,84,84,84,84,84,84,84,84,84,84,84,84,84,84,84,84,84,84,84,84,84,84,84,84,84,84,84,84,84,84,84,84,84,84,84,84,84,84,84,84,84,84,84,84,84,84,84,84,84,84,84,84,84,84],"relic_stats":{"Gremlin Horn":[21,21],"Torii":91,"counters":[22,93],"Blue Candle":[9],"Letter Opener":[0],"Cursed Key":1,"Mummified Hand":[52],"Bronze Scales":[105],"Pantograph":18,"Prayer Wheel":0,"HandDrill":[36],"obtain_stats":[{"AmplifyWand":5,"Potion Belt":53,"Gremlin Horn":14,"Torii":29,"Blue Candle":10,"Oddly Smooth Stone":9,"Omamori":46,"SproutingBranch":37,"Letter Opener":48,"Cursed Key":34,"Old Coin":7,"Mummified Hand":27,"DollysMirror":44,"Bronze Scales":53,"Pantograph":54,"Prayer Wheel":45,"WingedGreaves":9,"HandDrill":5,"Coffee Dripper":17,"Red Mask":39,"MiniHakkero":0,"CatCart":38,"TungstenRod":5},{"AmplifyWand":2,"Potion Belt":20,"Gremlin Horn":6,"Torii":11,"Blue Candle":4,"Oddly Smooth Stone":3,"Omamori":18,"SproutingBranch":15,"Letter Opener":19,"Cursed Key":13,"Old Coin":3,"Mummified Hand":10,"DollysMirror":16,"Bronze Scales":20,"Pantograph":21,"Prayer Wheel":17,"WingedGreaves":3,"HandDrill":2,"Coffee Dripper":7,"Red Mask":16,"MiniHakkero":0,"CatCart":16,"TungstenRod":2},{"AmplifyWand":7,"Potion Belt":83,"Gremlin Horn":28,"Torii":50,"Blue Candle":22,"Oddly Smooth Stone":13,"Omamori":75,"SproutingBranch":64,"Letter Opener":78,"Cursed Key":58,"Old Coin":13,"Mummified Hand":47,"DollysMirror":69,"Bronze Scales":83,"Pantograph":86,"Prayer Wheel":72,"WingedGreaves":13,"HandDrill":7,"Coffee Dripper":37,"Red Mask":69,"MiniHakkero":0,"CatCart":69,"TungstenRod":7}],"TungstenRod":102},"card_choices":[{"not_picked":["UnstableBomb","LuminesStrike","GalacticHalo"],"picked":"SKIP","floor":1},{"not_picked":["MilkyWay","WitchOfGreed"],"picked":"6A","floor":2},{"not_picked":["AsteroidBelt","Acceleration"],"picked":"SprinkleStarSeal","floor":7},{"not_picked":["GravityBeat","ShootingEcho"],"picked":"CasketOfStar","floor":10},{"not_picked":["MysteriousBeam","DoubleSpark"],"picked":"Singularity","floor":12},{"not_picked":["GrandCross","Acceleration","6A"],"picked":"SKIP","floor":14},{"not_picked":["NonDirectionalLaser","PowerUp","GravityBeat+1"],"picked":"SKIP","floor":18},{"not_picked":["ShootingEcho","SporeBomb","EventHorizon"],"picked":"SKIP","floor":19},{"not_picked":["MysteriousBeam","LuminesStrike","ShootingEcho"],"picked":"SKIP","floor":27},{"not_picked":["WitchOfGreed+1","BigCrunch","BlazeAway"],"picked":"SKIP","floor":29},{"not_picked":["IllusionStar","MysteriousBeam","Singularity"],"picked":"SKIP","floor":31},{"not_picked":["SatelliteIllusion","EscapeVelocity"],"picked":"FinalSpark","floor":33},{"not_picked":["DoubleSpark","ShootTheMoon","EnergyRecoil+1"],"picked":"SKIP","floor":35},{"not_picked":["TreasureHunter","Acceleration+1","MeteoricShower+1"],"picked":"SKIP","floor":45},{"not_picked":["ChargingUp","SuperPerseids","MilkyWay"],"picked":"SKIP","floor":46},{"not_picked":["ChargingUp","SuperPerseids","MilkyWay"],"picked":"SKIP","floor":46},{"not_picked":["NonDirectionalLaser","UnstableBomb","JA"],"picked":"SKIP","floor":48},{"not_picked":["WitchLeyline","EnergyRecoil","AlicesGift"],"picked":"SKIP","floor":54}],"player_experience":731508,"relics_obtained":[{"floor":7,"key":"Old Coin"},{"floor":9,"key":"Oddly Smooth Stone"},{"floor":10,"key":"Blue Candle"},{"floor":14,"key":"Gremlin Horn"},{"floor":27,"key":"Mummified Hand"},{"floor":29,"key":"Torii"},{"floor":37,"key":"SproutingBranch"},{"floor":38,"key":"CatCart"},{"floor":45,"key":"Prayer Wheel"},{"floor":46,"key":"Omamori"},{"floor":48,"key":"Letter Opener"},{"floor":54,"key":"Pantograph"}],"event_choices":[{"cards_removed":["Strike_MRS"],"damage_healed":0,"gold_gain":0,"player_choice":"Card Removal","damage_taken":7,"max_hp_gain":0,"max_hp_loss":0,"event_name":"Golden Wing","floor":3,"gold_loss":0},{"damage_healed":0,"gold_gain":175,"player_choice":"AGREE","damage_taken":0,"max_hp_gain":0,"max_hp_loss":0,"event_name":"Liars Game","floor":4,"gold_loss":0,"cards_obtained":["Doubt"]},{"cards_removed":["Defend_MRS"],"damage_healed":0,"gold_gain":0,"player_choice":"Card Removal","damage_taken":0,"max_hp_gain":0,"max_hp_loss":0,"event_name":"The Cleric","floor":13,"gold_loss":50},{"cards_removed":["SprinkleStarSeal"],"damage_healed":21,"gold_gain":0,"player_choice":"Offered Uncommon","damage_taken":0,"max_hp_gain":0,"max_hp_loss":0,"event_name":"Bonfire Elementals","floor":20,"gold_loss":0},{"damage_healed":0,"gold_gain":0,"player_choice":"Fight","damage_taken":0,"max_hp_gain":0,"max_hp_loss":0,"event_name":"MindBloom","floor":37,"gold_loss":0},{"damage_healed":0,"gold_gain":0,"player_choice":"Fight","damage_taken":0,"max_hp_gain":0,"max_hp_loss":0,"event_name":"OrinTheCat","floor":38,"gold_loss":0},{"damage_healed":0,"gold_gain":0,"player_choice":"Ignored","damage_taken":0,"max_hp_gain":0,"max_hp_loss":0,"event_name":"Tomb of Lord Red Mask","floor":39,"gold_loss":0},{"cards_removed":["UpSweep"],"damage_healed":0,"gold_gain":0,"player_choice":"Removed Attack","damage_taken":0,"max_hp_gain":0,"max_hp_loss":0,"event_name":"Falling","floor":41,"gold_loss":0}],"is_beta":false,"boss_relics":[{"not_picked":["Runic Pyramid","Black Star"],"picked":"Coffee Dripper"},{"not_picked":["Sozu","Philosopher\u0027s Stone"],"picked":"Cursed Key"}],"items_purged_floors":[5,21,22,36,44,53],"is_endless":false,"potions_floor_spawned":[2,10,16,29,35,45,46,54],"ascension_level":14}}