{"host":"iimv3xr0scyjt3cx","time":1611871357,"event":{"mods":["BaseMod","Hermit","Minty Spire (QoL Compilation)","Replay The Spire","StSLib","The Bladedancer","The Bug Knight","The Cursed","The Judge","The Necromancer","The Senshi","The Servant 0.9.4","The Wild Card"],"gold_per_floor":[113,113,124,144,110,142,157,192,218,18,18,18,18,58,58,178,178,168,192,117,117,5,5,43,43,89,108,122,158,179,129,129,259,259,274,299,318,46,46,77,77,0,0,0,0,16,32,32,32,32,32],"floor_reached":50,"language":"ENG","playtime":4227,"items_purged":["Decay"],"score":603,"play_id":"85ce1533-a4f9-4c73-aeb1-c3e3bb90bb0b","local_time":"20210128230237","is_ascension_mode":false,"campfire_choices":[{"data":"Necromantic_Selection","floor":12.0,"key":"SMITH"},{"data":"Summon_Undead","floor":15.0,"key":"SMITH"},{"data":"Corrupt","floor":23,"key":"SMITH"},{"data":"Blood_for_Blood","floor":25,"key":"SMITH"},{"floor":32,"key":"REST"},{"floor":41,"key":"RECALL"},{"data":"Summon_Undead_Army","floor":45,"key":"SMITH"},{"data":"Summon_Vampire_Lady","floor":49,"key":"SMITH"}],"circlet_count":0,"master_deck":["Strike_W","Strike_W","Strike_W","Strike_W","Defend_W","Defend_W","Defend_W","Defend_W","Negative_Energy_Arrows","Bone_Wall","Flesh_Made_Foul","Corrupt+1","Uncharnel","Bone_Prison","Requiem","Summon_Undead+1","Necromantic_Selection+1","Spectral_Armor","Blood_for_Blood+1","Negative_Energy_Javelin","Grasp_Heart","Negative_Energy_Mist","Blood_Is_Power","Summon_Lich+1","Consume_Illness+1","Bone_Prison","Epidemic+1","Summon_Vampire_Lady+1","Plague_Bolt+1","Vampiric_Strike+1","Summon_Vampire_Lady","ReplayTheSpireMod:Private Reserves","Summon_Undead_Army+1","Parasite","Scare+1"],"relics":["Vampire_Amulet","NeowsBlessing","PreservedInsect","Orichalcum","BargainBundle","Golden Idol","Strawberry","ChewingGum","Bag of Preparation","Potion Belt","ReplayTheSpireMod:Shallot","SlaversCollar","Replay:Wax Seal","Kunai","Mummified Hand","Red Mask","Anchor"],"acts_visited":["Exordium","TheCity","TheBeyond"],"potions_floor_usage":[18,33,50,50,50,50],"damage_taken":[{"damage":0.0,"enemies":"2 Louse","floor":1.0,"turns":1.0},{"damage":0.0,"enemies":"Cultist","floor":3.0,"turns":1.0},{"damage":0.0,"enemies":"Small Slimes","floor":4.0,"turns":1.0},{"damage":29.0,"enemies":"Lagavulin","floor":6.0,"turns":9.0},{"damage":8.0,"enemies":"Looter","floor":7.0,"turns":4.0},{"damage":17.0,"enemies":"3 Sentries","floor":8.0,"turns":4.0},{"damage":0.0,"enemies":"Lagavulin","floor":14.0,"turns":6.0},{"damage":51.0,"enemies":"The Guardian","floor":16.0,"turns":18.0},{"damage":10,"enemies":"2 Thieves","floor":18,"turns":5},{"damage":0,"enemies":"Shell Parasite","floor":19,"turns":5},{"damage":7,"enemies":"Gremlin Leader","floor":24,"turns":6},{"damage":17,"enemies":"Snecko","floor":27,"turns":6},{"damage":35,"enemies":"Snake Plant","floor":28,"turns":5},{"damage":10,"enemies":"Book of Stabbing","floor":29,"turns":4},{"damage":11,"enemies":"Shelled Parasite and Fungi","floor":30,"turns":5},{"damage":37,"enemies":"Champ","floor":33,"turns":11},{"damage":2,"enemies":"3 Shapes","floor":35,"turns":3},{"damage":12,"enemies":"3 Darklings","floor":36,"turns":6},{"damage":6,"enemies":"Transient","floor":37,"turns":5},{"damage":34,"enemies":"Reptomancer","floor":40,"turns":6},{"damage":30,"enemies":"Writhing Mass","floor":46,"turns":5},{"damage":18,"enemies":"Jaw Worm Horde","floor":47,"turns":6},{"damage":115,"enemies":"Awakened One","floor":50,"turns":10}],"seed_played":"5257599618930875140","potions_obtained":[{"floor":2.0,"key":"CultistPotion"},{"floor":2.0,"key":"LifebloodPotion"},{"floor":2.0,"key":"Fire Potion"},{"floor":7.0,"key":"FearPotion"},{"floor":14.0,"key":"Languid Potion"},{"floor":16.0,"key":"Swift Potion"},{"floor":18,"key":"Milkshake"},{"floor":28,"key":"SpeedPotion"},{"floor":29,"key":"Ancient Potion"},{"floor":33,"key":"Elixir"},{"floor":37,"key":"EssenceOfSteel"},{"floor":40,"key":"LifebloodPotion"}],"is_trial":false,"path_per_floor":["M","?","M","M","$","E","M","E","T","$","?","R","?","E","R","B",null,"M","M","?","?","$","R","E","R","T","M","M","E","M","?","R","B",null,"M","M","M","$","?","E","R","?","T","$","R","M","M","?","R","B"],"character_chosen":"NECROMANCER","items_purchased":["Bone_Prison","BargainBundle","Spectral_Armor","Blood_for_Blood","Finger_Of_Death+1","Replay:Wax Seal","Kunai"],"campfire_rested":1,"item_purchase_floors":[5,10,10,10,22,38,38],"current_hp_per_floor":[75,75,75,75,75,48,42,31,31,31,31,31,31,40,40,30,82,77,82,82,82,82,82,82,82,82,67,37,29,25,25,49,17,82,82,82,82,82,82,65,65,65,65,65,65,72,64,64,64,0,0],"gold":32,"neow_bonus":"THREE_ENEMY_KILL","is_daily":false,"chose_seed":false,"campfire_upgraded":6,"win_rate":0.0,"timestamp":1611871357,"path_taken":["M","?","?","M","?","E","M","E","T","$","?","R","?","E","R","BOSS","M","M","?","?","$","R","E","R","T","M","?","E","M","?","R","BOSS","M","M","M","$","?","E","R","?","T","?","R","?","M","?","R","BOSS"],"items_purchased_type":["Card","Relic","Card","Card","Card","Relic","Relic"],"build_version":"2020-12-22","purchased_purges":1,"victory":false,"max_hp_per_floor":[75,75,75,75,75,75,75,75,75,75,75,75,75,82,82,82,82,82,82,82,82,82,82,82,82,82,82,82,82,82,82,82,82,82,82,82,82,82,82,82,82,82,82,82,82,82,82,82,82,82,82],"card_choices":[{"not_picked":["Bone_Armor","Bone_Shift"],"picked":"Flesh_Made_Foul","floor":1.0},{"not_picked":["Bone_Shift","Vampiric_Strike"],"picked":"Corrupt","floor":3.0},{"not_picked":["Deaths_Shadow","Shackles_Of_Pain"],"picked":"Uncharnel","floor":4.0},{"not_picked":["Slay_Living","Detonate_Bones"],"picked":"Requiem","floor":6.0},{"not_picked":["Death_March_Dance","Bones_to_Steel"],"picked":"Summon_Undead","floor":7.0},{"not_picked":["Bone_Armor","Death_Coil"],"picked":"Necromantic_Selection","floor":8.0},{"not_picked":["Pandemic","Thousand_Bone_Knives"],"picked":"Negative_Energy_Javelin","floor":14.0},{"not_picked":["Skeleton_Dragon","Blood_Magic"],"picked":"Grasp_Heart","floor":16.0},{"not_picked":["Bone_Armory+1","Slay_Living"],"picked":"Negative_Energy_Mist","floor":18},{"not_picked":["Necromantic_Selection+1","Bone_Armory+1"],"picked":"Blood_Is_Power","floor":19},{"not_picked":["Reap_The_Weak","Chill_Blood"],"picked":"Summon_Lich+1","floor":24},{"not_picked":["Bone_Armor","Summon_Lich+1"],"picked":"Consume_Illness+1","floor":27},{"not_picked":["Chill_Blood+1","Negative_Energy_Sphere"],"picked":"Bone_Prison","floor":28},{"not_picked":["Bone_Spikes","Detonate_Bones","Bones_to_Steel"],"picked":"SKIP","floor":29},{"not_picked":["Bone_Bullets","Blood_Whip+1"],"picked":"Epidemic+1","floor":30},{"not_picked":["Cloudkill","Reap_The_Weak"],"picked":"Summon_Vampire_Lady","floor":33},{"not_picked":["Blood_Curse+1","Blood_Whip+1"],"picked":"Plague_Bolt+1","floor":35},{"not_picked":["Negative_Energy_Javelin","Whirlwind_of_Bones+1"],"picked":"Vampiric_Strike+1","floor":36},{"not_picked":["Negative_Energy_Javelin","Bone_Shift+1"],"picked":"Summon_Vampire_Lady","floor":37},{"not_picked":["PanicButton","Dramatic Entrance"],"picked":"ReplayTheSpireMod:Private Reserves","floor":39},{"not_picked":["Summon_Vampire_Lady","Necrotic_Claws+1"],"picked":"Summon_Undead_Army","floor":40},{"not_picked":["Vampiric_Strike","Death_March_Dance"],"picked":"Scare+1","floor":46},{"not_picked":["Bone_Bullets","Pandemic+1","Summon_Lich"],"picked":"SKIP","floor":47}],"player_experience":496788,"relics_obtained":[{"floor":6.0,"key":"PreservedInsect"},{"floor":8.0,"key":"Orichalcum"},{"floor":14.0,"key":"Strawberry"},{"floor":24,"key":"Bag of Preparation"},{"floor":26,"key":"Potion Belt"},{"floor":29,"key":"ReplayTheSpireMod:Shallot"},{"floor":40,"key":"Mummified Hand"},{"floor":43,"key":"Anchor"}],"event_choices":[{"damage_healed":0.0,"max_hp_gain":0.0,"max_hp_loss":0.0,"gold_gain":0.0,"event_name":"Lab","player_choice":"Got Potions","floor":2.0,"gold_loss":0.0,"damage_taken":0.0},{"damage_healed":0.0,"max_hp_gain":0.0,"max_hp_loss":0.0,"gold_gain":0.0,"event_name":"Golden Idol","player_choice":"Take Wound","floor":11.0,"gold_loss":0.0,"damage_taken":0.0,"relics_obtained":["Golden Idol"],"cards_obtained":["Injury"]},{"damage_healed":0.0,"max_hp_gain":0.0,"max_hp_loss":0.0,"gold_gain":0.0,"event_name":"NoteForYourself","player_choice":"Ignored","floor":13.0,"gold_loss":0.0,"damage_taken":0.0},{"cards_removed":["Injury"],"damage_healed":0,"gold_gain":0,"player_choice":"Gave Gold","damage_taken":0,"max_hp_gain":0,"max_hp_loss":0,"event_name":"Beggar","floor":20,"gold_loss":75},{"damage_healed":0,"gold_gain":0,"player_choice":"Cursed","damage_taken":0,"max_hp_gain":0,"max_hp_loss":0,"event_name":"Wheel of Change","floor":21,"gold_loss":0,"cards_obtained":["Decay"]},{"damage_healed":0,"gold_gain":0,"player_choice":"Bet on Murderer","damage_taken":0,"max_hp_gain":0,"max_hp_loss":0,"event_name":"The Joust","floor":31,"gold_loss":50},{"damage_healed":0,"gold_gain":0,"player_choice":"Memory 1","damage_taken":0,"max_hp_gain":0,"max_hp_loss":0,"event_name":"SensoryStone","floor":39,"gold_loss":0},{"damage_healed":0,"gold_gain":0,"player_choice":"Paid","damage_taken":0,"relics_obtained":["Red Mask"],"max_hp_gain":0,"max_hp_loss":0,"event_name":"Tomb of Lord Red Mask","floor":42,"gold_loss":77},{"cards_removed":["Finger_Of_Death"],"damage_healed":0,"gold_gain":0,"player_choice":"Removed Attack","damage_taken":0,"max_hp_gain":0,"max_hp_loss":0,"event_name":"Falling","floor":48,"gold_loss":0}],"is_beta":false,"boss_relics":[{"not_picked":["Replay:Ancient Bell","Cursed Key"],"picked":"ChewingGum"},{"not_picked":["Honey Jar","Ring of Chaos"],"picked":"SlaversCollar"}],"items_purged_floors":[22],"is_endless":false,"potions_floor_spawned":[4,7,14,16,18,28,29,33,37,40],"killed_by":"Awakened One","ascension_level":0}}