{"host":"zk71suw73lg2r165","time":1611850982,"event":{"mods":["BaseMod","Colored Map","Minty Spire (QoL Compilation)","Permanent Neow","Relic Stats","StSLib"],"gold_per_floor":[362,362,374,299,314,340,360,360,360,360,109,137,137,169,169,241,241,255,267,10,10,10,10,10,30,30,30,30],"floor_reached":27,"language":"ENG","playtime":644,"items_purged":[],"score":508,"play_id":"562bafab-6a88-4535-b16b-456d8cf0f68d","local_time":"20210128112302","is_ascension_mode":true,"campfire_choices":[{"floor":8,"key":"REST"},{"data":"FTL","floor":10,"key":"SMITH"},{"data":"Sunder","floor":15,"key":"SMITH"},{"data":"Self Repair","floor":23,"key":"SMITH"}],"circlet_count":0,"master_deck":["AscendersBane","Defend_B","Defend_B","Defend_B","Defend_B","Zap","Dualcast","Compile Driver+1","Cold Snap","Ball Lightning","FTL+1","Sunder+1","Steam Power+1","Leap+1","Creative AI","Defragment","Capacitor","Self Repair+1","Apotheosis+1","Blizzard","FTL","Writhe","Shame"],"relics":["Cracked Core","Mummified Hand","HornCleat","PreservedInsect","Toxic Egg 2","Singing Bowl","Cursed Key","Emotion Chip","White Beast Statue"],"acts_visited":["Exordium","TheCity"],"potions_floor_usage":[16,25],"damage_taken":[{"damage":0,"enemies":"Small Slimes","floor":1,"turns":2},{"damage":0,"enemies":"Cultist","floor":3,"turns":3},{"damage":7,"enemies":"Jaw Worm","floor":5,"turns":4},{"damage":35,"enemies":"3 Sentries","floor":6,"turns":7},{"damage":6,"enemies":"Looter","floor":7,"turns":3},{"damage":0,"enemies":"Gremlin Nob","floor":12,"turns":3},{"damage":8,"enemies":"3 Sentries","floor":14,"turns":4},{"damage":13,"enemies":"Slime Boss","floor":16,"turns":12},{"damage":22,"enemies":"Shell Parasite","floor":18,"turns":4},{"damage":0,"enemies":"Spheric Guardian","floor":19,"turns":3},{"damage":24,"enemies":"Snake Plant","floor":25,"turns":3},{"damage":17,"enemies":"Slavers","floor":27,"turns":1}],"seed_played":"9024714329505181302","potions_obtained":[{"floor":1,"key":"PotionOfCapacity"},{"floor":12,"key":"Weak Potion"},{"floor":18,"key":"AttackPotion"},{"floor":25,"key":"Strength Potion"}],"is_trial":false,"path_per_floor":["M","?","M","?","M","E","M","R","T","R","$","E","?","E","R","B",null,"M","M","$","?","T","R","?","M","T","E"],"character_chosen":"DEFECT","items_purchased":["PreservedInsect","Sunder","Self Repair","Apotheosis+1"],"campfire_rested":1,"item_purchase_floors":[11,11,20,20],"current_hp_per_floor":[64,64,64,64,57,22,16,35,35,35,35,35,35,27,27,14,52,30,30,30,30,30,30,30,8,8,0,0],"gold":30,"neow_bonus":"TWO_FIFTY_GOLD","is_daily":false,"chose_seed":false,"campfire_upgraded":3,"win_rate":0.0,"timestamp":1611850982,"path_taken":["M","?","?","?","M","E","M","R","T","R","$","E","?","E","R","BOSS","M","?","$","?","?","R","?","M","T","E"],"items_purchased_type":["Relic","Card","Card","Card"],"build_version":"2020-12-22","purchased_purges":0,"victory":false,"max_hp_per_floor":[64,64,64,64,64,64,64,64,64,64,64,64,64,64,64,64,64,64,64,64,64,64,64,64,66,66,66,66],"relic_stats":{"Emotion Chip":[2,2,0,0,0],"Singing Bowl":2,"counters":[12,49],"Mummified Hand":[9],"PreservedInsect":96,"Cursed Key":2,"obtain_stats":[{"Emotion Chip":22,"HornCleat":9,"Singing Bowl":14,"Mummified Hand":6,"PreservedInsect":11,"Toxic Egg 2":12,"Cracked Core":0,"Cursed Key":17,"White Beast Statue":26},{"Emotion Chip":10,"HornCleat":5,"Singing Bowl":7,"Mummified Hand":4,"PreservedInsect":5,"Toxic Egg 2":6,"Cracked Core":0,"Cursed Key":8,"White Beast Statue":11},{"Emotion Chip":45,"HornCleat":19,"Singing Bowl":26,"Mummified Hand":16,"PreservedInsect":19,"Toxic Egg 2":22,"Cracked Core":0,"Cursed Key":38,"White Beast Statue":48}]},"card_choices":[{"not_picked":["Chaos","Barrage"],"picked":"Compile Driver","floor":1},{"not_picked":["Steam","Gash"],"picked":"Cold Snap","floor":3},{"not_picked":["Compile Driver","Redo"],"picked":"Ball Lightning","floor":5},{"not_picked":["Beam Cell","Barrage"],"picked":"FTL","floor":6},{"not_picked":["Blizzard","Compile Driver","Streamline"],"picked":"SKIP","floor":7},{"not_picked":["Turbo+1","Sweeping Beam"],"picked":"Steam Power+1","floor":12},{"not_picked":["Recycle+1","Cold Snap"],"picked":"Leap+1","floor":14},{"not_picked":["Buffer","Seek+1"],"picked":"Creative AI","floor":16},{"not_picked":["Reinforced Body+1","Beam Cell"],"picked":"Defragment","floor":18},{"not_picked":["Cold Snap","Barrage"],"picked":"Capacitor","floor":19},{"not_picked":["Cold Snap","Chill+1","Hello World"],"picked":"Singing Bowl","floor":25}],"player_experience":1396136,"relics_obtained":[{"floor":6,"key":"Mummified Hand"},{"floor":9,"key":"HornCleat"},{"floor":12,"key":"Toxic Egg 2"},{"floor":14,"key":"Singing Bowl"},{"floor":22,"key":"Emotion Chip"},{"floor":26,"key":"White Beast Statue"}],"event_choices":[{"damage_healed":0,"gold_gain":0,"player_choice":"Upgraded","damage_taken":0,"max_hp_gain":0,"max_hp_loss":0,"event_name":"Upgrade Shrine","floor":2,"gold_loss":0,"cards_upgraded":["Compile Driver"]},{"cards_removed":["Strike_B"],"damage_healed":0,"gold_gain":0,"player_choice":"Card Removal","damage_taken":0,"max_hp_gain":0,"max_hp_loss":0,"event_name":"The Cleric","floor":4,"gold_loss":75},{"cards_removed":["Strike_B"],"damage_healed":0,"gold_gain":0,"player_choice":"Offered Basic","damage_taken":0,"max_hp_gain":0,"max_hp_loss":0,"event_name":"Bonfire Elementals","floor":13,"gold_loss":0},{"damage_healed":0,"gold_gain":0,"cards_transformed":["Strike_B","Strike_B"],"player_choice":"Became Test Subject","damage_taken":0,"max_hp_gain":0,"max_hp_loss":0,"event_name":"Drug Dealer","floor":21,"gold_loss":0,"cards_obtained":["Blizzard","FTL"]}],"is_beta":false,"boss_relics":[{"not_picked":["Empty Cage","SacredBark"],"picked":"Cursed Key"}],"items_purged_floors":[],"is_endless":false,"potions_floor_spawned":[1,12,18,25],"killed_by":"Slavers","ascension_level":20}}