{"host":"yqw1zpryoutrnocq","time":1611870047,"event":{"mods":["2.2 Compatiblity","AchievementEnabler","BaseMod","Colored Map","Custom Start","DeckTracker","Minty Spire (QoL Compilation)","Replay The Spire","StSLib","SuperFastMode"],"gold_per_floor":[110,128,147,31,50,79,92,119,119,119,25,50,50,50,50,147,197,209,209,209,226,236,236,236,236],"floor_reached":24,"language":"KOR","playtime":733,"items_purged":[],"score":227,"play_id":"a7b31931-1415-40eb-b91b-0195270658f1","local_time":"20210128154047","is_ascension_mode":true,"campfire_choices":[{"floor":10,"key":"REST"},{"data":"Genetic Algorithm","floor":13,"key":"SMITH"},{"data":"Crystallizer","floor":13,"key":"SMITH"},{"floor":15,"key":"REST"},{"data":"Echo Form","floor":23,"key":"SMITH"},{"data":"White Noise","floor":23,"key":"SMITH"}],"circlet_count":0,"master_deck":["Strike_B","Strike_B","Strike_B","Defend_B","Defend_B","Defend_B","Defend_B","Zap","Dualcast","Genetic Algorithm+1","Cold Snap","Consume","Crystallizer+1","Hologram","ReplayTheSpireMod:Calculation Training+1","Electrodynamics","Hologram","Steam","Leap","White Noise+1","Echo Form+1","Turbo","Auto Shields+1","Panic Button","Compile Driver+1"],"relics":["Cracked Core","NeowsBlessing","Lantern","Replay:Arrowhead","Potion Belt","Pen Nib","Tiny House"],"acts_visited":["Exordium","TheCity"],"potions_floor_usage":[6,7,12,12,18,22,24,24],"damage_taken":[{"damage":0,"enemies":"Small Slimes","floor":1,"turns":1},{"damage":0,"enemies":"Jaw Worm","floor":2,"turns":1},{"damage":0,"enemies":"2 Louse","floor":3,"turns":1},{"damage":8,"enemies":"Exordium Thugs","floor":5,"turns":4},{"damage":48,"enemies":"Gremlin Nob","floor":6,"turns":6},{"damage":6,"enemies":"Red Slaver","floor":7,"turns":2},{"damage":11,"enemies":"3 Sentries","floor":8,"turns":3},{"damage":9,"enemies":"Lagavulin","floor":12,"turns":8},{"damage":5,"enemies":"Hexaghost","floor":16,"turns":12},{"damage":14,"enemies":"Shell Parasite","floor":18,"turns":7},{"damage":37,"enemies":"Spheric Guardian","floor":21,"turns":8},{"damage":0,"enemies":"Chosen and Byrds","floor":22,"turns":4},{"damage":31,"enemies":"Gremlin Leader","floor":24,"turns":2}],"seed_played":"-2171975220490802756","potions_obtained":[{"floor":1,"key":"ColorlessPotion"},{"floor":5,"key":"Fire Potion"},{"floor":7,"key":"Swift Potion"},{"floor":8,"key":"Ancient Potion"},{"floor":12,"key":"Milkshake"},{"floor":16,"key":"Block Potion"},{"floor":17,"key":"Ancient Potion"},{"floor":20,"key":"EssenceOfDarkness"},{"floor":20,"key":"Milkshake"},{"floor":21,"key":"DuplicationPotion"},{"floor":22,"key":"GamblersBrew"}],"is_trial":false,"path_per_floor":["M","M","M","$","M","E","M","E","T","R","$","E","R","?","R","B",null,"M","?","?","M","M","R","E"],"character_chosen":"DEFECT","items_purchased":["Crystallizer","Hologram","Block Potion","Leap"],"campfire_rested":2,"item_purchase_floors":[4,4,11,11],"current_hp_per_floor":[75,75,75,75,67,19,13,2,2,24,24,15,15,15,37,32,80,66,66,66,29,29,29,0,0],"gold":236,"neow_bonus":"THREE_ENEMY_KILL","is_daily":false,"chose_seed":false,"campfire_upgraded":4,"win_rate":0.0,"timestamp":1611870047,"path_taken":["M","M","M","$","M","E","M","E","T","R","$","E","R","?","R","BOSS","M","?","?","M","M","R","E"],"items_purchased_type":["Card","Card","Potion","Card"],"build_version":"2020-12-22","purchased_purges":0,"victory":false,"max_hp_per_floor":[75,75,75,75,75,75,75,75,75,75,75,75,75,75,75,75,80,80,80,80,80,80,80,80,80],"card_choices":[{"not_picked":["ReplayGash","Tempest"],"picked":"Genetic Algorithm","floor":1},{"not_picked":["Steam","Recycle"],"picked":"Cold Snap","floor":2},{"not_picked":["Conserve Battery","Stack"],"picked":"Consume","floor":3},{"not_picked":["ReplayTheSpireMod:GoodbyeWorld","ReplayTheSpireMod:Reroute Power"],"picked":"ReplayTheSpireMod:Calculation Training","floor":5},{"not_picked":["Gash","Undo"],"picked":"Electrodynamics","floor":6},{"not_picked":["Consume","Sweeping Beam"],"picked":"Hologram","floor":7},{"not_picked":["Sweeping Beam","Fusion"],"picked":"Steam","floor":8},{"not_picked":["Go for the Eyes","Compile Driver"],"picked":"White Noise","floor":12},{"not_picked":["ReplayTheSpireMod:Omega Cannon","Buffer"],"picked":"Echo Form","floor":16},{"not_picked":["Ball Lightning","Redo"],"picked":"Turbo","floor":17},{"not_picked":["Go for the Eyes","Barrage"],"picked":"Auto Shields+1","floor":18},{"not_picked":["Consume","Ball Lightning"],"picked":"Panic Button","floor":21},{"not_picked":["Hologram","Gash+1"],"picked":"Compile Driver+1","floor":22}],"player_experience":234634,"relics_obtained":[{"floor":6,"key":"Lantern"},{"floor":8,"key":"Replay:Arrowhead"},{"floor":9,"key":"Potion Belt"},{"floor":12,"key":"Pen Nib"}],"event_choices":[{"cards_removed":["Strike_B"],"damage_healed":0,"gold_gain":0,"player_choice":"Forget","damage_taken":0,"max_hp_gain":0,"max_hp_loss":0,"event_name":"Living Wall","floor":14,"gold_loss":0},{"damage_healed":0,"gold_gain":0,"player_choice":"Ignored","damage_taken":0,"max_hp_gain":0,"max_hp_loss":0,"event_name":"Vampires","floor":19,"gold_loss":0},{"damage_healed":0,"gold_gain":0,"player_choice":"Got Potions","damage_taken":0,"max_hp_gain":0,"max_hp_loss":0,"event_name":"Lab","floor":20,"gold_loss":0}],"is_beta":false,"boss_relics":[{"not_picked":["ReplayTheSpireMod:DimensionalGlitch","Snecko Eye"],"picked":"Tiny House"}],"items_purged_floors":[],"is_endless":false,"potions_floor_spawned":[1,5,7,8,12,16,21,22],"killed_by":"Gremlin Leader","ascension_level":1}}