{"host":"uv5ws9rdk87e8i5k","time":1611857708,"event":{"mods":["AchievementEnabler","BaseMod","Colored Map","Minty Spire (QoL Compilation)","Permanent Neow","Quick Restart","StSLib","SuperFastMode","The Animator","The Cursed","The Hierophant","The Necromancer"],"gold_per_floor":[110,123,133,143,159,192,192,221,273,284,302,314,314,339,339,339,339],"floor_reached":16,"language":"ENG","playtime":451,"items_purged":[],"score":221,"play_id":"7bb6a1c9-38d4-4742-9f3d-29ecb0a44b67","local_time":"20210128121508","is_ascension_mode":true,"campfire_choices":[{"floor":7.0,"key":"REST"},{"floor":15.0,"key":"REST"}],"circlet_count":0,"master_deck":["AscendersBane","Strike_W","Strike_W","Strike_W","Strike_W","Defend_W","Defend_W","Defend_W","Defend_W","Negative_Energy_Arrows","Bone_Wall","Summon_Death_Knight","Negative_Energy_Sphere","Siphon_Strength","Bone_Prison","Regret"],"relics":["Vampire_Amulet","Pen Nib","Tiny Chest","Ancient Tea Set","Gremlin Horn","Happy Flower"],"acts_visited":["Exordium"],"potions_floor_usage":[16],"damage_taken":[{"damage":1.0,"enemies":"Cultist","floor":1.0,"turns":4.0},{"damage":9.0,"enemies":"Small Slimes","floor":2.0,"turns":4.0},{"damage":10.0,"enemies":"2 Louse","floor":3.0,"turns":3.0},{"damage":20.0,"enemies":"Large Slime","floor":4.0,"turns":8.0},{"damage":11.0,"enemies":"3 Louse","floor":5.0,"turns":4.0},{"damage":19.0,"enemies":"Lagavulin","floor":6.0,"turns":7.0},{"damage":22.0,"enemies":"Gremlin Nob","floor":8.0,"turns":6.0},{"damage":10.0,"enemies":"Gremlin Gang","floor":10.0,"turns":5.0},{"damage":10.0,"enemies":"Large Slime","floor":11.0,"turns":5.0},{"damage":4.0,"enemies":"3 Louse","floor":12.0,"turns":3.0},{"damage":17.0,"enemies":"Lagavulin","floor":14.0,"turns":9.0},{"damage":47,"enemies":"Slime Boss","floor":16,"turns":9}],"seed_played":"-6977014775358672254","potions_obtained":[{"floor":1.0,"key":"Energy Potion"},{"floor":2.0,"key":"Ancient Potion"},{"floor":4.0,"key":"FairyPotion"},{"floor":5.0,"key":"Strength Potion"},{"floor":12.0,"key":"LiquidBronze"}],"is_trial":false,"path_per_floor":["M","M","M","M","M","E","R","E","T","M","M","M","?","E","R","B"],"character_chosen":"NECROMANCER","items_purchased":[],"campfire_rested":2,"item_purchase_floors":[],"current_hp_per_floor":[65,60,54,38,33,16,37,17,17,15,9,11,11,18,39,0,0],"gold":339,"neow_bonus":"ONE_RANDOM_RARE_CARD","is_daily":false,"chose_seed":false,"campfire_upgraded":0,"win_rate":0.0,"timestamp":1611857708,"path_taken":["M","M","M","M","M","E","R","E","T","M","M","?","?","E","R","BOSS"],"items_purchased_type":[],"build_version":"2020-12-22","purchased_purges":0,"victory":false,"max_hp_per_floor":[71,71,71,71,71,71,71,71,71,71,71,71,71,71,71,71,71],"card_choices":[{"not_picked":["Whirlwind_of_Bones","Blood_Is_Power","Bones_to_Steel"],"picked":"SKIP","floor":1.0},{"not_picked":["Death_Coil","Strike_from_Beyond","Bone_Armor"],"picked":"SKIP","floor":2.0},{"not_picked":["Blood_Is_Power","Toxic_Smoke_Screen","Death_March_Dance"],"picked":"SKIP","floor":3.0},{"not_picked":["Consume_Illness","Shackles_Of_Pain","Bone_Bullets"],"picked":"SKIP","floor":4.0},{"not_picked":["Blood_Shield","Finger_Of_Death"],"picked":"Negative_Energy_Sphere","floor":5.0},{"not_picked":["Blood_Curse","Slay_Living"],"picked":"Siphon_Strength","floor":6.0},{"not_picked":["Violent_Necrosis","Pandemic","Blood_Is_Power"],"picked":"SKIP","floor":8.0},{"not_picked":["Death_Coil","Blood_Shield"],"picked":"Bone_Prison","floor":10.0},{"not_picked":["Bone_Bullets","Bone_Armory","Bone_Armor"],"picked":"SKIP","floor":11.0},{"not_picked":["Negative_Energy_Mist","Death_Knell","Blood_Curse"],"picked":"SKIP","floor":12.0},{"not_picked":["Finger_Of_Death","Bone_Shift","Blood_Whip"],"picked":"SKIP","floor":14.0}],"player_experience":306783,"relics_obtained":[{"floor":6.0,"key":"Pen Nib"},{"floor":8.0,"key":"Tiny Chest"},{"floor":9.0,"key":"Ancient Tea Set"},{"floor":14.0,"key":"Happy Flower"}],"event_choices":[{"damage_healed":0.0,"max_hp_gain":0.0,"max_hp_loss":0.0,"gold_gain":0.0,"event_name":"Big Fish","player_choice":"Box","floor":13.0,"gold_loss":0.0,"damage_taken":0.0,"relics_obtained":["Gremlin Horn"],"cards_obtained":["Regret"]}],"is_beta":false,"boss_relics":[],"items_purged_floors":[],"is_endless":false,"potions_floor_spawned":[1,2,4,5,12],"killed_by":"Slime Boss","ascension_level":15}}