{"host":"pe7ycb8t2t906so2","time":1611793025,"event":{"mods":["BaseMod","Colored Map","Highlight Path","Minty Spire (QoL Compilation)"],"gold_per_floor":[115,115,40,40,64,105,105,118,118,137,137,152,165,2,2,95,95,116,116,116],"floor_reached":19,"language":"FRA","playtime":882,"items_purged":["Strike_P"],"score":359,"play_id":"660099c3-151b-4396-bf95-b83860faeafd","local_time":"20210127191705","is_ascension_mode":true,"campfire_choices":[{"data":"Eruption","floor":7,"key":"SMITH"},{"data":"TalkToTheHand","floor":11,"key":"SMITH"},{"data":"Vigilance","floor":15,"key":"SMITH"}],"circlet_count":0,"master_deck":["AscendersBane","Strike_P","Strike_P+1","Strike_P+1","Defend_P","Defend_P+1","Defend_P","Defend_P","Eruption+1","Vigilance+1","TalkToTheHand+1","EmptyFist","CutThroughFate","CutThroughFate","Evaluate+1","Wallop+1","DevaForm","CurseOfTheBell","ReachHeaven"],"relics":["PureWater","NeowsBlessing","Golden Idol","Pear","Toxic Egg 2","Whetstone","Calling Bell","Ancient Tea Set","Pantograph","CloakClasp"],"acts_visited":["Exordium","TheCity"],"potions_floor_usage":[16,16],"damage_taken":[{"damage":0,"enemies":"Cultist","floor":1,"turns":1},{"damage":0,"enemies":"Small Slimes","floor":5,"turns":2},{"damage":0,"enemies":"Gremlin Nob","floor":6,"turns":1},{"damage":2,"enemies":"Jaw Worm","floor":8,"turns":4},{"damage":1,"enemies":"3 Louse","floor":10,"turns":3},{"damage":0,"enemies":"Looter","floor":12,"turns":3},{"damage":0,"enemies":"Blue Slaver","floor":13,"turns":3},{"damage":42,"enemies":"Slime Boss","floor":16,"turns":9},{"damage":23,"enemies":"3 Byrds","floor":18,"turns":7},{"damage":23,"enemies":"Shell Parasite","floor":19,"turns":2}],"seed_played":"-5650543396601018523","potions_obtained":[{"floor":1,"key":"GamblersBrew"},{"floor":8,"key":"Block Potion"},{"floor":16,"key":"FairyPotion"}],"is_trial":false,"path_per_floor":["M","?","$","?","M","E","R","M","T","M","R","M","M","$","R","B",null,"M","M"],"character_chosen":"WATCHER","items_purchased":["Whetstone"],"campfire_rested":0,"item_purchase_floors":[14],"current_hp_per_floor":[61,41,41,41,41,51,51,49,49,48,48,48,48,48,48,6,56,33,10,10],"gold":116,"neow_bonus":"THREE_ENEMY_KILL","is_daily":false,"chose_seed":false,"campfire_upgraded":3,"win_rate":0.0,"timestamp":1611793025,"path_taken":["M","?","$","?","M","E","R","M","T","M","R","M","?","$","R","BOSS","M","M"],"items_purchased_type":["Relic"],"build_version":"2020-12-22","purchased_purges":1,"victory":false,"max_hp_per_floor":[68,68,68,62,62,72,72,72,72,72,72,72,72,72,72,72,72,72,72,72],"card_choices":[{"not_picked":["FlyingSleeves","ClearTheMind"],"picked":"TalkToTheHand","floor":1},{"not_picked":["CarveReality","Fasting2"],"picked":"EmptyFist","floor":5},{"not_picked":["Prostrate","EmptyFist"],"picked":"CutThroughFate","floor":6},{"not_picked":["ThirdEye","WreathOfFlame"],"picked":"CutThroughFate","floor":8},{"not_picked":["Indignation+1","ForeignInfluence+1","JustLucky"],"picked":"SKIP","floor":10},{"not_picked":["FlurryOfBlows","Blasphemy+1"],"picked":"Evaluate+1","floor":12},{"not_picked":["Collect+1","WheelKick"],"picked":"Wallop","floor":13},{"not_picked":["SpiritShield+1","Blasphemy+1"],"picked":"DevaForm","floor":16},{"not_picked":["CutThroughFate","Swivel+1"],"picked":"ReachHeaven","floor":18}],"player_experience":961319,"relics_obtained":[{"floor":6,"key":"Pear"},{"floor":9,"key":"Toxic Egg 2"},{"floor":17,"key":"Ancient Tea Set"},{"floor":17,"key":"Pantograph"},{"floor":17,"key":"CloakClasp"}],"event_choices":[{"damage_healed":0,"gold_gain":0,"player_choice":"Entered Light","damage_taken":20,"max_hp_gain":0,"max_hp_loss":0,"event_name":"Shining Light","floor":2,"gold_loss":0,"cards_upgraded":["Defend_P","Strike_P"]},{"damage_healed":0,"gold_gain":0,"player_choice":"Lose Max HP","damage_taken":0,"relics_obtained":["Golden Idol"],"max_hp_gain":0,"max_hp_loss":6,"event_name":"Golden Idol","floor":4,"gold_loss":0}],"is_beta":false,"boss_relics":[{"not_picked":["Black Star","Pandora\u0027s Box"],"picked":"Calling Bell"}],"items_purged_floors":[3],"is_endless":false,"potions_floor_spawned":[1,8,16],"killed_by":"Shell Parasite","ascension_level":17}}