{"host":"95ip98gf8c4vrv08","time":1611825713,"event":{"mods":["100% Spire Juice","ATMod(??Mod)","Arknights The Spire","BaseMod","Lobotomy","LobotomyExtend","Minty Spire (QoL Compilation)","Quick Restart","Reimu??????","Relic Stats","Reliquary","Replay The Spire","Spicy Shops","StSLib","The Bug Knight","??????REMEMod","????"],"gold_per_floor":[110,110,110,110,110,138,56,56,56],"floor_reached":8,"language":"ZHS","playtime":521,"items_purged":[],"score":102,"play_id":"a3e5127b-e59f-4b4c-8da9-8c0ef3bef84e","local_time":"20210128172153","daily_mods":["Shiny","Heirloom","Time Dilation","Flight"],"is_ascension_mode":false,"campfire_choices":[],"circlet_count":0,"master_deck":["ats:Soul Rend+1","ats:Rat Pack","ats:Nebulous Foxfire","ats:Volcano","ats:Disruption Kick","ats:Echo Reverb","ats:Shadow Assault","ats:Roar Of Ursus","ats:Durian","ats:True Silver Slash","ats:Dogmatic Field","ats:Fractured Body","ats:Calcification","ats:Wolf Pack","ats:Ambush","AT_FamilyPortrait","REME_CopyPotion","ats:Flexible Camouflage","ats:Blood Oath","ats:Directed Diagnosis"],"relics":["ats:Sanity","REME_ComplimentaryCards","AT_ATBox","replay:Trail_Library","Calipers","LetterFromLob","Shuriken","ats:Originium"],"acts_visited":["Exordium"],"potions_floor_usage":[],"damage_taken":[{"damage":14,"enemies":"Small Slimes","floor":1,"turns":4},{"damage":78,"enemies":"HollowMod:MossKnight","floor":6,"turns":13},{"damage":61,"enemies":"3 Sentries","floor":8,"turns":7}],"seed_played":"-4818038389242370983","potions_obtained":[],"is_trial":true,"path_per_floor":["M","WH","?","?","?","E","$","E"],"character_chosen":"DOCTOR_CLASS","items_purchased":["ats:Directed Diagnosis"],"campfire_rested":0,"item_purchase_floors":[7],"current_hp_per_floor":[59,59,59,64,57,46,46,0,0],"gold":56,"neow_bonus":"","is_daily":false,"chose_seed":false,"campfire_upgraded":0,"win_rate":0.0,"timestamp":1611825713,"path_taken":["M","WH","?","?","?","E","$","E"],"items_purchased_type":["Card"],"build_version":"2020-12-22","purchased_purges":0,"victory":false,"max_hp_per_floor":[72,72,72,77,77,77,77,77,77],"relic_stats":{"counters":[3,23],"Shuriken":[0],"obtain_stats":[{"AT_ATBox":0,"Calipers":0,"ats:Originium":6,"Shuriken":5,"LetterFromLob":1,"ats:Sanity":0,"REME_ComplimentaryCards":0,"replay:Trail_Library":0},{"AT_ATBox":0,"Calipers":0,"ats:Originium":2,"Shuriken":1,"LetterFromLob":1,"ats:Sanity":0,"REME_ComplimentaryCards":0,"replay:Trail_Library":0},{"AT_ATBox":0,"Calipers":0,"ats:Originium":16,"Shuriken":3,"LetterFromLob":3,"ats:Sanity":0,"REME_ComplimentaryCards":0,"replay:Trail_Library":0}]},"card_choices":[{"not_picked":["ats:Poison Spread","ats:Leaping Hammer"],"picked":"ats:Flexible Camouflage","floor":1},{"not_picked":["ats:Powerful Strike","ats:Fractured Body"],"picked":"ats:Blood Oath","floor":6}],"player_experience":228592,"relics_obtained":[{"floor":1,"key":"LetterFromLob"},{"floor":6,"key":"ats:Originium"}],"event_choices":[{"damage_healed":0,"gold_gain":0,"player_choice":"Grow","damage_taken":0,"max_hp_gain":0,"max_hp_loss":0,"event_name":"Living Wall","floor":3,"gold_loss":0,"cards_upgraded":["ats:Soul Rend"]},{"damage_healed":0,"gold_gain":0,"player_choice":"Donut","damage_taken":0,"max_hp_gain":5,"max_hp_loss":0,"event_name":"Big Fish","floor":4,"gold_loss":0},{"damage_healed":0,"gold_gain":0,"player_choice":"Success","damage_taken":7,"relics_obtained":["Shuriken"],"max_hp_gain":0,"max_hp_loss":0,"event_name":"Scrap Ooze","floor":5,"gold_loss":0}],"is_beta":false,"boss_relics":[],"items_purged_floors":[],"is_endless":true,"potions_floor_spawned":[],"killed_by":"3 Sentries","ascension_level":0}}