{"host":"5nrsd95zehlinljn","time":1611849060,"event":{"mods":["2.2 Compatiblity","BaseMod","Beaked The Cultist","Better Note","Friendly Minions","GifTheSpireLib","Mad Scientist","Minty Spire (QoL Compilation)","StS++","StSLib","The Construct","The Disciple","everything is the same but u backflip on backflip","thorton"],"gold_per_floor":[111,36,36,36,36,36,10,31,31,31,67,90,113,133,133,262,262,281,281,305,320,320,320,320,351,404,404,225,248,248,271,271,271,271],"floor_reached":33,"language":"ENG","playtime":4804,"items_purged":["MadScienceMod:Defend_MadScience","MadScienceMod:GoldenGun"],"score":265,"play_id":"b9082085-668e-4d84-8cd0-37dac3179e55","local_time":"20210128155100","is_ascension_mode":false,"campfire_choices":[{"data":"MadScienceMod:HideBehindJunk","floor":6,"key":"SMITH"},{"data":"Trip","floor":10,"key":"SMITH"},{"floor":15,"key":"REST"},{"data":"MadScienceMod:FumeHood","floor":24,"key":"SMITH"},{"floor":27,"key":"REST"},{"floor":32,"key":"REST"}],"circlet_count":0,"master_deck":["MadScienceMod:PoweredStrike","MadScienceMod:HideBehindJunk+1","Trip+1","MadScienceMod:FragmentationGrenade+1","MadScienceMod:ShrinkRay+1","MadScienceMod:ShrinkRay","MadScienceMod:CloneVats","MadScienceMod:Strafe","MadScienceMod:Sprocket","MadScienceMod:ImposingConstruct","MadScienceMod:FumeHood+1","MadScienceMod:FlammableWall+1","MadScienceMod:AutoStrike","MadScienceMod:Bayonet","MadScienceMod:Strafe","MadScienceMod:Inflate","MadScienceMod:MechanicalClaw","MadScienceMod:FumeBlast","MadScienceMod:ParticleBeam","MadScienceMod:Bombardment","MadScienceMod:EnergyBarrier","MadScienceMod:PowerArmor","MadScienceMod:BandageBot","MadScienceMod:PowerArmor","MadScienceMod:FlameCannon+1"],"relics":["MadScienceMod:FuelTank","Golden Idol","Centennial Puzzle","Pen Nib","Pandora\u0027s Box","Peace Pipe","War Paint"],"acts_visited":["Exordium","TheCity"],"potions_floor_usage":[8,11,21,25,31,33],"damage_taken":[{"damage":0,"enemies":"Cultist","floor":1,"turns":3},{"damage":0,"enemies":"2 Louse","floor":8,"turns":1},{"damage":20,"enemies":"3 Sentries","floor":11,"turns":9},{"damage":5,"enemies":"Small Slimes","floor":12,"turns":5},{"damage":3,"enemies":"Looter","floor":13,"turns":3},{"damage":0,"enemies":"Gremlin Gang","floor":14,"turns":4},{"damage":26,"enemies":"The Guardian","floor":16,"turns":16},{"damage":12,"enemies":"Spheric Guardian","floor":18,"turns":4},{"damage":0,"enemies":"Shell Parasite","floor":20,"turns":4},{"damage":7,"enemies":"Snake Plant","floor":21,"turns":3},{"damage":30,"enemies":"Gremlin Leader","floor":25,"turns":10},{"damage":25,"enemies":"3 Cultists","floor":29,"turns":7},{"damage":10,"enemies":"Cultist and Chosen","floor":31,"turns":7},{"damage":39,"enemies":"Collector","floor":33,"turns":6}],"seed_played":"8876480305734029715","potions_obtained":[{"floor":1,"key":"Explosive Potion"},{"floor":8,"key":"SkillPotion"},{"floor":11,"key":"BlessingOfTheForge"},{"floor":14,"key":"SpeedPotion"},{"floor":18,"key":"MadScienceMod:FuelPotion"},{"floor":21,"key":"SteroidPotion"}],"is_trial":false,"path_per_floor":["M","$","?","?","?","R","$","M","T","R","E","M","M","M","R","B",null,"M","?","M","M","?","T","R","E","T","R","$","M","?","M","R","B"],"character_chosen":"MAD_SCIENTIST","items_purchased":["MadScienceMod:ShrinkRay","MadScienceMod:PowerArmor"],"campfire_rested":3,"item_purchase_floors":[7,28],"current_hp_per_floor":[75,75,75,75,57,57,57,57,57,57,37,32,29,29,51,25,75,63,63,63,56,56,56,56,26,26,48,48,23,23,13,35,0,0],"gold":271,"neow_bonus":"RANDOM_COLORLESS","is_daily":false,"chose_seed":false,"campfire_upgraded":3,"win_rate":0.0,"timestamp":1611849060,"path_taken":["M","$","?","?","?","R","$","M","T","R","E","M","M","M","R","BOSS","M","?","M","?","?","?","R","E","T","R","$","M","?","?","R","BOSS"],"items_purchased_type":["Card","Card"],"build_version":"2020-12-22","purchased_purges":2,"victory":false,"max_hp_per_floor":[75,75,75,75,75,75,75,75,75,75,75,75,75,75,75,75,75,75,75,75,75,75,75,75,75,75,75,75,75,75,75,75,75,75],"card_choices":[{"not_picked":["PanicButton","Enlightenment"],"picked":"Trip","floor":0},{"not_picked":["MadScienceMod:FlameCannon","MadScienceMod:OilDrum"],"picked":"MadScienceMod:FragmentationGrenade","floor":1},{"not_picked":["MadScienceMod:Virus","MadScienceMod:FumeBlast"],"picked":"MadScienceMod:ShrinkRay","floor":8},{"not_picked":["MadScienceMod:AcidSpray","MadScienceMod:Browse"],"picked":"MadScienceMod:CloneVats","floor":11},{"not_picked":["MadScienceMod:FlexibleSpear","MadScienceMod:OilDrum"],"picked":"MadScienceMod:Strafe","floor":12},{"not_picked":["MadScienceMod:FumeBlast","MadScienceMod:LightOnFire"],"picked":"MadScienceMod:Sprocket","floor":13},{"not_picked":["MadScienceMod:EnergyBarrier","MadScienceMod:Sprocket"],"picked":"MadScienceMod:ImposingConstruct","floor":14},{"not_picked":["MadScienceMod:Liquify","MadScienceMod:Refine"],"picked":"MadScienceMod:FumeHood","floor":16},{"not_picked":["MadScienceMod:MechanicalClaw+1","MadScienceMod:RadioactiveSword"],"picked":"MadScienceMod:FumeBlast","floor":18},{"not_picked":["MadScienceMod:Sprocket","MadScienceMod:FumeBlast"],"picked":"MadScienceMod:ParticleBeam","floor":20},{"not_picked":["MadScienceMod:Strafe","MadScienceMod:RadioactiveSword"],"picked":"MadScienceMod:Bombardment","floor":21},{"not_picked":["MadScienceMod:OilDrum","MadScienceMod:Inflate"],"picked":"MadScienceMod:EnergyBarrier","floor":25},{"not_picked":["MadScienceMod:Browse","MadScienceMod:LightOnFire"],"picked":"MadScienceMod:BandageBot","floor":29},{"not_picked":["MadScienceMod:Detonate","MadScienceMod:Weaponize"],"picked":"MadScienceMod:FlameCannon+1","floor":31}],"player_experience":3200449,"relics_obtained":[{"floor":9,"key":"Centennial Puzzle"},{"floor":11,"key":"Pen Nib"},{"floor":23,"key":"Peace Pipe"},{"floor":25,"key":"War Paint"}],"event_choices":[{"damage_healed":0,"gold_gain":0,"player_choice":"Grow","damage_taken":0,"max_hp_gain":0,"max_hp_loss":0,"event_name":"Living Wall","floor":3,"gold_loss":0,"cards_upgraded":["MadScienceMod:FragmentationGrenade"]},{"damage_healed":0,"gold_gain":0,"player_choice":"Ignored","damage_taken":0,"max_hp_gain":0,"max_hp_loss":0,"event_name":"Liars Game","floor":4,"gold_loss":0},{"damage_healed":0,"gold_gain":0,"player_choice":"Take Damage","damage_taken":18,"relics_obtained":["Golden Idol"],"max_hp_gain":0,"max_hp_loss":0,"event_name":"Golden Idol","floor":5,"gold_loss":0},{"damage_healed":0,"gold_gain":0,"player_choice":"Ignored","damage_taken":0,"max_hp_gain":0,"max_hp_loss":0,"event_name":"betterNote:BetterNote","floor":19,"gold_loss":0,"cards_obtained":["thethorton:LongTermPayoff"]},{"damage_healed":0,"gold_gain":0,"player_choice":"Ignored","damage_taken":0,"max_hp_gain":0,"max_hp_loss":0,"event_name":"Vampires","floor":22,"gold_loss":0},{"damage_healed":0,"gold_gain":0,"player_choice":"Copied","damage_taken":0,"max_hp_gain":0,"max_hp_loss":0,"event_name":"Duplicator","floor":30,"gold_loss":0,"cards_obtained":["MadScienceMod:PowerArmor"]}],"is_beta":false,"boss_relics":[{"not_picked":["StSpp:Balance","StSpp:FireArrow"],"picked":"Pandora\u0027s Box"}],"items_purged_floors":[2,28],"is_endless":false,"potions_floor_spawned":[1,8,11,14,18,21],"killed_by":"Collector","ascension_level":0}}