{"host":"vyiqbz5w606ur92t","time":1611840732,"event":{"mods":["BaseMod","Downfall","Minty Spire (QoL Compilation)","StSLib"],"gold_per_floor":[99,117,117,134,44,60,60,72,172,191,191,191,191],"floor_reached":11,"language":"ENG","playtime":854,"items_purged":["Normality"],"score":65,"play_id":"765182d3-fb1c-4fd8-b164-a00c1134b5aa","local_time":"20210128133212","is_ascension_mode":false,"campfire_choices":[{"floor":1,"key":"RECALL"}],"circlet_count":0,"master_deck":["bronze:Strike","bronze:Strike","bronze:Strike","bronze:Strike","bronze:Defend","bronze:Defend","bronze:Defend","bronze:Defend","bronze:Replicate","bronze:Goto+1","bronze:Return+1","bronze:BronzeArmor","bronze:Overheat","bronze:Iterate","bronze:BitShift","bronze:FineTuning","bronze:CloningBeam"],"relics":["bronze:BronzeCore","Ice Cream","Mercury Hourglass","downfall:CloakOfManyFaces","CultistMask","FaceOfCleric","NlothsMask","GremlinMask","SsserpentHead"],"acts_visited":["Exordium"],"potions_floor_usage":[10],"damage_taken":[{"damage":0,"enemies":"Small Slimes","floor":2,"turns":3},{"damage":1,"enemies":"Cultist","floor":4,"turns":4},{"damage":0,"enemies":"downfall:FleeingMerchant","floor":5,"turns":4},{"damage":0,"enemies":"2 Louse","floor":6,"turns":3},{"damage":9,"enemies":"Blue Slaver","floor":8,"turns":3},{"damage":18,"enemies":"downfall:FaceTrader","floor":9,"turns":9},{"damage":8,"enemies":"Red Slaver","floor":10,"turns":3},{"damage":29,"enemies":"3 Sentries","floor":11,"turns":3}],"seed_played":"3015859083587376059","potions_obtained":[{"floor":2,"key":"Swift Potion"},{"floor":8,"key":"Dexterity Potion"}],"is_trial":false,"path_per_floor":["R","M","?","M","$","M","T","M","?","M","E"],"character_chosen":"THE_AUTOMATON","items_purchased":[],"campfire_rested":0,"item_purchase_floors":[],"current_hp_per_floor":[63,63,63,62,62,62,62,53,35,28,0,0,0],"gold":191,"neow_bonus":"ONE_RARE_RELIC","is_daily":false,"chose_seed":false,"campfire_upgraded":0,"win_rate":0.0,"timestamp":1611840732,"path_taken":["R","M","?","?","$","M","T","?","?","M","E"],"items_purchased_type":[],"build_version":"2020-12-22","purchased_purges":1,"victory":false,"max_hp_per_floor":[63,63,63,63,63,63,63,63,63,64,64,64,64],"card_choices":[{"not_picked":["bronze:Shield","bronze:Deprecate"],"picked":"bronze:Return","floor":2},{"not_picked":["bronze:WildBeam","bronze:Frontload"],"picked":"bronze:BronzeArmor","floor":4},{"not_picked":["bronze:BuggyMess","bronze:HyperBeam"],"picked":"bronze:Overheat","floor":5},{"not_picked":["bronze:Boost","bronze:Shield"],"picked":"bronze:Iterate","floor":6},{"not_picked":["bronze:BuggyMess","bronze:WildBeam"],"picked":"bronze:BitShift","floor":8},{"not_picked":["bronze:Optimize","bronze:BronzeArmor"],"picked":"bronze:FineTuning","floor":9},{"not_picked":["bronze:DelayedGuard","bronze:Deprecate"],"picked":"bronze:CloningBeam","floor":10}],"player_experience":1161761,"relics_obtained":[{"floor":7,"key":"Mercury Hourglass"},{"floor":9,"key":"downfall:CloakOfManyFaces"}],"event_choices":[],"is_beta":false,"boss_relics":[],"items_purged_floors":[5],"is_endless":false,"potions_floor_spawned":[2,8],"killed_by":"3 Sentries","ascension_level":0}}