{"host":"ejvhags3x5xyajzc","time":1611826599,"event":{"mods":["Act Like it!","Arknights The Spire","BaseMod","DeckTracker","Defuse TimeMaze Blight","Gremlin Skip","Grow up Mod","Highlight Path","Minty Spire (QoL Compilation)","StSLib"],"gold_per_floor":[115,133,150,170,184,184,199,219,219,12,12,12,26,45,45,168,168,183,204,7,28,46,46,60,60,60,76,89,100,110,144,144,244,244,258,278,85,103,113,146,146,166,166,178,209,229,248,88,88,88],"floor_reached":51,"language":"ZHS","playtime":9365,"items_purged":[],"score":812,"play_id":"b2c5f9c7-e423-4026-9650-ac8b25bc94b0","local_time":"20210128173639","is_ascension_mode":false,"campfire_choices":[{"data":"ats:Closed Bolt Burst Fire","floor":6,"key":"SMITH"},{"data":"ats:Hammer On","floor":15,"key":"SMITH"},{"data":"ats:Ambush","floor":23,"key":"SMITH"},{"data":"ats:Echo Reverb","floor":32,"key":"SMITH"},{"floor":49,"key":"REST"}],"circlet_count":0,"master_deck":["ats:Strike C","ats:Strike G","ats:Strike S","ats:Strike V","ats:Armor Crushing Shot","ats:Defend","ats:Defend","ats:Defend","ats:Defend","ats:Emotion Absorption","ats:Closed Bolt Burst Fire","ats:Red Shift","ats:Soul Absorption+1","ats:Sashimi Platter","ats:Closed Bolt Burst Fire+1","ats:Hammer On+1","ats:Closed Bolt Burst Fire","ats:Flexible Camouflage","ats:Mental Burst","ats:Closed Bolt Burst Fire","ats:Ambush+1","ats:Healing Drone","ats:Overload+1","ats:Flexible Camouflage","ats:Flexible Camouflage","ats:Poison Spread+1","ats:Curse Doll+1","ats:Volcano","ats:Apocalypse","ats:Leaping Hammer","ats:Closed Bolt Burst Fire+1","ats:Echo Reverb+1","ats:Nebulous Foxfire","ats:Closed Bolt Burst Fire+1","ats:Flexible Camouflage+1","ats:Thermite Blade","ats:Flexible Camouflage+1","ats:Demon Strength+1","ats:Neurotoxin","ats:LN2 Cannon+1","ats:LN2 Cannon+1","ats:Neurotoxin+1","ats:Curse Doll+1","ats:Cat Scratch+1","ats:Disruption Kick"],"relics":["ats:Sanity Plus","NeowsBlessing","FossilizedHelix","ats:Special","Bloody Idol","Cursed Key","ats:Snipe","ats:Originium","Ornamental Fan","Medical Kit","Mercury Hourglass","Frozen Egg 2"],"acts_visited":["Exordium","TheCity","TheBeyond"],"potions_floor_usage":[14,28],"damage_taken":[{"damage":0,"enemies":"Small Slimes","floor":1,"turns":1},{"damage":0,"enemies":"2 Louse","floor":2,"turns":1},{"damage":0,"enemies":"Cultist","floor":3,"turns":1},{"damage":5,"enemies":"Red Slaver","floor":4,"turns":3},{"damage":5,"enemies":"Exordium Wildlife","floor":5,"turns":5},{"damage":3,"enemies":"Gremlin Gang","floor":7,"turns":3},{"damage":2,"enemies":"Blue Slaver","floor":8,"turns":3},{"damage":0,"enemies":"2 Fungi Beasts","floor":13,"turns":2},{"damage":0,"enemies":"Large Slime","floor":14,"turns":3},{"damage":30,"enemies":"Slime Boss","floor":16,"turns":8},{"damage":5,"enemies":"Shell Parasite","floor":18,"turns":3},{"damage":17,"enemies":"3 Byrds","floor":19,"turns":4},{"damage":15,"enemies":"Snake Plant","floor":21,"turns":3},{"damage":8,"enemies":"Centurion and Healer","floor":22,"turns":4},{"damage":5,"enemies":"Chosen and Byrds","floor":24,"turns":4},{"damage":14,"enemies":"Snake Plant","floor":27,"turns":2},{"damage":20,"enemies":"Centurion and Healer","floor":28,"turns":5},{"damage":6,"enemies":"Shelled Parasite and Fungi","floor":29,"turns":3},{"damage":12,"enemies":"Cultist and Chosen","floor":30,"turns":6},{"damage":40,"enemies":"Book of Stabbing","floor":31,"turns":5},{"damage":71,"enemies":"Automaton","floor":33,"turns":8},{"damage":71,"enemies":"3 Shapes","floor":35,"turns":4},{"damage":5,"enemies":"Orb Walker","floor":36,"turns":3},{"damage":37,"enemies":"3 Darklings","floor":38,"turns":5},{"damage":10,"enemies":"Jaw Worm Horde","floor":39,"turns":5},{"damage":131,"enemies":"Reptomancer","floor":40,"turns":5},{"damage":49,"enemies":"4 Shapes","floor":42,"turns":4},{"damage":56,"enemies":"Writhing Mass","floor":44,"turns":5},{"damage":68,"enemies":"Giant Head","floor":45,"turns":8},{"damage":21,"enemies":"Jaw Worm Horde","floor":46,"turns":3},{"damage":11,"enemies":"Transient","floor":47,"turns":5},{"damage":163,"enemies":"Awakened One","floor":50,"turns":14}],"seed_played":"3146587566936249026","potions_obtained":[{"floor":3,"key":"Block Potion"},{"floor":7,"key":"Fruit Juice"},{"floor":13,"key":"Dexterity Potion"},{"floor":14,"key":"Explosive Potion"},{"floor":16,"key":"Regen Potion"},{"floor":28,"key":"DuplicationPotion"},{"floor":44,"key":"ats:Top Emergency Sanity Potion"}],"is_trial":false,"path_per_floor":["M","M","M","M","M","R","M","M","T","$","?","?","M","M","R","B",null,"M","M","$","M","M","R","M","?","T","M","M","M","M","E","R","B",null,"M","M","$","M","M","E","?","M","T","M","E","M","M","$","R","B",null],"character_chosen":"DOCTOR_CLASS","items_purchased":["ats:Flexible Camouflage","ats:Special","ats:Snipe","ats:Flexible Camouflage","Medical Kit","ats:Thermite Blade","ats:Disruption Kick"],"campfire_rested":1,"item_purchase_floors":[10,10,20,20,37,37,48],"current_hp_per_floor":[92,102,112,117,132,142,152,160,170,180,145,155,165,188,198,192,257,262,265,275,276,286,296,315,325,335,342,366,375,383,358,368,329,427,383,403,413,396,407,320,330,305,315,291,255,252,276,286,466,350],"gold":88,"neow_bonus":"THREE_ENEMY_KILL","is_daily":false,"chose_seed":false,"campfire_upgraded":4,"win_rate":0.0,"timestamp":1611826599,"path_taken":["M","M","M","M","M","R","M","M","T","$","?","?","M","M","R","BOSS","M","M","$","M","M","R","M","?","T","M","M","M","M","E","R","BOSS","M","M","$","M","M","E","?","M","T","M","E","M","M","$","R","BOSS"],"items_purchased_type":["Card","Relic","Relic","Card","Relic","Card","Card"],"build_version":"2020-12-22","purchased_purges":0,"victory":true,"max_hp_per_floor":[92,102,112,122,132,142,152,162,172,182,192,202,212,227,237,247,257,267,277,287,297,307,317,327,337,347,357,367,377,387,397,407,417,427,437,447,457,467,477,487,497,507,517,527,537,547,557,567,577,587],"card_choices":[{"not_picked":["ats:Flexible Camouflage","ats:Shadow Raid"],"picked":"ats:Closed Bolt Burst Fire","floor":1},{"not_picked":["ats:Assault Order","ats:Disruption Kick"],"picked":"ats:Red Shift","floor":2},{"not_picked":["ats:Guardian Obelisk","ats:Cat Scratch"],"picked":"ats:Soul Absorption","floor":3},{"not_picked":["ats:Powerful Strike","ats:Poison Spread"],"picked":"ats:Sashimi Platter","floor":4},{"not_picked":["ats:Shell Defense","ats:Blood Oath"],"picked":"ats:Closed Bolt Burst Fire","floor":5},{"not_picked":["ats:Cat Scratch","ats:Magnetic Hammer"],"picked":"ats:Hammer On","floor":7},{"not_picked":["ats:Curse Doll","ats:Assault Order"],"picked":"ats:Closed Bolt Burst Fire","floor":8},{"not_picked":["ats:Assault Order","ats:Rapid Magazine"],"picked":"ats:Mental Burst","floor":13},{"not_picked":["ats:Healing Drone","ats:Consecutive Shot Auto"],"picked":"ats:Closed Bolt Burst Fire","floor":14},{"not_picked":["ats:True Silver Slash","ats:Rat Pack"],"picked":"ats:Ambush","floor":16},{"not_picked":["ats:Thorns","ats:Guard Mode"],"picked":"ats:Healing Drone","floor":18},{"not_picked":["ats:Cat Scratch","ats:Demon Strength"],"picked":"ats:Overload+1","floor":19},{"not_picked":["ats:Ignite+1","ats:Sashimi Platter"],"picked":"ats:Flexible Camouflage","floor":21},{"not_picked":["ats:Cat Scratch","ats:Literary Storm"],"picked":"ats:Poison Spread+1","floor":22},{"not_picked":["ats:Hammer On","ats:Guard Mode"],"picked":"ats:Curse Doll+1","floor":24},{"not_picked":["ats:Cat Scratch","ats:Chain Hook"],"picked":"ats:Volcano","floor":27},{"not_picked":["ats:Shell Defense","ats:Guard Mode"],"picked":"ats:Apocalypse","floor":28},{"not_picked":["ats:Defend Order+1","ats:Guard Mode"],"picked":"ats:Leaping Hammer","floor":29},{"not_picked":["ats:Assault Order+1","ats:Very Hot Blade"],"picked":"ats:Closed Bolt Burst Fire+1","floor":30},{"not_picked":["ats:Guard Mode","ats:Hammer On"],"picked":"ats:Echo Reverb","floor":31},{"not_picked":["ats:Roar Of Ursus","ats:True Silver Slash"],"picked":"ats:Nebulous Foxfire","floor":33},{"not_picked":["ats:Guard Mode","ats:Demon Strength+1"],"picked":"ats:Closed Bolt Burst Fire+1","floor":35},{"not_picked":["ats:Apocalypse+1","ats:Burning Ground"],"picked":"ats:Flexible Camouflage+1","floor":36},{"not_picked":["ats:Encircling Forest","ats:Absolute Focus"],"picked":"ats:Flame Of Heaven+1","floor":38},{"not_picked":["ats:Assault Order","ats:Thermite Blade"],"picked":"ats:Flexible Camouflage+1","floor":39},{"not_picked":["ats:Guard Mode","ats:Hammer On"],"picked":"ats:Demon Strength+1","floor":40},{"not_picked":["ats:Encircling Forest","ats:Hammer On"],"picked":"ats:LN2 Cannon+1","floor":42},{"not_picked":["ats:Chain Hook+1","ats:Guardian Obelisk"],"picked":"ats:LN2 Cannon+1","floor":44},{"not_picked":["ats:Support Order","ats:Poison Spread"],"picked":"ats:Neurotoxin+1","floor":45},{"not_picked":["ats:Cat Scratch","ats:Beaten Up+1"],"picked":"ats:Curse Doll+1","floor":46},{"not_picked":["ats:Closed Bolt Burst Fire","ats:Hammer On"],"picked":"ats:Cat Scratch+1","floor":47}],"player_experience":39821,"relics_obtained":[{"floor":9,"key":"FossilizedHelix"},{"floor":31,"key":"ats:Originium"},{"floor":31,"key":"Ornamental Fan"},{"floor":40,"key":"ats:Originium"},{"floor":40,"key":"Mercury Hourglass"},{"floor":45,"key":"Frozen Egg 2"},{"floor":45,"key":"ats:Originium"}],"event_choices":[{"damage_healed":0,"gold_gain":0,"player_choice":"Take Damage","damage_taken":45,"relics_obtained":["Golden Idol"],"max_hp_gain":0,"max_hp_loss":0,"event_name":"Golden Idol","floor":11,"gold_loss":0},{"damage_healed":0,"gold_gain":0,"player_choice":"Grow","damage_taken":0,"max_hp_gain":0,"max_hp_loss":0,"event_name":"Living Wall","floor":12,"gold_loss":0,"cards_upgraded":["ats:Soul Absorption"]},{"damage_healed":0,"gold_gain":0,"player_choice":"Gave Idol","damage_taken":0,"relics_obtained":["Bloody Idol"],"max_hp_gain":0,"max_hp_loss":0,"event_name":"Forgotten Altar","floor":25,"relics_lost":["Golden Idol"],"gold_loss":0},{"damage_healed":0,"gold_gain":0,"cards_transformed":["ats:Flame Of Heaven"],"player_choice":"Transformed","damage_taken":0,"max_hp_gain":0,"max_hp_loss":0,"event_name":"Transmorgrifier","floor":41,"gold_loss":0,"cards_obtained":["ats:Neurotoxin"]}],"is_beta":false,"boss_relics":[{"not_picked":["SacredBark","Calling Bell"],"picked":"Cursed Key"},{"not_picked":["Velvet Choker","Astrolabe"],"picked":"ats:Sanity Plus"}],"items_purged_floors":[],"is_endless":false,"potions_floor_spawned":[3,7,13,14,16,24,28,30,35,38,44,46],"ascension_level":0}}