{"host":"g01l53quoe6lrer0","time":1611804340,"event":{"mods":["2.2 Compatiblity","AchievementEnabler","BaseMod","Colored Map","Highlight Path","Keyboard Shortcuts","Minty Spire (QoL Compilation)","Permanent Neow","StSLib","SuperFastMode","everything is the same but u backflip on backflip"],"gold_per_floor":[110,110,125,140,150,176,176,186,186,151,177,194,194,194],"floor_reached":13,"language":"KOR","playtime":306,"items_purged":[],"score":189,"play_id":"820c7d63-1877-4a3e-b73f-4b337f46be5d","local_time":"20210128122540","is_ascension_mode":true,"campfire_choices":[{"data":"Glass Knife","floor":7,"key":"SMITH"}],"circlet_count":0,"master_deck":["AscendersBane","Strike_G","Strike_G","Strike_G","Strike_G","Defend_G","Defend_G","Defend_G","Defend_G","Defend_G","Survivor","Neutralize","Glass Knife+1","Crippling Poison","Deadly Poison","Setup","PiercingWail","Dagger Throw","Flechettes","Catalyst"],"relics":["Ring of the Snake","Vajra","Pear","Singing Bowl"],"acts_visited":["Exordium"],"potions_floor_usage":[6,13,13],"damage_taken":[{"damage":4.0,"enemies":"Jaw Worm","floor":1.0,"turns":4.0},{"damage":0.0,"enemies":"Cultist","floor":3.0,"turns":4.0},{"damage":0.0,"enemies":"2 Louse","floor":4.0,"turns":3.0},{"damage":2.0,"enemies":"Looter","floor":5.0,"turns":4.0},{"damage":5,"enemies":"Lagavulin","floor":6,"turns":7},{"damage":9,"enemies":"Blue Slaver","floor":8,"turns":3},{"damage":29,"enemies":"Gremlin Nob","floor":11,"turns":4},{"damage":0,"enemies":"2 Fungi Beasts","floor":12,"turns":2},{"damage":30,"enemies":"3 Sentries","floor":13,"turns":5}],"seed_played":"6733884521035945089","potions_obtained":[{"floor":3.0,"key":"Poison Potion"},{"floor":4.0,"key":"Strength Potion"},{"floor":6,"key":"SneckoOil"}],"is_trial":false,"path_per_floor":["M","?","M","M","M","E","R","M","T","?","E","M","E"],"character_chosen":"THE_SILENT","items_purchased":[],"campfire_rested":0,"item_purchase_floors":[],"current_hp_per_floor":[40,40,40,40,38,33,33,24,34,53,24,24,0,0],"gold":194,"neow_bonus":"THREE_RARE_CARDS","is_daily":false,"chose_seed":false,"campfire_upgraded":1,"win_rate":0.0,"timestamp":1611804340,"path_taken":["M","?","M","M","M","E","R","?","T","?","E","M","E"],"items_purchased_type":[],"build_version":"2020-12-22","purchased_purges":0,"victory":false,"max_hp_per_floor":[66,66,66,66,66,66,66,66,76,76,76,76,76,76],"card_choices":[{"not_picked":["Burst","Phantasmal Killer"],"picked":"Glass Knife","floor":0.0},{"not_picked":["Flying Knee","Quick Slash"],"picked":"Crippling Poison","floor":1.0},{"not_picked":["Poisoned Stab","Outmaneuver"],"picked":"Deadly Poison","floor":3.0},{"not_picked":["Backflip","Flying Knee"],"picked":"Setup","floor":4.0},{"not_picked":["Underhanded Strike","Bane"],"picked":"PiercingWail","floor":5.0},{"not_picked":["Bullet Time","Crippling Poison"],"picked":"Dagger Throw","floor":6},{"not_picked":["Bane","Dagger Spray","Deadly Poison"],"picked":"SKIP","floor":8},{"not_picked":["Dagger Spray","Blade Dance"],"picked":"Flechettes","floor":11},{"not_picked":["Distraction","Blur"],"picked":"Catalyst","floor":12}],"player_experience":313749,"relics_obtained":[{"floor":6,"key":"Vajra"},{"floor":9,"key":"Pear"},{"floor":11,"key":"Singing Bowl"}],"event_choices":[{"cards_removed":["Strike_G"],"damage_healed":0.0,"max_hp_gain":0.0,"max_hp_loss":0.0,"gold_gain":0.0,"event_name":"Purifier","player_choice":"Purged","floor":2.0,"gold_loss":0.0,"damage_taken":0.0},{"damage_healed":19,"gold_gain":0,"player_choice":"Healed","damage_taken":0,"max_hp_gain":0,"max_hp_loss":0,"event_name":"The Cleric","floor":10,"gold_loss":35}],"is_beta":false,"boss_relics":[],"items_purged_floors":[],"is_endless":false,"potions_floor_spawned":[3,4,6],"killed_by":"3 Sentries","ascension_level":19}}