{"host":"zwezhz46a5cjkxff","time":1611834991,"event":{"mods":["AchievementEnabler","BaseMod","Colored Map","Colored Powertips","DeckTracker","Hermit","Marisa????????","Minty Spire (QoL Compilation)","Permanent Neow","Quick Restart","Rare Cards Sparkle","Relic Stats","Robot Space Explorer","StSLib","SuperFastMode","The Hierophant","The Servant 0.9.4","Weighted Paths","slay the spire mod where everything is the same but ironclad has a cowboy hat"],"gold_per_floor":[14,14,33,33,48,89,83,83,106,106,106],"floor_reached":10,"language":"ENG","playtime":237,"items_purged":[],"score":71,"play_id":"6e64c041-ead5-4728-899a-554fd3631b12","local_time":"20210128055631","is_ascension_mode":true,"campfire_choices":[{"floor":8,"key":"RECALL"}],"circlet_count":0,"master_deck":["Strike_R","Strike_R","Strike_R","Strike_R","Strike_R","Defend_R","Defend_R","Defend_R","Defend_R","Bash","Demon Form","Inflame","Metallicize","Feel No Pain"],"relics":["Burning Blood","Golden Idol","Toy Ornithopter"],"acts_visited":["Exordium"],"potions_floor_usage":[7],"damage_taken":[{"damage":15,"enemies":"Cultist","floor":1,"turns":4},{"damage":11,"enemies":"Jaw Worm","floor":3,"turns":2},{"damage":8,"enemies":"Small Slimes","floor":5,"turns":3},{"damage":18,"enemies":"Lagavulin","floor":6,"turns":5},{"damage":12,"enemies":"Exordium Thugs","floor":7,"turns":4},{"damage":38,"enemies":"3 Sentries","floor":10,"turns":4}],"seed_played":"7303625568803339854","potions_obtained":[{"floor":5,"key":"SpeedPotion"}],"is_trial":false,"path_per_floor":["M","$","M","?","M","E","M","R","T","E"],"character_chosen":"IRONCLAD","items_purchased":[],"campfire_rested":0,"item_purchase_floors":[],"current_hp_per_floor":[71,71,66,46,44,32,31,31,31,0,0],"gold":106,"neow_bonus":"THREE_RARE_CARDS","is_daily":false,"chose_seed":false,"campfire_upgraded":0,"win_rate":0.0,"timestamp":1611834991,"path_taken":["M","?","M","?","M","E","M","R","T","E"],"items_purchased_type":[],"build_version":"2020-12-22","purchased_purges":0,"victory":false,"max_hp_per_floor":[80,80,80,80,80,80,80,80,80,80,80],"relic_stats":{"counters":[6,22],"Golden Idol":16,"obtain_stats":[{"Golden Idol":4,"Burning Blood":0,"Toy Ornithopter":6},{"Golden Idol":2,"Burning Blood":0,"Toy Ornithopter":4},{"Golden Idol":6,"Burning Blood":0,"Toy Ornithopter":14}],"Burning Blood":30,"Toy Ornithopter":5},"card_choices":[{"not_picked":["Offering","Berserk"],"picked":"Demon Form","floor":0},{"not_picked":["True Grit","Twin Strike","Headbutt"],"picked":"SKIP","floor":1},{"not_picked":["Rage","Combust","Clothesline"],"picked":"SKIP","floor":3},{"not_picked":["Battle Trance","Armaments"],"picked":"Inflame","floor":5},{"not_picked":["Shrug It Off","Pummel"],"picked":"Metallicize","floor":6},{"not_picked":["Pommel Strike","Headbutt"],"picked":"Feel No Pain","floor":7}],"player_experience":37596,"relics_obtained":[{"floor":6,"key":"Toy Ornithopter"}],"event_choices":[{"damage_healed":0,"gold_gain":0,"player_choice":"Take Damage","damage_taken":20,"relics_obtained":["Golden Idol"],"max_hp_gain":0,"max_hp_loss":0,"event_name":"Golden Idol","floor":4,"gold_loss":0}],"is_beta":false,"boss_relics":[],"items_purged_floors":[],"is_endless":false,"potions_floor_spawned":[5],"killed_by":"3 Sentries","ascension_level":1}}