{"host":"e52c7hvho6xny3hd","time":1611820068,"event":{"mods":["AchievementEnabler","BaseMod","Colored Map","DeckTracker","Minty Spire (QoL Compilation)","Permanent Neow","StSLib"],"gold_per_floor":[112,130,143,68,68,68,68,68,68,68,80,94,113,130,130,225,225,241,241,166,166,166,166,166,166],"floor_reached":24,"language":"KOR","playtime":998,"items_purged":["Strike_G"],"score":391,"play_id":"5897f11b-626e-4663-bf28-46d62d062216","local_time":"20210128164748","is_ascension_mode":true,"campfire_choices":[{"data":"Envenom","floor":6.0,"key":"SMITH"},{"data":"Infinite Blades","floor":8.0,"key":"SMITH"},{"data":"Footwork","floor":10.0,"key":"SMITH"},{"floor":15.0,"key":"REST"},{"data":"Storm of Steel","floor":23.0,"key":"SMITH"}],"circlet_count":0,"master_deck":["AscendersBane","Strike_G","Strike_G","Defend_G","Defend_G","Defend_G","Defend_G","Defend_G","Survivor","Neutralize","Envenom+1","Infinite Blades+1","Flying Knee","Footwork+1","Dagger Spray","Leg Sweep","Storm of Steel+1","Venomology","Ghostly","Ghostly","Ghostly","Ghostly","Ghostly"],"relics":["Ring of the Snake","HornCleat","WristBlade","Ninja Scroll"],"acts_visited":["Exordium","TheCity"],"potions_floor_usage":[24,24],"damage_taken":[{"damage":3.0,"enemies":"Cultist","floor":1.0,"turns":5.0},{"damage":7.0,"enemies":"2 Louse","floor":2.0,"turns":4.0},{"damage":6.0,"enemies":"Small Slimes","floor":3.0,"turns":5.0},{"damage":8.0,"enemies":"Blue Slaver","floor":11.0,"turns":5.0},{"damage":3.0,"enemies":"Looter","floor":12.0,"turns":4.0},{"damage":0.0,"enemies":"Red Slaver","floor":13.0,"turns":6.0},{"damage":0.0,"enemies":"Blue Slaver","floor":14.0,"turns":5.0},{"damage":0.0,"enemies":"The Guardian","floor":16.0,"turns":12.0},{"damage":7.0,"enemies":"3 Byrds","floor":18.0,"turns":5.0},{"damage":32,"enemies":"Slavers","floor":24,"turns":9}],"seed_played":"-903751823437648767","potions_obtained":[{"floor":1.0,"key":"GhostInAJar"},{"floor":2.0,"key":"Dexterity Potion"},{"floor":3.0,"key":"Strength Potion"}],"is_trial":false,"path_per_floor":["M","M","M","$","$","R","?","R","T","R","M","M","M","M","R","B",null,"M","?","?","T","?","R","E"],"character_chosen":"THE_SILENT","items_purchased":[],"campfire_rested":1,"item_purchase_floors":[],"current_hp_per_floor":[60,53,47,47,47,47,40,40,40,40,32,29,29,29,50,50,65,58,35,35,35,35,35,3,3],"gold":166,"neow_bonus":"ONE_RANDOM_RARE_CARD","is_daily":false,"chose_seed":false,"campfire_upgraded":4,"win_rate":0.0,"timestamp":1611820068,"path_taken":["M","M","M","?","$","R","?","R","T","R","M","M","M","M","R","BOSS","M","?","?","?","?","R","E"],"items_purchased_type":[],"build_version":"2020-12-22","purchased_purges":1,"victory":false,"max_hp_per_floor":[70,70,70,70,70,70,70,70,70,70,70,70,70,70,70,70,70,70,35,35,35,35,35,35,35],"card_choices":[{"not_picked":["Dagger Spray","Backflip"],"picked":"Infinite Blades","floor":1.0},{"not_picked":["Eviscerate","Setup"],"picked":"Flying Knee","floor":2.0},{"not_picked":["Outmaneuver","Flying Knee"],"picked":"Footwork","floor":3.0},{"not_picked":["Quick Slash","Setup"],"picked":"Dagger Spray","floor":11.0},{"not_picked":["Acrobatics","Poisoned Stab","Prepared"],"picked":"SKIP","floor":12.0},{"not_picked":["Underhanded Strike","Dagger Throw"],"picked":"Leg Sweep","floor":13.0},{"not_picked":["Outmaneuver","Dodge and Roll"],"picked":"Storm of Steel","floor":14.0},{"not_picked":["Unload","Grand Finale"],"picked":"Venomology","floor":16.0},{"not_picked":["Dagger Spray","Flechettes","Leg Sweep"],"picked":"SKIP","floor":18.0}],"player_experience":698458,"relics_obtained":[{"floor":9.0,"key":"HornCleat"},{"floor":21.0,"key":"Ninja Scroll"}],"event_choices":[{"cards_removed":["Strike_G"],"damage_healed":0.0,"max_hp_gain":0.0,"max_hp_loss":0.0,"gold_gain":0.0,"event_name":"Golden Wing","player_choice":"Card Removal","floor":7.0,"gold_loss":0.0,"damage_taken":7.0},{"damage_healed":0.0,"max_hp_gain":0.0,"max_hp_loss":35.0,"gold_gain":0.0,"event_name":"Ghosts","player_choice":"Became a Ghost","floor":19.0,"gold_loss":0.0,"damage_taken":0.0,"cards_obtained":["Ghostly","Ghostly","Ghostly","Ghostly","Ghostly"]},{"cards_removed":["Strike_G"],"damage_healed":0.0,"max_hp_gain":0.0,"max_hp_loss":0.0,"gold_gain":0.0,"event_name":"Beggar","player_choice":"Gave Gold","floor":20.0,"gold_loss":75.0,"damage_taken":0.0},{"damage_healed":0.0,"max_hp_gain":0.0,"max_hp_loss":0.0,"gold_gain":0.0,"event_name":"Vampires","player_choice":"Ignored","floor":22.0,"gold_loss":0.0,"damage_taken":0.0}],"is_beta":false,"boss_relics":[{"not_picked":["Cursed Key","Calling Bell"],"picked":"WristBlade"}],"items_purged_floors":[4],"is_endless":false,"potions_floor_spawned":[1,2,3,13,14],"killed_by":"Slavers","ascension_level":11}}