{"host":"juoup3p5tvzzktl5","time":1611834249,"event":{"mods":["Aspiration","BaseMod","Better Vampires","BetterRewards","Colored Map","Colored Powertips","Friendly Minions","GifTheSpireLib","Hermit","Hubris","Infinite Spire","KinomotoSakuraMod(ƒæ÷Æ±æ”£)","Koishi","KomeijiMod","Marisa£®ÏF”Í°°ƒß¿Ì…≥£©","Minty Spire (QoL Compilation)","Quick Restart","Reimu£®≤©¿ˆ¡È√Œ£©","Replay The Spire","Shop Mod","StSLib","The Administrix","The Alterego","The Bug Knight","The Construct","The Cursed","The Jungle","The Mystic","The Runesmith","The Senshi","Youmu£®ªÍ∆«—˝√Œ£©","Yuyuko"],"gold_per_floor":[112,130,145,145,145,145,165,179,179,27,52,65,65,65,65,65,65],"floor_reached":16,"language":"ZHS","playtime":905,"items_purged":[],"score":102,"play_id":"2ec63006-8e42-45ae-90c3-5ae3819b3970","local_time":"20210128204409","is_ascension_mode":false,"campfire_choices":[{"data":"Koishi:UnseenTerror","floor":6.0,"key":"SMITH"}],"circlet_count":0,"master_deck":["Koishi:BasicStrike","Koishi:BasicStrike","Koishi:BasicStrike","Koishi:BasicDefend","Koishi:BasicDefend","Koishi:BasicDefend","Koishi:BasicDefend","Koishi:Provoke","Koishi:HauntingSlash","Koishi:UnseenTerror+1","Koishi:SubterraneanRose","Koishi:SubconsciousSweep","Koishi:RacingHeart","Koishi:GrowingPain"],"relics":["Koishi:ImaginaryFriend","hubris:Towel","hubris:Icosahedron","hubris:64BitClover","RuthlessExorcism:ReiMu","PreservedInsect","Koishi:EchoesOfADeadGirl"],"acts_visited":["Exordium"],"potions_floor_usage":[16,16],"damage_taken":[{"damage":2.0,"enemies":"2 Louse","floor":1.0,"turns":3.0},{"damage":0.0,"enemies":"Small Slimes","floor":2.0,"turns":3.0},{"damage":3.0,"enemies":"Jaw Worm","floor":3.0,"turns":4.0},{"damage":7.0,"enemies":"Blue Slaver","floor":7.0,"turns":4.0},{"damage":6.0,"enemies":"3 Louse","floor":8.0,"turns":3.0},{"damage":15.0,"enemies":"3 Sentries","floor":11.0,"turns":5.0},{"damage":10.0,"enemies":"Exordium Thugs","floor":12.0,"turns":2.0},{"damage":35,"enemies":"Slime Boss","floor":16,"turns":8}],"seed_played":"840743761443458180","potions_obtained":[{"floor":2.0,"key":"BlessingOfTheForge"},{"floor":3.0,"key":"UndeadPotion"},{"floor":11.0,"key":"AttackPotion"}],"is_trial":false,"path_per_floor":["M","M","M","?","?","R","M","M","T","$","E","M","$","T","R_BF","B"],"character_chosen":"KOISHI","items_purchased":["RuthlessExorcism:ReiMu"],"campfire_rested":0,"item_purchase_floors":[10],"current_hp_per_floor":[65,66,66,66,66,66,63,57,57,57,42,35,35,35,35,0,0],"gold":65,"neow_bonus":"TEN_PERCENT_HP_BONUS","is_daily":false,"chose_seed":false,"campfire_upgraded":1,"win_rate":0.0,"timestamp":1611834249,"path_taken":["M","M","M","?","?","R","M","M","T","$","E","M","?","?","R_BF","BOSS"],"items_purchased_type":["Relic"],"build_version":"2020-12-22","purchased_purges":0,"victory":false,"max_hp_per_floor":[66,66,66,66,66,66,66,66,66,66,66,66,66,66,66,66,66],"card_choices":[{"not_picked":["Koishi:Vanish","Koishi:CatchAndRose"],"picked":"Koishi:UnseenTerror","floor":1.0},{"not_picked":["Koishi:DNAsFlaw","Koishi:PhantomBarrier"],"picked":"Koishi:SubterraneanRose","floor":2.0},{"not_picked":["Koishi:CatchAndRose","Koishi:TraumaticStroke"],"picked":"Koishi:SubconsciousSweep","floor":3.0},{"not_picked":["Koishi:TremblingHands","Koishi:StingingMind","Koishi:SprinkleStarAndHeart"],"picked":"SKIP","floor":7.0},{"not_picked":["Koishi:RacingHeart","Koishi:LastRemote","Koishi:EmbryosDream"],"picked":"SKIP","floor":8.0},{"not_picked":["Koishi:RorschachInDanmaku","Koishi:VengefulSpirit","Koishi:FourthEye"],"picked":"SKIP","floor":11.0},{"not_picked":["Koishi:UnconsciousUrges","Koishi:GeneticsOfTheUnconscious"],"picked":"Koishi:RacingHeart","floor":12.0}],"player_experience":1077753,"relics_obtained":[{"floor":9.0,"key":"hubris:64BitClover"},{"floor":11.0,"key":"PreservedInsect"},{"floor":14.0,"key":"Koishi:EchoesOfADeadGirl"}],"event_choices":[],"is_beta":false,"boss_relics":[],"items_purged_floors":[],"is_endless":false,"potions_floor_spawned":[2,3,11],"killed_by":"Slime Boss","ascension_level":0}}