{"host":"1omuyl0df1yi03p2","time":1611858470,"event":{"mods":["BaseMod","Colored Map","Colored Powertips","Downfall","Hubris","Infinite Spire","Minty Spire (QoL Compilation)","Replay The Spire","StSLib","The Bug Knight","The Necromancer","The Wild Card"],"gold_per_floor":[99,110,110,125,32,307,307,320,347,71,86,121,121,138,153,251,251,251,262,274,74,8,24,24,40,40,75,85,85,96,10,10,10,10],"floor_reached":32,"language":"ENG","playtime":4430,"items_purged":["Regret"],"score":299,"play_id":"b52904b5-7944-4901-988a-5694977d98f2","local_time":"20210128122750","is_ascension_mode":false,"campfire_choices":[{"data":"hexamod:Float","floor":1.0,"key":"SMITH"},{"floor":13.0,"key":"REST"},{"floor":18.0,"key":"DIG"},{"floor":26,"key":"REST"},{"floor":29,"key":"REST"}],"circlet_count":0,"master_deck":["hexamod:Strike","hexamod:Strike","hexamod:Strike","hexamod:Strike","hexamod:Defend","hexamod:Defend","hexamod:Defend","hexamod:Defend","hexamod:Sear+1","hexamod:Float+1","hexamod:HauntingEcho","hexamod:EmpoweredFlame+1","hexamod:ThermalTransfer","hexamod:WildfireWeapon+1","hexamod:RecurringNightmare","hexamod:BurningTouch","hexamod:SoulSteal","hexamod:HeatMetal","hexamod:RetreatToShadows","hexamod:SpectersWail","hexamod:SpectersWail","hexamod:RadiantFlame","hexamod:Hexaguard","hexamod:FirstSeal","hexamod:FastForward","hexamod:ShieldOfDarkness","hexamod:GhostOfSpirePresent","hexamod:RetreatToShadows+1","hexamod:Firestarter","hexamod:FastForward","hexamod:VolcanoVisage","hexamod:VolcanoVisage","hexamod:DynamicBlow","hexamod:NightmareGuise","hexamod:AdvancingGuard","hexamod:NightmareGuise","hexamod:FirstSeal","infinitespire:TheBestDefense","hexamod:EmpoweredFlame","hexamod:NightmareGuise+1","hexamod:CatchUp"],"relics":["hexamod:SpiritBrand","hubris:OldNail","Ancient Tea Set","Gremlin Food","Bag of Marbles","hexamod:SoulConsumer","Orichalcum"],"acts_visited":["Exordium","TheCity"],"potions_floor_usage":[25,27],"damage_taken":[{"damage":0.0,"enemies":"Jaw Worm","floor":2.0,"turns":3.0},{"damage":0.0,"enemies":"Cultist","floor":4.0,"turns":3.0},{"damage":0.0,"enemies":"downfall:FleeingMerchant","floor":5.0,"turns":4.0},{"damage":0.0,"enemies":"Small Slimes","floor":8.0,"turns":3.0},{"damage":23.0,"enemies":"Lagavulin","floor":9.0,"turns":7.0},{"damage":4.0,"enemies":"downfall:FleeingMerchant","floor":10.0,"turns":4.0},{"damage":0.0,"enemies":"Large Slime","floor":11.0,"turns":3.0},{"damage":16.0,"enemies":"Gremlin Nob","floor":12.0,"turns":4.0},{"damage":2.0,"enemies":"Blue Slaver","floor":14.0,"turns":3.0},{"damage":11.0,"enemies":"Lots of Slimes","floor":15.0,"turns":5.0},{"damage":47.0,"enemies":"DF_ARCHETYPE_STREAMLINE","floor":16.0,"turns":13.0},{"damage":9.0,"enemies":"Shell Parasite","floor":19.0,"turns":3.0},{"damage":9,"enemies":"3 Byrds","floor":20,"turns":5},{"damage":15,"enemies":"downfall:FleeingMerchant","floor":21,"turns":4},{"damage":5,"enemies":"downfall:FleeingMerchant","floor":22,"turns":4},{"damage":9,"enemies":"Sentry and Sphere","floor":23,"turns":3},{"damage":33,"enemies":"Centurion and Healer","floor":25,"turns":9},{"damage":31,"enemies":"Nightmare","floor":27,"turns":7},{"damage":21,"enemies":"3 Cultists","floor":28,"turns":7},{"damage":18,"enemies":"Cultist and Chosen","floor":30,"turns":7},{"damage":15,"enemies":"downfall:FleeingMerchant","floor":31,"turns":4},{"damage":26,"enemies":"Chosen and Byrds","floor":32,"turns":6}],"seed_played":"5675946231858448287","potions_obtained":[{"floor":2.0,"key":"Strength Potion"},{"floor":11.0,"key":"champ:CounterPotion"},{"floor":12.0,"key":"sneckomod:MuddlingPotion"},{"floor":14.0,"key":"Doom Potion"},{"floor":25,"key":"DistilledChaos"}],"is_trial":false,"path_per_floor":["R","M","?","M","$","?","T","M","E","$","M","E","R","M","M","B",null,"R_BF","M","M","$","$","M","T","M","R","NM","M","R","M","$","M"],"character_chosen":"THE_SPIRIT","items_purchased":["hexamod:RecurringNightmare","hexamod:RetreatToShadows","hexamod:SpectersWail","hexamod:RadiantFlame","hexamod:VolcanoVisage","hexamod:DynamicBlow","hexamod:AdvancingGuard","hexamod:CatchUp"],"campfire_rested":3,"item_purchase_floors":[5,10,10,10,21,21,22,31],"current_hp_per_floor":[77,77,77,77,77,77,77,77,54,50,50,34,57,55,51,11,77,77,68,59,44,46,44,44,22,45,32,22,45,31,20,0,0,0],"gold":10,"neow_bonus":"TEN_PERCENT_HP_BONUS","is_daily":false,"chose_seed":false,"campfire_upgraded":1,"win_rate":0.0,"timestamp":1611858470,"path_taken":["R","M","?","M","$","?","T","M","E","$","M","E","R","M","M","BOSS","R_BF","M","M","?","$","M","T","M","R","NM","?","R","M","$","M"],"items_purchased_type":["Card","Card","Card","Card","Card","Card","Card","Card"],"build_version":"2020-12-22","purchased_purges":1,"victory":false,"max_hp_per_floor":[77,77,77,77,77,77,77,77,77,77,77,77,77,77,77,77,77,77,77,77,77,77,77,77,77,77,77,77,77,77,77,77,77,77],"card_choices":[{"not_picked":["hexamod:HeatMetal","hexamod:GhostOfSpireFuture"],"picked":"hexamod:HauntingEcho","floor":2.0},{"not_picked":["hexamod:FastForward","hexamod:BacktrackSmack"],"picked":"hexamod:ThermalTransfer","floor":4.0},{"not_picked":["hexamod:GhostLash","hexamod:PhantomFireball"],"picked":"hexamod:WildfireWeapon","floor":5.0},{"not_picked":["hexamod:NightmareStrike","hexamod:GhostOfSpirePast"],"picked":"hexamod:BurningTouch","floor":8.0},{"not_picked":["hexamod:EmpoweredFlame","hexamod:HauntingEcho"],"picked":"hexamod:SoulSteal","floor":9.0},{"not_picked":["hexamod:AdvancingGuard","hexamod:PhantomCloak"],"picked":"hexamod:HeatMetal","floor":10.0},{"not_picked":["hexamod:GhostShield","hexamod:HeatMetal"],"picked":"hexamod:Hexaguard","floor":11.0},{"not_picked":["hexamod:NightmareGuise","hexamod:Hexaguard"],"picked":"hexamod:FirstSeal","floor":12.0},{"not_picked":["hexamod:SpectralAdrenaline","hexamod:SwordOfDarkness"],"picked":"hexamod:FastForward","floor":14.0},{"not_picked":["hexamod:UnlimitedPower","hexamod:Incineration"],"picked":"hexamod:ShieldOfDarkness","floor":15.0},{"not_picked":["hexamod:SearingWound","hexamod:ForkedFlame"],"picked":"hexamod:GhostOfSpirePresent","floor":16.0},{"not_picked":["hexamod:SpectersWail","hexamod:SpectralAdrenaline+1"],"picked":"hexamod:RetreatToShadows+1","floor":19.0},{"not_picked":["hexamod:SwordOfDarkness","hexamod:GhostLash"],"picked":"hexamod:Firestarter","floor":20},{"not_picked":["hexamod:HexaLevel","hexamod:BurningTouch+1"],"picked":"hexamod:FastForward","floor":21},{"not_picked":["hexamod:BurningTouch+1","hexamod:BacktrackSmack"],"picked":"hexamod:NightmareGuise","floor":22},{"not_picked":["hexamod:SoulSteal+1","hexamod:ThermalTransfer+1"],"picked":"hexamod:NightmareGuise","floor":23},{"not_picked":["hexamod:UnleashSpirits","hexamod:BurningTouch"],"picked":"hexamod:FirstSeal","floor":25},{"not_picked":["Replay:Fractal Strike","hubris:InfiniteBlow"],"picked":"infinitespire:TheBestDefense","floor":27},{"not_picked":["hexamod:HauntingEcho+1","hexamod:StepThrough"],"picked":"hexamod:EmpoweredFlame","floor":27},{"not_picked":["hexamod:NightmareStrike","hexamod:GhostLash"],"picked":"hexamod:NightmareGuise+1","floor":28},{"not_picked":["hexamod:HeatMetal","hexamod:NecessarySacrifice","hexamod:GhostflameBarrier"],"picked":"SKIP","floor":30},{"not_picked":["hexamod:RetreatToShadows","hexamod:AdvancingGuard","hexamod:ThermalTransfer+1"],"picked":"SKIP","floor":31}],"player_experience":178630,"relics_obtained":[{"floor":7.0,"key":"hubris:OldNail"},{"floor":9.0,"key":"Ancient Tea Set"},{"floor":12.0,"key":"Gremlin Food"},{"floor":18.0,"key":"Bag of Marbles"},{"floor":24,"key":"hexamod:SoulConsumer"},{"floor":27,"key":"Orichalcum"}],"event_choices":[],"is_beta":false,"boss_relics":[{"not_picked":["Empty Cage","Pandora\u0027s Box","Kintsugi"]}],"items_purged_floors":[10],"is_endless":true,"potions_floor_spawned":[2,11,12,14,15,16,20,23,25],"killed_by":"Chosen and Byrds","ascension_level":0}}