{"host":"am9dcwhv7hq2nlsk","time":1611833881,"event":{"mods":["ATMod(°¢èªMod)","AchievementEnabler","Act Like it!","Ascension Reborn","Aspiration","BaseMod","BetterRewards","Conspire","Custom Start","Dota2Spire","Marisa£¨ìFÓê¡¡Ä§ÀíÉ³£©","Minty Spire (QoL Compilation)","Reimu£¨²©ÀöÁéÃÎ£©","Remilia£¨ÀÙÃ×ÀòÑÇ£©","Replay The Spire","RumiaBox-Â¶Ã×æ«µÄÉñÃØºÐ×Ó","Shop Mod","Spicy Shops","StSLib","TestMod","The Cursed","The Hierophant","UnlockEverythingMod","[IsaacMod]ÒÔÈö¼âËþ","noobMod","¡¾ÒÅÎï¿¨ÅÆ¡¿REMEMod","óô»ðÖ¸ÄÏ"],"gold_per_floor":[168,207,276,339,71,71,171,171,246,308,362,362,421,489,489,587,587,652,652,713,440,525,525,630,728,728,834,834,834,888,932,301,331,331],"floor_reached":33,"language":"ZHS","playtime":1843,"items_purged":["Strike_B","Strike_B","Defend_B","Strike_B","Zap"],"score":1225,"play_id":"a9eea05c-13f4-4d3b-accd-8f1087e48d66","local_time":"20210128193801","is_ascension_mode":true,"campfire_choices":[{"data":"Chrysalis","floor":6,"key":"SMITH"},{"data":"Creative AI","floor":8,"key":"SMITH"},{"floor":15,"key":"DIG"},{"data":"testmod-Collector","floor":23,"key":"SMITH"},{"data":"AT_StudyProgram","floor":29,"key":"SMITH"}],"circlet_count":0,"master_deck":["AscendersBane","Strike_B","Defend_B","Defend_B","Defend_B","Dualcast","Chrysalis+1","ReplayTheSpireMod:System Scan","Creative AI+1","AT_EmpoweredMortalDraw","REME_Shoggoth","ReplayTheSpireMod:Calculation Training","Seek","AT_StudyProgram+1","FIFO Queue","Electrodynamics","Machine Learning","testmod-Collector+1","Reinforced Body"],"relics":["Cracked Core","testmod-TestBox","HushsDoor","REME_ComplimentaryCards","AT_ATBox","ice","testmod-Alchemist","BelialBook","Raider\u0027s Mask","testmod-Maize","AT_MibuBalloonWealth","DeathBook","testmod-Fortitude","Sundial","testmod-ThousandKnives","aspiration:EnhancedActuators","Gremlin Horn","Emotion Chip","Kunai","Regal Pillow","Smiling Mask","conspire:SpecialSausage","GuppysPaw","GuppysCollar","Bronze Scales","aspiration:HatOfInfinitePower","Leech","MutagenicStrength","Divine Protection","Runic Capacitor","SSSystem","Gremlin Food","Nunchaku"],"acts_visited":["Exordium","TheCity"],"potions_floor_usage":[24,33],"damage_taken":[{"damage":7,"enemies":"Small Slimes","floor":1,"turns":3},{"damage":0,"enemies":"Cultist","floor":2,"turns":3},{"damage":0,"enemies":"2 Louse","floor":3,"turns":1},{"damage":0,"enemies":"Large Slime","floor":4,"turns":2},{"damage":0,"enemies":"3 Sentries","floor":7,"turns":1},{"damage":0,"enemies":"2 Fungi Beasts","floor":10,"turns":1},{"damage":0,"enemies":"Lagavulin","floor":11,"turns":2},{"damage":0,"enemies":"Replay:BlueRogue","floor":13,"turns":1},{"damage":0,"enemies":"Red Slaver","floor":14,"turns":1},{"damage":0,"enemies":"Slime Boss","floor":16,"turns":2},{"damage":0,"enemies":"Spheric Guardian","floor":18,"turns":2},{"damage":0,"enemies":"2 Thieves","floor":20,"turns":1},{"damage":0,"enemies":"Gremlin Leader","floor":24,"turns":1},{"damage":0,"enemies":"Shelled Parasite and Fungi","floor":25,"turns":1},{"damage":21,"enemies":"Slavers","floor":27,"turns":2},{"damage":46,"enemies":"Book of Stabbing","floor":30,"turns":4},{"damage":0,"enemies":"Snake Plant","floor":31,"turns":2},{"damage":22,"enemies":"conspire:MysteriousRune","floor":33,"turns":3}],"seed_played":"-3003555617267280221","potions_obtained":[{"floor":2,"key":"Fire Potion"},{"floor":13,"key":"REME_GoldPotion"},{"floor":14,"key":"Dota2Spire:HealingSalve"},{"floor":16,"key":"Languid Potion"},{"floor":24,"key":"REME_GoldPotion"},{"floor":27,"key":"Elixir"}],"is_trial":false,"path_per_floor":["M","M","M","M","$","R","E","R","T","M","E","?","E","M","R","B",null,"M","?","M","$","?","R","E","M","T","E","?","R","E","M","R","B"],"character_chosen":"DEFECT","items_purchased":["Raider\u0027s Mask","AT_MibuBalloonWealth","DeathBook","Chrysalis","ReplayTheSpireMod:System Scan","Sundial","Seek","GuppysPaw","GuppysCollar","Bronze Scales","testmod-Collector","Runic Capacitor","SSSystem","Gremlin Food","Nunchaku"],"campfire_rested":0,"item_purchase_floors":[0,0,0,0,0,0,5,17,17,21,21,32,32,32,32],"current_hp_per_floor":[15,15,15,15,15,15,15,15,15,15,15,10,10,10,10,10,39,39,39,39,39,24,24,24,24,24,3,3,3,18,19,19,0,0],"gold":331,"neow_bonus":"","is_daily":false,"chose_seed":false,"campfire_upgraded":4,"win_rate":0.0,"timestamp":1611833881,"path_taken":["M","M","M","M","$","R","E","R","T","M","E","?","E","?","R","BOSS","M","?","M","$","?","R","E","?","T","E","?","R","E","M","R","BOSS"],"items_purchased_type":["Relic","Relic","Relic","Card","Card","Relic","Card","Relic","Relic","Relic","Card","Relic","Relic","Relic","Relic"],"build_version":"2020-12-22","purchased_purges":5,"victory":false,"max_hp_per_floor":[71,71,71,71,71,71,71,71,71,71,71,71,71,71,71,71,48,48,48,48,48,48,48,48,48,48,48,48,48,53,53,53,63,63],"card_choices":[{"not_picked":["Leap","Go for the Eyes","Sweeping Beam"],"picked":"SKIP","floor":1},{"not_picked":["Sweeping Beam","Crystallizer","Steam"],"picked":"SKIP","floor":2},{"not_picked":["Go for the Eyes","Sweeping Beam"],"picked":"REME_Shoggoth","floor":3},{"not_picked":["BasicCrystalCard","Streamline"],"picked":"ReplayTheSpireMod:Calculation Training","floor":4},{"not_picked":["Go for the Eyes","Gash","Hologram"],"picked":"SKIP","floor":7},{"not_picked":["Go for the Eyes","Gash","Hologram"],"picked":"SKIP","floor":7},{"not_picked":["Leap","Stack"],"picked":"AT_StudyProgram","floor":10},{"not_picked":["conspire:Rain","Hello World"],"picked":"FIFO Queue","floor":11},{"not_picked":["Cold Snap","Seek"],"picked":"Electrodynamics","floor":13},{"not_picked":["Go for the Eyes","Steam","AT_HeatAcrobatics"],"picked":"SKIP","floor":14},{"not_picked":["All For One","AT_WaterDrop"],"picked":"Machine Learning","floor":16},{"not_picked":["Storm","AT_HeatAcrobatics","Leap"],"picked":"SKIP","floor":18},{"not_picked":["Heatsinks","Beam Cell+1","Gash"],"picked":"SKIP","floor":20},{"not_picked":["Go for the Eyes","Redo","Beam Cell"],"picked":"SKIP","floor":24},{"not_picked":["FIFO Queue","Beam Cell","Crystallizer"],"picked":"SKIP","floor":25},{"not_picked":["Buffer","Recycle","Compile Driver"],"picked":"SKIP","floor":27},{"not_picked":["Darkness","Seek"],"picked":"Reinforced Body","floor":30},{"not_picked":["Redo","Hologram","AT_HeatAcrobatics"],"picked":"SKIP","floor":31}],"player_experience":514170,"relics_obtained":[{"floor":7,"key":"aspiration:EnhancedActuators"},{"floor":9,"key":"Gremlin Horn"},{"floor":11,"key":"Emotion Chip"},{"floor":13,"key":"Regal Pillow"},{"floor":15,"key":"Smiling Mask"},{"floor":24,"key":"aspiration:HatOfInfinitePower"},{"floor":27,"key":"Leech"},{"floor":30,"key":"Divine Protection"}],"event_choices":[{"damage_healed":0,"gold_gain":0,"player_choice":"Success","damage_taken":5,"relics_obtained":["Kunai"],"max_hp_gain":0,"max_hp_loss":0,"event_name":"Scrap Ooze","floor":12,"gold_loss":0},{"damage_healed":0,"gold_gain":0,"player_choice":"Inject Mutagens","damage_taken":0,"relics_obtained":["MutagenicStrength"],"max_hp_gain":0,"max_hp_loss":0,"event_name":"Drug Dealer","floor":28,"gold_loss":0}],"is_beta":false,"boss_relics":[{"not_picked":["Busted Crown","aspiration:Stellarator"],"picked":"conspire:SpecialSausage"},{"not_picked":[]}],"items_purged_floors":[0,5,21,21,32],"is_endless":false,"potions_floor_spawned":[2,13,14,16,20,24,27],"killed_by":"conspire:MysteriousRune","ascension_level":20}}