{"host":"vyjryxuuuxkt43k4","time":1611799291,"event":{"mods":["AchievementEnabler","BaseMod","Colored Map","DeckTracker","Keyboard Shortcuts","Minty Spire (QoL Compilation)","Permanent Neow","Quick Restart","Rare Cards Sparkle","StSLib","SuperFastMode","everything is the same but u backflip on backflip"],"gold_per_floor":[109,125,22,37,49,49,49,49,49],"floor_reached":8,"language":"KOR","playtime":210,"items_purged":[],"score":96,"play_id":"5313983a-cc0b-48eb-96cf-9967c49058e3","local_time":"20210128110131","is_ascension_mode":true,"campfire_choices":[{"data":"Pommel Strike","floor":6.0,"key":"SMITH"}],"circlet_count":0,"master_deck":["AscendersBane","Strike_R","Strike_R","Strike_R","Strike_R","Strike_R","Defend_R","Defend_R","Defend_R","Defend_R","Bash+1","Combust","Shrug It Off","Inflame","Anger","Battle Trance","Pommel Strike+1","Decay"],"relics":["Burning Blood"],"acts_visited":["Exordium"],"potions_floor_usage":[8],"damage_taken":[{"damage":6.0,"enemies":"Jaw Worm","floor":1.0,"turns":4.0},{"damage":6.0,"enemies":"Cultist","floor":2.0,"turns":3.0},{"damage":13.0,"enemies":"2 Louse","floor":4.0,"turns":2.0},{"damage":40.0,"enemies":"Exordium Thugs","floor":5.0,"turns":5.0},{"damage":27,"enemies":"3 Sentries","floor":8,"turns":5}],"seed_played":"2499584711292322370","potions_obtained":[{"floor":1.0,"key":"LiquidBronze"}],"is_trial":false,"path_per_floor":["M","M","$","M","M","R","?","E"],"character_chosen":"IRONCLAD","items_purchased":["Inflame","Anger"],"campfire_rested":0,"item_purchase_floors":[3,3],"current_hp_per_floor":[68,68,68,61,27,27,27,0,0],"gold":49,"neow_bonus":"UPGRADE_CARD","is_daily":false,"chose_seed":false,"campfire_upgraded":1,"win_rate":0.0,"timestamp":1611799291,"path_taken":["M","M","$","M","M","R","?","E"],"items_purchased_type":["Card","Card"],"build_version":"2020-12-22","purchased_purges":0,"victory":false,"max_hp_per_floor":[75,75,75,75,75,75,75,75,75],"card_choices":[{"not_picked":["Entrench","Havoc"],"picked":"Combust","floor":1.0},{"not_picked":["Dual Wield","Clothesline"],"picked":"Shrug It Off","floor":2.0},{"not_picked":["Headbutt","Havoc"],"picked":"Battle Trance","floor":4.0},{"not_picked":["Cleave","Uppercut"],"picked":"Pommel Strike","floor":5.0}],"player_experience":432730,"relics_obtained":[],"event_choices":[{"damage_healed":0,"gold_gain":0,"player_choice":"Cursed","damage_taken":0,"max_hp_gain":0,"max_hp_loss":0,"event_name":"Wheel of Change","floor":7,"gold_loss":0,"cards_obtained":["Decay"]}],"is_beta":false,"boss_relics":[],"items_purged_floors":[],"is_endless":false,"potions_floor_spawned":[1],"killed_by":"3 Sentries","ascension_level":20}}