{"host":"xobdcpbm4ckypiai","time":1611807025,"event":{"mods":["BaseMod","Conspire","Energized Spire","FoggyMod","Minty Spire (QoL Compilation)","Permanent Neow","Relic Stats","Replay The Spire","Spicy Shops","StSLib","The Jungle","UnlockEverythingMod","¡¾ÒÅÎï¿¨ÅÆ¡¿REMEMod"],"gold_per_floor":[112,112,112,212,33,64,74,74,97,131,131,150,100,175,175,274,224,206,131,230,230,155,155,172,172,245,245,277,277,277,305,305,405,405,424,469,88,88,88,88,88,88,135,60,0,0,0,0,0,20],"floor_reached":51,"language":"ZHS","playtime":2002,"items_purged":["Strike_P","Defend_P","Defend_P"],"score":1027,"play_id":"6240b3f7-f2fe-4852-a160-1a3399704462","local_time":"20210128121025","is_ascension_mode":false,"campfire_choices":[{"data":"WheelKick","floor":8.0,"key":"SMITH"},{"floor":15.0,"key":"DIG"},{"data":"REME_CRH","floor":23.0,"key":"SMITH"},{"data":"Alpha","floor":25.0,"key":"SMITH"},{"floor":32,"key":"DIG"},{"floor":40,"key":"DIG"},{"floor":42,"key":"DIG"},{"floor":49,"key":"DIG"}],"circlet_count":0,"master_deck":["Defend_P","Vigilance","InnerPeace","WheelKick+2","Replay:Cycle","REME_CRH+1","CarveReality+1","Eruption","ReplayTheSpireMod:Private Reserves","Alpha+1","WaveOfTheHand","Protect+1","DeusExMachina","Replay:Cycle+1","Vault+1","Crescendo+1","Madness","Madness","Panache","REME_Flogging"],"relics":["REME_ComplimentaryCards","Coffee Dripper","Darkstone Periapt","ReplayFunnel","conspire:InfiniteJournal","Anchor","Omamori","Bottled Flame","energizedSpire:HugeHouse","Quantum Egg","conspire:DeflatedDodgeball","Centennial Puzzle","Shovel","Boot","Durian","Astrolabe","Juzu Bracelet","TheAbacus","Ring of Fury","ReplayTheSpireMod:Ring of Collecting","Gremlin Food","Replay:Bandana","Bronze Scales","Ring of Searing","Pen Nib","Red Mask","Whetstone"],"acts_visited":["Exordium","TheCity","TheBeyond"],"potions_floor_usage":[],"damage_taken":[{"damage":2.0,"enemies":"conspire:RoseBush","floor":1.0,"turns":3.0},{"damage":53.0,"enemies":"Lagavulin","floor":6.0,"turns":8.0},{"damage":0.0,"enemies":"Small Slimes","floor":7.0,"turns":4.0},{"damage":6.0,"enemies":"Gremlin Nob","floor":10.0,"turns":3.0},{"damage":0.0,"enemies":"Cultist","floor":12.0,"turns":1.0},{"damage":0.0,"enemies":"Slime Boss","floor":16.0,"turns":2.0},{"damage":12.0,"enemies":"2 Thieves","floor":18.0,"turns":4.0},{"damage":0.0,"enemies":"Chosen","floor":24.0,"turns":3.0},{"damage":11.0,"enemies":"Slavers","floor":28.0,"turns":3.0},{"damage":0,"enemies":"REME_1_Revenger","floor":31,"turns":3},{"damage":0,"enemies":"Pondfish","floor":33,"turns":5},{"damage":0,"enemies":"3 Shapes","floor":35,"turns":3},{"damage":0,"enemies":"conspire:MimicChest","floor":36,"turns":4},{"damage":0,"enemies":"Replay:Hell Engine","floor":50,"turns":1}],"seed_played":"-623212841819100338","potions_obtained":[{"floor":7.0,"key":"ColorlessPotion"},{"floor":12.0,"key":"Reflective Coating"},{"floor":16.0,"key":"GamblersBrew"},{"floor":24.0,"key":"AttackPotion"}],"is_trial":false,"path_per_floor":["M","?","?","?","$","E","M","R","T","E","?","M","M","?","R","B",null,"M","M","?","?","$","R","M","R","T","?","E","?","M","E","R","B",null,"M","?","$","?","?","R","?","R","T","$","?","?","$","?","R","B",null],"character_chosen":"WATCHER","items_purchased":["Darkstone Periapt","ReplayFunnel","TheAbacus","Pen Nib"],"campfire_rested":0,"item_purchase_floors":[5,5,37,44],"current_hp_per_floor":[70,63,68,68,74,21,21,21,21,15,15,15,15,4,4,4,78,66,66,66,66,66,66,66,66,66,66,55,88,88,88,93,93,93,93,93,93,81,81,81,81,81,81,81,81,71,71,71,71,71],"gold":20,"neow_bonus":"BOSS_RELIC","is_daily":false,"chose_seed":false,"campfire_upgraded":3,"win_rate":0.0,"timestamp":1611807025,"path_taken":["M","?","?","?","$","E","?","R","T","E","?","?","?","?","R","BOSS","M","?","?","?","?","R","?","R","T","?","E","?","?","E","R","BOSS","M","?","?","?","?","R","?","R","T","?","?","?","$","?","R","BOSS"],"items_purchased_type":["Relic","Relic","Relic","Relic"],"build_version":"2020-12-22","purchased_purges":3,"victory":true,"max_hp_per_floor":[72,72,77,77,83,83,83,83,83,83,83,83,83,83,83,83,78,78,78,78,78,78,78,78,78,78,78,78,88,88,88,93,93,93,93,93,93,93,93,93,93,93,93,93,93,93,93,93,93,93],"relic_stats":{"Darkstone Periapt":6,"Centennial Puzzle":[3],"Shovel":5,"TheAbacus":[12],"counters":[14,47],"Astrolabe":["Replay:Cycle","Vault","Crescendo"],"Bronze Scales":[0],"Pen Nib":[1],"Juzu Bracelet":2,"Whetstone":["WheelKick","CarveReality"],"Boot":[0],"obtain_stats":[{"Darkstone Periapt":5,"ReplayFunnel":5,"Juzu Bracelet":36,"Whetstone":49,"Boot":31,"conspire:InfiniteJournal":6,"Ring of Searing":43,"Centennial Puzzle":27,"Replay:Bandana":42,"Shovel":28,"TheAbacus":37,"energizedSpire:HugeHouse":17,"Red Mask":45,"Gremlin Food":40,"Quantum Egg":21,"Astrolabe":34,"Pen Nib":44,"Omamori":10,"Anchor":9,"Bottled Flame":15,"ReplayTheSpireMod:Ring of Collecting":39,"Bronze Scales":43,"Ring of Fury":39,"Coffee Dripper":0,"Durian":32,"PureWater":0,"conspire:DeflatedDodgeball":26,"REME_ComplimentaryCards":0},{"Darkstone Periapt":1,"ReplayFunnel":1,"Juzu Bracelet":13,"Whetstone":13,"Boot":10,"conspire:InfiniteJournal":2,"Ring of Searing":13,"Centennial Puzzle":8,"Replay:Bandana":13,"Shovel":9,"TheAbacus":13,"energizedSpire:HugeHouse":6,"Red Mask":13,"Gremlin Food":13,"Quantum Egg":7,"Astrolabe":11,"Pen Nib":13,"Omamori":4,"Anchor":3,"Bottled Flame":5,"ReplayTheSpireMod:Ring of Collecting":13,"Bronze Scales":13,"Ring of Fury":13,"Coffee Dripper":0,"Durian":10,"PureWater":0,"conspire:DeflatedDodgeball":8,"REME_ComplimentaryCards":0},{"Darkstone Periapt":3,"ReplayFunnel":3,"Juzu Bracelet":46,"Whetstone":46,"Boot":34,"conspire:InfiniteJournal":11,"Ring of Searing":46,"Centennial Puzzle":28,"Replay:Bandana":46,"Shovel":31,"TheAbacus":46,"energizedSpire:HugeHouse":21,"Red Mask":46,"Gremlin Food":46,"Quantum Egg":25,"Astrolabe":39,"Pen Nib":46,"Omamori":18,"Anchor":15,"Bottled Flame":19,"ReplayTheSpireMod:Ring of Collecting":46,"Bronze Scales":46,"Ring of Fury":46,"Coffee Dripper":0,"Durian":34,"PureWater":0,"conspire:DeflatedDodgeball":28,"REME_ComplimentaryCards":0}]},"card_choices":[{"not_picked":["Replay:AtTheReady","Prostrate"],"picked":"InnerPeace","floor":1.0},{"not_picked":["Weave","PathToVictory","SignatureMove"],"picked":"SKIP","floor":6.0},{"not_picked":["Wireheading","Replay:BluntJabs"],"picked":"WheelKick","floor":7.0},{"not_picked":["Crescendo","CutThroughFate"],"picked":"Replay:Cycle","floor":10.0},{"not_picked":["BowlingBash","FlurryOfBlows","REME_Repentance"],"picked":"SKIP","floor":12.0},{"not_picked":["Blasphemy","Replay:LoomingThreat"],"picked":"Alpha","floor":16.0},{"not_picked":["EmptyBody","ThirdEye","Worship+1"],"picked":"SKIP","floor":18.0},{"not_picked":["FollowUp","Halt","Nirvana+1"],"picked":"SKIP","floor":24.0},{"not_picked":["Collect","BowlingBash+1"],"picked":"Protect+1","floor":28.0},{"not_picked":["FlyingSleeves","JustLucky","Fasting2"],"picked":"SKIP","floor":31},{"not_picked":["REME_WorshipGod","Ragnarok"],"picked":"DeusExMachina","floor":33},{"not_picked":["SignatureMove+1","FlyingSleeves","SashWhip"],"picked":"SKIP","floor":35},{"not_picked":["Bandage Up","REME_ShortnessOfBreath"],"picked":"Panache","floor":46},{"not_picked":["Magnetism","Master of Strategy"],"picked":"REME_Flogging","floor":46}],"player_experience":67089,"relics_obtained":[{"floor":6.0,"key":"conspire:InfiniteJournal"},{"floor":9.0,"key":"Anchor"},{"floor":10.0,"key":"Omamori"},{"floor":15.0,"key":"Bottled Flame"},{"floor":26.0,"key":"conspire:DeflatedDodgeball"},{"floor":28.0,"key":"Shovel"},{"floor":31,"key":"Boot"},{"floor":32,"key":"Durian"},{"floor":36,"key":"Juzu Bracelet"},{"floor":39,"key":"Ring of Fury"},{"floor":39,"key":"ReplayTheSpireMod:Ring of Collecting"},{"floor":40,"key":"Gremlin Food"},{"floor":42,"key":"Replay:Bandana"},{"floor":43,"key":"Bronze Scales"},{"floor":43,"key":"Ring of Searing"},{"floor":49,"key":"Whetstone"}],"event_choices":[{"cards_removed":["Eruption"],"damage_healed":0.0,"max_hp_gain":0.0,"max_hp_loss":0.0,"gold_gain":0.0,"event_name":"Golden Wing","player_choice":"Card Removal","floor":2.0,"gold_loss":0.0,"damage_taken":7.0},{"damage_healed":0.0,"max_hp_gain":5.0,"max_hp_loss":0.0,"gold_gain":0.0,"event_name":"Big Fish","player_choice":"Donut","floor":3.0,"gold_loss":0.0,"damage_taken":0.0},{"damage_healed":0.0,"max_hp_gain":0.0,"max_hp_loss":0.0,"gold_gain":100.0,"event_name":"Golden Shrine","player_choice":"Pray","floor":4.0,"gold_loss":0.0,"damage_taken":0.0},{"damage_healed":0.0,"max_hp_gain":0.0,"max_hp_loss":0.0,"gold_gain":0.0,"event_name":"Match and Keep!","player_choice":"5 cards matched","floor":11.0,"gold_loss":0.0,"damage_taken":0.0,"cards_obtained":["REME_CRH","CarveReality","Eruption","ReplayTheSpireMod:Private Reserves","FollowUp"]},{"cards_removed":["Strike_P"],"damage_healed":0.0,"max_hp_gain":0.0,"max_hp_loss":0.0,"gold_gain":0.0,"event_name":"The Cleric","player_choice":"Card Removal","floor":13.0,"gold_loss":50.0,"damage_taken":0.0},{"damage_healed":0.0,"max_hp_gain":0.0,"max_hp_loss":0.0,"gold_gain":75.0,"event_name":"World of Goop","player_choice":"Gather Gold","floor":14.0,"gold_loss":0.0,"damage_taken":11.0},{"cards_removed":["Decay"],"damage_healed":0.0,"max_hp_gain":0.0,"max_hp_loss":0.0,"gold_gain":0.0,"event_name":"Beggar","player_choice":"Gave Gold","floor":19.0,"gold_loss":75.0,"damage_taken":0.0},{"damage_healed":0.0,"max_hp_gain":0.0,"max_hp_loss":0.0,"gold_gain":99.0,"event_name":"Nest","player_choice":"Stole From Cult","floor":20.0,"gold_loss":0.0,"damage_taken":0.0},{"damage_healed":0.0,"max_hp_gain":0.0,"max_hp_loss":0.0,"gold_gain":0.0,"event_name":"Addict","player_choice":"Stole Relic","floor":27.0,"gold_loss":0.0,"damage_taken":0.0,"relics_obtained":["Centennial Puzzle"],"cards_obtained":["Shame"]},{"cards_removed":["Fiend Fire"],"damage_healed":23.0,"max_hp_gain":10.0,"max_hp_loss":0.0,"gold_gain":0.0,"event_name":"Bonfire Elementals","player_choice":"Offered Rare","floor":29.0,"gold_loss":0.0,"damage_taken":0.0},{"damage_healed":0,"gold_gain":0,"player_choice":"Ignored","damage_taken":0,"max_hp_gain":0,"max_hp_loss":0,"event_name":"Vampires","floor":30,"gold_loss":0},{"damage_healed":0,"gold_gain":0,"player_choice":"Embrace Madness","damage_taken":12,"max_hp_gain":0,"max_hp_loss":0,"event_name":"Winding Halls","floor":38,"gold_loss":0,"cards_obtained":["Madness","Madness"]},{"cards_removed":["Strike_P"],"damage_healed":0,"gold_gain":0,"player_choice":"Removed Attack","damage_taken":0,"max_hp_gain":0,"max_hp_loss":0,"event_name":"Falling","floor":41,"gold_loss":0},{"damage_healed":0,"gold_gain":0,"player_choice":"Paid","damage_taken":0,"relics_obtained":["Red Mask"],"max_hp_gain":0,"max_hp_loss":0,"event_name":"Tomb of Lord Red Mask","floor":45,"gold_loss":60},{"damage_healed":0,"gold_gain":0,"player_choice":"Memory 3","damage_taken":10,"max_hp_gain":0,"max_hp_loss":0,"event_name":"SensoryStone","floor":46,"gold_loss":0},{"damage_healed":0,"gold_gain":0,"player_choice":"Leave","damage_taken":0,"max_hp_gain":0,"max_hp_loss":0,"event_name":"conspire:Investor","floor":48,"gold_loss":0}],"is_beta":false,"boss_relics":[{"not_picked":["energizedSpire:SpiderWeb","Replay:Ancient Bell"],"picked":"energizedSpire:HugeHouse"},{"not_picked":["REME_LowDesire","energizedSpire:NeverEndingSparkler"],"picked":"Astrolabe"}],"items_purged_floors":[22,37,37],"is_endless":false,"potions_floor_spawned":[7,12,16,24,31],"ascension_level":0}}