{"host":"nokkww7jwsecww7q","time":1611858962,"event":{"mods":["AchievementEnabler","BaseMod","Better Skull","Better Third Choice","BetterRewards","Colored Map","Colored Powertips","DeckTracker","Displayed Cursed Tome","Minty Spire (QoL Compilation)","Quick Restart","Relic Stats","Spicy Shops","StSLib","Thieving Mod","everything is the same but u backflip on backflip"],"gold_per_floor":[144,44,89,134,179,179,269,269,319,319,364,409,454,544,544,844,844,889,934,222,267,312,312,357,109,109,199,199,289,289,25,25,325,325,370,415,460,322,322,412,430,37,62,62,107,152,197,287,287,287],"floor_reached":51,"language":"ENG","playtime":2556,"items_purged":["CrushJoints","BattleHymn","Gash","Ball Lightning","Beam Cell"],"score":1011,"play_id":"7cdc394f-78fc-4161-9290-c27ca663f1c1","local_time":"20210128213602","daily_mods":["Draft","Purple Cards","Midas"],"is_ascension_mode":false,"campfire_choices":[{"floor":6.0,"key":"REST"},{"floor":8.0,"key":"REST"},{"floor":10.0,"key":"REST"},{"floor":15.0,"key":"REST"},{"floor":23.0,"key":"REST"},{"floor":30.0,"key":"REST"},{"floor":32.0,"key":"REST"},{"floor":49,"key":"DIG"}],"circlet_count":0,"master_deck":["Conserve Battery","Hologram","Turbo","Cold Snap","CrushJoints","Prostrate","Coolheaded","Scrape","Turbo","Glacier","Normality","Conserve Battery+1","Steam+1","Double Energy+1","Defragment","Defragment","Glacier+1","Hyperbeam","Steam Power+1","Normality","Leap+1","Alpha+1","Hologram+1","Wireheading+1","Regret","Steam Power+1","Seek+1","Coolheaded+1","Seek+1","Wish+1","Coolheaded+1","Shame","Iron Wave"],"relics":["Cracked Core","Toxic Egg 2","Bag of Marbles","Regal Pillow","Sundial","Inserter","Blue Candle","TheAbacus","Matryoshka","Bag of Preparation","Membership Card","Oddly Smooth Stone","ClockworkSouvenir","DataDisk","Eternal Feather","StrikeDummy","Symbiotic Virus","Mummified Hand","DollysMirror","Fusion Hammer","Centennial Puzzle","Turnip","Shovel","Runic Capacitor","Strawberry","Lee\u0027s Waffle","Vajra","Toy Ornithopter","Ornamental Fan","PreservedInsect"],"acts_visited":["Exordium","TheCity","TheBeyond"],"potions_floor_usage":[50],"damage_taken":[{"damage":0.0,"enemies":"Cultist","floor":1.0,"turns":2.0},{"damage":0.0,"enemies":"Jaw Worm","floor":3.0,"turns":1.0},{"damage":4.0,"enemies":"Small Slimes","floor":4.0,"turns":3.0},{"damage":0.0,"enemies":"3 Louse","floor":5.0,"turns":3.0},{"damage":12.0,"enemies":"Gremlin Nob","floor":7.0,"turns":3.0},{"damage":0.0,"enemies":"2 Fungi Beasts","floor":11.0,"turns":3.0},{"damage":0.0,"enemies":"Exordium Thugs","floor":12.0,"turns":4.0},{"damage":0.0,"enemies":"Blue Slaver","floor":13.0,"turns":2.0},{"damage":18.0,"enemies":"Lagavulin","floor":14.0,"turns":6.0},{"damage":15.0,"enemies":"Slime Boss","floor":16.0,"turns":8.0},{"damage":15.0,"enemies":"2 Thieves","floor":18.0,"turns":3.0},{"damage":6.0,"enemies":"Chosen","floor":19.0,"turns":2.0},{"damage":13.0,"enemies":"Snecko","floor":21.0,"turns":5.0},{"damage":2.0,"enemies":"Sentry and Sphere","floor":22.0,"turns":5.0},{"damage":11.0,"enemies":"Cultist and Chosen","floor":24.0,"turns":5.0},{"damage":9.0,"enemies":"Book of Stabbing","floor":27.0,"turns":8.0},{"damage":18.0,"enemies":"Slavers","floor":29.0,"turns":5.0},{"damage":3.0,"enemies":"Automaton","floor":33.0,"turns":7.0},{"damage":4.0,"enemies":"Orb Walker","floor":35.0,"turns":2.0},{"damage":1.0,"enemies":"3 Darklings","floor":36.0,"turns":1.0},{"damage":0.0,"enemies":"Jaw Worm Horde","floor":37.0,"turns":1.0},{"damage":3.0,"enemies":"Nemesis","floor":40.0,"turns":7.0},{"damage":2.0,"enemies":"2 Orb Walkers","floor":41.0,"turns":3.0},{"damage":8.0,"enemies":"Sphere and 2 Shapes","floor":45.0,"turns":4.0},{"damage":3.0,"enemies":"3 Darklings","floor":46.0,"turns":1.0},{"damage":2.0,"enemies":"4 Shapes","floor":47.0,"turns":2.0},{"damage":3,"enemies":"Giant Head","floor":48,"turns":7},{"damage":4,"enemies":"Time Eater","floor":50,"turns":11}],"seed_played":"9192803745042345800","potions_obtained":[{"floor":11.0,"key":"DistilledChaos"},{"floor":13.0,"key":"Explosive Potion"},{"floor":14.0,"key":"SteroidPotion"},{"floor":37.0,"key":"Block Potion"}],"is_trial":false,"path_per_floor":["M","$","M","M","M","R","E","R","T","R","M","M","M","E","R","B",null,"M","M","$","M","M","R","M","$","T","E","?","E","R","$","R","B",null,"M","M","M","$","?","E","?","$","T","?","M","M","M","E","R","B",null],"character_chosen":"DEFECT","items_purchased":["Toxic Egg 2","Blue Candle","TheAbacus","Leap+1","Matryoshka","Alpha+1","Bag of Preparation","Membership Card","Oddly Smooth Stone","ClockworkSouvenir","Mummified Hand","Coolheaded+1","DollysMirror","Shovel","Runic Capacitor","Coolheaded+1","ColorlessPotion","Strawberry","Lee\u0027s Waffle"],"campfire_rested":7,"item_purchase_floors":[2,20,20,20,20,20,20,25,25,25,31,31,31,42,42,42,42,42,42],"current_hp_per_floor":[75,75,75,71,71,75,63,75,75,75,75,75,75,57,75,60,75,60,54,54,41,39,75,64,64,64,55,55,37,75,75,75,72,75,71,70,70,70,70,67,65,89,89,89,81,78,76,73,89,89],"gold":287,"neow_bonus":"","is_daily":true,"chose_seed":false,"campfire_upgraded":0,"win_rate":0.0,"timestamp":1611858962,"path_taken":["M","$","M","M","M","R","E","R","T","R","M","M","M","E","R","BOSS","M","M","$","M","?","R","M","$","T","E","?","E","R","$","R","BOSS","M","M","?","$","?","E","?","$","T","?","M","M","?","E","R","BOSS"],"items_purchased_type":["Relic","Relic","Relic","Card","Relic","Card","Relic","Relic","Relic","Relic","Relic","Card","Relic","Relic","Relic","Card","Potion","Relic","Relic"],"build_version":"2020-12-22","purchased_purges":5,"victory":true,"max_hp_per_floor":[75,75,75,75,75,75,75,75,75,75,75,75,75,75,75,75,75,75,75,75,75,75,75,75,75,75,75,75,75,75,75,75,75,75,75,75,75,75,75,75,75,89,89,89,89,89,89,89,89,89],"relic_stats":{"Regal Pillow":14,"Lee\u0027s Waffle":17,"Inserter":[38],"counters":[28,114],"Blue Candle":[39],"Eternal Feather":34,"PreservedInsect":0,"Bag of Preparation":[32],"Centennial Puzzle":[17],"TheAbacus":[84],"Shovel":1,"Sundial":[10],"Mummified Hand":[49],"Ornamental Fan":[0],"Turnip":[7],"obtain_stats":[{"Regal Pillow":9,"Vajra":43,"Bag of Preparation":20,"Runic Capacitor":42,"ClockworkSouvenir":25,"Centennial Puzzle":40,"TheAbacus":20,"Matryoshka":20,"Shovel":42,"Sundial":14,"Mummified Hand":31,"DollysMirror":31,"Strawberry":42,"Fusion Hammer":34,"Toxic Egg 2":2,"Cracked Core":0,"Lee\u0027s Waffle":42,"Inserter":17,"Blue Candle":20,"Oddly Smooth Stone":25,"Eternal Feather":26,"PreservedInsect":49,"DataDisk":26,"Ornamental Fan":48,"Turnip":41,"Bag of Marbles":7,"Membership Card":25,"StrikeDummy":27,"Symbiotic Virus":29,"Toy Ornithopter":43},{"Regal Pillow":5,"Vajra":23,"Bag of Preparation":12,"Runic Capacitor":23,"ClockworkSouvenir":15,"Centennial Puzzle":22,"TheAbacus":12,"Matryoshka":12,"Shovel":23,"Sundial":9,"Mummified Hand":17,"DollysMirror":17,"Strawberry":23,"Fusion Hammer":18,"Toxic Egg 2":1,"Cracked Core":0,"Lee\u0027s Waffle":23,"Inserter":10,"Blue Candle":12,"Oddly Smooth Stone":15,"Eternal Feather":15,"PreservedInsect":27,"DataDisk":15,"Ornamental Fan":27,"Turnip":23,"Bag of Marbles":5,"Membership Card":15,"StrikeDummy":16,"Symbiotic Virus":17,"Toy Ornithopter":23},{"Regal Pillow":12,"Vajra":89,"Bag of Preparation":40,"Runic Capacitor":89,"ClockworkSouvenir":55,"Centennial Puzzle":86,"TheAbacus":40,"Matryoshka":40,"Shovel":89,"Sundial":27,"Mummified Hand":68,"DollysMirror":68,"Strawberry":89,"Fusion Hammer":75,"Toxic Egg 2":2,"Cracked Core":0,"Lee\u0027s Waffle":89,"Inserter":35,"Blue Candle":40,"Oddly Smooth Stone":55,"Eternal Feather":55,"PreservedInsect":103,"DataDisk":55,"Ornamental Fan":103,"Turnip":89,"Bag of Marbles":12,"Membership Card":55,"StrikeDummy":63,"Symbiotic Virus":68,"Toy Ornithopter":89}],"Toy Ornithopter":4},"card_choices":[{"not_picked":["EmptyFist","FlyingSleeves"],"picked":"BattleHymn","floor":0.0},{"not_picked":["Static Discharge","Worship"],"picked":"CutThroughFate","floor":0.0},{"not_picked":["Halt","EmptyBody"],"picked":"Gash","floor":0.0},{"not_picked":["Redo","Rebound"],"picked":"Conserve Battery","floor":0.0},{"not_picked":["CutThroughFate","Consume"],"picked":"Hologram","floor":0.0},{"not_picked":["FollowUp","PathToVictory"],"picked":"Turbo","floor":0.0},{"not_picked":["CrushJoints","Study"],"picked":"Cold Snap","floor":0.0},{"not_picked":["Perseverance","Rebound"],"picked":"Beam Cell","floor":0.0},{"not_picked":["Consume","FollowUp"],"picked":"CrushJoints","floor":0.0},{"not_picked":["Rip and Tear","Consecrate"],"picked":"Ball Lightning","floor":0.0},{"not_picked":["PathToVictory","SashWhip"],"picked":"Prostrate","floor":0.0},{"not_picked":["Hologram","InnerPeace"],"picked":"Coolheaded","floor":0.0},{"not_picked":["EmptyFist","Halt"],"picked":"CrushJoints","floor":0.0},{"not_picked":["Self Repair","SandsOfTime"],"picked":"Scrape","floor":0.0},{"not_picked":["TalkToTheHand","Collect"],"picked":"Turbo","floor":0.0},{"not_picked":["Ball Lightning","SashWhip"],"picked":"Glacier","floor":1.0},{"not_picked":["Collect+1","JustLucky"],"picked":"Conserve Battery+1","floor":3.0},{"not_picked":["Vengeance+1","Consecrate"],"picked":"Steam+1","floor":4.0},{"not_picked":["FlyingSleeves","SignatureMove"],"picked":"Double Energy+1","floor":5.0},{"not_picked":["Rip and Tear","Doom and Gloom","Crescendo+1"],"picked":"SKIP","floor":7.0},{"not_picked":["Compile Driver","JustLucky"],"picked":"Defragment","floor":11.0},{"not_picked":["Steam+1","Cold Snap"],"picked":"Defragment","floor":12.0},{"not_picked":["Rebound","Wallop","FlurryOfBlows"],"picked":"SKIP","floor":13.0},{"not_picked":["Stack+1","Halt+1"],"picked":"Glacier+1","floor":14.0},{"not_picked":["Brilliance","Multi-Cast+1"],"picked":"Hyperbeam","floor":16.0},{"not_picked":["Barrage","Compile Driver","Collect+1"],"picked":"SKIP","floor":18.0},{"not_picked":["Gash+1","Undo+1"],"picked":"Steam Power+1","floor":19.0},{"not_picked":["Barrage+1","Protect+1"],"picked":"Hologram+1","floor":21.0},{"not_picked":["FlyingSleeves","Storm"],"picked":"Wireheading+1","floor":22.0},{"not_picked":["Protect+1","FollowUp"],"picked":"Defragment","floor":24.0},{"not_picked":["PathToVictory+1","CrushJoints","CutThroughFate+1"],"picked":"SKIP","floor":27.0},{"not_picked":["PathToVictory+1","CrushJoints","CutThroughFate+1"],"picked":"SKIP","floor":27.0},{"not_picked":["Crescendo+1","Consecrate+1"],"picked":"Seek+1","floor":29.0},{"not_picked":["Meteor Strike","Reboot+1"],"picked":"Wish+1","floor":33.0},{"not_picked":["Sweeping Beam+1","ThirdEye+1","Prostrate+1"],"picked":"SKIP","floor":35.0},{"not_picked":["Rip and Tear+1","Redo+1","Genetic Algorithm+1"],"picked":"SKIP","floor":36.0},{"not_picked":["Coolheaded+1","Stack+1","Hologram+1"],"picked":"SKIP","floor":37.0},{"not_picked":["Conclude+1","Steam+1","Cold Snap+1"],"picked":"SKIP","floor":40.0},{"not_picked":["CutThroughFate+1","Fission+1","FollowUp"],"picked":"SKIP","floor":45.0},{"not_picked":["Tempest+1","Rebound+1","Nirvana+1"],"picked":"SKIP","floor":46.0},{"not_picked":["Halt+1","Barrage","Sweeping Beam"],"picked":"SKIP","floor":47.0},{"not_picked":["Prostrate+1","Compile Driver","Go for the Eyes"],"picked":"SKIP","floor":48}],"player_experience":547700,"relics_obtained":[{"floor":7.0,"key":"Bag of Marbles"},{"floor":9.0,"key":"Regal Pillow"},{"floor":14.0,"key":"Sundial"},{"floor":26.0,"key":"DataDisk"},{"floor":26.0,"key":"Eternal Feather"},{"floor":27.0,"key":"StrikeDummy"},{"floor":29.0,"key":"Symbiotic Virus"},{"floor":40.0,"key":"Centennial Puzzle"},{"floor":41.0,"key":"Turnip"},{"floor":43.0,"key":"Vajra"},{"floor":43.0,"key":"Toy Ornithopter"},{"floor":48,"key":"Ornamental Fan"},{"floor":49,"key":"PreservedInsect"}],"event_choices":[{"damage_healed":0.0,"max_hp_gain":0.0,"max_hp_loss":0.0,"gold_gain":0.0,"event_name":"Duplicator","player_choice":"Copied","floor":28.0,"gold_loss":0.0,"damage_taken":0.0,"cards_obtained":["Steam Power"]},{"cards_removed":["CutThroughFate"],"damage_healed":0.0,"max_hp_gain":0.0,"max_hp_loss":0.0,"gold_gain":0.0,"event_name":"Falling","player_choice":"Removed Attack","floor":39.0,"gold_loss":0.0,"damage_taken":0.0},{"damage_healed":0.0,"max_hp_gain":0.0,"max_hp_loss":0.0,"gold_gain":0.0,"event_name":"Mysterious Sphere","player_choice":"Fight","floor":41.0,"gold_loss":0.0,"damage_taken":0.0},{"damage_healed":0.0,"max_hp_gain":0.0,"max_hp_loss":0.0,"gold_gain":0.0,"event_name":"betterThird:BetterPortal","player_choice":"Random: Yellow","floor":44.0,"gold_loss":0.0,"damage_taken":0.0},{"cards_removed":["Defragment"],"damage_healed":0.0,"max_hp_gain":0.0,"max_hp_loss":0.0,"gold_gain":0.0,"event_name":"NoteForYourself","player_choice":"Took Card","floor":44.0,"gold_loss":0.0,"damage_taken":0.0,"cards_obtained":["Iron Wave"]}],"is_beta":false,"boss_relics":[{"not_picked":["Runic Dome","Astrolabe"],"picked":"Inserter"},{"not_picked":["Calling Bell","Philosopher\u0027s Stone"],"picked":"Fusion Hammer"}],"items_purged_floors":[25,31,38,38,42],"is_endless":false,"potions_floor_spawned":[11,13,14,16,19,21,22,37,40,41],"ascension_level":0}}