{"host":"nxnzcl474ro3ewbj","time":1611823417,"event":{"mods":["2.2 Compatiblity","Act Like it!","BaseMod","Better Third Choice","Better-Laid Plans","Colored Map","Custom Start","Highlight Path","Keyboard Shortcuts","Minty Spire (QoL Compilation)","Quick Restart","Rare Cards Sparkle","Relic Stats","Shop Mod","Slay the Relics Exporter","StSLib","SuperFastMode"],"gold_per_floor":[113,113,127,6,6,6,37,37,62,62,62,81,99,127,127,201,201,212,262,278,278,293,293,293,293,320,320,354,354,372,407,407,478,478,497,497,513,513,132,132,162,162,162,174,200,210,240,240,240,240],"floor_reached":51,"language":"KOR","playtime":1008,"items_purged":["Strike_R"],"score":1438,"play_id":"b313ff34-2047-464a-b9c1-adf721b1ad63","local_time":"20210128174337","is_ascension_mode":true,"campfire_choices":[{"data":"Wild Strike","floor":6,"key":"SMITH"},{"data":"Double Tap","floor":8,"key":"SMITH"},{"data":"Shrug It Off","floor":10,"key":"SMITH"},{"data":"Pommel Strike","floor":15,"key":"SMITH"},{"data":"Limit Break","floor":23,"key":"SMITH"},{"floor":27,"key":"REST"},{"floor":29,"key":"REST"},{"data":"Battle Trance","floor":32,"key":"SMITH"},{"data":"Apotheosis","floor":40,"key":"SMITH"},{"floor":42,"key":"REST"},{"data":"Battle Trance","floor":49,"key":"SMITH"}],"circlet_count":0,"master_deck":["AscendersBane","Strike_R","Strike_R","Strike_R","Defend_R","Defend_R","Defend_R","Defend_R","Bash","Wild Strike+1","Inflame+1","Shrug It Off+1","Double Tap+1","Reaper","Pommel Strike+1","Shrug It Off","Limit Break+1","Seeing Red","Spot Weakness","Necronomicurse","Flex","Shrug It Off","Battle Trance+1","Limit Break","Feel No Pain+1","Dark Embrace+1","Dark Shackles","Dark Shackles","Apotheosis+1","Seeing Red","Battle Trance+1","Burning Pact"],"relics":["Burning Blood","NeowsBlessing","Paper Frog","Dream Catcher","Ancient Tea Set","Philosopher\u0027s Stone","Necronomicon","Art of War","Smiling Mask","Pear","OrangePellets","PreservedInsect","Singing Bowl","Strawberry","Kunai"],"acts_visited":["Exordium","TheCity","TheBeyond"],"potions_floor_usage":[13,14,18,20,22,33,33,50,50],"damage_taken":[{"damage":0,"enemies":"Jaw Worm","floor":1,"turns":1},{"damage":0,"enemies":"Cultist","floor":3,"turns":1},{"damage":0,"enemies":"Lagavulin","floor":7,"turns":2},{"damage":0,"enemies":"2 Louse","floor":12,"turns":3},{"damage":0,"enemies":"Lots of Slimes","floor":13,"turns":1},{"damage":18,"enemies":"Gremlin Nob","floor":14,"turns":3},{"damage":51,"enemies":"Hexaghost","floor":16,"turns":7},{"damage":25,"enemies":"3 Byrds","floor":18,"turns":6},{"damage":27,"enemies":"2 Thieves","floor":20,"turns":4},{"damage":32,"enemies":"Centurion and Healer","floor":22,"turns":5},{"damage":24,"enemies":"Book of Stabbing","floor":28,"turns":3},{"damage":16,"enemies":"Snecko","floor":30,"turns":5},{"damage":47,"enemies":"Gremlin Leader","floor":31,"turns":7},{"damage":107,"enemies":"Collector","floor":33,"turns":9},{"damage":58,"enemies":"3 Darklings","floor":35,"turns":4},{"damage":15,"enemies":"Orb Walker","floor":37,"turns":3},{"damage":88,"enemies":"Nemesis","floor":41,"turns":7},{"damage":0,"enemies":"Transient","floor":44,"turns":5},{"damage":34,"enemies":"Giant Head","floor":45,"turns":7},{"damage":31,"enemies":"Sphere and 2 Shapes","floor":46,"turns":7},{"damage":74,"enemies":"Reptomancer","floor":47,"turns":4},{"damage":108,"enemies":"Time Eater","floor":50,"turns":8}],"seed_played":"-7053169585714344964","potions_obtained":[{"floor":2,"key":"ColorlessPotion"},{"floor":2,"key":"Explosive Potion"},{"floor":13,"key":"FearPotion"},{"floor":16,"key":"Strength Potion"},{"floor":18,"key":"DuplicationPotion"},{"floor":30,"key":"Fruit Juice"},{"floor":31,"key":"BloodPotion"},{"floor":35,"key":"DistilledChaos"},{"floor":41,"key":"Ancient Potion"}],"is_trial":false,"path_per_floor":["M","?","M","$","?","R","E","R","T","R","?","M","M","E","R","B",null,"M","?","M","?","M","R","?","?","T","R","E","R","M","E","R","B",null,"M","?","M","?","$","R","E","R","T","M","E","M","E","?","R","B",null],"character_chosen":"IRONCLAD","items_purchased":["Inflame","Shrug It Off","Apotheosis","OrangePellets"],"campfire_rested":3,"item_purchase_floors":[4,4,39,39],"current_hp_per_floor":[74,74,75,75,75,75,75,75,75,75,75,75,75,63,63,30,64,47,47,38,38,46,46,46,25,25,47,29,51,67,56,56,17,72,72,72,63,53,53,53,29,56,56,92,99,101,99,99,99,69],"gold":240,"neow_bonus":"THREE_ENEMY_KILL","is_daily":false,"chose_seed":false,"campfire_upgraded":8,"win_rate":0.0,"timestamp":1611823417,"path_taken":["M","?","M","?","?","R","E","R","T","R","?","?","M","E","R","BOSS","M","?","M","?","?","R","?","?","T","R","E","R","M","E","R","BOSS","M","?","M","?","$","R","E","R","T","M","E","M","E","?","R","BOSS"],"items_purchased_type":["Card","Card","Card","Relic"],"build_version":"2020-12-22","purchased_purges":1,"victory":true,"max_hp_per_floor":[75,75,75,75,75,75,75,75,75,75,75,75,75,75,75,75,75,75,75,75,75,75,75,75,75,75,75,75,75,75,85,85,90,90,90,90,90,90,90,90,90,90,90,92,99,101,103,103,103,103],"relic_stats":{"OrangePellets":[3],"Dream Catcher":3,"Singing Bowl":6,"counters":[22,102],"PreservedInsect":192,"Necronomicon":[25],"Art of War":[12],"Kunai":[1],"Smiling Mask":25,"obtain_stats":[{"Pear":31,"NeowsBlessing":0,"Singing Bowl":43,"PreservedInsect":41,"Ancient Tea Set":14,"Smiling Mask":28,"Burning Blood":0,"OrangePellets":39,"Dream Catcher":9,"Strawberry":45,"Philosopher\u0027s Stone":17,"Necronomicon":25,"Art of War":26,"Kunai":47,"Paper Frog":7},{"Pear":13,"NeowsBlessing":0,"Singing Bowl":17,"PreservedInsect":17,"Ancient Tea Set":6,"Smiling Mask":11,"Burning Blood":0,"OrangePellets":16,"Dream Catcher":3,"Strawberry":19,"Philosopher\u0027s Stone":7,"Necronomicon":10,"Art of War":10,"Kunai":21,"Paper Frog":3},{"Pear":48,"NeowsBlessing":0,"Singing Bowl":71,"PreservedInsect":71,"Ancient Tea Set":11,"Smiling Mask":36,"Burning Blood":0,"OrangePellets":64,"Dream Catcher":4,"Strawberry":83,"Philosopher\u0027s Stone":18,"Necronomicon":33,"Art of War":33,"Kunai":94,"Paper Frog":4}],"Burning Blood":91},"card_choices":[{"not_picked":["Iron Wave","Armaments"],"picked":"Wild Strike","floor":1},{"not_picked":["Iron Wave","Rupture","Twin Strike"],"picked":"SKIP","floor":3},{"not_picked":["Heavy Blade","Sword Boomerang"],"picked":"Double Tap","floor":7},{"not_picked":["Combust","Burning Pact","Intimidate"],"picked":"SKIP","floor":12},{"not_picked":["Clash","Flex"],"picked":"Pommel Strike","floor":13},{"not_picked":["Perfected Strike","Pommel Strike"],"picked":"Shrug It Off","floor":14},{"not_picked":["Exhume","Demon Form"],"picked":"Limit Break","floor":16},{"not_picked":["Body Slam","Dark Embrace"],"picked":"Seeing Red","floor":18},{"not_picked":["Entrench","Iron Wave"],"picked":"Spot Weakness","floor":20},{"not_picked":["Power Through+1","Perfected Strike","Second Wind"],"picked":"SKIP","floor":22},{"not_picked":["Headbutt","Heavy Blade","Impervious"],"picked":"SKIP","floor":28},{"not_picked":["Cleave","Sever Soul"],"picked":"Flex","floor":29},{"not_picked":["Anger","True Grit+1"],"picked":"Shrug It Off","floor":30},{"not_picked":["Bloodletting","Warcry"],"picked":"Battle Trance","floor":31},{"not_picked":["Barricade","Brutality"],"picked":"Limit Break","floor":33},{"not_picked":["Iron Wave","Headbutt"],"picked":"Feel No Pain+1","floor":35},{"not_picked":["Armaments+1","Heavy Blade+1"],"picked":"Dark Embrace+1","floor":37},{"not_picked":["Sadistic Nature","Deep Breath"],"picked":"Dark Shackles","floor":38},{"not_picked":["Enlightenment","Sadistic Nature"],"picked":"Dark Shackles","floor":38},{"not_picked":["Whirlwind","Clothesline+1","Fire Breathing"],"picked":"SKIP","floor":41},{"not_picked":["Heavy Blade","True Grit"],"picked":"Seeing Red","floor":42},{"not_picked":["Twin Strike+1","Body Slam+1","Fire Breathing+1"],"picked":"Singing Bowl","floor":44},{"not_picked":["Clash","Warcry+1"],"picked":"Battle Trance","floor":45},{"not_picked":["Anger","Disarm","Reckless Charge"],"picked":"Singing Bowl","floor":46},{"not_picked":["Sword Boomerang","Brutality","Seeing Red+1"],"picked":"Singing Bowl","floor":47}],"player_experience":78243,"relics_obtained":[{"floor":7,"key":"Paper Frog"},{"floor":9,"key":"Dream Catcher"},{"floor":14,"key":"Ancient Tea Set"},{"floor":25,"key":"Necronomicon"},{"floor":26,"key":"Art of War"},{"floor":28,"key":"Smiling Mask"},{"floor":31,"key":"Pear"},{"floor":41,"key":"PreservedInsect"},{"floor":43,"key":"Singing Bowl"},{"floor":45,"key":"Strawberry"},{"floor":47,"key":"Kunai"}],"event_choices":[{"damage_healed":0,"gold_gain":0,"player_choice":"Got Potions","damage_taken":0,"max_hp_gain":0,"max_hp_loss":0,"event_name":"Lab","floor":2,"gold_loss":0},{"damage_healed":0,"gold_gain":0,"player_choice":"Grow","damage_taken":0,"max_hp_gain":0,"max_hp_loss":0,"event_name":"Living Wall","floor":5,"gold_loss":0,"cards_upgraded":["Inflame"]},{"damage_healed":0,"gold_gain":0,"player_choice":"1 cards matched","damage_taken":0,"max_hp_gain":0,"max_hp_loss":0,"event_name":"Match and Keep!","floor":11,"gold_loss":0,"cards_obtained":["Reaper"]},{"damage_healed":0,"gold_gain":50,"player_choice":"Steal","damage_taken":0,"max_hp_gain":0,"max_hp_loss":0,"event_name":"betterThird:BetterNest","floor":19,"gold_loss":0},{"damage_healed":0,"gold_gain":0,"player_choice":"Leave","damage_taken":0,"max_hp_gain":0,"max_hp_loss":0,"event_name":"FaceTrader","floor":21,"gold_loss":0},{"damage_healed":0,"gold_gain":0,"player_choice":"Ignored","damage_taken":0,"max_hp_gain":0,"max_hp_loss":0,"event_name":"Ghosts","floor":24,"gold_loss":0},{"damage_healed":0,"gold_gain":0,"player_choice":"Obtained Book","damage_taken":21,"max_hp_gain":0,"max_hp_loss":0,"event_name":"Cursed Tome","floor":25,"gold_loss":0},{"cards_removed":["Strike_R"],"damage_healed":0,"gold_gain":0,"player_choice":"Removed Attack","damage_taken":0,"max_hp_gain":0,"max_hp_loss":0,"event_name":"Falling","floor":36,"gold_loss":0},{"damage_healed":0,"gold_gain":0,"player_choice":"Memory 3","damage_taken":10,"max_hp_gain":0,"max_hp_loss":0,"event_name":"SensoryStone","floor":38,"gold_loss":0},{"damage_healed":0,"gold_gain":0,"player_choice":"1 cards matched","damage_taken":0,"max_hp_gain":0,"max_hp_loss":0,"event_name":"Match and Keep!","floor":48,"gold_loss":0,"cards_obtained":["Burning Pact"]}],"is_beta":false,"boss_relics":[{"not_picked":["Ectoplasm","Pandora\u0027s Box"],"picked":"Philosopher\u0027s Stone"},{"not_picked":["Runic Cube","Busted Crown","Snecko Eye"]}],"items_purged_floors":[39],"is_endless":false,"potions_floor_spawned":[3,7,13,16,18,30,31,35,41,47],"ascension_level":15}}