{"host":"h18ghvg9w8zr1me3","time":1611829676,"event":{"mods":["Act Like it!","BaseMod","Hallownest","Minty Spire (QoL Compilation)","StSLib"],"gold_per_floor":[160,176,192,192,110,140,140,169,222,222,222,222,222,257,257,355,355,368,381,381,531,571,571,588,588,588,608,661,671,144,158,158,257,257,273,273,188,200,217,217,65,75,75,75,87,87,107,122,122,122,122,122,22,22,22],"floor_reached":54,"language":"ZHS","playtime":3251,"items_purged":["Hallownest:curseDreamersLament","Strike_B+1"],"score":809,"play_id":"70005902-500e-4e62-b80d-d1b970d06727","local_time":"20210128182756","is_ascension_mode":true,"campfire_choices":[{"data":"Blizzard","floor":7.0,"key":"SMITH"},{"data":"Coolheaded","floor":15.0,"key":"SMITH"},{"floor":23.0,"key":"RECALL"},{"data":"Chill","floor":25.0,"key":"SMITH"},{"data":"Loop","floor":32,"key":"SMITH"},{"data":"Fission","floor":40,"key":"SMITH"},{"data":"Machine Learning","floor":44,"key":"SMITH"},{"data":"Coolheaded","floor":46,"key":"SMITH"},{"data":"Blizzard","floor":49,"key":"SMITH"},{"data":"Double Energy","floor":52,"key":"SMITH"}],"circlet_count":0,"master_deck":["Strike_B","Strike_B","Defend_B","Defend_B","Defend_B+1","Defend_B","Zap","Dualcast","Capacitor","Cold Snap","Cold Snap+1","Melter+1","Blizzard+1","Coolheaded+1","Rip and Tear+1","Loop+1","Machine Learning+1","Barrage+1","Chill+1","Defragment+1","Blizzard+1","Coolheaded+1","BootSequence","Blizzard+1","Fission+1","Hallownest:skillKingdomsEdgeMap","Auto Shields+1","Double Energy+1","Capacitor","Cold Snap+1","Coolheaded","Conserve Battery+1","Glacier+1","Coolheaded"],"relics":["Tiny House","Sundial","Nunchaku","Potion Belt","Shuriken","Meat on the Bone","Hallownest:TeacherSealRelic","Hallownest:DreamNailRelic","Whetstone","Nuclear Battery","Turnip","ClockworkSouvenir","SacredBark","Orrery","FossilizedHelix"],"acts_visited":["Hallownest:Greenpath","Hallownest:CityofTears","Hallownest:KingdomsEdge","TheEnding"],"potions_floor_usage":[29,33,33,35,42,50,54,54],"damage_taken":[{"damage":2.0,"enemies":"Hallownest:monsterHuskWarrior","floor":1.0,"turns":4.0},{"damage":5.0,"enemies":"2_ Uuma","floor":2.0,"turns":8.0},{"damage":0.0,"enemies":"Hallownest:2_Tiktiks_and_1_Crawlid","floor":3.0,"turns":2.0},{"damage":9.0,"enemies":"Hallownest:eliteMossKnight","floor":6.0,"turns":7.0},{"damage":9.0,"enemies":"Hallownest:eliteVengeflyKing","floor":8.0,"turns":10.0},{"damage":14.0,"enemies":"Hallownest:eliteMossKnight","floor":14.0,"turns":6.0},{"damage":16.0,"enemies":"Hallownest:BossBrokenVessel","floor":16.0,"turns":11.0},{"damage":1.0,"enemies":"Hallownest:Flukemon_and_Top","floor":18.0,"turns":5.0},{"damage":17.0,"enemies":"Hallownest:Guard_and_Sentry","floor":19.0,"turns":5.0},{"damage":15.0,"enemies":"Hallownest:Glutton_and_Coward","floor":22.0,"turns":3.0},{"damage":1.0,"enemies":"Hallownest:Warrior_and_Youth","floor":24.0,"turns":4.0},{"damage":14.0,"enemies":"Hallownest:monsterShrumalOgre","floor":27.0,"turns":5.0},{"damage":13.0,"enemies":"Hallownest:Glutton_and_Coward","floor":28.0,"turns":6.0},{"damage":0,"enemies":"Hallownest:2_Husk_Sentries","floor":29,"turns":6},{"damage":23,"enemies":"Hallownest:3_Mistakes","floor":31,"turns":5},{"damage":12,"enemies":"Hallownest:BossMantisLord","floor":33,"turns":6},{"damage":0,"enemies":"Hallownest:3_Siblings","floor":35,"turns":8},{"damage":19,"enemies":"Hallownest:Shield_Heavy","floor":38,"turns":5},{"damage":36,"enemies":"Hallownest:Slobbering_and_Violent","floor":39,"turns":7},{"damage":13,"enemies":"Hallownest:Xero_Hu_Marmu","floor":42,"turns":6},{"damage":0,"enemies":"Hallownest:2_Wing_and_1_Kings","floor":45,"turns":7},{"damage":0,"enemies":"Hallownest:2_Wandering_and_1_Horned","floor":47,"turns":7},{"damage":0,"enemies":"Hallownest:2_Soldiers_and_1_Guardian","floor":48,"turns":3},{"damage":0,"enemies":"Hallownest:Radiance","floor":50,"turns":13},{"damage":98,"enemies":"Shield and Spear","floor":54,"turns":6}],"seed_played":"-5550774606612583834","potions_obtained":[{"floor":0.0,"key":"Explosive Potion"},{"floor":3.0,"key":"Dexterity Potion"},{"floor":6.0,"key":"SteroidPotion"},{"floor":8.0,"key":"Dexterity Potion"},{"floor":16.0,"key":"Fire Potion"},{"floor":19.0,"key":"SpeedPotion"},{"floor":22.0,"key":"SteroidPotion"},{"floor":24.0,"key":"CultistPotion"},{"floor":29,"key":"BlessingOfTheForge"},{"floor":39,"key":"ColorlessPotion"},{"floor":42,"key":"SpeedPotion"},{"floor":48,"key":"GamblersBrew"}],"is_trial":false,"path_per_floor":["M","M","M","?","$","E","R","E","T","?","?","?","?","E","R","B",null,"M","M","?","?","M","R","M","R","T","M","M","M","$","M","R","B",null,"M","$","?","M","M","R","$","M","T","R","M","R","M","M","R","B",null,"R","$","E"],"character_chosen":"DEFECT","items_purchased":["Blizzard","Turnip","ClockworkSouvenir","Orrery"],"campfire_rested":0,"item_purchase_floors":[5,30,30,41],"current_hp_per_floor":[78,73,73,73,73,64,64,55,55,55,51,51,51,49,49,45,80,79,62,62,62,47,47,46,46,46,44,43,43,43,32,32,32,80,80,80,80,61,37,37,37,36,36,36,48,48,48,48,48,48,80,80,80,0,0],"gold":22,"neow_bonus":"BOSS_RELIC","is_daily":false,"chose_seed":false,"campfire_upgraded":9,"win_rate":0.0,"timestamp":1611829676,"path_taken":["M","M","M","?","$","E","R","E","T","?","?","?","?","E","R","BOSS","M","?","?","?","M","R","M","R","T","M","M","M","$","M","R","BOSS","M","$","?","M","M","R","$","M","T","R","M","R","M","M","R","BOSS","R","$","E"],"items_purchased_type":["Card","Relic","Relic","Relic"],"build_version":"2020-12-22","purchased_purges":2,"victory":false,"max_hp_per_floor":[80,80,80,80,80,80,80,80,80,80,80,80,80,80,80,80,80,80,80,80,80,80,80,80,80,80,80,80,80,80,80,80,80,80,80,80,80,80,80,80,80,80,80,80,80,80,80,80,80,80,80,80,80,80,80],"card_choices":[{"not_picked":["Turbo","Steam Power"],"picked":"Capacitor","floor":0.0},{"not_picked":["Loop","Sweeping Beam"],"picked":"Cold Snap","floor":1.0},{"not_picked":["Darkness","Redo"],"picked":"Cold Snap","floor":2.0},{"not_picked":["Aggregate","Biased Cognition"],"picked":"Melter","floor":3.0},{"not_picked":["Redo","Sweeping Beam"],"picked":"Coolheaded","floor":6.0},{"not_picked":["Rebound","Self Repair","Recycle"],"picked":"SKIP","floor":8.0},{"not_picked":["Buffer","Electrodynamics"],"picked":"Loop","floor":14.0},{"not_picked":["Creative AI","Multi-Cast"],"picked":"Machine Learning","floor":16.0},{"not_picked":["Ball Lightning","Go for the Eyes","Beam Cell"],"picked":"SKIP","floor":18.0},{"not_picked":["Leap","Hologram"],"picked":"Barrage+1","floor":19.0},{"not_picked":["Steam","Turbo"],"picked":"Chill","floor":20.0},{"not_picked":["Chaos","Gash"],"picked":"Defragment+1","floor":20.0},{"not_picked":["Hello World","Rebound","Turbo+1"],"picked":"SKIP","floor":22.0},{"not_picked":["Ball Lightning+1","Leap","Compile Driver"],"picked":"SKIP","floor":24.0},{"not_picked":["Reboot","Glacier"],"picked":"Blizzard","floor":27.0},{"not_picked":["Barrage","Compile Driver"],"picked":"Coolheaded","floor":28.0},{"not_picked":["Consume","Compile Driver+1"],"picked":"BootSequence","floor":29},{"not_picked":["Coolheaded+1","Streamline+1"],"picked":"Blizzard+1","floor":31},{"not_picked":["Multi-Cast","Echo Form"],"picked":"Fission","floor":33},{"not_picked":["Sweeping Beam+1","Hologram+1","Ball Lightning"],"picked":"SKIP","floor":35},{"not_picked":["Darkness+1","Stack+1","Streamline"],"picked":"SKIP","floor":38},{"not_picked":["Rebound+1","Heatsinks"],"picked":"Auto Shields+1","floor":39},{"not_picked":["Melter","Biased Cognition"],"picked":"Double Energy","floor":41},{"not_picked":["Redo+1","Stack+1"],"picked":"Capacitor","floor":41},{"not_picked":["Force Field","Hologram"],"picked":"Cold Snap+1","floor":41},{"not_picked":["Amplify","Storm"],"picked":"Coolheaded","floor":41},{"not_picked":["Steam+1","Hologram"],"picked":"Conserve Battery+1","floor":41},{"not_picked":["Loop+1","Streamline"],"picked":"Glacier+1","floor":42},{"not_picked":["Streamline+1","Steam Power","Rip and Tear"],"picked":"SKIP","floor":45},{"not_picked":["Chill","Leap+1"],"picked":"Coolheaded","floor":47},{"not_picked":["Stack","Hello World","Cold Snap+1"],"picked":"SKIP","floor":48}],"player_experience":83192,"relics_obtained":[{"floor":6.0,"key":"Sundial"},{"floor":8.0,"key":"Nunchaku"},{"floor":9.0,"key":"Potion Belt"},{"floor":14.0,"key":"Whetstone"},{"floor":43,"key":"FossilizedHelix"}],"event_choices":[],"is_beta":false,"boss_relics":[{"not_picked":["Ectoplasm","Snecko Eye"],"picked":"Nuclear Battery"},{"not_picked":["Velvet Choker","Cursed Key"],"picked":"SacredBark"}],"items_purged_floors":[30,53],"is_endless":false,"potions_floor_spawned":[3,6,8,16,19,22,24,27,29,39,42,48],"killed_by":"Shield and Spear","ascension_level":3}}