{"host":"osk2oboccoevp2u5","time":1611862364,"event":{"mods":["AchievementEnabler","Alarm Clock","BaseMod","Colored Powertips","Disable Question Mark Monsters","Displayed Cursed Tome","Hermit","Key Reminder","Minty Spire (QoL Compilation)","Potion Indicator Mod","Quick Restart","Rare Cards Sparkle","Reorder Act Four","StSLib","Useless Jewels Mod"],"gold_per_floor":[109,109,34,49,49,77,77,112,112,125,25,25,37,48,48,148,148,160,171,171,218,21,21,32,46,46,78,78,78],"floor_reached":28,"language":"ENG","playtime":1606,"items_purged":["hermit:Strike_Hermit","hermit:Strike_Hermit","hermit:Defend_Hermit"],"score":310,"play_id":"b618f7bd-7ae5-47f7-945c-14375a38eed0","local_time":"20210128153244","is_ascension_mode":true,"campfire_choices":[{"floor":7,"key":"REST"},{"floor":15,"key":"REST"},{"floor":23,"key":"REST"}],"circlet_count":0,"master_deck":["hermit:Defend_Hermit","hermit:Defend_Hermit","hermit:Defend_Hermit","hermit:Snapshot","hermit:Covet","hermit:TrackingShot","hermit:Ricochet","hermit:Roulette","hermit:HeroicBravado","hermit:TrackingShot","hermit:TrackingShot","hermit:DeadMansHand","hermit:Roulette","hermit:Feint","hermit:TrackingShot"],"relics":["hermit:Momento","hermit:CharredGlove","Tiny Chest","Unceasing Top","Philosopher\u0027s Stone","hermit:Spyglass","Akabeko","Question Card","Lantern"],"acts_visited":["Exordium","TheCity"],"potions_floor_usage":[6,8,18,25],"damage_taken":[{"damage":2,"enemies":"2 Louse","floor":1,"turns":3},{"damage":1,"enemies":"Cultist","floor":4,"turns":3},{"damage":28,"enemies":"3 Sentries","floor":6,"turns":7},{"damage":17,"enemies":"Gremlin Nob","floor":8,"turns":4},{"damage":2,"enemies":"Jaw Worm","floor":10,"turns":3},{"damage":11,"enemies":"Large Slime","floor":13,"turns":5},{"damage":17,"enemies":"Exordium Wildlife","floor":14,"turns":5},{"damage":102,"enemies":"Slime Boss","floor":16,"turns":20},{"damage":3,"enemies":"Spheric Guardian","floor":18,"turns":4},{"damage":27,"enemies":"Chosen","floor":19,"turns":6},{"damage":48,"enemies":"3 Cultists","floor":24,"turns":7},{"damage":30,"enemies":"Snecko","floor":25,"turns":5},{"damage":124,"enemies":"Slavers","floor":27,"turns":11},{"damage":38,"enemies":"Shelled Parasite and Fungi","floor":28,"turns":9}],"seed_played":"8201883218062847981","potions_obtained":[{"floor":1,"key":"LiquidMemories"},{"floor":4,"key":"FearPotion"},{"floor":16,"key":"SkillPotion"},{"floor":18,"key":"Ancient Potion"},{"floor":24,"key":"Swift Potion"}],"is_trial":false,"path_per_floor":["M","?","$","M","?","E","R","E","T","M","$","?","M","M","R","B",null,"M","M","?","T","$","R","M","M","T","E","M"],"character_chosen":"HERMIT","items_purchased":["hermit:Roulette","hermit:Feint"],"campfire_rested":3,"item_purchase_floors":[22,22],"current_hp_per_floor":[80,80,80,79,79,51,75,58,58,56,56,61,50,33,59,42,87,84,57,57,57,57,83,35,5,5,35,0,0],"gold":78,"neow_bonus":"TEN_PERCENT_HP_BONUS","is_daily":false,"chose_seed":false,"campfire_upgraded":0,"win_rate":0.0,"timestamp":1611862364,"path_taken":["M","?","?","?","?","E","R","E","T","M","$","?","M","?","R","BOSS","M","M","?","?","$","R","M","M","T","E","?"],"items_purchased_type":["Card","Card"],"build_version":"2020-12-22","purchased_purges":3,"victory":false,"max_hp_per_floor":[82,82,82,82,82,82,82,82,82,82,82,87,87,87,87,87,87,87,87,87,87,87,87,87,87,87,87,87,87],"card_choices":[{"not_picked":["hermit:BigShot","hermit:LowProfile"],"picked":"hermit:TrackingShot","floor":1},{"not_picked":["hermit:SprayPray","hermit:HoleUp"],"picked":"hermit:Roulette","floor":4},{"not_picked":["hermit:Dive","hermit:ShadowCloak","hermit:CalledShot"],"picked":"SKIP","floor":6},{"not_picked":["hermit:Virtue","hermit:Spite"],"picked":"hermit:TrackingShot","floor":8},{"not_picked":["hermit:Dissolve","hermit:Maintenance","hermit:FullyLoaded"],"picked":"SKIP","floor":10},{"not_picked":["hermit:HighCaliber","hermit:WideOpen"],"picked":"hermit:TrackingShot","floor":13},{"not_picked":["hermit:Shortfuse","hermit:Snipe"],"picked":"hermit:DeadMansHand","floor":14},{"not_picked":["hermit:Roulette+1","hermit:Ricochet+1","hermit:HoleUp"],"picked":"SKIP","floor":18},{"not_picked":["hermit:Roulette","hermit:WideOpen","hermit:Coalescence+1"],"picked":"SKIP","floor":19},{"not_picked":["hermit:Desperado","hermit:BodyArmor+1","hermit:Headshot"],"picked":"SKIP","floor":24},{"not_picked":["hermit:Brawl","hermit:Desperado","hermit:Cheat"],"picked":"SKIP","floor":25},{"not_picked":["hermit:LowProfile","hermit:Roulette","hermit:Midnight+1"],"picked":"hermit:TrackingShot","floor":27}],"player_experience":939199,"relics_obtained":[{"floor":6,"key":"hermit:CharredGlove"},{"floor":8,"key":"Tiny Chest"},{"floor":9,"key":"Unceasing Top"},{"floor":20,"key":"hermit:Spyglass"},{"floor":21,"key":"Akabeko"},{"floor":26,"key":"Question Card"},{"floor":27,"key":"Lantern"}],"event_choices":[{"damage_healed":0,"gold_gain":0,"cards_transformed":["hermit:Strike_Hermit"],"player_choice":"Transformed","damage_taken":0,"max_hp_gain":0,"max_hp_loss":0,"event_name":"Transmorgrifier","floor":2,"gold_loss":0,"cards_obtained":["hermit:Ricochet"]},{"damage_healed":0,"gold_gain":0,"cards_transformed":["hermit:Strike_Hermit"],"player_choice":"Change","damage_taken":0,"max_hp_gain":0,"max_hp_loss":0,"event_name":"Living Wall","floor":5,"gold_loss":0,"cards_obtained":["hermit:HeroicBravado"]},{"damage_healed":0,"gold_gain":0,"player_choice":"Donut","damage_taken":0,"max_hp_gain":5,"max_hp_loss":0,"event_name":"Big Fish","floor":12,"gold_loss":0},{"damage_healed":0,"gold_gain":0,"player_choice":"Relic","damage_taken":0,"max_hp_gain":0,"max_hp_loss":0,"event_name":"Wheel of Change","floor":20,"gold_loss":0}],"is_beta":false,"boss_relics":[{"not_picked":["Busted Crown","Black Star"],"picked":"Philosopher\u0027s Stone"}],"items_purged_floors":[3,11,22],"is_endless":false,"potions_floor_spawned":[1,4,16,18,24],"killed_by":"Shelled Parasite and Fungi","ascension_level":3}}