{"host":"121m0oxswv9tg9hk","time":1611870995,"event":{"mods":["AchievementEnabler","BaseMod","Better Third Choice","Downfall","Minty Spire (QoL Compilation)","StSLib"],"gold_per_floor":[99,114,133,133,133,165,165,165,65,85,85,98,116,116,128,232,232,232,232,82,95,95,95,95,111,127,127,33,33,18,34,46,150,150,150,162,212,226,226,126,172,172,172,276,276,276,293,309,327,327,327,327],"floor_reached":50,"language":"ENG","playtime":4135,"items_purged":["bronze:Defend"],"score":561,"play_id":"6af4983d-668c-4cd1-a826-1a328bb6df94","local_time":"20210128225635","is_ascension_mode":true,"campfire_choices":[{"data":"bronze:Goto","floor":1.0,"key":"SMITH"},{"data":"bronze:WildBeam","floor":9.0,"key":"SMITH"},{"data":"bronze:Frontload","floor":11.0,"key":"SMITH"},{"data":"bronze:Terminator","floor":18.0,"key":"SMITH"},{"data":"bronze:CloningBeam","floor":23.0,"key":"SMITH"},{"floor":27.0,"key":"REST"},{"floor":35.0,"key":"RECALL"},{"data":"1","floor":40.0,"key":"LIFT"},{"data":"2","floor":43.0,"key":"LIFT"},{"data":"3","floor":46.0,"key":"LIFT"}],"circlet_count":1,"master_deck":["bronze:Strike","bronze:Defend","bronze:Defend","bronze:Replicate","bronze:Goto+1","bronze:WildBeam","bronze:ItsAFeature","bronze:WildBeam+1","bronze:Frontload+1","bronze:Overheat","bronze:Terminator+1","bronze:MaxOutput","bronze:ShipIt","bronze:NullPointer","bronze:CloningBeam+1","bronze:Repair","bronze:Deprecate","bronze:NullPointer+1","bronze:MaxOutput","downfall:Bewildered","bronze:WildBeam+1","bronze:Boost","bronze:Shield+1","bronze:HyperBeam","bronze:BugBarrage","bronze:ForLoop+1","bronze:Invalidate+1","CurseOfTheBell","CurseOfTheBell","bronze:Shield+1","bronze:DelayedGuard","bronze:MaxOutput","bronze:Overheat","bronze:ChildClass+1","bronze:Shell","bronze:Refactor+1"],"relics":["Runic Dome","Orichalcum","bronze:ProtectiveGoggles","downfall:HeartBlessingBlue","Circlet","hexamod:Sixitude","sneckomod:BabySnecko","Empty Cage","Girya","downfall:HeartBlessingRed","Akabeko","downfall:ExtraCursedBell","Bronze Scales","Peace Pipe","Sundial"],"acts_visited":["Exordium","TheCity","TheBeyond"],"potions_floor_usage":[50],"damage_taken":[{"damage":4.0,"enemies":"2 Louse","floor":2.0,"turns":3.0},{"damage":0.0,"enemies":"Small Slimes","floor":3.0,"turns":4.0},{"damage":15.0,"enemies":"Gremlin Nob","floor":6.0,"turns":4.0},{"damage":7.0,"enemies":"Jaw Worm","floor":10.0,"turns":2.0},{"damage":10.0,"enemies":"Lots of Slimes","floor":12.0,"turns":4.0},{"damage":0.0,"enemies":"Blue Slaver","floor":13.0,"turns":3.0},{"damage":5.0,"enemies":"Gremlin Gang","floor":15.0,"turns":4.0},{"damage":1.0,"enemies":"DF_ARCHETYPE_STREAMLINE","floor":16.0,"turns":9.0},{"damage":0.0,"enemies":"Chosen","floor":19.0,"turns":1.0},{"damage":11.0,"enemies":"Snake Plant","floor":21.0,"turns":5.0},{"damage":15.0,"enemies":"Centurion and Healer","floor":25.0,"turns":6.0},{"damage":25.0,"enemies":"Cultist and Chosen","floor":26.0,"turns":6.0},{"damage":0.0,"enemies":"downfall:FleeingMerchant","floor":28.0,"turns":4.0},{"damage":0.0,"enemies":"downfall:FleeingMerchant","floor":30.0,"turns":4.0},{"damage":10.0,"enemies":"Snecko","floor":31.0,"turns":4.0},{"damage":11.0,"enemies":"Snake Plant","floor":32.0,"turns":6.0},{"damage":14.0,"enemies":"WA_ARCHETYPE_CALM","floor":33.0,"turns":9.0},{"damage":36.0,"enemies":"3 Darklings","floor":36.0,"turns":5.0},{"damage":4.0,"enemies":"3 Darklings","floor":37.0,"turns":4.0},{"damage":11.0,"enemies":"Orb Walker","floor":38.0,"turns":4.0},{"damage":0.0,"enemies":"downfall:FleeingMerchant","floor":44.0,"turns":4.0},{"damage":5.0,"enemies":"3 Darklings","floor":47.0,"turns":6.0},{"damage":12,"enemies":"Sphere and 2 Shapes","floor":48,"turns":3},{"damage":16,"enemies":"Spire Growth","floor":49,"turns":3},{"damage":85,"enemies":"IC_BLOCK_ARCHETYPE","floor":50,"turns":4}],"seed_played":"-2732174140127734150","potions_obtained":[{"floor":3.0,"key":"BlessingOfTheForge"},{"floor":10.0,"key":"sneckomod:MuddlingPotion"},{"floor":12.0,"key":"Strength Potion"},{"floor":15.0,"key":"Fruit Juice"},{"floor":21.0,"key":"bronze:FreeFunctionsPotion"},{"floor":25.0,"key":"Fruit Juice"},{"floor":26.0,"key":"BlessingOfTheForge"},{"floor":31.0,"key":"Fruit Juice"},{"floor":32.0,"key":"Strength Potion"},{"floor":37.0,"key":"bronze:FreeFunctionsPotion"},{"floor":48,"key":"Dexterity Potion"},{"floor":49,"key":"EssenceOfSteel"}],"is_trial":false,"path_per_floor":["R","M","M","?","?","E","T","?","R","M","R","M","M","?","M","B",null,"R","M","?","M","?","R","T","M","M","R","$","?","$","M","M","B",null,"R","M","?","M","?","R","T","?","R","$","?","R","M","M","M","B"],"character_chosen":"THE_AUTOMATON","items_purchased":["bronze:MaxOutput","bronze:DelayedGuard","bronze:MaxOutput","bronze:Overheat"],"campfire_rested":1,"item_purchase_floors":[28,44,44,44],"current_hp_per_floor":[70,66,66,54,54,39,39,39,49,42,42,32,32,32,27,31,85,85,85,95,84,84,84,84,69,51,79,79,79,86,88,77,70,100,100,64,72,68,92,92,92,92,92,92,92,92,92,92,76,0,0,0],"gold":327,"neow_bonus":"BOSS_RELIC","is_daily":false,"chose_seed":false,"campfire_upgraded":5,"win_rate":0.0,"timestamp":1611870995,"path_taken":["R","M","M","?","?","E","T","?","R","M","R","?","?","?","M","BOSS","R","M","?","?","?","R","T","M","M","R","$","?","?","M","M","BOSS","R","M","?","M","?","R","T","?","R","$","?","R","?","M","M","BOSS"],"items_purchased_type":["Card","Card","Card","Card"],"build_version":"2020-12-22","purchased_purges":1,"victory":false,"max_hp_per_floor":[70,70,70,70,70,70,70,70,80,80,80,80,80,80,80,85,85,85,85,95,95,95,95,95,95,95,95,95,95,95,100,100,100,100,100,100,105,105,92,92,92,92,92,92,92,92,92,92,92,92,92,92],"card_choices":[{"not_picked":["bronze:Turbo","bronze:Optimize"],"picked":"bronze:WildBeam","floor":2.0},{"not_picked":["bronze:Constructor","bronze:Fortify"],"picked":"bronze:ItsAFeature","floor":3.0},{"not_picked":["bronze:SpaghettiCode","bronze:Invalidate"],"picked":"bronze:WildBeam","floor":6.0},{"not_picked":["bronze:BugBarrage","bronze:SpaghettiCode"],"picked":"bronze:Frontload","floor":10.0},{"not_picked":["bronze:Safeguard","bronze:BuggyMess"],"picked":"bronze:Overheat","floor":12.0},{"not_picked":["bronze:DelayedSlice","bronze:Allocate"],"picked":"bronze:Terminator","floor":13.0},{"not_picked":["bronze:ForLoop","bronze:Iterate"],"picked":"bronze:MaxOutput","floor":15.0},{"not_picked":["bronze:HyperBeam","bronze:Break"],"picked":"bronze:ShipIt","floor":16.0},{"not_picked":["bronze:Optimize","bronze:ItsAFeature+1"],"picked":"bronze:NullPointer","floor":19.0},{"not_picked":["bronze:Iterate","bronze:Allocate"],"picked":"bronze:CloningBeam","floor":21.0},{"not_picked":["bronze:Philosophize","bronze:Shell"],"picked":"bronze:Repair","floor":25.0},{"not_picked":["bronze:Iterate","bronze:DelayedSlice"],"picked":"bronze:Deprecate","floor":26.0},{"not_picked":["bronze:HyperBeam","bronze:CutThrough"],"picked":"bronze:NullPointer+1","floor":28.0},{"not_picked":["bronze:OilSpill","bronze:Overheat"],"picked":"bronze:WildBeam+1","floor":30.0},{"not_picked":["bronze:Flail","bronze:Frontload"],"picked":"bronze:Boost","floor":31.0},{"not_picked":["bronze:Terminator","bronze:FineTuning"],"picked":"bronze:Shield+1","floor":32.0},{"not_picked":["bronze:BurnOut","bronze:Break"],"picked":"bronze:HyperBeam","floor":33.0},{"not_picked":["bronze:WildBeam","bronze:Backtrace+1"],"picked":"bronze:BugBarrage","floor":36.0},{"not_picked":["bronze:BuggyMess","bronze:BugBarrage+1"],"picked":"bronze:ForLoop+1","floor":37.0},{"not_picked":["bronze:NullPointer+1","bronze:OilSpill"],"picked":"bronze:Invalidate+1","floor":38.0},{"not_picked":["bronze:Invalidate","bronze:ForLoop"],"picked":"bronze:Shield+1","floor":44.0},{"not_picked":["bronze:DarkDash","bronze:ClassDefault+1"],"picked":"bronze:ChildClass+1","floor":47.0},{"not_picked":["bronze:Separator+1","bronze:Shield"],"picked":"bronze:Shell","floor":48},{"not_picked":["bronze:Constructor+1","bronze:Overheat"],"picked":"bronze:Refactor+1","floor":49}],"player_experience":2573575,"relics_obtained":[{"floor":6.0,"key":"bronze:ProtectiveGoggles"},{"floor":24.0,"key":"hexamod:Sixitude"},{"floor":37.0,"key":"Girya"},{"floor":41.0,"key":"Akabeko"},{"floor":42.0,"key":"Bronze Scales"},{"floor":42.0,"key":"Peace Pipe"},{"floor":42.0,"key":"Sundial"}],"event_choices":[{"damage_healed":0.0,"max_hp_gain":0.0,"max_hp_loss":0.0,"gold_gain":0.0,"event_name":"betterThird:BetterScrap","player_choice":"Relic ","floor":4.0,"gold_loss":0.0,"damage_taken":12.0,"cards_obtained":["Aggregate"]},{"cards_removed":["bronze:Strike"],"damage_healed":0.0,"max_hp_gain":0.0,"max_hp_loss":0.0,"gold_gain":0.0,"event_name":"Living Wall","player_choice":"Forget","floor":5.0,"gold_loss":0.0,"damage_taken":0.0},{"cards_removed":["bronze:Strike"],"damage_healed":0.0,"max_hp_gain":0.0,"max_hp_loss":0.0,"gold_gain":0.0,"event_name":"The Cleric","player_choice":"Card Removal","floor":14.0,"gold_loss":0.0,"damage_taken":0.0},{"damage_healed":0.0,"max_hp_gain":0.0,"max_hp_loss":0.0,"gold_gain":0.0,"event_name":"Ghosts","player_choice":"Ignored","floor":22.0,"gold_loss":0.0,"damage_taken":0.0}],"is_beta":false,"boss_relics":[{"not_picked":["SacredBark","Snecko Eye"],"picked":"construct:ClawGrip"},{"not_picked":["Fusion Hammer","Velvet Choker"],"picked":"Empty Cage"}],"items_purged_floors":[44],"is_endless":false,"potions_floor_spawned":[3,10,12,15,21,25,26,31,32,36,37,48,49],"killed_by":"IC_BLOCK_ARCHETYPE","ascension_level":2}}