{"host":"a1eatafr7pisesky","time":1611826872,"event":{"mods":["AchievementEnabler","BaseMod","Colored Map","Keyboard Shortcuts","Minty Spire (QoL Compilation)","Say the Spire","StSLib","SuperFastMode","everything is the same but u backflip on backflip"],"gold_per_floor":[113,288,288,305,114,155,155,192,215,215,227,239,266,293,293,293,293],"floor_reached":16,"language":"KOR","playtime":258,"items_purged":["Doubt"],"score":212,"play_id":"9d76795a-dbb4-4cb6-8ae7-687eaa4da870","local_time":"20210128184112","is_ascension_mode":true,"campfire_choices":[{"data":"Blade Dance","floor":7.0,"key":"SMITH"},{"floor":15.0,"key":"REST"}],"circlet_count":0,"master_deck":["AscendersBane","Strike_G","Strike_G","Strike_G","Strike_G","Strike_G","Defend_G","Defend_G","Defend_G","Defend_G","Defend_G","Survivor","Neutralize","PiercingWail","Blade Dance+1","Cloak And Dagger+1","Corpse Explosion","Blade Dance","Dash","Acrobatics","Cloak And Dagger"],"relics":["Ring of the Snake","NeowsBlessing","Question Card","CeramicFish","Dream Catcher","MealTicket"],"acts_visited":["Exordium"],"potions_floor_usage":[16,16],"damage_taken":[{"damage":0.0,"enemies":"2 Louse","floor":1.0,"turns":1.0},{"damage":0.0,"enemies":"Jaw Worm","floor":4.0,"turns":1.0},{"damage":0.0,"enemies":"Gremlin Nob","floor":6.0,"turns":1.0},{"damage":36.0,"enemies":"Lagavulin","floor":8.0,"turns":8.0},{"damage":0.0,"enemies":"Cultist","floor":11.0,"turns":3.0},{"damage":6.0,"enemies":"Exordium Wildlife","floor":12.0,"turns":4.0},{"damage":11.0,"enemies":"Gremlin Gang","floor":13.0,"turns":3.0},{"damage":4.0,"enemies":"3 Louse","floor":14.0,"turns":2.0},{"damage":10,"enemies":"Slime Boss","floor":16,"turns":6}],"seed_played":"2331517847373542846","potions_obtained":[{"floor":6.0,"key":"ColorlessPotion"},{"floor":8.0,"key":"SpeedPotion"},{"floor":14.0,"key":"DistilledChaos"}],"is_trial":false,"path_per_floor":["M","?","T","M","$","E","R","E","T","?","M","M","M","M","R","B"],"character_chosen":"THE_SILENT","items_purchased":["Cloak And Dagger","Corpse Explosion"],"campfire_rested":1,"item_purchase_floors":[5,5],"current_hp_per_floor":[63,63,63,63,63,63,63,27,27,27,27,21,10,6,27,17,17],"gold":293,"neow_bonus":"THREE_ENEMY_KILL","is_daily":false,"chose_seed":false,"campfire_upgraded":1,"win_rate":0.0,"timestamp":1611826872,"path_taken":["M","?","?","?","$","E","R","E","T","?","M","?","M","M","R","BOSS"],"items_purchased_type":["Card","Card"],"build_version":"2020-12-22","purchased_purges":1,"victory":false,"max_hp_per_floor":[70,70,70,70,70,70,70,70,70,70,70,70,70,70,70,70,70],"card_choices":[{"not_picked":["Prepared","Concentrate"],"picked":"PiercingWail","floor":1.0},{"not_picked":["Bouncing Flask","Slice","Bane"],"picked":"Blade Dance","floor":4.0},{"not_picked":["Unload","PiercingWail","Quick Slash"],"picked":"Blade Dance","floor":6.0},{"not_picked":["Tools of the Trade","Acrobatics","Noxious Fumes"],"picked":"Dash","floor":8.0},{"not_picked":["Masterful Stab","Underhanded Strike","Outmaneuver","Endless Agony"],"picked":"SKIP","floor":11.0},{"not_picked":["Predator","Sucker Punch","Dash","Bane"],"picked":"SKIP","floor":12.0},{"not_picked":["Setup","Quick Slash","Bane"],"picked":"Acrobatics","floor":13.0},{"not_picked":["Flying Knee","Blade Dance","Dagger Throw"],"picked":"Cloak And Dagger","floor":14.0}],"player_experience":376697,"relics_obtained":[{"floor":3.0,"key":"Question Card"},{"floor":6.0,"key":"CeramicFish"},{"floor":8.0,"key":"Dream Catcher"},{"floor":9.0,"key":"MealTicket"}],"event_choices":[{"damage_healed":0.0,"max_hp_gain":0.0,"max_hp_loss":0.0,"gold_gain":175.0,"event_name":"Liars Game","player_choice":"AGREE","floor":2.0,"gold_loss":0.0,"damage_taken":0.0,"cards_obtained":["Doubt"]},{"damage_healed":0.0,"max_hp_gain":0.0,"max_hp_loss":0.0,"gold_gain":0.0,"event_name":"Upgrade Shrine","player_choice":"Upgraded","floor":10.0,"gold_loss":0.0,"damage_taken":0.0,"cards_upgraded":["Cloak And Dagger"]}],"is_beta":false,"boss_relics":[],"items_purged_floors":[5],"is_endless":false,"potions_floor_spawned":[6,8,11,14],"killed_by":"Slime Boss","ascension_level":11}}