{"host":"1gh1pdv85cipbjj7","time":1611870380,"event":{"mods":["BaseMod","Colored Map","Downfall","GifTheSpireLib","Infinite Spire","Minty Spire (QoL Compilation)","Permanent Neow","StSLib","The Jungle"],"gold_per_floor":[99,114,128,128,145,25,25,45,74,94,109,109,109,20,36,36,36,36],"floor_reached":16,"language":"ENG","playtime":1140,"items_purged":[],"score":109,"play_id":"8cc6869e-5708-4e66-a020-b25f89397433","local_time":"20210128154620","is_ascension_mode":true,"campfire_choices":[{"data":"bronze:BronzeArmor","floor":1.0,"key":"SMITH"},{"floor":12,"key":"REST"}],"circlet_count":0,"master_deck":["bronze:Strike","bronze:Strike","bronze:Strike","bronze:Defend","bronze:Defend","bronze:Defend","bronze:Replicate","bronze:Goto","bronze:BronzeArmor+1","bronze:ClassDefault","bronze:Deprecate","bronze:Iterate","bronze:GetLatest","bronze:Optimize","bronze:OilSpill","bronze:Constructor","bronze:CloningBeam","bronze:WhirlingStrike","bronze:Repair","bronze:FollowUp"],"relics":["bronze:BronzeCore","Gambling Chip","Shovel"],"acts_visited":["Exordium"],"potions_floor_usage":[10,15,16],"damage_taken":[{"damage":6.0,"enemies":"2 Louse","floor":2.0,"turns":4.0},{"damage":4.0,"enemies":"Small Slimes","floor":3.0,"turns":4.0},{"damage":13,"enemies":"Jaw Worm","floor":5,"turns":5},{"damage":0,"enemies":"downfall:FleeingMerchant","floor":6,"turns":4},{"damage":0,"enemies":"2 Fungi Beasts","floor":8,"turns":4},{"damage":24,"enemies":"Gremlin Nob","floor":9,"turns":5},{"damage":0,"enemies":"3 Louse","floor":10,"turns":4},{"damage":6,"enemies":"Large Slime","floor":11,"turns":6},{"damage":10,"enemies":"downfall:FleeingMerchant","floor":14,"turns":4},{"damage":6,"enemies":"Gremlin Gang","floor":15,"turns":5},{"damage":37,"enemies":"DF_ARCHETYPE_STREAMLINE","floor":16,"turns":6}],"seed_played":"5197332479001615820","potions_obtained":[{"floor":3.0,"key":"bronze:FreeFunctionsPotion"},{"floor":9,"key":"Swift Potion"},{"floor":10,"key":"PowerPotion"},{"floor":15,"key":"bronze:FreeFunctionsPotion"}],"is_trial":false,"path_per_floor":["R","M","M","?","M","$","T","M","E","M","M","R","?","$","M","B"],"character_chosen":"THE_AUTOMATON","items_purchased":["bronze:Optimize","bronze:OilSpill","bronze:Repair"],"campfire_rested":1,"item_purchase_floors":[6,6,14],"current_hp_per_floor":[70,64,60,60,47,47,47,47,23,23,17,38,38,28,29,0,0,0],"gold":36,"neow_bonus":"TRANSFORM_CARD","is_daily":false,"chose_seed":false,"campfire_upgraded":1,"win_rate":0.0,"timestamp":1611870380,"path_taken":["R","M","M","?","M","$","T","M","E","M","M","R","?","$","M","BOSS"],"items_purchased_type":["Card","Card","Card"],"build_version":"2020-12-22","purchased_purges":0,"victory":false,"max_hp_per_floor":[70,70,70,70,70,70,70,70,70,70,70,70,70,70,70,70,70,70],"card_choices":[{"not_picked":["bronze:Overheat","bronze:Separator"],"picked":"bronze:ClassDefault","floor":2.0},{"not_picked":["bronze:Turbo","bronze:Terminator"],"picked":"bronze:Deprecate","floor":3.0},{"not_picked":["bronze:BugBarrage","bronze:ForLoop"],"picked":"bronze:Iterate","floor":5},{"not_picked":["bronze:BronzeOrb","bronze:InfiniteLoop"],"picked":"bronze:GetLatest","floor":6},{"not_picked":["bronze:MaxOutput","bronze:WildBeam"],"picked":"bronze:Constructor","floor":8},{"not_picked":["bronze:Shield","bronze:ShipIt"],"picked":"bronze:CloningBeam","floor":9},{"not_picked":["bronze:Return","bronze:BronzeArmor"],"picked":"bronze:WhirlingStrike","floor":10},{"not_picked":["bronze:WhirlingStrike","bronze:Constructor","bronze:WildBeam"],"picked":"SKIP","floor":11},{"not_picked":["bronze:WhirlingStrike","bronze:Turbo","bronze:BuggyMess"],"picked":"SKIP","floor":14},{"not_picked":["bronze:BronzeArmor","bronze:NullPointer"],"picked":"bronze:FollowUp","floor":15}],"player_experience":782293,"relics_obtained":[{"floor":7,"key":"Gambling Chip"},{"floor":9,"key":"Shovel"}],"event_choices":[{"cards_removed":["bronze:Defend"],"damage_healed":0,"gold_gain":0,"player_choice":"Card Removal","damage_taken":0,"max_hp_gain":0,"max_hp_loss":0,"event_name":"The Cleric","floor":13,"gold_loss":0}],"is_beta":false,"boss_relics":[],"items_purged_floors":[],"is_endless":false,"potions_floor_spawned":[3,9,10,15],"killed_by":"DF_ARCHETYPE_STREAMLINE","ascension_level":1}}