{"host":"mr1ctipv0dcr6y8g","time":1611866714,"event":{"mods":["BaseMod","DeckTracker","Energized Spire","Minty Spire (QoL Compilation)","Shop Mod","StSLib"],"gold_per_floor":[113,113,113,136,161,200,200,223,249,282,282,0,40,78,78,199,199,224,224,224,237,237,280,315,329,380,17,17,56,72,96,96,221,221,240,200,244,519,381,422,462,121,145,189,189,230,249,265,265,265],"floor_reached":51,"language":"ENG","playtime":4980,"items_purged":["Injury","Regret"],"score":1154,"play_id":"3fe09730-932f-4b0e-8f81-98acb420ab67","local_time":"20210128134514","daily_mods":["Heirloom","Time Dilation","Flight","DeadlyEvents"],"is_ascension_mode":false,"campfire_choices":[{"data":"1","floor":7,"key":"LIFT"},{"data":"2","floor":11,"key":"LIFT"},{"floor":15,"key":"REST"},{"data":"3","floor":28,"key":"LIFT"},{"data":"Footwork","floor":32,"key":"SMITH"},{"data":"After Image","floor":45,"key":"SMITH"},{"data":"Footwork","floor":49,"key":"SMITH"}],"circlet_count":0,"master_deck":["Strike_G+1","Strike_G+1","Strike_G+1","Strike_G+1","Defend_G+1","Defend_G+1","Defend_G+1","Defend_G+1","Defend_G+1","Survivor+1","Neutralize+1","Predator+1","Deflect","Malaise","Blur+1","Riddle With Holes","Footwork+1","PiercingWail","Leg Sweep","Blade Dance+1","After Image+1","Terror","Dodge and Roll+1","After Image+1","PiercingWail+1","Cloak And Dagger","Venomology","Finisher+1","Venomology","Footwork+1","Panacea","Riddle With Holes+1","Dodge and Roll","Envenom"],"relics":["Ring of the Serpent","Girya","Golden Idol","Vajra","War Paint","Anchor","PreservedInsect","Sundial","Mummified Hand","Bottled Lightning","Ninja Scroll","Bag of Marbles","Whetstone","Bronze Scales","Snake Skull","energizedSpire:NeverEndingSparkler","Incense Burner","Gremlin Horn","Blood Vial","Bottled Tornado","Lantern","Happy Flower","Pen Nib"],"acts_visited":["Exordium","TheCity","TheBeyond"],"potions_floor_usage":[11,18,40,48,50,50,50,50],"damage_taken":[{"damage":0,"enemies":"Cultist","floor":1,"turns":4},{"damage":0,"enemies":"2 Louse","floor":4,"turns":2},{"damage":0,"enemies":"Jaw Worm","floor":5,"turns":3},{"damage":31,"enemies":"Lagavulin","floor":6,"turns":11},{"damage":0,"enemies":"Exordium Wildlife","floor":8,"turns":2},{"damage":6,"enemies":"3 Sentries","floor":10,"turns":8},{"damage":1,"enemies":"Lagavulin","floor":13,"turns":7},{"damage":9,"enemies":"3 Sentries","floor":14,"turns":7},{"damage":7,"enemies":"The Guardian","floor":16,"turns":13},{"damage":0,"enemies":"2 Thieves","floor":18,"turns":3},{"damage":0,"enemies":"Shell Parasite","floor":21,"turns":3},{"damage":0,"enemies":"Gremlin Leader","floor":23,"turns":5},{"damage":0,"enemies":"Slavers","floor":24,"turns":5},{"damage":0,"enemies":"Snecko","floor":25,"turns":1},{"damage":0,"enemies":"Book of Stabbing","floor":29,"turns":1},{"damage":0,"enemies":"Snake Plant","floor":30,"turns":1},{"damage":0,"enemies":"Centurion and Healer","floor":31,"turns":1},{"damage":0,"enemies":"Champ","floor":33,"turns":8},{"damage":13,"enemies":"3 Darklings","floor":35,"turns":3},{"damage":0,"enemies":"Reptomancer","floor":37,"turns":1},{"damage":0,"enemies":"Giant Head","floor":40,"turns":5},{"damage":0,"enemies":"Reptomancer","floor":41,"turns":1},{"damage":0,"enemies":"Nemesis","floor":44,"turns":1},{"damage":0,"enemies":"Reptomancer","floor":46,"turns":1},{"damage":0,"enemies":"Orb Walker","floor":47,"turns":1},{"damage":0,"enemies":"Transient","floor":48,"turns":5},{"damage":0,"enemies":"Donu and Deca","floor":50,"turns":6}],"seed_played":"-4807803865800460472","potions_obtained":[{"floor":4,"key":"Fruit Juice"},{"floor":5,"key":"PowerPotion"},{"floor":13,"key":"DistilledChaos"},{"floor":21,"key":"SkillPotion"},{"floor":29,"key":"DistilledChaos"},{"floor":30,"key":"CunningPotion"},{"floor":35,"key":"SkillPotion"},{"floor":44,"key":"SteroidPotion"},{"floor":46,"key":"Ancient Potion"}],"is_trial":true,"path_per_floor":["M","?","?","M","M","E","R","M","T","E","R","$","E","E","R","B",null,"M","?","T","M","?","E","E","M","T","$","R","E","M","M","R","B",null,"M","?","E","?","$","E","E","$","T","E","R","E","M","M","R","B",null],"character_chosen":"THE_SILENT","items_purchased":["Footwork","PreservedInsect","PiercingWail","After Image","Bronze Scales","Footwork","Panacea","Bottled Tornado"],"campfire_rested":1,"item_purchase_floors":[12,12,12,27,27,39,42,42],"current_hp_per_floor":[70,70,63,63,63,32,32,32,32,26,31,31,30,21,43,36,75,75,61,61,61,61,61,61,61,61,61,61,61,61,61,61,61,80,67,67,67,67,67,67,67,67,67,69,69,71,73,75,75,77],"gold":265,"neow_bonus":"","is_daily":false,"chose_seed":false,"campfire_upgraded":3,"win_rate":0.0,"timestamp":1611866714,"path_taken":["M","?","?","M","M","E","R","?","T","?","R","$","E","E","R","BOSS","M","?","?","M","?","E","E","?","T","?","R","E","M","M","R","BOSS","M","?","?","?","$","E","E","$","T","E","R","?","?","M","R","BOSS"],"items_purchased_type":["Card","Relic","Card","Card","Relic","Card","Card","Relic"],"build_version":"2020-12-22","purchased_purges":2,"victory":true,"max_hp_per_floor":[70,70,70,70,70,70,70,70,70,70,75,75,75,75,75,75,75,75,80,80,80,80,80,80,80,80,80,80,80,80,80,80,80,80,80,80,80,80,80,80,80,80,80,80,80,80,80,80,80,80],"card_choices":[{"not_picked":["Poisoned Stab","Acrobatics"],"picked":"Predator","floor":1},{"not_picked":["Backflip","Quick Slash"],"picked":"Deflect","floor":4},{"not_picked":["Quick Slash","Poisoned Stab"],"picked":"Malaise","floor":5},{"not_picked":["Expertise","Bane"],"picked":"Blur","floor":6},{"not_picked":["Slice","Flying Knee"],"picked":"Riddle With Holes","floor":8},{"not_picked":["Concentrate","Setup","Outmaneuver"],"picked":"SKIP","floor":10},{"not_picked":["Skewer","Choke"],"picked":"Leg Sweep","floor":13},{"not_picked":["Caltrops","Burst"],"picked":"Blade Dance","floor":14},{"not_picked":["Die Die Die","Unload"],"picked":"After Image","floor":16},{"not_picked":["Catalyst","Predator","Bouncing Flask+1"],"picked":"SKIP","floor":18},{"not_picked":["Acrobatics","Outmaneuver"],"picked":"Terror","floor":21},{"not_picked":["Catalyst","Sucker Punch","Flechettes+1"],"picked":"SKIP","floor":23},{"not_picked":["Bane","Quick Slash+1"],"picked":"Dodge and Roll+1","floor":24},{"not_picked":["Dodge and Roll","Deadly Poison","Underhanded Strike"],"picked":"SKIP","floor":25},{"not_picked":["Slice+1","Outmaneuver+1","All Out Attack+1"],"picked":"SKIP","floor":29},{"not_picked":["Underhanded Strike","Eviscerate"],"picked":"PiercingWail+1","floor":30},{"not_picked":["Doppelganger","Masterful Stab"],"picked":"Cloak And Dagger","floor":31},{"not_picked":["Grand Finale","A Thousand Cuts"],"picked":"Venomology","floor":33},{"not_picked":["Setup","Deflect+1"],"picked":"Finisher+1","floor":35},{"not_picked":["Dagger Spray","Leg Sweep"],"picked":"Venomology","floor":37},{"not_picked":["Quick Slash","Eviscerate","Underhanded Strike+1"],"picked":"SKIP","floor":40},{"not_picked":["Slice","Deadly Poison+1","Dagger Throw"],"picked":"SKIP","floor":41},{"not_picked":["Wraith Form v2","Flying Knee"],"picked":"Riddle With Holes+1","floor":44},{"not_picked":["Poisoned Stab","Underhanded Strike","Quick Slash"],"picked":"SKIP","floor":46},{"not_picked":["Quick Slash","Deadly Poison+1"],"picked":"Dodge and Roll","floor":47},{"not_picked":["Masterful Stab","PiercingWail"],"picked":"Envenom","floor":48}],"player_experience":1283847,"relics_obtained":[{"floor":6,"key":"Vajra"},{"floor":9,"key":"War Paint"},{"floor":10,"key":"Anchor"},{"floor":13,"key":"Sundial"},{"floor":14,"key":"Mummified Hand"},{"floor":20,"key":"Bottled Lightning"},{"floor":23,"key":"Ninja Scroll"},{"floor":24,"key":"Bag of Marbles"},{"floor":26,"key":"Whetstone"},{"floor":29,"key":"Snake Skull"},{"floor":37,"key":"Incense Burner"},{"floor":40,"key":"Gremlin Horn"},{"floor":41,"key":"Blood Vial"},{"floor":43,"key":"Lantern"},{"floor":44,"key":"Happy Flower"},{"floor":46,"key":"Pen Nib"}],"event_choices":[{"damage_healed":0,"gold_gain":0,"player_choice":"Take Wound","damage_taken":0,"relics_obtained":["Golden Idol"],"max_hp_gain":0,"max_hp_loss":0,"event_name":"Golden Idol","floor":2,"gold_loss":0,"cards_obtained":["Injury"]},{"cards_removed":["Strike_G"],"damage_healed":0,"gold_gain":0,"player_choice":"Card Removal","damage_taken":7,"max_hp_gain":0,"max_hp_loss":0,"event_name":"Golden Wing","floor":3,"gold_loss":0},{"damage_healed":0,"gold_gain":0,"player_choice":"Shed Blood","damage_taken":19,"max_hp_gain":5,"max_hp_loss":0,"event_name":"Forgotten Altar","floor":19,"gold_loss":0},{"damage_healed":0,"gold_gain":0,"player_choice":"Simplicity","damage_taken":0,"max_hp_gain":0,"max_hp_loss":0,"event_name":"Back to Basics","floor":22,"gold_loss":0,"cards_upgraded":["Strike_G","Strike_G","Strike_G","Strike_G","Defend_G","Defend_G","Defend_G","Defend_G","Defend_G"]},{"damage_healed":0,"gold_gain":0,"player_choice":"Upgraded Two","damage_taken":0,"max_hp_gain":0,"max_hp_loss":0,"event_name":"Designer","floor":36,"gold_loss":40,"cards_upgraded":["After Image","Blade Dance"]},{"damage_healed":0,"gold_gain":275,"player_choice":"Desecrate","damage_taken":0,"max_hp_gain":0,"max_hp_loss":0,"event_name":"Golden Shrine","floor":38,"gold_loss":0,"cards_obtained":["Regret"]}],"is_beta":false,"boss_relics":[{"not_picked":["energizedSpire:SpiderWeb","energizedSpire:OgreHead"],"picked":"Ring of the Serpent"},{"not_picked":["Runic Dome","Philosopher\u0027s Stone"],"picked":"energizedSpire:NeverEndingSparkler"}],"items_purged_floors":[27,39],"is_endless":false,"potions_floor_spawned":[4,5,13,21,29,30,35,40,44,46],"ascension_level":0}}