{"host":"rwmcmr2m88k7tuzm","time":1611853538,"event":{"mods":["BaseMod","BetterRewards","Conspire","Downfall","Hubris","Infinite Spire","Minty Spire (QoL Compilation)","Quick Restart","Replay The Spire","Shop Mod","StSLib","SuperFastMode"],"gold_per_floor":[109,124,139,139,139,139,169,169,169,194,194,219,219,247,247,377,377,420,464,464,464,464,464,511,574,574,620,620,11,11,66,66,85,85],"floor_reached":33,"language":"ENG","playtime":905,"items_purged":["Strike_R"],"score":281,"play_id":"c9a4d6b9-66be-4fcb-adc3-955626459965","local_time":"20210128170538","is_ascension_mode":false,"campfire_choices":[{"data":"Reaper","floor":6,"key":"SMITH"},{"floor":13,"key":"REST"},{"data":"ReplayTheSpireMod:Limb From Limb","floor":15,"key":"SMITH"},{"data":"Seeing Red","floor":23,"key":"SMITH"},{"floor":28,"key":"REST"},{"data":"conspire:Banana","floor":30,"key":"SMITH"},{"floor":32,"key":"REST"}],"circlet_count":0,"master_deck":["Strike_R+1","Strike_R","Strike_R","Defend_R+1","Defend_R","Defend_R+1","Defend_R","Bash","Havoc+1","Swift Strike","Pummel+1","Seeing Red+1","Inflame","Reaper+1","ReplayTheSpireMod:Limb From Limb+1","Inflame","Master of Strategy+1","Replay:Undeath\u0027s Touch","Replay:Many Hands","Rampage","Reaper","conspire:Banana+1"],"relics":["Burning Blood","hubris:TenFootPole","Whetstone","Replay:Lucky Slots","Juzu Bracelet","Replay:Wax Seal","infinitespire:Broken Mirror","Kunai","Replay:Bandana","hubris:Icosahedron","infinitespire:Lucky Rock","War Paint","infinitespire:Beetle Shell","Replay:Mystery Machine","Red Mask"],"acts_visited":["Exordium","TheCity"],"potions_floor_usage":[7,7,16,24,25,25],"damage_taken":[{"damage":1,"enemies":"Cultist","floor":1,"turns":3},{"damage":0,"enemies":"Small Slimes","floor":2,"turns":2},{"damage":0,"enemies":"2 Louse","floor":3,"turns":2},{"damage":25,"enemies":"3 Sentries","floor":7,"turns":6},{"damage":31,"enemies":"Lagavulin","floor":10,"turns":5},{"damage":28,"enemies":"Gremlin Nob","floor":12,"turns":4},{"damage":7,"enemies":"Blue Slaver","floor":14,"turns":2},{"damage":25,"enemies":"The Guardian","floor":16,"turns":5},{"damage":9,"enemies":"3 Byrds","floor":18,"turns":4},{"damage":12,"enemies":"Shell Parasite","floor":19,"turns":3},{"damage":10,"enemies":"Chosen and Byrds","floor":24,"turns":3},{"damage":50,"enemies":"Nightmare","floor":25,"turns":5},{"damage":21,"enemies":"Snake Plant","floor":27,"turns":3},{"damage":78,"enemies":"Masked Bandits","floor":31,"turns":6},{"damage":90,"enemies":"Collector","floor":33,"turns":6}],"seed_played":"-6719413810497002884","potions_obtained":[{"floor":2,"key":"BloodPotion"},{"floor":3,"key":"Adrenaline Potion"},{"floor":12,"key":"PowerPotion"},{"floor":14,"key":"SteroidPotion"},{"floor":18,"key":"Energy Potion"},{"floor":19,"key":"hexamod:SoulburnPotion"},{"floor":31,"key":"sneckomod:MuddlingPotion"}],"is_trial":false,"path_per_floor":["M","M","M","?","?","R","E","?","T","E","?","E","R","M","R","B",null,"M","M","?","?","?","R","M","NM","T","M","R","$","R","?","R","B"],"character_chosen":"IRONCLAD","items_purchased":["hubris:TenFootPole","Havoc+1","Swift Strike","Pummel","Whetstone","Replay:Lucky Slots","Juzu Bracelet","Reaper","infinitespire:Beetle Shell","Replay:Mystery Machine","conspire:Banana"],"campfire_rested":3,"item_purchase_floors":[0,0,0,0,0,0,0,29,29,29,29],"current_hp_per_floor":[49,55,61,61,61,61,72,77,77,59,59,46,71,70,70,65,85,85,85,80,80,80,80,88,44,44,29,56,56,56,19,46,0,0],"gold":85,"neow_bonus":"","is_daily":false,"chose_seed":false,"campfire_upgraded":4,"win_rate":0.0,"timestamp":1611853538,"path_taken":["M","M","M","?","?","R","E","?","T","E","?","E","R","M","R","BOSS","M","M","?","?","?","R","M","NM","T","M","R","$","R","?","R","BOSS"],"items_purchased_type":["Relic","Card","Card","Card","Relic","Relic","Relic","Card","Relic","Relic","Card"],"build_version":"2020-12-22","purchased_purges":1,"victory":false,"max_hp_per_floor":[80,80,80,80,80,80,80,85,85,85,85,85,85,85,85,85,85,85,85,90,90,90,90,90,90,90,90,90,90,90,92,92,94,94],"card_choices":[{"not_picked":["Hemokinesis","Wild Strike"],"picked":"Seeing Red","floor":1},{"not_picked":["Havoc","Heavy Blade"],"picked":"Inflame","floor":2},{"not_picked":["Fire Breathing","Wild Strike","ReplayTheSpireMod:Strike From Hell"],"picked":"SKIP","floor":3},{"not_picked":["Flex","Headbutt"],"picked":"ReplayTheSpireMod:Limb From Limb","floor":7},{"not_picked":["Defy Death","Heavy Blade"],"picked":"Inflame","floor":10},{"not_picked":["Hemokinesis","Entrench","Wild Strike"],"picked":"SKIP","floor":12},{"not_picked":["Reckless Charge","Twin Strike"],"picked":"Replay:Undeath\u0027s Touch","floor":14},{"not_picked":["Berserk","Feed"],"picked":"Replay:Many Hands","floor":16},{"not_picked":["Pommel Strike","Clothesline"],"picked":"Rampage","floor":18},{"not_picked":["Perfected Strike","Sentinel","Reckless Charge"],"picked":"SKIP","floor":19},{"not_picked":["Thunderclap","Combust","True Grit+1"],"picked":"SKIP","floor":24},{"not_picked":["Reckless Charge+1","Flame Barrier","Headbutt"],"picked":"SKIP","floor":25},{"not_picked":["Reckless Charge+1","Flame Barrier","Headbutt"],"picked":"SKIP","floor":25},{"not_picked":["Entrench","Shrug It Off","Body Slam"],"picked":"SKIP","floor":27}],"player_experience":166900,"relics_obtained":[{"floor":7,"key":"Replay:Wax Seal"},{"floor":9,"key":"infinitespire:Broken Mirror"},{"floor":10,"key":"Kunai"},{"floor":12,"key":"Replay:Bandana"},{"floor":25,"key":"infinitespire:Lucky Rock"},{"floor":26,"key":"War Paint"},{"floor":31,"key":"Red Mask"}],"event_choices":[{"damage_healed":0,"gold_gain":0,"player_choice":"2 cards matched","damage_taken":0,"max_hp_gain":0,"max_hp_loss":0,"event_name":"Match and Keep!","floor":4,"gold_loss":0,"cards_obtained":["Good Instincts","Reaper"]},{"damage_healed":0,"gold_gain":0,"player_choice":"Donut","damage_taken":0,"max_hp_gain":5,"max_hp_loss":0,"event_name":"Big Fish","floor":8,"gold_loss":0},{"damage_healed":0,"gold_gain":0,"player_choice":"Shed Blood","damage_taken":21,"max_hp_gain":5,"max_hp_loss":0,"event_name":"Forgotten Altar","floor":20,"gold_loss":0},{"cards_removed":["Strike_R"],"damage_healed":0,"gold_gain":0,"player_choice":"Purged","damage_taken":0,"max_hp_gain":0,"max_hp_loss":0,"event_name":"Purifier","floor":22,"gold_loss":0},{"damage_healed":0,"gold_gain":0,"player_choice":"Fought Bandits","damage_taken":0,"max_hp_gain":0,"max_hp_loss":0,"event_name":"Masked Bandits","floor":31,"gold_loss":0}],"is_beta":false,"boss_relics":[{"not_picked":["Runic Pyramid","Ring of Chaos","hubris:BlackHole"]}],"items_purged_floors":[29],"is_endless":true,"potions_floor_spawned":[2,3,12,14,18,19,31],"killed_by":"Collector","ascension_level":0}}