{"host":"95i1gxnztdrdyvhi","time":1611861650,"event":{"mods":["AchievementEnabler","Act Like it!","BaseMod","Downfall","Minty Spire (QoL Compilation)","Quick Restart","StSLib"],"gold_per_floor":[99,117,135,150,162,162,186,198,210,235,267,279,291,291,291],"floor_reached":13,"language":"ENG","playtime":894,"items_purged":[],"score":77,"play_id":"b2267ff9-387f-4789-8a92-8a7369df358f","local_time":"20210128192050","is_ascension_mode":false,"campfire_choices":[{"data":"bronze:Verify","floor":1,"key":"SMITH"}],"circlet_count":0,"master_deck":["bronze:Strike","bronze:Strike","bronze:Strike","bronze:Defend","bronze:Defend","bronze:Defend","bronze:Defend","bronze:Replicate","bronze:Goto","bronze:Verify+1","bronze:Repair","bronze:BuggyMess","bronze:DazingPulse+1"],"relics":["bronze:BronzeCore","MawBank"],"acts_visited":["Exordium"],"potions_floor_usage":[],"damage_taken":[{"damage":2,"enemies":"Jaw Worm","floor":2,"turns":6},{"damage":0,"enemies":"2 Louse","floor":3,"turns":4},{"damage":8,"enemies":"Small Slimes","floor":4,"turns":9},{"damage":5,"enemies":"2 Fungi Beasts","floor":5,"turns":6},{"damage":11,"enemies":"2 Fungi Beasts","floor":8,"turns":4},{"damage":14,"enemies":"Gremlin Gang","floor":10,"turns":7},{"damage":6,"enemies":"3 Louse","floor":11,"turns":5},{"damage":39,"enemies":"3 Sentries","floor":13,"turns":15}],"seed_played":"-7203998101158300347","potions_obtained":[{"floor":2,"key":"champ:CounterPotion"},{"floor":3,"key":"Energy Potion"},{"floor":5,"key":"Slimebound:ThreeZeroPotion"}],"is_trial":false,"path_per_floor":["R","M","M","M","M","?","T","?","?","M","M","?","E"],"character_chosen":"THE_AUTOMATON","items_purchased":[],"campfire_rested":0,"item_purchase_floors":[],"current_hp_per_floor":[63,61,63,62,57,62,62,57,57,50,51,51,19,19,19],"gold":291,"neow_bonus":"THREE_RARE_CARDS","is_daily":false,"chose_seed":false,"campfire_upgraded":1,"win_rate":0.0,"timestamp":1611861650,"path_taken":["R","M","M","M","M","?","T","?","?","M","M","?","E"],"items_purchased_type":[],"build_version":"2020-12-22","purchased_purges":0,"victory":false,"max_hp_per_floor":[63,63,63,63,63,68,68,68,68,68,68,68,68,68,68],"card_choices":[{"not_picked":["bronze:Virus","bronze:AlphaBuild"],"picked":"bronze:Verify","floor":0},{"not_picked":["bronze:Allocate","bronze:GetLatest"],"picked":"bronze:Repair","floor":2},{"not_picked":["bronze:ForLoop","bronze:Separator"],"picked":"bronze:BuggyMess","floor":3},{"not_picked":["bronze:DelayedSlice","bronze:Overheat","bronze:FineTuning"],"picked":"SKIP","floor":4},{"not_picked":["bronze:Overheat","bronze:CloningBeam","bronze:Turbo"],"picked":"SKIP","floor":5},{"not_picked":[],"picked":"bronze:DazingPulse","floor":8},{"not_picked":["bronze:DigitalCarnage","bronze:Overheat","bronze:Frontload"],"picked":"SKIP","floor":10},{"not_picked":["bronze:WhirlingStrike","bronze:BugBarrage","bronze:CutThrough"],"picked":"SKIP","floor":11}],"player_experience":838416,"relics_obtained":[{"floor":7,"key":"MawBank"}],"event_choices":[{"damage_healed":0,"gold_gain":0,"player_choice":"Donut","damage_taken":0,"max_hp_gain":5,"max_hp_loss":0,"event_name":"Big Fish","floor":6,"gold_loss":0},{"cards_removed":["bronze:Strike"],"damage_healed":0,"gold_gain":0,"player_choice":"Card Removal","damage_taken":0,"max_hp_gain":0,"max_hp_loss":0,"event_name":"The Cleric","floor":9,"gold_loss":0}],"is_beta":false,"boss_relics":[],"items_purged_floors":[],"is_endless":false,"potions_floor_spawned":[2,3,5,11],"killed_by":"3 Sentries","ascension_level":0}}