{"host":"xq56pqicyapr3rmv","time":1611811827,"event":{"mods":["100% Spire Juice","2.2 Compatiblity","ATMod(阿瑾Mod)","Act Like it!","Arknights The Spire","BaseMod","Better-Laid Plans","CapriCore","Library of Ruina Extra","Minty Spire (QoL Compilation)","MostiFishMod","Spicy Shops","StSLib","TestMod","Yakumo Yukari mod","[LAZYMAN]RSMod","【功能Mod】混沌之环修复补丁","【功能Mod】精心准备"],"gold_per_floor":[112,112,128,144,161,161,161],"floor_reached":6,"language":"ZHS","playtime":293,"items_purged":[],"score":38,"play_id":"ec21529d-9ce8-46db-9275-cd84af3afcbf","local_time":"20210128133027","is_ascension_mode":false,"campfire_choices":[],"circlet_count":0,"master_deck":["ats:Strike C","ats:Strike G","ats:Strike V","ats:Armor Crushing Shot","ats:Defend","ats:Defend","ats:Defend","ats:Defend","ats:Emotion Absorption","ats:Counter Healing Mode","ats:Chain Hook","ats:Closed Bolt Burst Fire"],"relics":["testmod-TestBox","DaveBox","AT_ATBox","Nloth\u0027s Gift","testmod-Muramasa","ats:Sanity Plus","SynthV:TestCard"],"acts_visited":["Exordium"],"potions_floor_usage":[],"damage_taken":[{"damage":10,"enemies":"Small Slimes","floor":1,"turns":4},{"damage":12,"enemies":"Cultist","floor":3,"turns":5},{"damage":13,"enemies":"2 Louse","floor":4,"turns":4},{"damage":37,"enemies":"Gremlin Gang","floor":5,"turns":8},{"damage":11,"enemies":"Gremlin Nob","floor":6,"turns":2}],"seed_played":"188140139425751485","potions_obtained":[{"floor":5,"key":"SpeedPotion"}],"is_trial":false,"path_per_floor":["M","?","M","M","M","E"],"character_chosen":"DOCTOR_CLASS","items_purchased":[],"campfire_rested":0,"item_purchase_floors":[],"current_hp_per_floor":[69,69,57,44,7,0,0],"gold":161,"neow_bonus":"TEN_PERCENT_HP_BONUS","is_daily":false,"chose_seed":false,"campfire_upgraded":0,"win_rate":0.0,"timestamp":1611811827,"path_taken":["M","?","M","M","M","E"],"items_purchased_type":[],"build_version":"2020-12-22","purchased_purges":0,"victory":false,"max_hp_per_floor":[79,79,79,79,79,79,79],"card_choices":[{"not_picked":["ats:Ignite","ats:Very Hot Blade","ats:Soul Rend"],"picked":"SKIP","floor":1},{"not_picked":["ats:Hook Shot","ats:Collapsing Strike","ats:Serious Mode","ats:Chain Hook"],"picked":"ats:Counter Healing Mode","floor":3},{"not_picked":["ats:Consecutive Shot Auto","ats:Counter Healing Mode","ats:Curse Doll","ats:Neurotoxin"],"picked":"ats:Chain Hook","floor":4},{"not_picked":["ats:Demon Strength","ats:Poison Spread","ats:Ignite","ats:Spore Proliferation"],"picked":"ats:Closed Bolt Burst Fire","floor":5}],"player_experience":207153,"relics_obtained":[{"floor":1,"key":"SynthV:TestCard"}],"event_choices":[{"cards_removed":["ats:Strike S"],"damage_healed":0,"gold_gain":0,"player_choice":"Purged","damage_taken":0,"max_hp_gain":0,"max_hp_loss":0,"event_name":"Purifier","floor":2,"gold_loss":0}],"is_beta":false,"boss_relics":[],"items_purged_floors":[],"is_endless":false,"potions_floor_spawned":[5],"killed_by":"Gremlin Nob","ascension_level":0}}