{"host":"r5cycnjhcbwgkpkf","time":1611870873,"event":{"mods":["2.2 Compatiblity","AchievementEnabler","BaseMod","Bestiary","Better Altar","Better Match","Better Note","Better Skull","Better Third Choice","BetterRewards","Colored Map","Colored Powertips","Infinite Spire","Minty Spire (QoL Compilation)","Reliquary","Replay The Spire","Spicy Shops","StSLib"],"gold_per_floor":[119,119,119,119,135,163,163,194,194,194,194,220,89,124,124,217,217,241,191,209,209,239,239,285,285,285,285,335,78,78,18,18,113,113,155,105,23,58,101,101,157,185,185,185,185,145,145,187,187,227,237,237],"floor_reached":51,"language":"ENG","playtime":2820,"items_purged":["Strike_R"],"score":1804,"play_id":"d5447198-4855-481b-88df-79974e099fee","local_time":"20210128135433","is_ascension_mode":true,"campfire_choices":[{"floor":7.0,"key":"REST"},{"data":"Metallicize","floor":10.0,"key":"SMITH"},{"data":"Rage","floor":15.0,"key":"SMITH"},{"floor":23.0,"key":"REST"},{"floor":25.0,"key":"REST"},{"data":"Double Tap","floor":27.0,"key":"SMITH"},{"data":"Cleave","floor":30,"key":"SMITH"},{"data":"Inflame","floor":32,"key":"SMITH"},{"data":"Blood for Blood","floor":40,"key":"SMITH"},{"floor":45,"key":"REST"},{"data":"Pot Of Greed","floor":47,"key":"SMITH"},{"data":"Pot Of Greed","floor":49,"key":"SMITH"}],"circlet_count":0,"master_deck":["AscendersBane","Strike_R","Strike_R+1","Strike_R","Strike_R","Defend_R","Defend_R","Defend_R+1","Defend_R","Bash","Brutality","Rupture+1","Blood for Blood+1","Cleave+1","Metallicize+1","Spot Weakness+1","Twin Strike","Rage+1","Double Tap+1","CurseOfTheBell","Inflame+1","Reaper+1","ReplayTheSpireMod:Stacked","Pot Of Greed+1","Pot Of Greed+1"],"relics":["Burning Blood","reliquary:RoseTintedGlasses","Eternal Feather","Membership Card","Sling","Paper Frog","infinitespire:Satchel","ReplayTheSpireMod:TigerMarble","Replay:Bandana","reliquary:QuartzCube","infinitespire:FocusingShard","Bottled Lightning","Calling Bell","Boot","infinitespire:WardingShard","WingedGreaves","FaceOfCleric","Bag of Preparation","Bottled Flame","infinitespire:Midas Blood","Bag of Marbles","Cauldron","Divine Protection","Busted Crown","reliquary:Buckler","infinitespire:CheckeredPen","reliquary:BallBearing","Grinning Jar"],"acts_visited":["Exordium","TheCity","TheBeyond"],"potions_floor_usage":[28,50,50],"damage_taken":[{"damage":17.0,"enemies":"Small Slimes","floor":1.0,"turns":4.0},{"damage":1.0,"enemies":"Cultist","floor":5.0,"turns":3.0},{"damage":18.0,"enemies":"3 Sentries","floor":6.0,"turns":4.0},{"damage":14.0,"enemies":"Replay:BlueRogue","floor":8.0,"turns":6.0},{"damage":2.0,"enemies":"2 Louse","floor":12.0,"turns":3.0},{"damage":12.0,"enemies":"Lagavulin","floor":14.0,"turns":5.0},{"damage":36.0,"enemies":"Fading Forest","floor":16.0,"turns":13.0},{"damage":16.0,"enemies":"2 Thieves","floor":18.0,"turns":5.0},{"damage":27.0,"enemies":"Spheric Guardian","floor":20.0,"turns":5.0},{"damage":18.0,"enemies":"3 Cultists","floor":22.0,"turns":4.0},{"damage":55.0,"enemies":"Gremlin Leader","floor":24.0,"turns":5.0},{"damage":21,"enemies":"Book of Stabbing","floor":28,"turns":3},{"damage":36,"enemies":"Champ","floor":33,"turns":9},{"damage":45,"enemies":"3 Shapes","floor":35,"turns":4},{"damage":6,"enemies":"3 Darklings","floor":38,"turns":4},{"damage":0,"enemies":"4 Shapes","floor":39,"turns":3},{"damage":68,"enemies":"Nemesis","floor":41,"turns":5},{"damage":23,"enemies":"Writhing Mass","floor":42,"turns":5},{"damage":14,"enemies":"Jaw Worm Horde","floor":48,"turns":3},{"damage":105,"enemies":"Donu and Deca","floor":50,"turns":8},{"damage":29,"enemies":"infinitespire:MassOfShapes","floor":51,"turns":1}],"seed_played":"-7368438706915121940","potions_obtained":[{"floor":1.0,"key":"AttackPotion"},{"floor":8.0,"key":"Death Potion"},{"floor":12.0,"key":"Strength Potion"},{"floor":29,"key":"Adrenaline Potion"}],"is_trial":false,"path_per_floor":["M","?","T","?","M","E","R","E","T","R","AVR","M","$","E","R_BF","B",null,"M","?","M","?","M","R","E","R","T","R","E","$","R","$","R","B",null,"M","?","$","M","M","R","E","M","T","?","R","$","R","M","R","B","B"],"character_chosen":"IRONCLAD","items_purchased":["reliquary:RoseTintedGlasses","Eternal Feather","Brutality","Rupture","Membership Card","Sling","Adrenaline Potion","infinitespire:FocusingShard","Bag of Marbles","Cauldron","Divine Protection","Inflame","reliquary:Buckler","Grinning Jar"],"campfire_rested":4,"item_purchase_floors":[0,0,0,0,0,0,0,13,29,29,29,31,37,46],"current_hp_per_floor":[25,25,25,25,30,18,49,41,41,50,50,54,54,48,57,61,72,62,62,41,41,30,64,16,51,51,63,49,49,61,61,73,44,70,46,46,46,80,82,82,49,54,54,54,84,84,84,85,85,19,0,0],"gold":237,"neow_bonus":"","is_daily":false,"chose_seed":false,"campfire_upgraded":8,"win_rate":0.0,"timestamp":1611870873,"path_taken":["M","?","?","?","M","E","R","E","T","R","AVR","?","?","E","R_BF","BOSS","M","?","?","?","?","R","E","R","T","R","E","$","R","?","R","BOSS","M","?","$","M","M","R","E","?","T","?","R","$","R","M","R","BOSS","BOSS"],"items_purchased_type":["Relic","Relic","Card","Card","Relic","Relic","Potion","Relic","Relic","Relic","Relic","Card","Relic","Relic"],"build_version":"2020-12-22","purchased_purges":1,"victory":false,"max_hp_per_floor":[75,75,75,75,75,75,75,75,75,75,75,75,75,75,75,75,75,75,75,75,75,76,76,77,77,77,77,78,78,78,78,78,79,79,80,80,80,81,82,82,83,84,84,84,84,84,84,85,85,86,86,86],"card_choices":[{"not_picked":["Perfected Strike","Pommel Strike"],"picked":"Blood for Blood","floor":1.0},{"not_picked":["Heavy Blade","Replay:Undeath\u0027s Touch"],"picked":"Cleave","floor":5.0},{"not_picked":["Pommel Strike","Whirlwind"],"picked":"Metallicize","floor":6.0},{"not_picked":["Shockwave","Bludgeon"],"picked":"Spot Weakness","floor":8.0},{"not_picked":["Replay:Undeath\u0027s Touch","Anger"],"picked":"Twin Strike","floor":12.0},{"not_picked":["Sentinel","Fire Breathing"],"picked":"Rage","floor":14.0},{"not_picked":["Barricade","Bludgeon"],"picked":"Double Tap","floor":16.0},{"not_picked":["Dual Wield","Reckless Charge+1","Twin Strike"],"picked":"SKIP","floor":18.0},{"not_picked":["Metallicize","Cleave","Twin Strike+1"],"picked":"SKIP","floor":20.0},{"not_picked":["Replay:Undeath\u0027s Touch","Headbutt","Massacre"],"picked":"SKIP","floor":22.0},{"not_picked":["Havoc","infinitespire:OneForAll","Replay:Undeath\u0027s Touch"],"picked":"SKIP","floor":24.0},{"not_picked":["Entrench","Headbutt","Wild Strike"],"picked":"SKIP","floor":28},{"not_picked":["Exhume","Brutality"],"picked":"Reaper","floor":33},{"not_picked":["Headbutt"],"picked":"SKIP","floor":35},{"not_picked":["Body Slam+1"],"picked":"SKIP","floor":38},{"not_picked":["Perfected Strike+1"],"picked":"SKIP","floor":39},{"not_picked":[],"picked":"ReplayTheSpireMod:Stacked","floor":41},{"not_picked":["ReplayTheSpireMod:Corrosion Curse"],"picked":"SKIP","floor":42},{"not_picked":["Clothesline"],"picked":"SKIP","floor":48}],"player_experience":390878,"relics_obtained":[{"floor":3.0,"key":"Paper Frog"},{"floor":6.0,"key":"infinitespire:Satchel"},{"floor":8.0,"key":"ReplayTheSpireMod:TigerMarble"},{"floor":9.0,"key":"Replay:Bandana"},{"floor":14.0,"key":"Bottled Lightning"},{"floor":17.0,"key":"Boot"},{"floor":17.0,"key":"infinitespire:WardingShard"},{"floor":17.0,"key":"WingedGreaves"},{"floor":24.0,"key":"Bag of Preparation"},{"floor":26.0,"key":"Bottled Flame"},{"floor":28,"key":"infinitespire:Midas Blood"},{"floor":41,"key":"infinitespire:CheckeredPen"},{"floor":43,"key":"reliquary:BallBearing"}],"event_choices":[{"damage_healed":0.0,"max_hp_gain":0.0,"max_hp_loss":0.0,"gold_gain":0.0,"event_name":"Upgrade Shrine","player_choice":"Upgraded","floor":4.0,"gold_loss":0.0,"damage_taken":0.0,"cards_upgraded":["Rupture"]},{"damage_healed":0.0,"max_hp_gain":0.0,"max_hp_loss":0.0,"gold_gain":0.0,"event_name":"The Joust","player_choice":"Bet on Murderer","floor":19.0,"gold_loss":50.0,"damage_taken":0.0},{"damage_healed":0.0,"max_hp_gain":0.0,"max_hp_loss":0.0,"gold_gain":0.0,"event_name":"FaceTrader","player_choice":"Trade","floor":21.0,"gold_loss":0.0,"damage_taken":0.0,"relics_obtained":["FaceOfCleric"]},{"damage_healed":0,"gold_gain":0,"player_choice":"Upgraded Two","damage_taken":0,"max_hp_gain":0,"max_hp_loss":0,"event_name":"Designer","floor":36,"gold_loss":50,"cards_upgraded":["Defend_R","Strike_R"]}],"is_beta":false,"boss_relics":[{"not_picked":["Velvet Choker","Runic Pyramid"],"picked":"Calling Bell"},{"not_picked":["reliquary:Ember","ReplayTheSpireMod:SealedPack"],"picked":"Busted Crown"}],"items_purged_floors":[11],"is_endless":false,"potions_floor_spawned":[1,8,12,14,18,20,33,38,39],"killed_by":"infinitespire:MassOfShapes","ascension_level":20}}