{"host":"ucx3368bquyf080x","time":1611812355,"event":{"mods":["BaseMod","Minty Spire (QoL Compilation)","Replay The Spire","StSLib","[IsaacMod]ÒÔÈö¼âËþ"],"gold_per_floor":[119,136,136,149,163,198,198,198,198,198,208,240,257,269,269,269,269],"floor_reached":16,"language":"ZHS","playtime":342,"items_purged":[],"score":148,"play_id":"ff778df8-0ed7-4c7e-a2df-3dc051122b1b","local_time":"20210128133915","is_ascension_mode":true,"campfire_choices":[],"circlet_count":0,"master_deck":["Strike_P","Strike_P","Defend_P","Defend_P","Defend_P","Eruption","Vigilance","Consecrate","FollowUp","ForeignInfluence+1","Steam+1","BowlingBash","PathToVictory+1","EmptyBody+1","EmptyBody+1"],"relics":["PureWater","HushsDoor","Damocles","NeowsBlessing","Regal Pillow","Shuriken","PunchingBag","TuHaoJin","Toxic Egg 2","Boot","DeadEye","Gremlin Horn","Du-Vu Doll","ReplayTheSpireMod:Lightbulb","Damaru","Bag of Preparation","Chameleon Ring"],"acts_visited":["Exordium"],"potions_floor_usage":[16],"damage_taken":[{"damage":0.0,"enemies":"Jaw Worm","floor":1.0,"turns":1.0},{"damage":0.0,"enemies":"Cultist","floor":2.0,"turns":1.0},{"damage":0.0,"enemies":"2 Louse","floor":4.0,"turns":1.0},{"damage":0.0,"enemies":"Exordium Wildlife","floor":5.0,"turns":1.0},{"damage":27.0,"enemies":"Lagavulin","floor":6.0,"turns":5.0},{"damage":0.0,"enemies":"2 Fungi Beasts","floor":11.0,"turns":3.0},{"damage":6.0,"enemies":"Gremlin Nob","floor":12.0,"turns":3.0},{"damage":1.0,"enemies":"Blue Slaver","floor":13.0,"turns":3.0},{"damage":0.0,"enemies":"Exordium Wildlife","floor":14.0,"turns":3.0},{"damage":12,"enemies":"The Guardian","floor":16,"turns":4}],"seed_played":"-4897719809678996745","potions_obtained":[{"floor":4.0,"key":"Weak Potion"},{"floor":11.0,"key":"LiquidBronze"},{"floor":13.0,"key":"ColorlessPotion"}],"is_trial":false,"path_per_floor":["M","M","?","M","M","E","?","T","T","?","M","E","M","M","R","B"],"character_chosen":"WATCHER","items_purchased":[],"campfire_rested":0,"item_purchase_floors":[],"current_hp_per_floor":[65,65,65,65,65,38,62,62,62,62,62,56,55,55,55,0,0],"gold":269,"neow_bonus":"THREE_ENEMY_KILL","is_daily":false,"chose_seed":false,"campfire_upgraded":0,"win_rate":0.0,"timestamp":1611812355,"path_taken":["M","M","?","M","M","E","?","?","T","?","M","E","M","?","R","BOSS"],"items_purchased_type":[],"build_version":"2020-12-22","purchased_purges":0,"victory":false,"max_hp_per_floor":[72,72,72,72,72,72,72,72,72,72,72,72,72,72,72,72,72],"card_choices":[{"not_picked":["Nirvana","Meditate"],"picked":"Bomb","floor":1.0},{"not_picked":["FlurryOfBlows","Collect"],"picked":"Consecrate","floor":2.0},{"not_picked":["Indignation","ThirdEye"],"picked":"FollowUp","floor":4.0},{"not_picked":["Evaluate","JustLucky","FearNoEvil"],"picked":"SKIP","floor":5.0},{"not_picked":["Replay:AtTheReady+1","MasterReality"],"picked":"Bomb","floor":6.0},{"not_picked":["ClearTheMind+1","Replay:AtTheReady+1"],"picked":"BowlingBash","floor":11.0},{"not_picked":["BowlingBash","Conclude"],"picked":"PathToVictory+1","floor":12.0},{"not_picked":["EmptyFist","Collect+1"],"picked":"EmptyBody+1","floor":13.0},{"not_picked":["Replay:Cycle+1","EmptyBody+1","Collect+1"],"picked":"SKIP","floor":14.0}],"player_experience":620855,"relics_obtained":[{"floor":1.0,"key":"Regal Pillow"},{"floor":2.0,"key":"Shuriken"},{"floor":4.0,"key":"PunchingBag"},{"floor":5.0,"key":"TuHaoJin"},{"floor":6.0,"key":"Toxic Egg 2"},{"floor":6.0,"key":"Boot"},{"floor":8.0,"key":"DeadEye"},{"floor":9.0,"key":"Gremlin Horn"},{"floor":11.0,"key":"Du-Vu Doll"},{"floor":12.0,"key":"ReplayTheSpireMod:Lightbulb"},{"floor":12.0,"key":"Damaru"},{"floor":13.0,"key":"Bag of Preparation"},{"floor":14.0,"key":"Chameleon Ring"}],"event_choices":[{"damage_healed":0.0,"max_hp_gain":0.0,"max_hp_loss":0.0,"gold_gain":0.0,"event_name":"Liars Game","player_choice":"Ignored","floor":3.0,"gold_loss":0.0,"damage_taken":0.0},{"damage_healed":24.0,"max_hp_gain":0.0,"max_hp_loss":0.0,"gold_gain":0.0,"event_name":"Big Fish","player_choice":"Banana","floor":7.0,"gold_loss":0.0,"damage_taken":0.0}],"is_beta":false,"boss_relics":[],"items_purged_floors":[],"is_endless":false,"potions_floor_spawned":[4,11,13],"killed_by":"The Guardian","ascension_level":6}}