{"host":"nu52txkaz0lj0p7m","time":1611858939,"event":{"mods":["2.2 Compatiblity","AchievementEnabler","Arknights The Spire","BaseMod","Beaked The Cultist","BetterRewards","CCEM2","Challenge The Spire","Colored Map","Colored Powertips","Conjunction","Custom Start","Duelist Mod","GifTheSpireLib","GungeonMod","Infinite Spire","Lobotomy","LobotomyExtend","Minty Spire (QoL Compilation)","Permanent Neow","Relic Filter","SIMod","Shade Mod","Small Relic Pack","StSLib","SuperFastMode","The Dragonkin","The Fake Hero","The Marked"],"gold_per_floor":[568,48,230,348,475,475,375,191,316,438,557,557,320,40,171,297,427,649],"floor_reached":19,"language":"ENG","playtime":1282,"items_purged":["luka_mod:Surrender","luka_mod:Wait","luka_mod:FlailWildly"],"score":3760,"play_id":"1f3d96a9-748a-4456-84ee-e2a4117b5cf3","local_time":"20210129023539","daily_mods":["challengethespire:Silver Difficulty","challengethespire:Boss Rush","Uncertain Future"],"is_ascension_mode":true,"campfire_choices":[],"circlet_count":0,"master_deck":["AscendersBane","luka_mod:StrikeLukaOne","luka_mod:StrikeLukaTwo","luka_mod:StrikeLukaThree","luka_mod:StrikeLukaFour","luka_mod:StrikeLukaFive","luka_mod:StrikeLukaSix","luka_mod:Salt","luka_mod:Guard","luka_mod:Edging+1","luka_mod:Meditation","luka_mod:Determination+1","luka_mod:Sylph+1","luka_mod:Sylph+1","luka_mod:WindSlash+1","luka_mod:GuardedStrike+1","luka_mod:Edging+1","luka_mod:SmallBody+1","luka_mod:Erubetie+1","luka_mod:SuperAttack+1","luka_mod:BladeOfStillWater+1","DemoMod:Invincible+1","luka_mod:AlmaElma+1","luka_mod:SmallBody+1","luka_mod:SpoilerDance+1"],"relics":["luka_mod:KeepsakeRing","The Courier","Molten Egg 2","Toxic Egg 2","Frozen Egg 2","PreservedInsect","Happy Flower","Turnip","infinitespire:Midas Blood","CCEMRelics:PocketTank","DemoMod:Orange","Orichalcum","Black Star","Sling","infinitespire:Lucky Rock","CCEMRelics:SoftDrink","CCEMRelics:Barrel","CCEMRelics:DarkMatter","DemoMod:MeatBun","infinitespire:PuzzleCube","Nunchaku","Bronze Scales","infinitespire:Golems Mask","DemoMod:Antibody","DemoMod:GlassGuonStoneRelic","Pocketwatch"],"acts_visited":["Exordium"],"potions_floor_usage":[10,15,18,18],"damage_taken":[{"damage":160,"enemies":"The Guardian","floor":3,"turns":13},{"damage":26,"enemies":"Slime Boss","floor":4,"turns":7},{"damage":39,"enemies":"Hexaghost","floor":5,"turns":8},{"damage":93,"enemies":"Collector","floor":9,"turns":12},{"damage":28,"enemies":"Automaton","floor":10,"turns":9},{"damage":15,"enemies":"Champ","floor":11,"turns":8},{"damage":55,"enemies":"Donu and Deca","floor":15,"turns":10},{"damage":66,"enemies":"Awakened One","floor":16,"turns":10},{"damage":76,"enemies":"Time Eater","floor":17,"turns":9},{"damage":144,"enemies":"The Heart","floor":18,"turns":9}],"seed_played":"5539546079924810755","potions_obtained":[{"floor":9,"key":"PowerPotion"},{"floor":11,"key":"BlessingOfTheForge"},{"floor":16,"key":"LiquidMemories"},{"floor":17,"key":"Energy Potion"},{"floor":18,"key":"PowerPotion"}],"is_trial":true,"path_per_floor":["$","$","M","M","M","T","$","$","M","M","M","T","$","$","M","M","M","M",null],"character_chosen":"LUKA_CLASS","items_purchased":["PreservedInsect","Happy Flower","luka_mod:Determination+1","luka_mod:Sylph+1","luka_mod:Sylph+1","Turnip","infinitespire:Midas Blood","luka_mod:SmallBody+1","Sling","DemoMod:MeatBun","infinitespire:PuzzleCube","DemoMod:Invincible+1","Nunchaku"],"campfire_rested":0,"item_purchase_floors":[1,1,1,1,1,2,2,8,8,13,13,14,14],"current_hp_per_floor":[36,36,25,44,40,40,40,40,56,60,64,64,64,64,56,72,75,56],"gold":649,"neow_bonus":"","is_daily":false,"chose_seed":false,"campfire_upgraded":0,"win_rate":0.0,"timestamp":1611858939,"path_taken":["$","$","M","M","M","T","$","$","M","M","M","T","$","$","M","M","M","M"],"items_purchased_type":["Relic","Relic","Card","Card","Card","Relic","Relic","Card","Relic","Relic","Relic","Card","Relic"],"build_version":"2020-12-22","purchased_purges":3,"victory":true,"max_hp_per_floor":[40,40,40,52,52,52,52,52,56,60,64,64,64,64,68,72,76,78],"card_choices":[],"player_experience":341563,"relics_obtained":[{"floor":3,"key":"CCEMRelics:PocketTank"},{"floor":4,"key":"DemoMod:Orange"},{"floor":5,"key":"Orichalcum"},{"floor":9,"key":"infinitespire:Lucky Rock"},{"floor":10,"key":"CCEMRelics:SoftDrink"},{"floor":11,"key":"CCEMRelics:Barrel"},{"floor":15,"key":"Bronze Scales"},{"floor":16,"key":"infinitespire:Golems Mask"},{"floor":17,"key":"DemoMod:Antibody"},{"floor":18,"key":"Pocketwatch"}],"event_choices":[],"is_beta":false,"boss_relics":[{"not_picked":["Velvet Choker","CCEMRelics:ExpiredCReal"],"picked":"Black Star"},{"not_picked":["Busted Crown","Empty Cage"],"picked":"CCEMRelics:DarkMatter"}],"items_purged_floors":[1,2,7],"is_endless":false,"potions_floor_spawned":[9,11,16,17,18],"ascension_level":10}}