{"host":"Jinnai","time":1611803087,"event":{"mods":["BaseMod","Bestiary","Block Reminder","Colored Map","Colored Powertips","Highlight Path","Minty Spire (QoL Compilation)","Quick Restart","Relic Stats","StSLib"],"gold_per_floor":[116,136,136,147,147,179,179,179,179,205,205,215,232,250,250,323,373,384,384,334,347,347,347,357,19,19,45,45,72,84,94,94,172,172,187,187,1186,1186,214,247,247,282,282,296,311,324,344,362,362,362],"floor_reached":51,"language":"ENG","playtime":6534,"items_purged":["Strike_G","Normality"],"score":1458,"play_id":"4ec50932-87af-4ead-9e25-370489929f16","local_time":"20210127220447","is_ascension_mode":true,"campfire_choices":[{"floor":7.0,"key":"REST"},{"floor":11.0,"key":"REST"},{"floor":15.0,"key":"REST"},{"floor":23,"key":"REST"},{"floor":28,"key":"REST"},{"floor":32,"key":"REST"},{"floor":41,"key":"REST"},{"floor":49,"key":"REST"}],"circlet_count":0,"master_deck":["AscendersBane","Strike_G","Strike_G","Strike_G","Defend_G","Defend_G+1","Defend_G","Defend_G+1","Survivor","Neutralize+1","Eviscerate","Crippling Poison","Concentrate","Heel Hook","Cloak And Dagger","Deflect+1","Calculated Gamble+1","Acrobatics+1","Dagger Throw","Adrenaline+1","Expertise+1","Acrobatics+1","RitualDagger","Cloak And Dagger+1","Tactician+1","Burst+1","Underhanded Strike","A Thousand Cuts","CurseOfTheBell","PiercingWail+1","Crippling Poison+1","Wraith Form v2","Secret Weapon+1","Eviscerate","Backflip+1","Grand Finale","Escape Plan+1","Setup+1","Footwork+1","Backflip+1"],"relics":["Fusion Hammer","Du-Vu Doll","Toxic Egg 2","Akabeko","Tiny House","Paper Crane","Ornamental Fan","Singing Bowl","Pantograph","Calling Bell","Strawberry","InkBottle","Turnip","PreservedInsect","Vajra","Gremlin Horn","Meat on the Bone","Dream Catcher"],"acts_visited":["Exordium","TheCity","TheBeyond"],"potions_floor_usage":[29,33,40,42,50,50],"damage_taken":[{"damage":1.0,"enemies":"Small Slimes","floor":1.0,"turns":5.0},{"damage":1.0,"enemies":"2 Louse","floor":2.0,"turns":3.0},{"damage":0.0,"enemies":"Cultist","floor":4.0,"turns":3.0},{"damage":44.0,"enemies":"Gremlin Nob","floor":6.0,"turns":5.0},{"damage":17.0,"enemies":"Lagavulin","floor":10.0,"turns":7.0},{"damage":9.0,"enemies":"Blue Slaver","floor":12.0,"turns":4.0},{"damage":0.0,"enemies":"Exordium Wildlife","floor":13.0,"turns":2.0},{"damage":6.0,"enemies":"Gremlin Gang","floor":14.0,"turns":4.0},{"damage":48.0,"enemies":"Hexaghost","floor":16.0,"turns":10.0},{"damage":7,"enemies":"Chosen","floor":18,"turns":4},{"damage":0,"enemies":"Spheric Guardian","floor":21,"turns":3},{"damage":3,"enemies":"Centurion and Healer","floor":24,"turns":4},{"damage":31,"enemies":"Gremlin Leader","floor":27,"turns":8},{"damage":4,"enemies":"Book of Stabbing","floor":29,"turns":7},{"damage":0,"enemies":"Snecko","floor":30,"turns":5},{"damage":10,"enemies":"Sentry and Sphere","floor":31,"turns":5},{"damage":87,"enemies":"Collector","floor":33,"turns":12},{"damage":0,"enemies":"Orb Walker","floor":35,"turns":4},{"damage":37,"enemies":"Giant Head","floor":40,"turns":9},{"damage":15,"enemies":"Nemesis","floor":42,"turns":6},{"damage":0,"enemies":"3 Shapes","floor":44,"turns":2},{"damage":17,"enemies":"Spire Growth","floor":45,"turns":4},{"damage":4,"enemies":"Jaw Worm Horde","floor":46,"turns":4},{"damage":0,"enemies":"Maw","floor":47,"turns":7},{"damage":2,"enemies":"Sphere and 2 Shapes","floor":48,"turns":3},{"damage":14,"enemies":"Donu and Deca","floor":50,"turns":9}],"seed_played":"-5091908992715998761","potions_obtained":[{"floor":1.0,"key":"AttackPotion"},{"floor":4.0,"key":"FairyPotion"},{"floor":8.0,"key":"PowerPotion"},{"floor":16.0,"key":"Ancient Potion"},{"floor":17,"key":"Strength Potion"},{"floor":29,"key":"Dexterity Potion"},{"floor":35,"key":"Block Potion"},{"floor":45,"key":"Swift Potion"},{"floor":46,"key":"Fire Potion"}],"is_trial":false,"path_per_floor":["M","M","?","M","?","E","R","?","T","E","R","M","M","M","R","B",null,"M","?","?","M","?","R","M","$","T","E","R","E","M","M","R","B",null,"M","?","?","?","$","E","R","E","T","M","M","M","M","M","R","B",null],"character_chosen":"THE_SILENT","items_purchased":["Paper Crane","PreservedInsect","Vajra","Crippling Poison+1","Wraith Form v2","AttackPotion","Secret Weapon+1","Eviscerate"],"campfire_rested":8,"item_purchase_floors":[25,39,39,39,39,39,39,39],"current_hp_per_floor":[58,57,57,57,62,18,39,39,39,22,43,34,34,28,49,1,59,52,52,52,52,46,68,65,65,65,34,56,52,52,44,67,23,71,71,71,71,71,71,36,62,47,47,47,42,50,50,48,76,75],"gold":362,"neow_bonus":"BOSS_RELIC","is_daily":false,"chose_seed":false,"campfire_upgraded":0,"win_rate":0.0,"timestamp":1611803087,"path_taken":["M","M","?","M","?","E","R","?","T","E","R","M","?","M","R","BOSS","M","?","?","?","?","R","M","$","T","E","R","E","M","M","R","BOSS","M","?","?","?","$","E","R","E","T","M","M","M","?","?","R","BOSS"],"items_purchased_type":["Relic","Relic","Relic","Card","Card","Potion","Card","Card"],"build_version":"2020-12-18","purchased_purges":2,"victory":true,"max_hp_per_floor":[66,66,66,66,71,71,71,71,71,71,71,71,71,71,71,71,76,76,76,76,76,76,76,76,76,76,76,76,76,76,78,78,78,85,85,85,85,85,85,87,87,87,87,87,87,87,87,87,89,89],"relic_stats":{"Dream Catcher":1,"Singing Bowl":6,"Gremlin Horn":[7,7],"counters":[26,139],"Ornamental Fan":[204],"Pantograph":24,"Turnip":[10],"PreservedInsect":180,"obtain_stats":[{"Tiny House":17,"Singing Bowl":27,"Gremlin Horn":40,"Vajra":39,"PreservedInsect":39,"Paper Crane":25,"Akabeko":10,"Du-Vu Doll":6,"Calling Bell":34,"Dream Catcher":43,"Ornamental Fan":26,"Pantograph":29,"Strawberry":34,"Fusion Hammer":0,"Turnip":34,"Toxic Egg 2":9,"InkBottle":34,"Ring of the Snake":0,"Meat on the Bone":42},{"Tiny House":9,"Singing Bowl":13,"Gremlin Horn":19,"Vajra":18,"PreservedInsect":18,"Paper Crane":12,"Akabeko":5,"Du-Vu Doll":4,"Calling Bell":17,"Dream Catcher":20,"Ornamental Fan":12,"Pantograph":14,"Strawberry":17,"Fusion Hammer":0,"Turnip":17,"Toxic Egg 2":4,"InkBottle":17,"Ring of the Snake":0,"Meat on the Bone":20},{"Tiny House":43,"Singing Bowl":62,"Gremlin Horn":104,"Vajra":95,"PreservedInsect":95,"Paper Crane":54,"Akabeko":23,"Du-Vu Doll":16,"Calling Bell":91,"Dream Catcher":110,"Ornamental Fan":54,"Pantograph":69,"Strawberry":91,"Fusion Hammer":0,"Turnip":91,"Toxic Egg 2":16,"InkBottle":91,"Ring of the Snake":0,"Meat on the Bone":110}],"InkBottle":[28],"Meat on the Bone":24},"card_choices":[{"not_picked":["Blur","Accuracy"],"picked":"Eviscerate","floor":1.0},{"not_picked":["Deadly Poison","Outmaneuver"],"picked":"Crippling Poison","floor":2.0},{"not_picked":["Dodge and Roll","Outmaneuver"],"picked":"Heel Hook","floor":4.0},{"not_picked":["Dodge and Roll","Deflect"],"picked":"Cloak And Dagger","floor":6.0},{"not_picked":["Sucker Punch","Slice"],"picked":"Deflect+1","floor":10.0},{"not_picked":["Reflex+1","Eviscerate"],"picked":"Calculated Gamble+1","floor":12.0},{"not_picked":["Calculated Gamble+1","Quick Slash"],"picked":"Acrobatics+1","floor":13.0},{"not_picked":["Outmaneuver+1","Slice"],"picked":"Dagger Throw","floor":14.0},{"not_picked":["Unload","Phantasmal Killer+1"],"picked":"Adrenaline+1","floor":16.0},{"not_picked":["Acrobatics+1","Deadly Poison+1"],"picked":"Expertise+1","floor":17},{"not_picked":["Heel Hook","Finisher"],"picked":"Acrobatics+1","floor":18},{"not_picked":["Endless Agony","Deadly Poison+1","Catalyst+1"],"picked":"SKIP","floor":21},{"not_picked":["Quick Slash","Crippling Poison+1"],"picked":"Cloak And Dagger+1","floor":24},{"not_picked":["Outmaneuver+1","Prepared+1"],"picked":"Tactician+1","floor":27},{"not_picked":["Backstab","Dodge and Roll+1"],"picked":"Burst+1","floor":29},{"not_picked":["Poisoned Stab","Glass Knife"],"picked":"Underhanded Strike","floor":30},{"not_picked":["Dodge and Roll+1","Masterful Stab","Dagger Spray"],"picked":"Singing Bowl","floor":31},{"not_picked":["Doppelganger+1","Burst+1"],"picked":"A Thousand Cuts","floor":33},{"not_picked":["Tactician+1","Bane+1"],"picked":"PiercingWail+1","floor":35},{"not_picked":["Flying Knee","Distraction+1","Expertise+1"],"picked":"Singing Bowl","floor":40},{"not_picked":["Well Laid Plans","Deadly Poison+1"],"picked":"Backflip+1","floor":42},{"not_picked":["All Out Attack","Outmaneuver+1"],"picked":"Grand Finale","floor":44},{"not_picked":["Acrobatics+1","Dagger Spray+1"],"picked":"Escape Plan+1","floor":45},{"not_picked":["Slice","Escape Plan+1"],"picked":"Setup+1","floor":46},{"not_picked":["Flechettes","Deadly Poison+1"],"picked":"Footwork+1","floor":47},{"not_picked":["Infinite Blades","Caltrops+1"],"picked":"Backflip+1","floor":48},{"not_picked":["Flying Knee+1","Deadly Poison+1","Endless Agony"],"picked":"Singing Bowl","floor":49}],"player_experience":1569024,"relics_obtained":[{"floor":6.0,"key":"Du-Vu Doll"},{"floor":9.0,"key":"Toxic Egg 2"},{"floor":10.0,"key":"Akabeko"},{"floor":26,"key":"Ornamental Fan"},{"floor":27,"key":"Singing Bowl"},{"floor":29,"key":"Pantograph"},{"floor":34,"key":"Strawberry"},{"floor":34,"key":"InkBottle"},{"floor":34,"key":"Turnip"},{"floor":40,"key":"Gremlin Horn"},{"floor":42,"key":"Meat on the Bone"},{"floor":43,"key":"Dream Catcher"}],"event_choices":[{"damage_healed":0.0,"max_hp_gain":0.0,"max_hp_loss":0.0,"gold_gain":0.0,"cards_transformed":["Defend_G"],"event_name":"Living Wall","player_choice":"Change","floor":3.0,"gold_loss":0.0,"damage_taken":0.0,"cards_obtained":["Concentrate"]},{"damage_healed":0.0,"max_hp_gain":5.0,"max_hp_loss":0.0,"gold_gain":0.0,"event_name":"Big Fish","player_choice":"Donut","floor":5.0,"gold_loss":0.0,"damage_taken":0.0},{"damage_healed":0.0,"max_hp_gain":0.0,"max_hp_loss":0.0,"gold_gain":0.0,"event_name":"Lab","player_choice":"Got Potions","floor":8.0,"gold_loss":0.0,"damage_taken":0.0},{"damage_healed":0,"gold_gain":0,"player_choice":"Ignored","damage_taken":0,"max_hp_gain":0,"max_hp_loss":0,"event_name":"The Mausoleum","floor":19,"gold_loss":0},{"damage_healed":0,"gold_gain":0,"player_choice":"Upgraded Two","damage_taken":0,"max_hp_gain":0,"max_hp_loss":0,"event_name":"Designer","floor":20,"gold_loss":50,"cards_upgraded":["Defend_G","Defend_G"]},{"damage_healed":0,"gold_gain":0,"player_choice":"Joined the Cult","damage_taken":6,"max_hp_gain":0,"max_hp_loss":0,"event_name":"Nest","floor":22,"gold_loss":0,"cards_obtained":["RitualDagger"]},{"cards_removed":["Strike_G"],"damage_healed":0,"gold_gain":0,"player_choice":"Removed Attack","damage_taken":0,"max_hp_gain":0,"max_hp_loss":0,"event_name":"Falling","floor":36,"gold_loss":0},{"damage_healed":0,"gold_gain":999,"player_choice":"Gold","damage_taken":0,"max_hp_gain":0,"max_hp_loss":0,"event_name":"MindBloom","floor":37,"gold_loss":0,"cards_obtained":["Normality","Normality"]},{"cards_removed":["Normality"],"damage_healed":0,"gold_gain":0,"player_choice":"Purged","damage_taken":0,"max_hp_gain":0,"max_hp_loss":0,"event_name":"Purifier","floor":38,"gold_loss":0}],"is_beta":true,"boss_relics":[{"not_picked":["Ectoplasm","Black Star"],"picked":"Tiny House"},{"not_picked":["SlaversCollar","Philosopher\u0027s Stone"],"picked":"Calling Bell"}],"items_purged_floors":[25,39],"is_endless":false,"potions_floor_spawned":[1,4,16,21,29,31,35,45,46],"ascension_level":19}}