{"host":"c2p2isezsqpgoqg6","time":1611794842,"event":{"mods":["BaseMod","BetterRewards","Colored Map","DeckTracker","Minty Spire (QoL Compilation)","Quick Restart","StSLib","SuperFastMode"],"gold_per_floor":[118,118,142,142,167,167,167,9,48,48,95,119,132,166,166,91,91,126,126,246,246,266,72,91,109,132,132,156,27,78,98,122,122,122,137,137,261,261,275,275,275,125,149,149,168,192,192,192,192,215,215,215],"floor_reached":51,"language":"ENG","playtime":1275,"items_purged":["Strike_B"],"score":709,"play_id":"73c790f4-fd46-4b90-894e-81a3824fd254","local_time":"20210128014722","is_ascension_mode":false,"campfire_choices":[{"data":"Zap","floor":7.0,"key":"SMITH"},{"data":"Core Surge","floor":10.0,"key":"SMITH"},{"data":"Consume","floor":17,"key":"SMITH"},{"floor":19,"key":"REST"},{"data":"Defragment","floor":27,"key":"SMITH"},{"data":"Gash","floor":33,"key":"SMITH"},{"data":"Loop","floor":36,"key":"SMITH"},{"data":"Seek","floor":44,"key":"SMITH"},{"floor":49,"key":"REST"}],"circlet_count":0,"master_deck":["Strike_B","Strike_B","Strike_B","Defend_B","Defend_B","Defend_B","Defend_B","Zap+1","Dualcast","Compile Driver","Cold Snap","Core Surge+1","Cold Snap","Seek+1","Gash","Steam","Consume+1","Loop+1","Echo Form","Reinforced Body","Defragment+1","Doom and Gloom","Leap","Leap","Glacier","Ball Lightning+1","Gash+1","Go for the Eyes","Ball Lightning","Capacitor","Cold Snap","Capacitor","Electrodynamics","Gash+1","Amplify","Loop","Gash+1","Barrage","Injury","Panacea"],"relics":["Cracked Core","Golden Idol","Pen Nib","Happy Flower","Bronze Scales","Odd Mushroom","Pocketwatch","Nuclear Battery","Orrery","Smiling Mask","CultistMask","Cursed Key","Runic Capacitor","Ornamental Fan"],"acts_visited":["Exordium","TheCity","TheBeyond"],"potions_floor_usage":[26,28,28,28,45,45,51],"damage_taken":[{"damage":13.0,"enemies":"Jaw Worm","floor":1.0,"turns":4.0},{"damage":1.0,"enemies":"Cultist","floor":3.0,"turns":3.0},{"damage":0.0,"enemies":"Small Slimes","floor":5.0,"turns":2.0},{"damage":21.0,"enemies":"Lagavulin","floor":9.0,"turns":7.0},{"damage":4.0,"enemies":"3 Louse","floor":13.0,"turns":2.0},{"damage":5,"enemies":"The Mushroom Lair","floor":14,"turns":3},{"damage":18,"enemies":"3 Sentries","floor":18,"turns":4},{"damage":0,"enemies":"The Guardian","floor":20,"turns":9},{"damage":0,"enemies":"3 Byrds","floor":22,"turns":4},{"damage":0,"enemies":"Shell Parasite","floor":24,"turns":6},{"damage":10,"enemies":"Snake Plant","floor":25,"turns":3},{"damage":3,"enemies":"Centurion and Healer","floor":26,"turns":6},{"damage":0,"enemies":"Cultist and Chosen","floor":28,"turns":6},{"damage":0,"enemies":"Sentry and Sphere","floor":31,"turns":3},{"damage":9,"enemies":"Centurion and Healer","floor":32,"turns":6},{"damage":13,"enemies":"Shelled Parasite and Fungi","floor":35,"turns":5},{"damage":15,"enemies":"Collector","floor":37,"turns":7},{"damage":10,"enemies":"Orb Walker","floor":39,"turns":3},{"damage":17,"enemies":"3 Darklings","floor":43,"turns":4},{"damage":35,"enemies":"Writhing Mass","floor":45,"turns":5},{"damage":13,"enemies":"Maw","floor":46,"turns":7},{"damage":20,"enemies":"3 Darklings","floor":50,"turns":5},{"damage":10,"enemies":"4 Shapes","floor":51,"turns":1}],"seed_played":"8522906178706836837","potions_obtained":[{"floor":5.0,"key":"SpeedPotion"},{"floor":9.0,"key":"Dexterity Potion"},{"floor":14,"key":"SpeedPotion"},{"floor":22,"key":"Fruit Juice"},{"floor":26,"key":"Ancient Potion"},{"floor":31,"key":"SkillPotion"},{"floor":32,"key":"Fire Potion"},{"floor":37,"key":"FocusPotion"},{"floor":45,"key":"GamblersBrew"}],"is_trial":true,"path_per_floor":["M","?","M","?","M","?","R","$","E","R","T","T","M","?","?","$","R","E","R","B",null,"M","$","M","M","M","R","M","$","T","M","M","R","?","M","R","B",null,"M","?","?","$","M","R","M","M","T","?","R","M","M"],"character_chosen":"DEFECT","items_purchased":["Seek","Defragment","Orrery","Capacitor","Cold Snap","Runic Capacitor"],"campfire_rested":2,"item_purchase_floors":[8,23,23,29,29,42],"current_hp_per_floor":[62,62,61,61,61,66,66,66,45,45,45,45,41,36,36,36,36,18,40,40,74,74,74,74,64,66,66,66,66,66,66,57,57,57,44,44,29,79,69,69,69,69,52,52,17,4,4,4,26,6,0,0],"gold":215,"neow_bonus":"","is_daily":false,"chose_seed":false,"campfire_upgraded":7,"win_rate":0.0,"timestamp":1611794842,"path_taken":["M","?","M","?","?","?","R","$","E","R","T","T","M","?","?","$","R","E","R","BOSS","M","$","M","M","M","R","M","$","T","M","M","R","?","M","R","BOSS","M","?","?","?","M","R","M","M","T","?","R","?","?"],"items_purchased_type":["Card","Card","Relic","Card","Card","Relic"],"build_version":"2020-12-22","purchased_purges":1,"victory":false,"max_hp_per_floor":[75,69,69,69,69,74,74,74,74,74,74,74,74,74,74,74,74,74,74,74,74,74,74,74,74,79,79,79,79,79,79,79,79,79,79,79,79,79,79,75,75,75,75,75,75,75,75,75,75,75,75,75],"card_choices":[{"not_picked":["BootSequence","Beam Cell"],"picked":"Compile Driver","floor":1.0},{"not_picked":["Darkness","Beam Cell"],"picked":"Cold Snap","floor":3.0},{"not_picked":["Undo","Redo"],"picked":"Cold Snap","floor":5.0},{"not_picked":["Beam Cell","Skim"],"picked":"Gash","floor":9.0},{"not_picked":["Beam Cell","Chaos"],"picked":"Steam","floor":13},{"not_picked":["Barrage","Cold Snap"],"picked":"Consume","floor":14},{"not_picked":["Sweeping Beam","Hologram"],"picked":"Loop","floor":18},{"not_picked":["Buffer","Creative AI"],"picked":"Echo Form","floor":20},{"not_picked":["Go for the Eyes","Beam Cell"],"picked":"Reinforced Body","floor":22},{"not_picked":["Redo","Sweeping Beam+1"],"picked":"Doom and Gloom","floor":23},{"not_picked":["White Noise","Turbo"],"picked":"Leap","floor":23},{"not_picked":["Stack","Force Field+1"],"picked":"Leap","floor":23},{"not_picked":["Core Surge","Force Field"],"picked":"Glacier","floor":23},{"not_picked":["Leap","Beam Cell"],"picked":"Ball Lightning+1","floor":24},{"not_picked":["Steam","Conserve Battery"],"picked":"Gash","floor":25},{"not_picked":["Conserve Battery","Sweeping Beam"],"picked":"Go for the Eyes","floor":26},{"not_picked":["Barrage","Blizzard+1"],"picked":"Ball Lightning","floor":28},{"not_picked":["Hologram","FTL+1"],"picked":"Capacitor","floor":31},{"not_picked":["Ball Lightning+1","Cold Snap"],"picked":"Electrodynamics","floor":32},{"not_picked":["Coolheaded","Heatsinks"],"picked":"Gash+1","floor":35},{"not_picked":["Creative AI","Biased Cognition"],"picked":"Amplify","floor":37},{"not_picked":["Chaos","Tempest+1"],"picked":"Loop","floor":39},{"not_picked":["Leap+1","Beam Cell"],"picked":"Gash+1","floor":43},{"not_picked":["Aggregate","Turbo+1","Compile Driver+1"],"picked":"SKIP","floor":45},{"not_picked":["Coolheaded","Steam+1"],"picked":"Barrage","floor":46},{"not_picked":["Panache","Madness"],"picked":"Panacea","floor":48},{"not_picked":["Redo+1","Conserve Battery+1","Skim+1"],"picked":"SKIP","floor":50}],"player_experience":464757,"relics_obtained":[{"floor":9.0,"key":"Pen Nib"},{"floor":11.0,"key":"Happy Flower"},{"floor":12.0,"key":"Bronze Scales"},{"floor":14,"key":"Odd Mushroom"},{"floor":18,"key":"Pocketwatch"},{"floor":30,"key":"Smiling Mask"},{"floor":47,"key":"Ornamental Fan"}],"event_choices":[{"damage_healed":0.0,"max_hp_gain":0.0,"max_hp_loss":6.0,"gold_gain":0.0,"event_name":"Golden Idol","player_choice":"Lose Max HP","floor":2.0,"gold_loss":0.0,"damage_taken":0.0,"relics_obtained":["Golden Idol"]},{"damage_healed":0.0,"max_hp_gain":0.0,"max_hp_loss":0.0,"gold_gain":0.0,"event_name":"Match and Keep!","player_choice":"1 cards matched","floor":4.0,"gold_loss":0.0,"damage_taken":0.0,"cards_obtained":["Core Surge"]},{"damage_healed":0.0,"max_hp_gain":5.0,"max_hp_loss":0.0,"gold_gain":0.0,"event_name":"Big Fish","player_choice":"Donut","floor":6.0,"gold_loss":0.0,"damage_taken":0.0},{"damage_healed":0,"gold_gain":0,"player_choice":"Fought Mushrooms","damage_taken":0,"max_hp_gain":0,"max_hp_loss":0,"event_name":"Mushrooms","floor":14,"gold_loss":0},{"damage_healed":0,"gold_gain":0,"player_choice":"Bought 0 Potions","damage_taken":0,"max_hp_gain":0,"max_hp_loss":0,"event_name":"The Woman in Blue","floor":15,"gold_loss":0},{"damage_healed":0,"gold_gain":0,"player_choice":"Trade","damage_taken":0,"relics_obtained":["CultistMask"],"max_hp_gain":0,"max_hp_loss":0,"event_name":"FaceTrader","floor":34,"gold_loss":0},{"damage_healed":0,"gold_gain":0,"player_choice":"Max HP","damage_taken":0,"max_hp_gain":0,"max_hp_loss":4,"event_name":"Winding Halls","floor":40,"gold_loss":0},{"damage_healed":0,"gold_gain":0,"player_choice":"Ignored","damage_taken":0,"max_hp_gain":0,"max_hp_loss":0,"event_name":"Tomb of Lord Red Mask","floor":41,"gold_loss":0},{"damage_healed":0,"gold_gain":0,"player_choice":"Memory 1","damage_taken":0,"max_hp_gain":0,"max_hp_loss":0,"event_name":"SensoryStone","floor":48,"gold_loss":0}],"is_beta":false,"boss_relics":[{"not_picked":["SacredBark","Calling Bell"],"picked":"Nuclear Battery"},{"not_picked":["Runic Pyramid","Tiny House"],"picked":"Cursed Key"}],"items_purged_floors":[16],"is_endless":true,"potions_floor_spawned":[5,9,14,22,26,31,32,37,43,45],"killed_by":"4 Shapes","ascension_level":0}}