{"host":"n9lc5i44t98l6pio","time":1611813444,"event":{"mods":["BaseMod","Curses Come First","Downfall","Minty Spire (QoL Compilation)","Replay The Spire","Say the Spire","StSLib"],"gold_per_floor":[99,99,99,99,549,549,549,611,627,627,658,458,476,493,506,506,506,506],"floor_reached":16,"language":"ENG","playtime":657,"items_purged":[],"score":98,"play_id":"7b11a9c2-e9c1-4d58-a610-58d3efbf7a9f","local_time":"20210128065724","is_ascension_mode":false,"campfire_choices":[{"data":"hexamod:Sear","floor":1.0,"key":"SMITH"},{"floor":10.0,"key":"REST"},{"floor":12.0,"key":"REST"}],"circlet_count":0,"master_deck":["hexamod:Strike","hexamod:Strike","hexamod:Strike","hexamod:Strike","hexamod:Defend","hexamod:Defend","hexamod:Defend","hexamod:Defend","hexamod:Sear+1","hexamod:Float","hexamod:Incineration","hexamod:RadiantFlame","hexamod:ExtraCrispy","downfall:Icky","downfall:Icky","downfall:Icky","hexamod:EmpoweredFlame","hexamod:FlamesFromBeyond","hexamod:FlamesFromBeyond","hexamod:WildfireWeapon","hexamod:ThirdSeal","hexamod:EmpoweredFlame","hexamod:ShieldOfDarkness"],"relics":["hexamod:SpiritBrand","downfall:HeartsMalice","downfall:BrokenWingStatue","Replay:Mystery Machine","Divine Protection","downfall:HeartBlessingGreen","downfall:HeartBlessingBlue"],"acts_visited":["Exordium"],"potions_floor_usage":[16],"damage_taken":[{"damage":0.0,"enemies":"Small Slimes","floor":2.0,"turns":1.0},{"damage":0.0,"enemies":"Jaw Worm","floor":3.0,"turns":1.0},{"damage":0.0,"enemies":"2 Louse","floor":4.0,"turns":1.0},{"damage":25.0,"enemies":"Gremlin Nob","floor":8.0,"turns":4.0},{"damage":10.0,"enemies":"2 Fungi Beasts","floor":9.0,"turns":5.0},{"damage":46.0,"enemies":"3 Sentries","floor":11.0,"turns":11.0},{"damage":0.0,"enemies":"Blue Slaver","floor":13.0,"turns":3.0},{"damage":0.0,"enemies":"2 Fungi Beasts","floor":14.0,"turns":4.0},{"damage":0.0,"enemies":"Red Slaver","floor":15.0,"turns":3.0},{"damage":45,"enemies":"IC_STATUS_ARCHETYPE","floor":16,"turns":6}],"seed_played":"7295861163726534869","potions_obtained":[{"floor":8.0,"key":"SkillPotion"},{"floor":13.0,"key":"Energy Potion"},{"floor":14.0,"key":"SkillPotion"}],"is_trial":false,"path_per_floor":["R","M","M","M","?","?","T","?","M","R","E","R","M","M","M","B"],"character_chosen":"THE_SPIRIT","items_purchased":[],"campfire_rested":2,"item_purchase_floors":[],"current_hp_per_floor":[70,70,70,70,70,70,70,45,35,56,10,44,44,44,44,0,0,0],"gold":506,"neow_bonus":"THREE_ENEMY_KILL","is_daily":false,"chose_seed":false,"campfire_upgraded":1,"win_rate":0.0,"timestamp":1611813444,"path_taken":["R","M","M","M","?","?","T","?","M","R","E","R","M","M","M","BOSS"],"items_purchased_type":[],"build_version":"2020-12-22","purchased_purges":0,"victory":false,"max_hp_per_floor":[70,70,70,70,70,70,70,70,70,70,70,80,80,80,80,80,80,80],"card_choices":[{"not_picked":["hexamod:Hexaguard","hexamod:NightmareStrike"],"picked":"hexamod:Incineration","floor":2.0},{"not_picked":["hexamod:BurningTouch","hexamod:FastForward"],"picked":"hexamod:RadiantFlame","floor":3.0},{"not_picked":["hexamod:PhantomFireball","hexamod:FlamesFromBeyond"],"picked":"hexamod:ExtraCrispy","floor":4.0},{"not_picked":["hexamod:NightmareStrike","hexamod:FastForward"],"picked":"hexamod:EmpoweredFlame","floor":8.0},{"not_picked":["hexamod:FastForward","hexamod:GhostLash"],"picked":"hexamod:FlamesFromBeyond","floor":9.0},{"not_picked":["hexamod:HeatMetal","hexamod:SpectralAdrenaline"],"picked":"hexamod:FlamesFromBeyond","floor":11.0},{"not_picked":["hexamod:FastForward","hexamod:HauntingEcho"],"picked":"hexamod:WildfireWeapon","floor":13.0},{"not_picked":["hexamod:SwordOfDarkness","hexamod:GhostLash"],"picked":"hexamod:ThirdSeal","floor":14.0},{"not_picked":["hexamod:FlamesFromBeyond","hexamod:NightmareGuise"],"picked":"hexamod:EmpoweredFlame","floor":15.0},{"not_picked":["hexamod:HauntingEcho","hexamod:GhostShield"],"picked":"hexamod:ShieldOfDarkness","floor":15.0}],"player_experience":214277,"relics_obtained":[{"floor":8.0,"key":"Replay:Mystery Machine"},{"floor":11.0,"key":"Divine Protection"}],"event_choices":[],"is_beta":false,"boss_relics":[],"items_purged_floors":[],"is_endless":false,"potions_floor_spawned":[8,13,14],"killed_by":"IC_STATUS_ARCHETYPE","ascension_level":0}}