{"host":"045thl4ktq791vfm","time":1611843098,"event":{"mods":["AchievementEnabler","BaseMod","Better Note","Colored Map","Colored Powertips","Downfall","Googly Eyes","Minty Spire (QoL Compilation)","Quick Restart","Rare Cards Sparkle","StSLib"],"gold_per_floor":[99,99,118,133,145,82,107,125,141,176,76,151,151,216,229,329,329,329,340,340,340,357,386,413,413,413,431,130,162,62,80,94,189,189,189,205,216,216,270,270,270,84,110,128,28,28,28,28,46,46,46,81,2,2,2,2,2],"floor_reached":55,"language":"ENG","playtime":4490,"items_purged":["downfall:Bewildered","downfall:Haunted"],"score":760,"play_id":"2e11cd93-9fe8-49ad-9735-66300a16209b","local_time":"20210128171138","is_ascension_mode":false,"campfire_choices":[{"floor":1,"key":"RECALL"},{"data":"Slimebound:SelfFormingGoo","floor":11,"key":"SMITH"},{"data":"Slimebound:PressTheAttack","floor":13,"key":"SMITH"},{"data":"Slimebound:Repurpose","floor":18,"key":"SMITH"},{"data":"Slimebound:Split","floor":25,"key":"SMITH"},{"data":"Apotheosis","floor":30,"key":"SMITH"},{"data":"Slimebound:CorrosiveSpit","floor":35,"key":"SMITH"},{"data":"Slimebound:Prepare","floor":45,"key":"SMITH"},{"data":"expansioncontent:StudyTheSpire","floor":47,"key":"SMITH"},{"data":"expansioncontent:DashGenerateEvil","floor":54,"key":"SMITH"}],"circlet_count":0,"master_deck":["Slimebound:Tackle","Slimebound:Defend_Slimebound","Slimebound:Defend_Slimebound","Slimebound:Defend_Slimebound","Slimebound:Split+1","Slimebound:CorrosiveSpit+1","Slimebound:SplitLeeching","Slimebound:Prepare+1","Slimebound:SlimeTap","Slimebound:SplitMire","Slimebound:SlimeTap","Slimebound:PressTheAttack+1","Slimebound:SelfFormingGoo+1","Slimebound:Repurpose+1","Slimebound:SplitAcid","Slimebound:OozeBath","Slimebound:SplitLeeching+1","Bite","Bite","Bite","Bite","Bite","Slimebound:SlimeSpikes","Slimebound:LeechEnergy+1","Regret","Slimebound:LeadByExample","Apotheosis+1","Slimebound:SlimeSpikes","Slimebound:SlimeSpikes","Slimebound:SpikyOuterGoop+1","Slimebound:PressTheAttack+1","Slimebound:Repurpose+1","Slimebound:SlimeSpikes+1","expansioncontent:StudyTheSpire+1","expansioncontent:DashGenerateEvil+1","Slimebound:RejuvenatingLick","Slimebound:RallyTheTroops","Slimebound:Repurpose","Shame","Slimebound:FormOfPuddle+1","Slimebound:PressTheAttack"],"relics":["Slimebound:AbsorbEndCombat","downfall:ShatteredFragment","Lantern","Pen Nib","downfall:HeartBlessingRed","Turnip","Cursed Key","Bronze Scales","Bag of Marbles","sneckomod:BabySnecko","Boot","downfall:HeartBlessingGreen","Coffee Dripper","CaptainsWheel","Happy Flower","downfall:HeartBlessingBlue","Toxic Egg 2","Orichalcum"],"acts_visited":["Exordium","TheCity","TheBeyond","TheEnding"],"potions_floor_usage":[16,16,50],"damage_taken":[{"damage":4,"enemies":"Small Slimes","floor":3,"turns":3},{"damage":1,"enemies":"2 Louse","floor":4,"turns":3},{"damage":1,"enemies":"Jaw Worm","floor":5,"turns":3},{"damage":3,"enemies":"downfall:FleeingMerchant","floor":6,"turns":4},{"damage":1,"enemies":"Blue Slaver","floor":8,"turns":3},{"damage":0,"enemies":"Large Slime","floor":9,"turns":3},{"damage":26,"enemies":"Gremlin Nob","floor":10,"turns":4},{"damage":17,"enemies":"Lagavulin Event","floor":14,"turns":4},{"damage":4,"enemies":"2 Fungi Beasts","floor":15,"turns":2},{"damage":40,"enemies":"DF_ARCHETYPE_STREAMLINE","floor":16,"turns":8},{"damage":0,"enemies":"Spheric Guardian","floor":19,"turns":3},{"damage":0,"enemies":"3 Byrds","floor":22,"turns":3},{"damage":9,"enemies":"Book of Stabbing","floor":23,"turns":4},{"damage":13,"enemies":"Snake Plant","floor":27,"turns":2},{"damage":7,"enemies":"downfall:FleeingMerchant","floor":28,"turns":4},{"damage":15,"enemies":"Slavers","floor":29,"turns":3},{"damage":1,"enemies":"3 Cultists","floor":31,"turns":3},{"damage":5,"enemies":"Chosen and Byrds","floor":32,"turns":3},{"damage":13,"enemies":"SI_MIRROR_ARCHETYPE","floor":33,"turns":7},{"damage":7,"enemies":"3 Shapes","floor":36,"turns":3},{"damage":10,"enemies":"3 Darklings","floor":37,"turns":6},{"damage":21,"enemies":"2 Orb Walkers","floor":39,"turns":3},{"damage":10,"enemies":"downfall:FleeingMerchant","floor":42,"turns":4},{"damage":12,"enemies":"Nemesis","floor":43,"turns":3},{"damage":0,"enemies":"Transient","floor":44,"turns":5},{"damage":6,"enemies":"Maw","floor":49,"turns":5},{"damage":49,"enemies":"IC_BLOCK_ARCHETYPE","floor":50,"turns":9},{"damage":25,"enemies":"downfall:CharBossMerchant","floor":52,"turns":6},{"damage":91,"enemies":"downfall:NeowBoss","floor":55,"turns":15}],"seed_played":"-6138311514961845656","potions_obtained":[{"floor":9,"key":"champ:CounterPotion"},{"floor":10,"key":"Block Potion"},{"floor":14,"key":"SpeedPotion"},{"floor":16,"key":"SneckoOil"},{"floor":22,"key":"Fire Potion"},{"floor":27,"key":"Slimebound:ThreeZeroPotion"},{"floor":32,"key":"DuplicationPotion"},{"floor":49,"key":"LiquidBronze"}],"is_trial":false,"path_per_floor":["R","?","M","M","M","$","T","M","M","E","R","?","R","?","M","B",null,"R","M","?","?","M","E","T","R","?","M","$","E","R","M","M","B",null,"R","M","M","?","?","?","T","?","E","M","R","?","R","T","M","B",null,"E","$","R","B"],"character_chosen":"SLIMEBOUND","items_purchased":["Slimebound:SplitMire","Apotheosis","Slimebound:SlimeSpikes","Slimebound:RejuvenatingLick","Slimebound:PressTheAttack","hexamod:SoulburnPotion"],"campfire_rested":0,"item_purchase_floors":[6,28,28,42,53,53],"current_hp_per_floor":[71,53,51,52,55,60,60,61,69,45,45,45,45,36,34,2,71,71,71,71,49,49,47,47,47,47,40,45,32,32,39,49,49,49,49,49,48,48,34,24,24,24,20,40,50,50,50,50,54,30,59,47,47,47,0,0,0],"gold":2,"neow_bonus":"TEN_PERCENT_HP_BONUS","is_daily":false,"chose_seed":false,"campfire_upgraded":9,"win_rate":0.0,"timestamp":1611843098,"path_taken":["R","?","M","M","M","$","T","M","M","E","R","?","R","?","M","BOSS","R","M","?","?","M","E","T","R","?","M","$","E","R","M","M","BOSS","R","M","M","?","?","?","T","?","E","M","R","?","R","?","M","BOSS","E","$","R","BOSS"],"items_purchased_type":["Card","Card","Card","Card","Card","Potion"],"build_version":"2020-12-22","purchased_purges":2,"victory":false,"max_hp_per_floor":[71,71,71,71,71,71,71,71,71,71,71,71,71,71,71,71,71,71,71,71,49,49,49,49,49,49,49,49,49,49,49,49,49,49,49,49,49,49,49,49,49,49,49,49,59,59,59,59,59,59,59,59,59,59,59,59,59],"card_choices":[{"not_picked":["Slimebound:LivingWall","Slimebound:ProtectTheBoss"],"picked":"Slimebound:SplitLeeching","floor":3},{"not_picked":["Slimebound:Gluttony","Slimebound:ProtectTheBoss","Slimebound:DisruptingSlam"],"picked":"SKIP","floor":4},{"not_picked":["Slimebound:SamplingLick","Slimebound:SplitMire"],"picked":"Slimebound:Prepare","floor":5},{"not_picked":["Slimebound:GoopTackle","Slimebound:SplitBruiser"],"picked":"Slimebound:SlimeTap","floor":6},{"not_picked":["Slimebound:LeechEnergy","Slimebound:GoopTackle"],"picked":"Slimebound:SlimeTap","floor":8},{"not_picked":["Slimebound:SplitLeeching","Slimebound:Schlurp"],"picked":"Slimebound:PressTheAttack","floor":9},{"not_picked":["Slimebound:MegaLick","Slimebound:LeechingTouch"],"picked":"Slimebound:SelfFormingGoo","floor":10},{"not_picked":["Slimebound:Prepare","Slimebound:PressTheAttack"],"picked":"Slimebound:Repurpose","floor":14},{"not_picked":["Slimebound:ItLooksTasty","Slimebound:FinishingTackle"],"picked":"Slimebound:SplitAcid","floor":15},{"not_picked":["Slimebound:FirmFortitude","Slimebound:MassFeed"],"picked":"Slimebound:OozeBath","floor":16},{"not_picked":["Slimebound:SamplingLick","Slimebound:Schlurp"],"picked":"Slimebound:SplitLeeching+1","floor":19},{"not_picked":["Slimebound:BestDefense+1","Slimebound:SplitAcid"],"picked":"Slimebound:SlimeSpikes","floor":22},{"not_picked":["Slimebound:SlimeSpikes","Slimebound:SplitLeeching"],"picked":"Slimebound:LeechEnergy+1","floor":23},{"not_picked":["Slimebound:GrowthPunch","Slimebound:SlimeBrawl"],"picked":"Slimebound:LeadByExample","floor":27},{"not_picked":["Slimebound:AcidTongue","Slimebound:LevelUp","Slimebound:FinishingTackle"],"picked":"SKIP","floor":28},{"not_picked":["Slimebound:FlameTackle","Slimebound:LeechingTouch","Slimebound:SplitAcid"],"picked":"SKIP","floor":29},{"not_picked":["Slimebound:GoopTackle","Slimebound:GoopSpray+1"],"picked":"Slimebound:SlimeSpikes","floor":31},{"not_picked":["Slimebound:SplitLeeching","Slimebound:SplitMire+1"],"picked":"Slimebound:SpikyOuterGoop+1","floor":32},{"not_picked":["Slimebound:ViciousTackle","Slimebound:Schlurp+1"],"picked":"Slimebound:PressTheAttack+1","floor":36},{"not_picked":["Slimebound:SplitAcid+1","Slimebound:Schlurp+1"],"picked":"Slimebound:Repurpose+1","floor":37},{"not_picked":["Slimebound:ComboTackle","Slimebound:SplitAcid+1"],"picked":"Slimebound:SlimeSpikes+1","floor":39},{"not_picked":["expansioncontent:YouAreMine","expansioncontent:AwakenDeath"],"picked":"expansioncontent:StudyTheSpire","floor":40},{"not_picked":["expansioncontent:Chronoboost","expansioncontent:HyperBeam"],"picked":"expansioncontent:DashGenerateEvil","floor":40},{"not_picked":["Slimebound:DouseInSlime","Slimebound:SplitBruiser","Slimebound:RollThrough"],"picked":"SKIP","floor":42},{"not_picked":["Slimebound:SplitMire","Slimebound:SlimeSpikes"],"picked":"Slimebound:RallyTheTroops","floor":43},{"not_picked":["Slimebound:SplitAcid+1","Slimebound:LivingWall"],"picked":"Slimebound:Repurpose","floor":44},{"not_picked":["Slimebound:SplitBruiser+1","Slimebound:GoopSpray+1","Slimebound:GoopTackle+1"],"picked":"SKIP","floor":49},{"not_picked":["Slimebound:FinishingTackle+1","Slimebound:SplitLeeching+1"],"picked":"Slimebound:FormOfPuddle+1","floor":52}],"player_experience":150766,"relics_obtained":[{"floor":7,"key":"Lantern"},{"floor":10,"key":"Pen Nib"},{"floor":14,"key":"Turnip"},{"floor":23,"key":"Bronze Scales"},{"floor":24,"key":"Bag of Marbles"},{"floor":29,"key":"Boot"},{"floor":39,"key":"CaptainsWheel"},{"floor":43,"key":"Happy Flower"},{"floor":48,"key":"Toxic Egg 2"},{"floor":52,"key":"Orichalcum"}],"event_choices":[{"cards_removed":["Slimebound:SplitLeeching"],"damage_healed":0,"gold_gain":0,"player_choice":"Give","damage_taken":0,"max_hp_gain":0,"max_hp_loss":0,"event_name":"betterNote:BetterNote","floor":20,"gold_loss":0,"cards_obtained":["Strike_B"]},{"damage_healed":0,"gold_gain":0,"player_choice":"Became a vampire","damage_taken":0,"max_hp_gain":0,"max_hp_loss":22,"event_name":"Vampires","floor":21,"gold_loss":0,"cards_obtained":["Bite","Bite","Bite","Bite","Bite"]},{"cards_removed":["Slimebound:Defend_Slimebound"],"damage_healed":0,"gold_gain":0,"player_choice":"Removed Skill","damage_taken":0,"max_hp_gain":0,"max_hp_loss":0,"event_name":"Falling","floor":38,"gold_loss":0},{"damage_healed":0,"gold_gain":0,"player_choice":"Fight","damage_taken":0,"max_hp_gain":0,"max_hp_loss":0,"event_name":"Mysterious Sphere","floor":39,"gold_loss":0}],"is_beta":false,"boss_relics":[{"not_picked":["Astrolabe","Busted Crown"],"picked":"Cursed Key"},{"not_picked":["Calling Bell","Runic Dome"],"picked":"Coffee Dripper"}],"items_purged_floors":[28,42],"is_endless":false,"potions_floor_spawned":[9,10,14,16,22,23,27,32,36,37,43,49],"killed_by":"downfall:NeowBoss","ascension_level":0}}