{"host":"clf2hd4adhiiw0zf","time":1611807483,"event":{"mods":["AchievementEnabler","BaseMod","Beaked The Cultist","Bestiary","Dark Map","Downfall","Gremlin Mod","Hermit","Jorbs\u0027s Wanderer Trilogy","Marisa????????","Minty Spire (QoL Compilation)","Shop Mod","StSLib","The Cursed","The Servant 0.9.4","Wide Potions"],"gold_per_floor":[99,116,116,101,101,128,152,163,63,82,113,46,64,82,99,99,99,99],"floor_reached":16,"language":"ENG","playtime":491,"items_purged":[],"score":158,"play_id":"2448973e-1374-4141-aa84-238c7c51d38b","local_time":"20210127211803","is_ascension_mode":true,"campfire_choices":[{"floor":1,"key":"RECALL"},{"data":"champ:VampiricStrike","floor":9,"key":"SMITH"}],"circlet_count":0,"master_deck":["champ:Strike","champ:Strike","champ:Strike","champ:Strike","champ:Defend","champ:Defend","champ:Defend","champ:Defend","champ:Execute","champ:Taunt","stsjorbsmod:Procrastination","champ:VampiricStrike+1","champ:RecklessLeap","champ:TornadoPunch","champ:VampiricStrike","champ:StanceDance","champ:AdrenalArmor","champ:HeavySlash","champ:CalledShot","champ:RisingSlash","champ:ShieldSigil","champ:Haymaker","champ:DefensiveStyle","champ:BladeFlurry"],"relics":["champ:ChampionCrown","Lantern","Bag of Marbles","downfall:HeartBlessingRed","Boot"],"acts_visited":["Exordium"],"potions_floor_usage":[11,15,16,16],"damage_taken":[{"damage":10,"enemies":"2 Louse","floor":2,"turns":2},{"damage":20,"enemies":"downfall:FleeingMerchant","floor":4,"turns":4},{"damage":25,"enemies":"Gremlin Nob","floor":6,"turns":4},{"damage":10,"enemies":"Cultist","floor":8,"turns":3},{"damage":0,"enemies":"Small Slimes","floor":10,"turns":2},{"damage":35,"enemies":"Lagavulin","floor":11,"turns":2},{"damage":25,"enemies":"downfall:FleeingMerchant","floor":12,"turns":4},{"damage":29,"enemies":"Exordium Thugs","floor":13,"turns":3},{"damage":20,"enemies":"Red Slaver","floor":14,"turns":1},{"damage":25,"enemies":"Large Slime","floor":15,"turns":2},{"damage":62,"enemies":"SI_SHIV_ARCHETYPE","floor":16,"turns":7}],"seed_played":"-4154352195646530912","potions_obtained":[{"floor":6,"key":"DistilledChaos"},{"floor":10,"key":"Slimebound:ThreeZeroPotion"},{"floor":13,"key":"Explosive Potion"},{"floor":14,"key":"SkillPotion"}],"is_trial":false,"path_per_floor":["R","M","?","$","?","E","T","M","R","M","E","$","M","M","M","B"],"character_chosen":"THE_CHAMP","items_purchased":["champ:ShieldSigil"],"campfire_rested":0,"item_purchase_floors":[12],"current_hp_per_floor":[90,90,90,90,90,75,75,75,75,75,75,70,61,61,61,0,0,0],"gold":99,"neow_bonus":"THREE_RARE_CARDS","is_daily":false,"chose_seed":false,"campfire_upgraded":1,"win_rate":0.0,"timestamp":1611807483,"path_taken":["R","M","?","?","?","E","T","M","R","M","E","$","M","M","M","BOSS"],"items_purchased_type":["Card"],"build_version":"2020-12-22","purchased_purges":0,"victory":false,"max_hp_per_floor":[90,90,90,90,90,90,90,90,90,90,90,90,90,90,90,90,90,90],"card_choices":[{"not_picked":["champ:EnchantCrown","champ:DancingMaster"],"picked":"champ:VampiricStrike","floor":0},{"not_picked":["champ:FlashCut","champ:FocusedBerserking"],"picked":"champ:RecklessLeap","floor":2},{"not_picked":["champ:Endure","champ:PreciseThrust"],"picked":"champ:TornadoPunch","floor":4},{"not_picked":["champ:PreemptiveStrike","champ:DefensiveShout"],"picked":"champ:StanceDance","floor":6},{"not_picked":["champ:Backstep","champ:FalseCounter"],"picked":"champ:AdrenalArmor","floor":8},{"not_picked":["champ:BerserkersShout","champ:Lariat"],"picked":"champ:HeavySlash","floor":10},{"not_picked":["champ:Circumvent","champ:DefensiveShout"],"picked":"champ:CalledShot","floor":11},{"not_picked":["champ:StanceDance","champ:PreemptiveStrike"],"picked":"champ:RisingSlash","floor":12},{"not_picked":["champ:PerfectedStrike","champ:CrookedStrike"],"picked":"champ:Haymaker","floor":13},{"not_picked":["champ:BerserkerStyle","champ:Circumvent"],"picked":"champ:DefensiveStyle","floor":14},{"not_picked":["champ:AdrenalArmor","champ:ViciousMockery"],"picked":"champ:BladeFlurry","floor":15}],"player_experience":136158,"relics_obtained":[{"floor":6,"key":"Lantern"},{"floor":7,"key":"Bag of Marbles"},{"floor":11,"key":"Boot"}],"event_choices":[],"is_beta":false,"boss_relics":[],"items_purged_floors":[],"is_endless":false,"potions_floor_spawned":[6,10,13,14],"killed_by":"SI_SHIV_ARCHETYPE","ascension_level":3}}