{"host":"b4vwm7jq6jdk6nca","time":1611818436,"event":{"mods":["Act Like it!","Ascension Reborn","BaseMod","Hallownest","Minty Spire (QoL Compilation)","Pale of the Ancients","Quick Restart","Relic Filter Mod","Reliquary","Spicy Shops","StSLib","TestMod","Wide Potions","[IsaacMod]以撒尖塔"],"gold_per_floor":[121,144,35,49,66,101,101,124,154,188,5,27,61,83,83,197,197,220,240,252,310,310,345,345,345,410,266,288,261,273,295,295,424,435,449,537,537,553,444,486,486,511,511,511,579,20,36,67,67,67,81,99,99,3,3,19,19,104,104,104],"floor_reached":61,"language":"ZHS","playtime":2343,"items_purged":["Strike_B+1","Defend_B+1","Regret","Strike_B+1","Strike_B+1"],"score":380,"play_id":"17ed87cc-e42f-40b3-8f2e-ed73d1a5caf1","local_time":"20210128152036","is_ascension_mode":true,"campfire_choices":[{"data":"Coolheaded","floor":7.0,"key":"SMITH"},{"data":"Coolheaded","floor":15.0,"key":"SMITH"},{"floor":25.0,"key":"DIG"},{"data":"testmod-ChaoticCore","floor":32.0,"key":"SMITH"},{"data":"Distribution","floor":41,"key":"SMITH"},{"floor":44,"key":"RECALL"},{"floor":49,"key":"DIG"},{"floor":55,"key":"DIG"},{"floor":57,"key":"DIG"}],"circlet_count":0,"master_deck":["Strike_B+1","Defend_B+1","Defend_B+1","Defend_B+1","Zap+1","Dualcast+1","Hologram+1","Barrage","Coolheaded+1","Compile Driver","Loop","Coolheaded+1","Compile Driver","Compile Driver","Sweeping Beam","Compile Driver","Biased Cognition","testmod-ChaoticCore+1","Biased Cognition","Rebound+1","Sweeping Beam","Biased Cognition","Distribution+1","Coolheaded+1","Sweeping Beam+1","Fan+1","Ball Lightning","Pulse+1"],"relics":["Cracked Core","testmod-TestBox","HushsDoor","PillsDrop","testmod-BatchProcessingSystem","Runic Capacitor","testmod-AssaultLearning","War Paint","StrikeDummy","testmod-ObsoleteBoomerang","Bag of Preparation","Void","Art of War","Shovel","SlaversCollar","GuppysPaw","Hallownest:NailmastersGloryRelic","BookOfRevelations","Smiling Mask","reliquary:PurpleTingedLeaf","CeramicFish","testmod-IndustrialRevolution","Lantern","GuppysTail","Sling","testmod-RealStoneCalender","testmod-SaigiyounoYou","SatanicBible","GuppysHairball","testmod-CasingShield","Hallownest:HeavyBlowRelic","Chaos","Snake Skull","MealTicket","Ornamental Fan","Red Skull","OrangePellets","testmod-Nine","PreservedInsect","Busted Crown","Pocketwatch","paleoftheancients:Timepiece","paleoftheancients:KeyRelic","CultistMask","NeowsBlessing","Ornamental Fan","Paper Frog","paleoftheancients:SoulOfTheDefect","reliquary:ShortFuse","TwistedFunnel","Medical Kit"],"acts_visited":["Exordium","Hallownest:Greenpath","Hallownest:CityofTears","Hallownest:KingdomsEdge"],"potions_floor_usage":[],"damage_taken":[{"damage":0.0,"enemies":"Hallownest:2_MossCreeps","floor":1.0,"turns":1.0},{"damage":0.0,"enemies":"Hallownest:2_Baldur","floor":2.0,"turns":1.0},{"damage":0.0,"enemies":"2_ Uuma","floor":4.0,"turns":1.0},{"damage":0.0,"enemies":"Hallownest:1_Baldur_1_Crawlid_1_Warrior","floor":5.0,"turns":3.0},{"damage":0.0,"enemies":"Hallownest:eliteVengeflyKing","floor":6.0,"turns":1.0},{"damage":0.0,"enemies":"Hallownest:2_Tiktiks_1_Baldur_1_Crawlid","floor":8.0,"turns":2.0},{"damage":0.0,"enemies":"Hallownest:eliteCrystalGuardian","floor":10.0,"turns":3.0},{"damage":0.0,"enemies":"Hallownest:monsterFoolEater","floor":12.0,"turns":1.0},{"damage":0.0,"enemies":"Hallownest:eliteVengeflyKing","floor":13.0,"turns":1.0},{"damage":0.0,"enemies":"Hallownest:MossCreep_and_Mosskin","floor":14.0,"turns":2.0},{"damage":0.0,"enemies":"Hallownest:BossBrokenVessel","floor":16.0,"turns":1.0},{"damage":0.0,"enemies":"Hallownest:3_Youths","floor":18.0,"turns":2.0},{"damage":0.0,"enemies":"Hallownest:2_Mistakes","floor":19.0,"turns":1.0},{"damage":0.0,"enemies":"Hallownest:3_Mistakes","floor":20.0,"turns":1.0},{"damage":0.0,"enemies":"Hallownest:Glutton_and_Coward","floor":21.0,"turns":1.0},{"damage":0.0,"enemies":"Hallownest:eliteSoulWarrior","floor":23.0,"turns":1.0},{"damage":0.0,"enemies":"Hallownest:monsterShrumalOgre","floor":28.0,"turns":1.0},{"damage":0.0,"enemies":"Hallownest:2_Flukemon","floor":30.0,"turns":2.0},{"damage":0.0,"enemies":"Hallownest:3_Mistakes","floor":31.0,"turns":1.0},{"damage":0.0,"enemies":"Hallownest:BossSoulMaster","floor":33.0,"turns":1.0},{"damage":0.0,"enemies":"Hallownest:Shield_Heavy","floor":35.0,"turns":1.0},{"damage":0.0,"enemies":"Hallownest:2_Primals","floor":36.0,"turns":1.0},{"damage":0,"enemies":"Hallownest:3_Siblings","floor":38,"turns":1},{"damage":0,"enemies":"Hallownest:eliteCollector","floor":40,"turns":1},{"damage":0,"enemies":"Hallownest:2_Wandering_and_1_Horned","floor":42,"turns":2},{"damage":0,"enemies":"Hallownest:eliteHiveKnight","floor":45,"turns":1},{"damage":0,"enemies":"Hallownest:2_Wing_and_1_Kings","floor":47,"turns":2},{"damage":0,"enemies":"Hallownest:monsterPrimalAspid","floor":48,"turns":1},{"damage":0,"enemies":"Hallownest:Radiance","floor":50,"turns":1},{"damage":0,"enemies":"Hallownest:Radiance","floor":51,"turns":2},{"damage":0,"enemies":"Hallownest:Radiance","floor":52,"turns":1},{"damage":0,"enemies":"Hallownest:Radiance","floor":56,"turns":1},{"damage":0,"enemies":"Delirium","floor":60,"turns":1}],"seed_played":"2541623140272844615","potions_obtained":[{"floor":1.0,"key":"Regen Potion"},{"floor":2.0,"key":"PowerPotion"},{"floor":6.0,"key":"EssenceOfSteel"},{"floor":19.0,"key":"testmod-TimePotion"},{"floor":23.0,"key":"DistilledChaos"},{"floor":30.0,"key":"PotionOfCapacity"},{"floor":33.0,"key":"FocusPotion"}],"is_trial":false,"path_per_floor":["M","M","$","M","M","E","R","M","T","E","$","M","E","M","R","B",null,"M","M","M","M","?","E","?","R","T","$","M","$","M","M","R","B",null,"M","?","?","M","$","E","R","M","T","R","E","$","M","M","R","B","M","M","?","$","R","M","R","T","?","B",null],"character_chosen":"DEFECT","items_purchased":["Runic Capacitor","testmod-ObsoleteBoomerang","Compile Driver","testmod-ChaoticCore","Membership Card","Lantern","GuppysTail","Sling","SatanicBible","GuppysHairball","Distribution","Chaos","OrangePellets","Ball Lightning","testmod-Nine","PreservedInsect","reliquary:SculptingSteel"],"campfire_rested":0,"item_purchase_floors":[3,11,11,17,27,27,29,29,34,34,34,39,46,46,46,46,54],"current_hp_per_floor":[79,79,79,79,79,74,74,74,74,74,74,77,77,77,77,81,72,75,75,75,75,75,75,75,75,75,75,75,75,75,75,75,79,56,56,56,56,56,56,56,56,56,56,56,56,56,56,56,56,63,63,63,63,63,63,63,63,63,63,67],"gold":104,"neow_bonus":"THREE_ENEMY_KILL","is_daily":false,"chose_seed":false,"campfire_upgraded":4,"win_rate":0.0,"timestamp":1611818436,"path_taken":["M","?","$","M","M","E","R","M","T","E","$","M","E","M","R","BOSS","M","M","?","?","?","E","?","R","T","$","M","$","M","M","R","BOSS","M","?","?","M","$","E","R","M","T","R","E","$","M","M","R","BOSS","M","M","?","$","R","M","R","T","?","BOSS"],"items_purchased_type":["Relic","Relic","Card","Card","Relic","Relic","Relic","Relic","Relic","Relic","Card","Card","Relic","Card","Relic","Relic","Relic"],"build_version":"2020-12-22","purchased_purges":5,"victory":true,"max_hp_per_floor":[79,79,79,79,79,74,74,74,74,74,74,77,77,77,77,81,72,75,75,75,75,75,75,75,75,75,75,75,75,75,75,75,79,56,56,56,56,56,56,56,56,56,56,56,56,56,56,56,56,63,63,63,63,63,63,63,63,63,63,67],"card_choices":[{"not_picked":["Leap","Go for the Eyes"],"picked":"Hologram","floor":1.0},{"not_picked":["BootSequence","Turbo","Conserve Battery"],"picked":"SKIP","floor":2.0},{"not_picked":["FTL","Genetic Algorithm"],"picked":"Barrage","floor":4.0},{"not_picked":["Steam Power","Cold Snap"],"picked":"Coolheaded","floor":5.0},{"not_picked":["Double Energy","Barrage"],"picked":"Compile Driver","floor":6.0},{"not_picked":["Recycle","Steam Power"],"picked":"Loop","floor":8.0},{"not_picked":["Leap","Hologram"],"picked":"Coolheaded","floor":10.0},{"not_picked":["Ball Lightning","Hologram"],"picked":"Compile Driver","floor":12.0},{"not_picked":["Coolheaded","Electrodynamics"],"picked":"Sweeping Beam","floor":13.0},{"not_picked":["Gash","Barrage"],"picked":"Compile Driver","floor":14.0},{"not_picked":["Core Surge","Reboot"],"picked":"Biased Cognition","floor":16.0},{"not_picked":["Double Energy","Reinforced Body","Leap+1"],"picked":"SKIP","floor":18.0},{"not_picked":["Chaos","Stack+1","Conserve Battery"],"picked":"SKIP","floor":19.0},{"not_picked":["Gash+1","Self Repair+1"],"picked":"Biased Cognition","floor":20.0},{"not_picked":["Genetic Algorithm","Self Repair"],"picked":"Rebound+1","floor":21.0},{"not_picked":["Conserve Battery","Beam Cell"],"picked":"Sweeping Beam","floor":23.0},{"not_picked":["Stack","Hyperbeam","Hello World"],"picked":"SKIP","floor":28.0},{"not_picked":["Redo","Gash+1","Steam"],"picked":"SKIP","floor":30.0},{"not_picked":["Genetic Algorithm","Steam Power","Melter"],"picked":"SKIP","floor":31.0},{"not_picked":["All For One","Echo Form"],"picked":"Biased Cognition","floor":33.0},{"not_picked":["Gash+1","Leap","Streamline"],"picked":"SKIP","floor":35.0},{"not_picked":["Stack+1","Heatsinks"],"picked":"Coolheaded+1","floor":36.0},{"not_picked":["Tempest+1","Stack+1","Steam"],"picked":"SKIP","floor":38},{"not_picked":["Steam+1","Leap+1"],"picked":"Sweeping Beam+1","floor":40},{"not_picked":["Leap","Biased Cognition"],"picked":"Fan+1","floor":42},{"not_picked":["Hologram","Tempest+1","Chill+1"],"picked":"SKIP","floor":47},{"not_picked":["Beam Cell","BootSequence+1"],"picked":"Pulse+1","floor":48},{"not_picked":["Gash+1"],"picked":"SKIP","floor":51},{"not_picked":["Turbo"],"picked":"SKIP","floor":52},{"not_picked":["Leap"],"picked":"SKIP","floor":56}],"player_experience":310019,"relics_obtained":[{"floor":6.0,"key":"testmod-AssaultLearning"},{"floor":9.0,"key":"War Paint"},{"floor":10.0,"key":"StrikeDummy"},{"floor":12.0,"key":"Bag of Preparation"},{"floor":13.0,"key":"Void"},{"floor":14.0,"key":"Art of War"},{"floor":16.0,"key":"Shovel"},{"floor":21.0,"key":"GuppysPaw"},{"floor":23.0,"key":"BookOfRevelations"},{"floor":25.0,"key":"reliquary:PurpleTingedLeaf"},{"floor":26.0,"key":"CeramicFish"},{"floor":26.0,"key":"testmod-IndustrialRevolution"},{"floor":33.0,"key":"testmod-RealStoneCalender"},{"floor":36.0,"key":"testmod-CasingShield"},{"floor":40,"key":"Snake Skull"},{"floor":42,"key":"MealTicket"},{"floor":43,"key":"Ornamental Fan"},{"floor":43,"key":"Red Skull"},{"floor":45,"key":"Cauldron"},{"floor":48,"key":"Busted Crown"},{"floor":49,"key":"Pocketwatch"},{"floor":55,"key":"Paper Frog"},{"floor":56,"key":"paleoftheancients:SoulOfTheDefect"},{"floor":57,"key":"reliquary:ShortFuse"},{"floor":58,"key":"TwistedFunnel"},{"floor":58,"key":"Medical Kit"}],"event_choices":[{"damage_healed":0,"gold_gain":0,"player_choice":"Swap Relic","damage_taken":0,"relics_obtained":["NeowsBlessing"],"max_hp_gain":0,"max_hp_loss":0,"event_name":"给自己的盒子","floor":53,"relics_lost":["Membership Card"],"gold_loss":0}],"is_beta":false,"boss_relics":[{"not_picked":["testmod-PortableAltar","Coffee Dripper"],"picked":"SlaversCollar"},{"not_picked":[]},{"not_picked":["Nuclear Battery","testmod-TimeTraveler"],"picked":"testmod-SaigiyounoYou"},{"not_picked":[]}],"items_purged_floors":[11,17,27,39,46],"is_endless":false,"potions_floor_spawned":[2,4,6,12,14,16,20,21,30,31,36,40,45,47],"ascension_level":-20}}