{"host":"farxtl2u8hmkbdo2","time":1611834846,"event":{"mods":["A Magickal Journey","BaseMod","Better Altar","Better Note","Better Sensory Stone","Better Skull","Better Third Choice","Challenge The Spire","Colored Map","Colored Powertips","Current Relic Mod","Energized Spire","Fox Events","Gremlin Mod","Hermit","Hubris","Mimic Mod","Minty Spire (QoL Compilation)","Quick Restart","READ ME - Guardian Mod","READ ME - Snecko Mod","Rare Cards Sparkle","StSLib","The Bladedancer","The Bug Knight","The Cursed","The Disciple","The Hierophant","The Marked","The Necromancer","The Runesmith","Transform Curses"],"gold_per_floor":[117,124,131,128,128,141,141,141,141,170,179,179,215,215],"floor_reached":13,"language":"SPA","playtime":778,"items_purged":[],"score":100,"play_id":"54b57066-0948-43e1-89cf-55a380bc3863","local_time":"20210128085406","is_ascension_mode":true,"campfire_choices":[{"data":"hierophant:ChurchCoffers","floor":7,"key":"SMITH"},{"floor":12,"key":"REST"}],"circlet_count":0,"master_deck":["hierophant:Strike_Hierophant","hierophant:Strike_Hierophant","hierophant:Punish+1","hierophant:Defend_Hierophant","hierophant:Defend_Hierophant","hierophant:Defend_Hierophant","hierophant:ChurchCoffers+1","hierophant:TollTheBells","hierophant:RepressedViolence","hierophant:Invocation","hierophant:Embezzle","hierophant:Zeal","hierophant:Doubloon","hierophant:CoinFling","hierophant:SecretStash"],"relics":["hierophant:PropheticMaskRelic","Frozen Egg 2","HollowMod:LifeEnderRelic","Ice Cream"],"acts_visited":["Exordium"],"potions_floor_usage":[6,6,13],"damage_taken":[{"damage":1,"enemies":"Cultist","floor":1,"turns":3},{"damage":6,"enemies":"Jaw Worm","floor":2,"turns":3},{"damage":0,"enemies":"Small Slimes","floor":3,"turns":2},{"damage":0,"enemies":"Exordium Wildlife","floor":4,"turns":3},{"damage":25,"enemies":"3 Sentries","floor":6,"turns":8},{"damage":33,"enemies":"Lagavulin","floor":10,"turns":9},{"damage":2,"enemies":"3 Louse","floor":11,"turns":4},{"damage":34,"enemies":"3 Sentries","floor":13,"turns":7}],"seed_played":"8798105132750557080","potions_obtained":[{"floor":2,"key":"Regen Potion"},{"floor":3,"key":"Swift Potion"},{"floor":11,"key":"Fruit Juice"}],"is_trial":false,"path_per_floor":["M","M","M","M","?","E","R","?","T","E","M","R","E"],"character_chosen":"HIEROPHANT","items_purchased":[],"campfire_rested":1,"item_purchase_floors":[],"current_hp_per_floor":[67,61,61,61,54,44,44,44,44,11,9,29,0,0],"gold":215,"neow_bonus":"REMOVE_TWO","is_daily":false,"chose_seed":false,"campfire_upgraded":1,"win_rate":0.0,"timestamp":1611834846,"path_taken":["M","M","M","?","?","E","R","?","T","E","?","R","E"],"items_purchased_type":[],"build_version":"2020-12-22","purchased_purges":0,"victory":false,"max_hp_per_floor":[68,68,68,68,68,68,68,68,68,68,68,68,73,73],"card_choices":[{"not_picked":["hierophant:FlamingChariot","hierophant:OrnateBuckler"],"picked":"hierophant:TollTheBells","floor":1},{"not_picked":["hierophant:PassingBell","hierophant:Shelter"],"picked":"hierophant:RepressedViolence","floor":2},{"not_picked":["hierophant:RecallFunds","hierophant:Flagellation"],"picked":"hierophant:Invocation","floor":3},{"not_picked":["hierophant:Smite","hierophant:Sermon"],"picked":"hierophant:Embezzle","floor":4},{"not_picked":["hierophant:FieryStrike","hierophant:Encroach"],"picked":"hierophant:Zeal","floor":6},{"not_picked":["hierophant:Exaltation","hierophant:PassingBell"],"picked":"hierophant:CoinFling","floor":10},{"not_picked":["hierophant:Sermon","hierophant:Racketeering"],"picked":"hierophant:SecretStash","floor":11}],"player_experience":1914660,"relics_obtained":[{"floor":6,"key":"Frozen Egg 2"},{"floor":9,"key":"HollowMod:LifeEnderRelic"},{"floor":10,"key":"Ice Cream"}],"event_choices":[{"cards_removed":["hierophant:Strike_Hierophant"],"damage_healed":0,"gold_gain":0,"player_choice":"Card Removal","damage_taken":7,"max_hp_gain":0,"max_hp_loss":0,"event_name":"Golden Wing","floor":5,"gold_loss":0},{"damage_healed":0,"gold_gain":0,"player_choice":"Forge","damage_taken":0,"max_hp_gain":0,"max_hp_loss":0,"event_name":"Accursed Blacksmith","floor":8,"gold_loss":0,"cards_upgraded":["hierophant:Punish"]}],"is_beta":false,"boss_relics":[],"items_purged_floors":[],"is_endless":false,"potions_floor_spawned":[2,3,11],"killed_by":"3 Sentries","ascension_level":1}}