{"host":"58njlu7hme3ojrlz","time":1611822681,"event":{"mods":["AchievementEnabler","Act Like it!","BaseMod","Block Reminder","Colored Map","Colored Powertips","DeckTracker","Downfall","Gensokyo","Hallownest","Highlight Path","Infinite Spire","Marisa????????","Minty Spire (QoL Compilation)","Reimu??????","Relic Sorter","Remilia??????","Replay The Spire","StSLib","The Alterego","The Animator","The Bug Knight","The Servant 0.9.4","The Wild Card","TheBandit"],"gold_per_floor":[125,77,88,88,88,88,88,88,7,7,7,7,30,30,43,61,61,168,168,188,202,202,117,128,128,167,167,247,302,314,314],"floor_reached":30,"language":"ENG","playtime":2670,"items_purged":[],"score":256,"play_id":"d47e33a3-ff75-4049-b384-79ace0455377","local_time":"20210128153121","is_ascension_mode":false,"campfire_choices":[{"data":"animator:Kazuma","floor":8,"key":"SMITH"},{"data":"animator:Megumin","floor":12,"key":"SMITH"},{"data":"animator:Vanir","floor":17,"key":"SMITH"},{"floor":25,"key":"REST"}],"circlet_count":0,"master_deck":["animator:Strike_Konosuba","animator:Defend_Konosuba","animator:Strike","animator:Strike","animator:Strike","animator:Defend","animator:Defend","animator:Defend","animator:Kazuma+1","animator:Aqua","animator:Darkness","animator:Mitsurugi+1","animator:Megumin+9","animator:Berserker+1","animator:Vanir+1","animator:Rider","animator:Melzalgald+1","downfall:Bewildered","animator:Chris","animator:Envy","animator:FielNirvalen"],"relics":["animator:LivingPicture","animator:TheMissingPiece","animator:PurgingStone","Question Card","Black Star","sneckomod:BabySnecko","infinitespire:Bottled Soul","Replay:Bandana","InkBottle","infinitespire:Eraser","Pantograph","Gremlin Food"],"acts_visited":["Exordium","TheCity"],"potions_floor_usage":[30],"damage_taken":[{"damage":6,"enemies":"2 Louse","floor":1,"turns":4},{"damage":0,"enemies":"Jaw Worm","floor":3,"turns":5},{"damage":0,"enemies":"Cultist","floor":13,"turns":4},{"damage":3,"enemies":"2 Fungi Beasts","floor":15,"turns":4},{"damage":0,"enemies":"3 Louse","floor":16,"turns":2},{"damage":60,"enemies":"The Guardian","floor":18,"turns":13},{"damage":25,"enemies":"2 Thieves","floor":20,"turns":3},{"damage":6,"enemies":"Spheric Guardian","floor":21,"turns":3},{"damage":29,"enemies":"Centurion and Healer","floor":24,"turns":4},{"damage":13,"enemies":"Slavers","floor":26,"turns":5},{"damage":34,"enemies":"HollowMod:Nosk","floor":29,"turns":8},{"damage":12,"enemies":"Cultist and Chosen","floor":30,"turns":4}],"seed_played":"4765469373755956885","potions_obtained":[{"floor":15,"key":"Elixir"},{"floor":16,"key":"Death Potion"},{"floor":20,"key":"GrandPatriotsElixir:ReiMu"}],"is_trial":false,"path_per_floor":["M","$","M","PTL","PTL","?","?","R","$","?","T","R","M","$","M","M","R","B",null,"M","M","?","?","M","R","E","?","T","E","M"],"character_chosen":"THE_ANIMATOR","items_purchased":["animator:Mitsurugi","animator:Megumin"],"campfire_rested":1,"item_purchase_floors":[2,9],"current_hp_per_floor":[68,68,70,70,70,70,70,70,70,70,70,70,72,72,72,72,72,13,73,51,47,47,47,21,43,35,35,35,6,0,0],"gold":314,"neow_bonus":"TEN_PERCENT_HP_BONUS","is_daily":false,"chose_seed":false,"campfire_upgraded":3,"win_rate":0.0,"timestamp":1611822681,"path_taken":["M","$","M","PTL","PTL","?","?","R","$","?","T","R","?","?","M","M","R","BOSS","M","M","?","?","M","R","E","?","T","E","M"],"items_purchased_type":["Card","Card"],"build_version":"2020-12-22","purchased_purges":0,"victory":false,"max_hp_per_floor":[72,72,72,72,72,72,72,72,72,72,72,72,72,72,73,73,73,73,73,74,74,74,74,75,75,75,75,75,75,75,75],"card_choices":[{"not_picked":["animator:DolaStephanie","animator:Illya"],"picked":"animator:Darkness","floor":1},{"not_picked":["animator:Emonzaemon","animator:Ain","animator:Vesta"],"picked":"SKIP","floor":3},{"not_picked":["animator:Shion","animator:MumenRider","animator:Pride"],"picked":"animator:Berserker","floor":13},{"not_picked":["animator:Megumin","animator:Verdia","animator:Kazuma"],"picked":"animator:Vanir","floor":15},{"not_picked":["animator:Benimaru","animator:Genos","animator:Rena","animator:DolaCouronne"],"picked":"SKIP","floor":16},{"not_picked":["animator:Biyorigo","animator:Sora","animator:Envy"],"picked":"animator:Eris","floor":18},{"not_picked":["animator:ChlammyZell","animator:RoyMustang","animator:ShinjiMatou"],"picked":"animator:Rider","floor":20},{"not_picked":["animator:Hitei","animator:FielNirvalen","animator:Rider"],"picked":"animator:Melzalgald+1","floor":21},{"not_picked":["animator:Aqua","animator:Vanir","animator:Darkness"],"picked":"animator:Chris","floor":24},{"not_picked":["animator:Chris+1","animator:Souei","animator:Demiurge"],"picked":"animator:Envy","floor":26},{"not_picked":["animator:DolaRiku","animator:DolaCouronne+1","animator:Sonic"],"picked":"animator:FielNirvalen","floor":29}],"player_experience":132208,"relics_obtained":[{"floor":11,"key":"Question Card"},{"floor":26,"key":"Replay:Bandana"},{"floor":26,"key":"InkBottle"},{"floor":28,"key":"infinitespire:Eraser"},{"floor":29,"key":"Pantograph"},{"floor":29,"key":"Gremlin Food"}],"event_choices":[{"damage_healed":0,"gold_gain":0,"player_choice":"Grow","damage_taken":0,"max_hp_gain":0,"max_hp_loss":0,"event_name":"Living Wall","floor":7,"gold_loss":0,"cards_upgraded":["animator:Mitsurugi"]},{"damage_healed":0,"gold_gain":0,"player_choice":"Obtained Relic","damage_taken":0,"relics_obtained":["infinitespire:Bottled Soul"],"max_hp_gain":0,"max_hp_loss":0,"event_name":"Addict","floor":23,"gold_loss":85},{"damage_healed":0,"gold_gain":0,"player_choice":"Forge","damage_taken":0,"max_hp_gain":0,"max_hp_loss":0,"event_name":"Accursed Blacksmith","floor":27,"gold_loss":0,"cards_upgraded":["animator:Berserker"]}],"is_beta":false,"boss_relics":[{"not_picked":["Replay:Ancient Bell","bronze:MakeshiftBattery"],"picked":"Black Star"}],"items_purged_floors":[],"is_endless":false,"potions_floor_spawned":[15,16,20,21],"killed_by":"Cultist and Chosen","ascension_level":0}}