{"host":"edc6wmn2qug8wnvl","time":1611876596,"event":{"mods":["AchievementEnabler","BaseMod","Colored Map","Colored Powertips","Minty Spire (QoL Compilation)","StSLib"],"gold_per_floor":[111,42,42,59,73,105,119,6,31,31,42,54,71,246,246,346,346,357,357,376,376,392,405,405,421,489,489,509,528,528,11,11,11,11],"floor_reached":33,"language":"ENG","playtime":1788,"items_purged":[],"score":253,"play_id":"aacc4a2e-3c0c-4273-99f9-36f53c8e5c1c","local_time":"20210128152956","is_ascension_mode":false,"campfire_choices":[{"data":"Flex","floor":10,"key":"SMITH"},{"floor":15,"key":"REST"},{"floor":24,"key":"REST"},{"floor":30,"key":"REST"},{"floor":32,"key":"REST"}],"circlet_count":0,"master_deck":["Strike_R+1","Strike_R+1","Strike_R+1","Strike_R+1","Strike_R+1","Defend_R+1","Defend_R+1","Defend_R+1","Defend_R+1","Bash","Power Through","Wild Strike","Flame Barrier","Warcry","Spot Weakness","Flex+1","Inflame","Heavy Blade","Bloodletting","Doubt","Double Tap","Battle Trance+1","Headbutt","Flex","Offering","Headbutt+1","Hemokinesis","Heavy Blade","Flex","Warcry","Perfected Strike"],"relics":["Burning Blood","NeowsBlessing","Red Skull","Pen Nib","Runic Pyramid","Eternal Feather","Matryoshka"],"acts_visited":["Exordium","TheCity"],"potions_floor_usage":[6,7,12,18,22,25,28,28,29,29,33,33],"damage_taken":[{"damage":0.0,"enemies":"Cultist","floor":1.0,"turns":1.0},{"damage":0.0,"enemies":"Jaw Worm","floor":4.0,"turns":1.0},{"damage":0.0,"enemies":"Small Slimes","floor":5.0,"turns":1.0},{"damage":23,"enemies":"3 Sentries","floor":6,"turns":12},{"damage":0,"enemies":"Exordium Wildlife","floor":7,"turns":3},{"damage":10,"enemies":"Looter","floor":11,"turns":3},{"damage":5,"enemies":"Blue Slaver","floor":12,"turns":4},{"damage":22,"enemies":"Exordium Thugs","floor":13,"turns":4},{"damage":56,"enemies":"The Guardian","floor":16,"turns":12},{"damage":22,"enemies":"Spheric Guardian","floor":18,"turns":4},{"damage":3,"enemies":"3 Byrds","floor":20,"turns":4},{"damage":41,"enemies":"3 Cultists","floor":22,"turns":6},{"damage":18,"enemies":"Sentry and Sphere","floor":23,"turns":6},{"damage":0,"enemies":"Snecko","floor":25,"turns":2},{"damage":18,"enemies":"Shelled Parasite and Fungi","floor":28,"turns":3},{"damage":11,"enemies":"3 Cultists","floor":29,"turns":3},{"damage":102,"enemies":"Automaton","floor":33,"turns":10}],"seed_played":"-8214139327991437395","potions_obtained":[{"floor":5.0,"key":"Fire Potion"},{"floor":6,"key":"Fruit Juice"},{"floor":11,"key":"Weak Potion"},{"floor":16,"key":"FearPotion"},{"floor":20,"key":"Weak Potion"},{"floor":23,"key":"SteroidPotion"},{"floor":27,"key":"Regen Potion"},{"floor":27,"key":"LiquidMemories"},{"floor":27,"key":"Dexterity Potion"},{"floor":28,"key":"LiquidBronze"}],"is_trial":false,"path_per_floor":["M","$","?","M","M","E","M","$","T","R","M","M","M","?","R","B",null,"M","?","M","?","M","M","R","M","T","?","M","M","R","$","R","B"],"character_chosen":"IRONCLAD","items_purchased":["Power Through","Flex","Inflame","Flex","Matryoshka","Warcry","Perfected Strike","PowerPotion","LiquidBronze"],"campfire_rested":4,"item_purchase_floors":[2,8,8,31,31,31,31,31,31],"current_hp_per_floor":[80,80,80,80,80,63,74,74,74,74,70,71,55,55,80,30,85,69,53,56,56,21,9,36,42,42,42,39,34,76,76,90,0,0],"gold":11,"neow_bonus":"THREE_ENEMY_KILL","is_daily":false,"chose_seed":false,"campfire_upgraded":1,"win_rate":0.0,"timestamp":1611876596,"path_taken":["M","?","?","M","M","E","?","?","T","R","M","M","M","?","R","BOSS","M","?","M","?","M","M","R","M","T","?","M","?","R","$","R","BOSS"],"items_purchased_type":["Card","Card","Card","Card","Relic","Card","Card","Potion","Potion"],"build_version":"2020-12-22","purchased_purges":0,"victory":false,"max_hp_per_floor":[80,80,80,80,80,80,85,85,85,85,85,85,85,85,85,85,85,85,90,90,90,90,90,90,90,90,90,90,90,90,90,90,90,90],"card_choices":[{"not_picked":["Pommel Strike","Sword Boomerang"],"picked":"Blood for Blood","floor":1.0},{"not_picked":["Pummel","Clothesline"],"picked":"Wild Strike","floor":4.0},{"not_picked":["Cleave","Clash"],"picked":"Flame Barrier","floor":5.0},{"not_picked":["Disarm","Searing Blow"],"picked":"Warcry","floor":6},{"not_picked":["Iron Wave","Pommel Strike"],"picked":"Spot Weakness","floor":7},{"not_picked":["Reckless Charge","Iron Wave","Intimidate"],"picked":"SKIP","floor":11},{"not_picked":["Rupture","Bludgeon"],"picked":"Heavy Blade","floor":12},{"not_picked":["True Grit","Thunderclap"],"picked":"Bloodletting","floor":13},{"not_picked":["Offering","Reaper"],"picked":"Double Tap","floor":16},{"not_picked":["Disarm+1","Burning Pact"],"picked":"Battle Trance+1","floor":18},{"not_picked":["Intimidate","Rupture"],"picked":"Headbutt","floor":20},{"not_picked":["Cleave","Body Slam"],"picked":"Flex","floor":22},{"not_picked":["Iron Wave","Wild Strike"],"picked":"Offering","floor":23},{"not_picked":["Dual Wield","Sword Boomerang"],"picked":"Headbutt+1","floor":25},{"not_picked":["Iron Wave+1","Wild Strike"],"picked":"Hemokinesis","floor":28},{"not_picked":["Pommel Strike","Reckless Charge"],"picked":"Heavy Blade","floor":29}],"player_experience":71291,"relics_obtained":[{"floor":6,"key":"Red Skull"},{"floor":9,"key":"Pen Nib"},{"floor":26,"key":"Eternal Feather"}],"event_choices":[{"cards_removed":["Blood for Blood"],"damage_healed":0.0,"max_hp_gain":0.0,"max_hp_loss":0.0,"gold_gain":0.0,"event_name":"Bonfire Elementals","player_choice":"Offered Uncommon","floor":3.0,"gold_loss":0.0,"damage_taken":0.0},{"damage_healed":0,"gold_gain":175,"player_choice":"AGREE","damage_taken":0,"max_hp_gain":0,"max_hp_loss":0,"event_name":"Liars Game","floor":14,"gold_loss":0,"cards_obtained":["Doubt"]},{"damage_healed":0,"gold_gain":0,"player_choice":"Shed Blood","damage_taken":21,"max_hp_gain":5,"max_hp_loss":0,"event_name":"Forgotten Altar","floor":19,"gold_loss":0},{"damage_healed":0,"gold_gain":0,"player_choice":"Simplicity","damage_taken":0,"max_hp_gain":0,"max_hp_loss":0,"event_name":"Back to Basics","floor":21,"gold_loss":0,"cards_upgraded":["Strike_R","Strike_R","Strike_R","Strike_R","Strike_R","Defend_R","Defend_R","Defend_R","Defend_R"]},{"damage_healed":0,"gold_gain":0,"player_choice":"Got Potions","damage_taken":0,"max_hp_gain":0,"max_hp_loss":0,"event_name":"Lab","floor":27,"gold_loss":0}],"is_beta":false,"boss_relics":[{"not_picked":["Runic Cube","Empty Cage"],"picked":"Runic Pyramid"}],"items_purged_floors":[],"is_endless":false,"potions_floor_spawned":[5,6,11,16,20,23,28],"killed_by":"Automaton","ascension_level":0}}