{"host":"2d0rd30cigwncx1y","time":1611867039,"event":{"mods":["BaseMod","Colored Map","Colored Powertips","Downfall","MarisaÅiñ∂âJÅ@ñÇóùçπÅj","Minty Spire (QoL Compilation)","Replay The Spire","StSLib","The Alterego","The Marked","The Servant 0.9.4"],"gold_per_floor":[99,112,132,132,13,41,41,41,56,56,56,68,117,143,158,158,158],"floor_reached":16,"language":"ENG","playtime":1043,"items_purged":[],"score":110,"play_id":"40fc0338-b1ce-4c9b-839b-a24d4e2745cc","local_time":"20210128215039","is_ascension_mode":false,"campfire_choices":[{"data":"KidneyShot","floor":1,"key":"SMITH"},{"data":"Potential","floor":8,"key":"SMITH"}],"circlet_count":0,"master_deck":["Strike_S","Strike_S","Strike_S","Defend_S","Defend_S","Defend_S","KidneyShot+1","Exchange","TimeWarp","Snipe","TimeWarp","champ:Defend","Potential+1","Replace+1","SilverBlades","Ricochet","Rewind","Luminosity","Collapse","Starlight","Barrier","BottledTime","SilverBlades","FastForward"],"relics":["Uniform","Replay:Wax Seal","Replay:Bottled Flurry","Replay:Mystery Machine","Replay:Accelerometer"],"acts_visited":["Exordium"],"potions_floor_usage":[],"damage_taken":[{"damage":2,"enemies":"Small Slimes","floor":2,"turns":4},{"damage":0,"enemies":"Cultist","floor":3,"turns":3},{"damage":5,"enemies":"downfall:FleeingMerchant","floor":5,"turns":4},{"damage":11,"enemies":"Lagavulin","floor":6,"turns":6},{"damage":6,"enemies":"Jaw Worm","floor":9,"turns":3},{"damage":4,"enemies":"2 Fungi Beasts","floor":12,"turns":3},{"damage":17,"enemies":"Gremlin Nob","floor":14,"turns":5},{"damage":5,"enemies":"Blue Slaver","floor":15,"turns":3},{"damage":16,"enemies":"IC_STATUS_ARCHETYPE","floor":16,"turns":2}],"seed_played":"-9140918935326807306","potions_obtained":[{"floor":3,"key":"Swift Potion"},{"floor":6,"key":"SpeedPotion"},{"floor":15,"key":"Dexterity Potion"}],"is_trial":false,"path_per_floor":["R","M","M","?","$","E","T","R","M","?","?","M","T","E","M","B"],"character_chosen":"THE_SERVANT","items_purchased":["Replace+1","SilverBlades"],"campfire_rested":0,"item_purchase_floors":[5,5],"current_hp_per_floor":[65,63,63,63,58,47,47,47,41,41,41,37,37,20,15,0,0],"gold":158,"neow_bonus":"THREE_CARDS","is_daily":false,"chose_seed":false,"campfire_upgraded":2,"win_rate":0.0,"timestamp":1611867039,"path_taken":["R","M","M","?","?","E","T","R","?","?","?","M","?","E","M","BOSS"],"items_purchased_type":["Card","Card"],"build_version":"2020-12-22","purchased_purges":0,"victory":false,"max_hp_per_floor":[65,65,65,65,65,65,65,65,65,65,65,65,65,65,65,65,65],"card_choices":[{"not_picked":["Read","Spin"],"picked":"TimeWarp","floor":0},{"not_picked":["TimeWarp","Starlight"],"picked":"Snipe","floor":2},{"not_picked":["SpecialFormula","FastForward"],"picked":"TimeWarp","floor":3},{"not_picked":["TimeWarp","SpecialFormula"],"picked":"Potential","floor":5},{"not_picked":["Misdirection","Collapse"],"picked":"Ricochet","floor":6},{"not_picked":["Starlight","RealityMarble"],"picked":"Rewind","floor":9},{"not_picked":["Barrier","Revamp"],"picked":"SilverBlades","floor":12},{"not_picked":["Unruled","Deny","Ricochet"],"picked":"SKIP","floor":14},{"not_picked":["MoonPhase","Spin"],"picked":"FastForward","floor":15}],"player_experience":112376,"relics_obtained":[{"floor":6,"key":"Replay:Wax Seal"},{"floor":7,"key":"Replay:Bottled Flurry"},{"floor":13,"key":"Replay:Mystery Machine"},{"floor":14,"key":"Replay:Accelerometer"}],"event_choices":[{"cards_removed":["Defend_S"],"damage_healed":0,"gold_gain":0,"player_choice":"Took Card","damage_taken":0,"max_hp_gain":0,"max_hp_loss":0,"event_name":"NoteForYourself","floor":4,"gold_loss":0,"cards_obtained":["champ:Defend"]}],"is_beta":false,"boss_relics":[],"items_purged_floors":[],"is_endless":false,"potions_floor_spawned":[3,6,15],"killed_by":"IC_STATUS_ARCHETYPE","ascension_level":0}}