{"host":"d9m9v0h6vo0edadb","time":1611804347,"event":{"mods":["BaseMod","Hermit","Keyboard Shortcuts","Minty Spire (QoL Compilation)","StSLib","SuperFastMode","The Cursed"],"gold_per_floor":[115,129,146,146,146,146,71,71,124,156,190,190,230,254,254,254,254],"floor_reached":16,"language":"KOR","playtime":220,"items_purged":["Strike_G"],"score":204,"play_id":"68485d50-3e2c-4079-a74e-a5482c5e2958","local_time":"20210128122547","is_ascension_mode":true,"campfire_choices":[{"data":"Neutralize","floor":6.0,"key":"SMITH"},{"data":"Adrenaline","floor":8.0,"key":"SMITH"},{"data":"Sucker Punch","floor":15,"key":"SMITH"}],"circlet_count":0,"master_deck":["AscendersBane","Strike_G","Strike_G","Strike_G","Defend_G","Defend_G","Defend_G","Defend_G","Defend_G","Survivor","Neutralize+1","Heel Hook","Dagger Throw","All Out Attack","Adrenaline+1","Sucker Punch+1","Acrobatics","Acrobatics"],"relics":["Ring of the Snake","Golden Idol","CeramicFish","Bag of Marbles","Pear"],"acts_visited":["Exordium"],"potions_floor_usage":[13,13,16,16,16],"damage_taken":[{"damage":8.0,"enemies":"Small Slimes","floor":1.0,"turns":4.0},{"damage":7.0,"enemies":"Jaw Worm","floor":2.0,"turns":6.0},{"damage":2.0,"enemies":"2 Louse","floor":3.0,"turns":4.0},{"damage":0.0,"enemies":"Looter","floor":10.0,"turns":2.0},{"damage":0.0,"enemies":"Lots of Slimes","floor":11.0,"turns":1.0},{"damage":14,"enemies":"3 Sentries","floor":13,"turns":5},{"damage":0,"enemies":"3 Louse","floor":14,"turns":3},{"damage":34,"enemies":"Slime Boss","floor":16,"turns":6}],"seed_played":"-1971441959289122532","potions_obtained":[{"floor":3.0,"key":"AttackPotion"},{"floor":11.0,"key":"SkillPotion"},{"floor":13,"key":"SmokeBomb"},{"floor":14,"key":"EntropicBrew"}],"is_trial":false,"path_per_floor":["M","M","M","?","?","R","$","R","T","M","M","?","E","M","R","B"],"character_chosen":"THE_SILENT","items_purchased":[],"campfire_rested":0,"item_purchase_floors":[],"current_hp_per_floor":[57,50,48,48,48,48,48,48,48,48,48,30,26,26,26,0,0],"gold":254,"neow_bonus":"TEN_PERCENT_HP_BONUS","is_daily":false,"chose_seed":false,"campfire_upgraded":3,"win_rate":0.0,"timestamp":1611804347,"path_taken":["M","M","M","?","?","R","$","R","T","M","M","?","E","M","R","BOSS"],"items_purchased_type":[],"build_version":"2020-12-22","purchased_purges":1,"victory":false,"max_hp_per_floor":[72,72,72,65,65,65,65,65,65,65,65,65,75,75,75,75,75],"card_choices":[{"not_picked":["Sucker Punch","Distraction"],"picked":"Heel Hook","floor":1.0},{"not_picked":["Cloak And Dagger","Sucker Punch"],"picked":"Dagger Throw","floor":2.0},{"not_picked":["Backstab","Flechettes"],"picked":"All Out Attack","floor":3.0},{"not_picked":["Skewer","Sucker Punch","Distraction"],"picked":"SKIP","floor":10.0},{"not_picked":["Skewer","Distraction"],"picked":"Sucker Punch","floor":10.0},{"not_picked":["Footwork","Blur"],"picked":"Acrobatics","floor":11.0},{"not_picked":["Dash","Outmaneuver","Bullet Time"],"picked":"SKIP","floor":13},{"not_picked":["Dodge and Roll","Outmaneuver"],"picked":"Acrobatics","floor":14}],"player_experience":994647,"relics_obtained":[{"floor":9.0,"key":"CeramicFish"},{"floor":13,"key":"Pear"}],"event_choices":[{"damage_healed":0.0,"max_hp_gain":0.0,"max_hp_loss":7.0,"gold_gain":0.0,"event_name":"Golden Idol","player_choice":"Lose Max HP","floor":4.0,"gold_loss":0.0,"damage_taken":0.0,"relics_obtained":["Golden Idol"]},{"damage_healed":0.0,"max_hp_gain":0.0,"max_hp_loss":0.0,"gold_gain":0.0,"cards_transformed":["Strike_G"],"event_name":"Living Wall","player_choice":"Change","floor":5.0,"gold_loss":0.0,"damage_taken":0.0,"cards_obtained":["Adrenaline"]},{"damage_healed":0.0,"max_hp_gain":0.0,"max_hp_loss":0.0,"gold_gain":0.0,"event_name":"Scrap Ooze","player_choice":"Success","floor":12.0,"gold_loss":0.0,"damage_taken":18.0,"relics_obtained":["Bag of Marbles"]}],"is_beta":false,"boss_relics":[],"items_purged_floors":[7],"is_endless":false,"potions_floor_spawned":[3,11,13,14],"killed_by":"Slime Boss","ascension_level":20}}