{"host":"kwnpvqmnt47pmyi1","time":1611815758,"event":{"mods":["AchievementEnabler","BaseMod","Bestiary","BetterRewards","Downfall","Hermit","Hubris","Marisa????????","Minty Spire (QoL Compilation)","Reliquary","Replay The Spire","Shade Mod","StSLib","The Hierophant","The Servant 0.9.4"],"gold_per_floor":[99,110,110,128,128,128,128,28,54,65,93,93,103,119,133,159,177,177,177,177],"floor_reached":18,"language":"ENG","playtime":1979,"items_purged":[],"score":124,"play_id":"46dfc226-a70f-4370-b8f6-5130f9054607","local_time":"20210127223558","is_ascension_mode":false,"campfire_choices":[{"floor":1,"key":"RECALL"},{"data":"bronze:Replicate","floor":8,"key":"SMITH"},{"data":"bronze:Iterate","floor":12,"key":"SMITH"}],"circlet_count":0,"master_deck":["bronze:Strike","bronze:Strike","bronze:Strike","bronze:Strike","bronze:Defend","bronze:Defend","bronze:Defend","bronze:Defend","bronze:Replicate+1","bronze:Goto","bronze:Branch","bronze:Branch","Panacea","bronze:Assembly","bronze:Iterate+1","bronze:BronzeOrb","bronze:FineTuning","bronze:WhirlingStrike"],"relics":["bronze:BronzeCore","downfall:HeartBlessingRed","reliquary:Boomerang","Pet Ghost","Bag of Preparation"],"acts_visited":["Exordium"],"potions_floor_usage":[18,18,18],"damage_taken":[{"damage":1,"enemies":"Jaw Worm","floor":2,"turns":4},{"damage":0,"enemies":"Small Slimes","floor":4,"turns":3},{"damage":6,"enemies":"Cultist","floor":10,"turns":3},{"damage":11,"enemies":"Replay:BlueRogue","floor":11,"turns":4},{"damage":2,"enemies":"Large Slime","floor":13,"turns":4},{"damage":6,"enemies":"Exordium Wildlife","floor":14,"turns":4},{"damage":0,"enemies":"3 Louse","floor":15,"turns":2},{"damage":14,"enemies":"3 Sentries","floor":16,"turns":7},{"damage":0,"enemies":"Gremlin Gang","floor":17,"turns":2},{"damage":54,"enemies":"WA_ARCHETYPE_RETAIN","floor":18,"turns":10}],"seed_played":"7509979465486127862","potions_obtained":[{"floor":2,"key":"Swift Potion"},{"floor":4,"key":"Guardian:BlockOnCardUsePotion"},{"floor":13,"key":"AttackPotion"},{"floor":17,"key":"Adrenaline Potion"}],"is_trial":false,"path_per_floor":["R","M","?","M","PTL","PTL","?","R","T","M","E","R","M","M","M","E","M","B"],"character_chosen":"THE_AUTOMATON","items_purchased":[],"campfire_rested":0,"item_purchase_floors":[],"current_hp_per_floor":[77,76,76,76,76,76,76,76,76,70,59,59,57,51,51,37,37,0,0,0],"gold":177,"neow_bonus":"TEN_PERCENT_HP_BONUS","is_daily":false,"chose_seed":false,"campfire_upgraded":2,"win_rate":0.0,"timestamp":1611815758,"path_taken":["R","M","?","M","PTL","PTL","?","R","T","?","E","R","M","M","M","E","M","BOSS"],"items_purchased_type":[],"build_version":"2020-12-22","purchased_purges":0,"victory":false,"max_hp_per_floor":[77,77,77,77,77,77,77,77,77,77,77,77,77,77,77,77,77,77,77,77],"card_choices":[{"not_picked":["bronze:ChildClass","bronze:Flail"],"picked":"bronze:Branch","floor":2},{"not_picked":["bronze:Frontload","bronze:BitShift"],"picked":"bronze:Branch","floor":4},{"not_picked":["bronze:Optimize","bronze:Shield"],"picked":"bronze:Iterate","floor":10},{"not_picked":["bronze:Overheat","bronze:Overload","bronze:Frontload"],"picked":"SKIP","floor":11},{"not_picked":["bronze:ThunderWave","bronze:OilSpill","bronze:Deprecate"],"picked":"SKIP","floor":13},{"not_picked":["bronze:CutThrough","bronze:OilSpill"],"picked":"bronze:BronzeOrb","floor":14},{"not_picked":["bronze:Frontload","bronze:Branch"],"picked":"bronze:FineTuning","floor":15},{"not_picked":["bronze:Return","bronze:AlphaBuild"],"picked":"bronze:WhirlingStrike","floor":16},{"not_picked":["bronze:Frontload","bronze:DigitalCarnage","bronze:Invalidate"],"picked":"SKIP","floor":17}],"player_experience":277484,"relics_obtained":[{"floor":9,"key":"reliquary:Boomerang"},{"floor":11,"key":"Pet Ghost"},{"floor":16,"key":"Bag of Preparation"}],"event_choices":[],"is_beta":false,"boss_relics":[],"items_purged_floors":[],"is_endless":false,"potions_floor_spawned":[2,4,13,15,17],"killed_by":"WA_ARCHETYPE_RETAIN","ascension_level":0}}