{"host":"dbb4fkd1j4jczim2","time":1611812896,"event":{"mods":["BaseMod","Downfall","Marisa????????","Minty Spire (QoL Compilation)","Permanent Neow","StSLib"],"gold_per_floor":[99,113,3,22,38,63,63,75,75,85,105,105,105,105,105],"floor_reached":13,"language":"ENG","playtime":561,"items_purged":[],"score":87,"play_id":"55d50ec2-20bb-492a-a143-9fd4039589ce","local_time":"20210127234816","is_ascension_mode":false,"campfire_choices":[{"data":"champ:Execute","floor":1,"key":"SMITH"},{"data":"champ:BringItOn","floor":9,"key":"SMITH"}],"circlet_count":0,"master_deck":["champ:Strike","champ:Strike","champ:Strike","champ:Defend","champ:Defend","champ:Defend","champ:Execute+1","champ:Taunt","champ:Haymaker","champ:FanOfKnives","champ:BerserkerStyle","champ:BringItOn+1","champ:CrookedStrike","champ:Endure","champ:EnGarde+1","champ:FaceSlap","champ:PreciseThrust"],"relics":["Empty Cage","Shuriken","Toxic Egg 2"],"acts_visited":["Exordium"],"potions_floor_usage":[10,10,10,13],"damage_taken":[{"damage":18,"enemies":"Small Slimes","floor":2,"turns":3},{"damage":25,"enemies":"downfall:FleeingMerchant","floor":3,"turns":4},{"damage":16,"enemies":"Cultist","floor":4,"turns":3},{"damage":12,"enemies":"2 Louse","floor":5,"turns":3},{"damage":36,"enemies":"Lagavulin","floor":6,"turns":8},{"damage":37,"enemies":"Exordium Thugs","floor":8,"turns":5},{"damage":16,"enemies":"Exordium Wildlife","floor":10,"turns":4},{"damage":15,"enemies":"3 Louse","floor":11,"turns":4},{"damage":23,"enemies":"Gremlin Nob","floor":13,"turns":4}],"seed_played":"-4674209218576222218","potions_obtained":[{"floor":2,"key":"ColorlessPotion"},{"floor":6,"key":"ColorlessPotion"},{"floor":8,"key":"Guardian:BlockOnCardUsePotion"},{"floor":10,"key":"Fruit Juice"}],"is_trial":false,"path_per_floor":["R","M","$","M","M","E","T","M","R","M","M","?","E"],"character_chosen":"THE_CHAMP","items_purchased":["champ:BerserkerStyle","champ:BringItOn"],"campfire_rested":0,"item_purchase_floors":[3,3],"current_hp_per_floor":[90,82,77,71,59,50,50,30,30,29,24,9,0,0,0],"gold":105,"neow_bonus":"BOSS_RELIC","is_daily":false,"chose_seed":false,"campfire_upgraded":2,"win_rate":0.0,"timestamp":1611812896,"path_taken":["R","M","$","M","M","E","T","M","R","M","M","?","E"],"items_purchased_type":["Card","Card"],"build_version":"2020-12-22","purchased_purges":0,"victory":false,"max_hp_per_floor":[90,90,90,90,90,90,90,90,90,95,95,95,95,95,95],"card_choices":[{"not_picked":["champ:EnGarde","champ:TornadoPunch"],"picked":"champ:Haymaker","floor":2},{"not_picked":["champ:Parry","champ:EnGarde"],"picked":"champ:FanOfKnives","floor":3},{"not_picked":["champ:DeathBlow","champ:DancingMaster"],"picked":"champ:CrookedStrike","floor":4},{"not_picked":["champ:EnGarde","champ:DefensiveStyle","champ:BringItOn"],"picked":"SKIP","floor":5},{"not_picked":["champ:SetATrap","champ:FancyFootwork"],"picked":"champ:Endure","floor":6},{"not_picked":["champ:SkillfulDodge+1","champ:Circumvent+1"],"picked":"champ:EnGarde+1","floor":8},{"not_picked":["champ:SwordSigil+1","champ:PreciseThrust"],"picked":"champ:FaceSlap","floor":10},{"not_picked":["champ:DefensiveShout+1","champ:BerserkersShout+1"],"picked":"champ:PreciseThrust","floor":11}],"player_experience":314341,"relics_obtained":[{"floor":6,"key":"Shuriken"},{"floor":7,"key":"Toxic Egg 2"}],"event_choices":[],"is_beta":false,"boss_relics":[],"items_purged_floors":[],"is_endless":false,"potions_floor_spawned":[2,6,8,10],"killed_by":"Gremlin Nob","ascension_level":0}}