{"host":"d0y5v5lostuas3k8","time":1611807418,"event":{"mods":["AchievementEnabler","BaseMod","Colored Map","Colored Powertips","Lobotomy","Minty Spire (QoL Compilation)","Permanent Neow","Quick Restart","StSLib","SuperFastMode"],"gold_per_floor":[112,123,137,152,162,196,208,208,232,243,262,273,293,311,311,406,406,418,431,441,458,475,487,500,500,500,500,520,555,570,333,333,429,429,439,454,464,214,228,228,263,278,305,325,345,0,0,0,0,0,0],"floor_reached":52,"language":"KOR","playtime":5684,"items_purged":["Strike_P+1","Strike_P+1","Strike_P+1"],"score":749,"play_id":"f36bc0fd-d1d8-4239-81ab-f1242bd7af76","local_time":"20210128131658","is_ascension_mode":false,"campfire_choices":[{"data":"LessonLearned","floor":8.0,"key":"SMITH"},{"data":"BattleHymn","floor":15.0,"key":"SMITH"},{"data":"Study","floor":25.0,"key":"SMITH"},{"data":"EmptyFist","floor":27.0,"key":"SMITH"},{"data":"Discovery","floor":32.0,"key":"SMITH"},{"data":"EmptyFist","floor":40.0,"key":"SMITH"},{"floor":47,"key":"RECALL"}],"circlet_count":0,"master_deck":["Strike_P+1","Defend_P+1","Defend_P+1","Defend_P+1","Defend_P+1","Eruption+1","Vigilance+1","LessonLearned+1","FlurryOfBlows+1","Swivel+1","DevaForm+1","DeceiveReality+1","BattleHymn+1","Wireheading+1","Conclude+1","EmptyFist+1","DeusExMachina+1","Wallop+1","CarveReality+1","Study+1","Protect+1","Ragnarok+1","EmptyFist+1","Discovery+1","Vault+1","FollowUp+1","ClearTheMind+1","Sanctity+1","TalkToTheHand+1","FollowUp+1","Sanctity+1","CarveReality+1"],"relics":["PureWater","GoldenEye","Bag of Marbles","Coffee Dripper","Eternal Feather","Happy Flower","Membership Card","SlaversCollar","Orrery","Bottled Tornado","Lantern","Vajra","Nunchaku","Lee\u0027s Waffle","Question Card"],"acts_visited":["Exordium","TheCity","TheBeyond"],"potions_floor_usage":[50,50],"damage_taken":[{"damage":0.0,"enemies":"Cultist","floor":1.0,"turns":2.0},{"damage":1.0,"enemies":"Jaw Worm","floor":2.0,"turns":5.0},{"damage":0.0,"enemies":"2 Louse","floor":3.0,"turns":2.0},{"damage":5.0,"enemies":"Large Slime","floor":4.0,"turns":9.0},{"damage":0.0,"enemies":"Red Slaver","floor":5.0,"turns":4.0},{"damage":0.0,"enemies":"Lagavulin","floor":6.0,"turns":7.0},{"damage":0.0,"enemies":"Looter","floor":7.0,"turns":3.0},{"damage":0.0,"enemies":"2 Fungi Beasts","floor":10.0,"turns":3.0},{"damage":2.0,"enemies":"Exordium Thugs","floor":11.0,"turns":5.0},{"damage":0.0,"enemies":"Large Slime","floor":12.0,"turns":1.0},{"damage":2.0,"enemies":"3 Louse","floor":13.0,"turns":3.0},{"damage":1.0,"enemies":"Red Slaver","floor":14.0,"turns":3.0},{"damage":12.0,"enemies":"Hexaghost","floor":16.0,"turns":9.0},{"damage":0.0,"enemies":"Chosen","floor":18.0,"turns":4.0},{"damage":8.0,"enemies":"Shell Parasite","floor":19.0,"turns":6.0},{"damage":5.0,"enemies":"Centurion and Healer","floor":20.0,"turns":5.0},{"damage":0.0,"enemies":"Snake Plant","floor":21.0,"turns":4.0},{"damage":14.0,"enemies":"Sentry and Sphere","floor":22.0,"turns":7.0},{"damage":4.0,"enemies":"Centurion and Healer","floor":23.0,"turns":5.0},{"damage":0.0,"enemies":"Snecko","floor":24.0,"turns":5.0},{"damage":0.0,"enemies":"Shelled Parasite and Fungi","floor":28.0,"turns":1.0},{"damage":0.0,"enemies":"Slavers","floor":29.0,"turns":7.0},{"damage":0.0,"enemies":"Centurion and Healer","floor":30.0,"turns":7.0},{"damage":2.0,"enemies":"Automaton","floor":33.0,"turns":6.0},{"damage":0.0,"enemies":"Orb Walker","floor":35.0,"turns":2.0},{"damage":11.0,"enemies":"3 Shapes","floor":36.0,"turns":3.0},{"damage":0.0,"enemies":"Transient","floor":37.0,"turns":6.0},{"damage":16.0,"enemies":"3 Darklings","floor":39.0,"turns":2.0},{"damage":0.0,"enemies":"Nemesis","floor":41.0,"turns":8.0},{"damage":0.0,"enemies":"Jaw Worm Horde","floor":42.0,"turns":6.0},{"damage":0.0,"enemies":"4 Shapes","floor":44.0,"turns":4.0},{"damage":1,"enemies":"3 Darklings","floor":45,"turns":5},{"damage":71,"enemies":"Time Eater","floor":50,"turns":11}],"seed_played":"-3258370732108088737","potions_obtained":[{"floor":2.0,"key":"BottledMiracle"},{"floor":4.0,"key":"SkillPotion"},{"floor":7.0,"key":"GamblersBrew"},{"floor":13.0,"key":"LiquidBronze"},{"floor":19.0,"key":"Energy Potion"},{"floor":21.0,"key":"BlessingOfTheForge"},{"floor":23.0,"key":"Fire Potion"},{"floor":24.0,"key":"Regen Potion"},{"floor":28.0,"key":"PowerPotion"},{"floor":36.0,"key":"SteroidPotion"},{"floor":42.0,"key":"SpeedPotion"}],"is_trial":false,"path_per_floor":["M","M","M","M","M","E","M","R","T","M","M","M","M","M","R","B",null,"M","M","M","M","M","M","M","R","T","R","M","E","M","$","R","B",null,"M","M","M","$","M","R","E","M","T","M","M","$","R","?","R","B",null,null],"character_chosen":"WATCHER","items_purchased":["Membership Card","Discovery","Orrery","Bottled Tornado","Nunchaku","Lee\u0027s Waffle","Question Card"],"campfire_rested":0,"item_purchase_floors":[31,31,38,38,46,46,46],"current_hp_per_floor":[72,71,71,66,66,66,66,66,66,66,64,64,62,61,61,49,72,72,64,59,59,45,41,41,41,41,53,53,53,53,53,68,66,72,72,61,61,61,45,63,63,63,63,63,62,79,79,79,79,8,8],"gold":0,"neow_bonus":"ONE_RANDOM_RARE_CARD","is_daily":false,"chose_seed":false,"campfire_upgraded":6,"win_rate":0.0,"timestamp":1611807418,"path_taken":["M","M","M","M","M","E","M","R","T","M","M","M","M","M","R","BOSS","M","M","M","M","M","M","M","R","T","R","M","E","M","$","R","BOSS","M","M","M","$","M","R","E","?","T","M","M","$","R","?","R","BOSS"],"items_purchased_type":["Relic","Card","Relic","Relic","Relic","Relic","Relic"],"build_version":"2020-12-22","purchased_purges":3,"victory":true,"max_hp_per_floor":[72,72,72,72,72,72,72,72,72,72,72,72,72,72,72,72,72,72,72,72,72,72,72,72,72,72,72,72,72,72,72,72,72,72,72,72,72,72,72,72,72,72,72,72,72,79,79,79,79,79,79],"card_choices":[{"not_picked":["SashWhip","FollowUp","Prostrate"],"picked":"SKIP","floor":1.0},{"not_picked":["PathToVictory","Protect","FlyingSleeves"],"picked":"SKIP","floor":2.0},{"not_picked":["JustLucky","Consecrate"],"picked":"FlurryOfBlows","floor":3.0},{"not_picked":["FollowUp","Consecrate"],"picked":"Swivel","floor":4.0},{"not_picked":["Wallop","Consecrate"],"picked":"DevaForm","floor":5.0},{"not_picked":["Nirvana","Weave","Protect"],"picked":"SKIP","floor":6.0},{"not_picked":["FollowUp","FlyingSleeves"],"picked":"DeceiveReality","floor":7.0},{"not_picked":["FollowUp","Meditate"],"picked":"BattleHymn","floor":10.0},{"not_picked":["MentalFortress","ThirdEye"],"picked":"Wireheading","floor":11.0},{"not_picked":["Evaluate","JustLucky"],"picked":"Conclude","floor":12.0},{"not_picked":["Swivel","CutThroughFate"],"picked":"EmptyFist","floor":13.0},{"not_picked":["ThirdEye","FlurryOfBlows","Crescendo"],"picked":"SKIP","floor":14.0},{"not_picked":["SpiritShield","Blasphemy"],"picked":"DeusExMachina","floor":16.0},{"not_picked":["Pray+1","Halt"],"picked":"Wallop","floor":18.0},{"not_picked":["CarveReality+1","ReachHeaven","Swivel+1"],"picked":"SKIP","floor":19.0},{"not_picked":["ReachHeaven","FollowUp","CarveReality"],"picked":"SKIP","floor":20.0},{"not_picked":["CutThroughFate+1","Adaptation"],"picked":"CarveReality+1","floor":21.0},{"not_picked":["ThirdEye+1","WreathOfFlame","WaveOfTheHand"],"picked":"SKIP","floor":22.0},{"not_picked":["DeceiveReality","Wireheading+1"],"picked":"Study","floor":23.0},{"not_picked":["DevaForm","LikeWater","BattleHymn"],"picked":"SKIP","floor":24.0},{"not_picked":["Evaluate","ReachHeaven"],"picked":"Protect+1","floor":28.0},{"not_picked":["Pray","Fasting2"],"picked":"Ragnarok","floor":29.0},{"not_picked":["Prostrate","FlurryOfBlows"],"picked":"EmptyFist","floor":30.0},{"not_picked":["Brilliance","SpiritShield"],"picked":"Vault","floor":33.0},{"not_picked":["FlyingSleeves","Evaluate+1"],"picked":"FollowUp+1","floor":35.0},{"not_picked":["SashWhip+1","Perseverance"],"picked":"ClearTheMind+1","floor":36.0},{"not_picked":["Protect","LikeWater+1"],"picked":"Sanctity","floor":37.0},{"not_picked":["FlurryOfBlows","ClearTheMind+1"],"picked":"TalkToTheHand+1","floor":38.0},{"not_picked":["Pray+1","Evaluate+1"],"picked":"FollowUp+1","floor":39.0},{"not_picked":["DeceiveReality","Fasting2+1"],"picked":"Sanctity+1","floor":41.0},{"not_picked":["WindmillStrike","Crescendo+1","Study"],"picked":"SKIP","floor":42.0},{"not_picked":["PathToVictory","Vengeance"],"picked":"Indignation+1","floor":44.0},{"not_picked":["Weave+1","Vengeance"],"picked":"CarveReality+1","floor":45}],"player_experience":239735,"relics_obtained":[{"floor":6.0,"key":"GoldenEye"},{"floor":9.0,"key":"Bag of Marbles"},{"floor":26.0,"key":"Eternal Feather"},{"floor":29.0,"key":"Happy Flower"},{"floor":41.0,"key":"Lantern"},{"floor":43.0,"key":"Vajra"}],"event_choices":[{"cards_removed":["Indignation"],"damage_healed":0,"gold_gain":0,"player_choice":"Removed Skill","damage_taken":0,"max_hp_gain":0,"max_hp_loss":0,"event_name":"Falling","floor":48,"gold_loss":0}],"is_beta":false,"boss_relics":[{"not_picked":["Calling Bell","Pandora\u0027s Box"],"picked":"Coffee Dripper"},{"not_picked":["Philosopher\u0027s Stone","Snecko Eye"],"picked":"SlaversCollar"}],"items_purged_floors":[31,38,46],"is_endless":false,"potions_floor_spawned":[2,4,7,13,19,21,23,24,28,36,42],"ascension_level":0}}