{"host":"emut9mh212kd9b86","time":1611796571,"event":{"mods":["ATMod(阿瑾Mod)","Act Like it!","Arknights The Spire","BaseMod","Lobotomy","Minty Spire (QoL Compilation)","MostiFishMod","Shop Mod","Spicy Shops","StSLib","TestMod","【遗物卡牌】REMEMod"],"gold_per_floor":[109,122,142,142,159,184,184,217,217,231,231,258,270,89,89,189,189,208,241,290,308,326,358,377,404,429,464,245,277,376,390,390,485,485,495,495,612,630,680,680,706,706,729,747,747,764,777,733,733,733,733,733,550,581,581],"floor_reached":56,"language":"ZHS","playtime":2863,"items_purged":["ats:Strike C","ats:Strike G","ats:Strike S","ats:Defend","ats:Defend","ats:Strike V+1"],"score":3070,"play_id":"05844ddf-0ec3-47bf-b60c-b0092901d92c","local_time":"20210128091611","is_ascension_mode":true,"campfire_choices":[{"data":"MostiFishMod:FlyOverUtopia","floor":7.0,"key":"SMITH"},{"data":"ats:Emotion Absorption","floor":15.0,"key":"SMITH"},{"floor":32,"key":"RECALL"},{"data":"ats:Strike V","floor":40,"key":"SMITH"},{"data":"ats:Calcification","floor":42,"key":"SMITH"},{"data":"ats:Defend","floor":49,"key":"SMITH"},{"data":"ats:Defend","floor":52,"key":"SMITH"}],"circlet_count":1,"master_deck":["ats:Armor Crushing Shot+1","ats:Defend+1","ats:Defend+1","ats:Emotion Absorption+1","AT_OneInchPunch+1","ats:Soul Absorption+1","ats:Sashimi Platter+1","ats:Sashimi Platter+1","MostiFishMod:ButterFly+1","ats:Calcification+1"],"relics":["ats:Sanity","testmod-TestBox","DaveBox","AT_ATBox","REME_ComplimentaryCards","testmod-BlackFramedGlasses","RhineSuit","CogitoBucket","SynthV:TestCard","ats:Originium","Molten Egg 2","ThornShield","AT_TimeSand","TreeSap","Letter Opener","MerchantsRug","ShadowXiaoBlade","Red Mask","SkinProphecy","testmod-TurbochargingSystem","Circlet","Oddly Smooth Stone","Thread and Needle","Omamori","testmod-HeartOfStrike","ats:Defend","Eternal Feather","Juzu Bracelet","AT_RedTearstoneRing","AtMidnight","BackwardClock","testmod-BatchProcessingSystem","Pen Nib","Shuriken","ats:Cure","ats:Rhine Circuitry","testmod-FatalChain","Technique","AT_Kusabimaru","AT_ForceNature","AT_ImmortalShieldbow","Bag of Marbles","ats:Snipe","Civilization","ats:Hidden Killer","Ornamental Fan","Bag of Preparation","Pantograph","AT_BellowingDragoncrestRing"],"acts_visited":["Exordium","TheCity","TheBeyond","TheEnding"],"potions_floor_usage":[],"damage_taken":[{"damage":0.0,"enemies":"2 Louse","floor":1.0,"turns":1.0},{"damage":0.0,"enemies":"Small Slimes","floor":2.0,"turns":2.0},{"damage":0.0,"enemies":"Cultist","floor":3.0,"turns":1.0},{"damage":4.0,"enemies":"Lots of Slimes","floor":5.0,"turns":2.0},{"damage":4.0,"enemies":"Lagavulin","floor":6.0,"turns":3.0},{"damage":4.0,"enemies":"Gremlin Nob","floor":8.0,"turns":2.0},{"damage":14.0,"enemies":"Blue Slaver","floor":10.0,"turns":3.0},{"damage":14.0,"enemies":"3 Sentries","floor":12.0,"turns":3.0},{"damage":0.0,"enemies":"Large Slime","floor":13.0,"turns":1.0},{"damage":4.0,"enemies":"Slime Boss","floor":16.0,"turns":5.0},{"damage":4.0,"enemies":"2 Thieves","floor":18.0,"turns":2.0},{"damage":4.0,"enemies":"Masked Bandits","floor":19.0,"turns":3.0},{"damage":46.0,"enemies":"3 Byrds","floor":20.0,"turns":3.0},{"damage":22.0,"enemies":"Snecko","floor":21.0,"turns":3.0},{"damage":4.0,"enemies":"Snake Plant","floor":22.0,"turns":1.0},{"damage":4.0,"enemies":"Book of Stabbing","floor":23.0,"turns":3.0},{"damage":16.0,"enemies":"3 Cultists","floor":24.0,"turns":3.0},{"damage":24.0,"enemies":"Slavers","floor":25.0,"turns":3.0},{"damage":4,"enemies":"Gremlin Leader","floor":27,"turns":3},{"damage":17,"enemies":"Slavers","floor":29,"turns":3},{"damage":5,"enemies":"Shelled Parasite and Fungi","floor":31,"turns":20},{"damage":16,"enemies":"Automaton","floor":33,"turns":7},{"damage":25,"enemies":"3 Darklings","floor":35,"turns":6},{"damage":0,"enemies":"3 Shapes","floor":38,"turns":1},{"damage":54,"enemies":"Mind Bloom Boss Battle","floor":39,"turns":4},{"damage":12,"enemies":"Giant Head","floor":41,"turns":6},{"damage":0,"enemies":"Writhing Mass","floor":44,"turns":1},{"damage":0,"enemies":"Sphere and 2 Shapes","floor":46,"turns":2},{"damage":0,"enemies":"Transient","floor":47,"turns":5},{"damage":72,"enemies":"Awakened One","floor":50,"turns":11},{"damage":0,"enemies":"Shield and Spear","floor":54,"turns":3},{"damage":22,"enemies":"The Heart","floor":55,"turns":5}],"seed_played":"-3132363404358644034","potions_obtained":[{"floor":1.0,"key":"Block Potion"},{"floor":8.0,"key":"AttackPotion"},{"floor":12.0,"key":"testmod-SpacePotion"},{"floor":13.0,"key":"Block Potion"},{"floor":19.0,"key":"REME_GoldPotion"},{"floor":20.0,"key":"PowerPotion"},{"floor":23.0,"key":"ats:Emergency Sanity Potion"},{"floor":24.0,"key":"Strength Potion"},{"floor":29,"key":"EssenceOfSteel"},{"floor":35,"key":"Dexterity Potion"},{"floor":39,"key":"Weak Potion"},{"floor":41,"key":"EssenceOfSteel"}],"is_trial":false,"path_per_floor":["M","M","M","?","M","E","R","E","T","M","?","E","M","$","R","B",null,"M","?","M","M","M","E","M","E","T","E","$","E","?","M","R","B",null,"M","?","$","M","?","R","E","R","T","M","?","M","M","$","R","B",null,"R","$","E","B",null],"character_chosen":"DOCTOR_CLASS","items_purchased":["MerchantsRug","DiscerningMonocle","Omamori","testmod-HeartOfStrike","ats:Defend","Eternal Feather","Juzu Bracelet","Pen Nib","Shuriken","ats:Cure","ats:Rhine Circuitry","testmod-FatalChain","Technique","AT_ImmortalShieldbow","Bag of Marbles","ats:Snipe","Civilization","ats:Hidden Killer","Ornamental Fan","ColorlessPotion","Strength Potion","DistilledChaos","Fire Potion","Bag of Preparation","Pantograph"],"campfire_rested":0,"item_purchase_floors":[14,28,28,28,28,28,28,37,37,37,37,37,37,48,48,48,48,48,48,48,48,48,48,53,53],"current_hp_per_floor":[66,68,69,69,67,66,66,64,64,64,64,64,65,65,65,72,72,72,72,48,65,58,53,69,82,82,84,84,74,74,90,90,92,92,94,84,84,81,83,89,93,99,99,96,96,99,106,106,106,115,115,115,115,122,129],"gold":581,"neow_bonus":"","is_daily":false,"chose_seed":false,"campfire_upgraded":6,"win_rate":0.0,"timestamp":1611796571,"path_taken":["M","M","M","?","M","E","R","E","T","M","?","E","?","?","R","BOSS","M","?","M","M","M","E","?","E","T","E","$","E","?","M","R","BOSS","M","?","$","M","?","R","E","R","T","M","?","M","M","$","R","BOSS","R","$","E","BOSS"],"items_purchased_type":["Relic","Relic","Relic","Relic","Card","Relic","Relic","Relic","Relic","Relic","Relic","Relic","Relic","Relic","Relic","Relic","Relic","Relic","Relic","Potion","Potion","Potion","Potion","Relic","Relic"],"build_version":"2020-12-22","purchased_purges":6,"victory":true,"max_hp_per_floor":[72,72,72,72,72,72,72,72,72,72,72,72,72,72,72,72,72,72,72,72,74,76,78,80,82,82,84,84,86,86,90,90,92,92,94,94,94,96,98,98,100,100,100,102,102,104,106,106,106,115,115,115,115,122,129],"card_choices":[{"not_picked":["ats:Soul Rend","ats:Consecutive Shot Auto","ats:Hammer On"],"picked":"SKIP","floor":1.0},{"not_picked":["ats:Magnetic Hammer","ats:Overload","ats:Flexible Camouflage","ats:Consecutive Shot Auto","ats:Ignite"],"picked":"SKIP","floor":2.0},{"not_picked":["ats:Poison Spread","ats:Consecutive Shot Auto","ats:Composite Medical Shells","ats:Explosion Area Strengthen","ats:Guard Mode"],"picked":"SKIP","floor":3.0},{"not_picked":["ats:Ignite","ats:Closed Bolt Burst Fire","ats:Powerful Strike","ats:Song Of Battle"],"picked":"ats:Soul Absorption","floor":5.0},{"not_picked":["ats:Encircling Forest","ats:Apocalypse","ats:Curse Doll","ats:Poison Spread+1","ats:Song Of Battle"],"picked":"SKIP","floor":6.0},{"not_picked":["ats:Sunburst+1","ats:Powerful Strike+1","ats:Directed Diagnosis","ats:Cat Scratch+1"],"picked":"ats:Sashimi Platter+1","floor":8.0},{"not_picked":["ats:Consecutive Shot Auto+1","ats:Curse Doll","ats:Roar Of Ursus","ats:Guard Mode","ats:Song Of Battle"],"picked":"SKIP","floor":10.0},{"not_picked":["ats:Literary Storm","ats:Soul Absorption","ats:Revitalization","ats:Charging Defense","ats:Leaping Hammer+1"],"picked":"SKIP","floor":12.0},{"not_picked":["ats:Assault Order","ats:Explosion Area Strengthen+1","ats:Leaping Hammer+1","ats:Hook Shot","ats:Ignite+1"],"picked":"SKIP","floor":13.0},{"not_picked":["ats:Mental Burst+1","ats:Serious Mode","ats:Ignite+1","ats:Leaping Hammer+1","ats:Blood Oath+1"],"picked":"SKIP","floor":18.0},{"not_picked":["ats:Defend Order","ats:Poison Spread+1","ats:Shell Defense","ats:Flexible Camouflage","ats:Revitalization"],"picked":"SKIP","floor":20.0},{"not_picked":["ats:Roar Of Ursus","ats:Beaten Up","ats:Thorns+1","ats:Powerful Strike+1","ats:Closed Bolt Burst Fire+1"],"picked":"SKIP","floor":21.0},{"not_picked":["ats:Shell Defense","ats:Blood Oath+1","ats:Hammer On+1","ats:Overload+1"],"picked":"ats:Sashimi Platter+1","floor":22.0},{"not_picked":["ats:Consecutive Shot Auto+1","ats:Healing Strengthening","ats:Flexible Camouflage+1","ats:Thermite Blade+1","ats:Nebulous Foxfire"],"picked":"SKIP","floor":23.0},{"not_picked":["ats:Revitalization","ats:Defend Order","ats:Charging Defense+1","ats:Composite Medical Shells","ats:Shadow Raid+1"],"picked":"SKIP","floor":24.0},{"not_picked":["ats:Nebulous Foxfire","ats:Soul Absorption","ats:Literary Storm","ats:Flame Of Heaven","ats:Ignite+1"],"picked":"SKIP","floor":25},{"not_picked":["ats:Apocalypse+1","ats:Shadow Assault+1","ats:Powerful Strike+1","ats:Healing Strengthening","ats:Guard Mode"],"picked":"SKIP","floor":27},{"not_picked":["ats:Powerful Strike+1","ats:Healing Drone+1","ats:Hammer On+1","ats:Absolute Focus","ats:Sunburst+1"],"picked":"SKIP","floor":29},{"not_picked":["ats:Guard Mode","ats:LN2 Cannon+1","ats:Apocalypse","ats:Hammer On+1","ats:Durian"],"picked":"SKIP","floor":31},{"not_picked":["ats:Rapid Magazine","ats:Soul Absorption+1","ats:Absolute Focus+1","ats:Beaten Up+1","ats:Defend Order"],"picked":"SKIP","floor":35},{"not_picked":["AT_CelerityRune","testmod-AutoReboundSystem","Trip","MostiFishMod:ForestofLight"],"picked":"MostiFishMod:ButterFly+1","floor":36},{"not_picked":["ats:Counter Healing Mode","ats:Consecutive Shot Auto+1","ats:Cat Scratch+1","ats:Directed Diagnosis+1","ats:Defend Order+1"],"picked":"SKIP","floor":38},{"not_picked":["ats:Apocalypse","ats:Closed Bolt Burst Fire+1","ats:Chain Hook+1","ats:Cat Scratch+1"],"picked":"ats:Calcification","floor":41},{"not_picked":["ats:Counter Healing Mode","ats:Revitalization","ats:Explosion Area Strengthen+1","ats:Burning Ground+1","ats:Assault Order+1"],"picked":"SKIP","floor":44},{"not_picked":["ats:Explosion Area Strengthen+1","ats:Curse Doll+1","ats:Consecutive Shot Auto+1","ats:Directed Diagnosis+1","ats:Powerful Strike+1"],"picked":"SKIP","floor":46},{"not_picked":["ats:Shadow Assault+1","ats:Explosion Area Strengthen+1","ats:Magnetic Hammer+1","ats:Revitalization+1","ats:Guard Mode+1"],"picked":"SKIP","floor":47},{"not_picked":["ats:Guard Mode","ats:Revitalization+1","ats:Sword Rain+1","ats:Assault Order","ats:Beaten Up+1"],"picked":"SKIP","floor":54}],"player_experience":336486,"relics_obtained":[{"floor":1.0,"key":"SynthV:TestCard"},{"floor":6.0,"key":"ats:Originium"},{"floor":6.0,"key":"Molten Egg 2"},{"floor":8.0,"key":"ats:Originium"},{"floor":8.0,"key":"ThornShield"},{"floor":9.0,"key":"AT_TimeSand"},{"floor":12.0,"key":"ats:Originium"},{"floor":12.0,"key":"Letter Opener"},{"floor":19.0,"key":"Red Mask"},{"floor":23.0,"key":"ats:Originium"},{"floor":23.0,"key":"testmod-TurbochargingSystem"},{"floor":24.0,"key":"LetterFromLob"},{"floor":25,"key":"Gambling Chip"},{"floor":26,"key":"Oddly Smooth Stone"},{"floor":27,"key":"Thread and Needle"},{"floor":29,"key":"AT_RedTearstoneRing"},{"floor":31,"key":"AtMidnight"},{"floor":39,"key":"AT_Kusabimaru"},{"floor":41,"key":"AT_ForceNature"},{"floor":54,"key":"AT_BellowingDragoncrestRing"}],"event_choices":[{"damage_healed":0.0,"max_hp_gain":0.0,"max_hp_loss":0.0,"gold_gain":0.0,"event_name":"给自己的盒子","player_choice":"Ignored","floor":4.0,"gold_loss":0.0,"damage_taken":0.0},{"damage_healed":0.0,"max_hp_gain":0.0,"max_hp_loss":0.0,"gold_gain":0.0,"event_name":"Accursed Blacksmith","player_choice":"Forge","floor":11.0,"gold_loss":0.0,"damage_taken":0.0,"cards_upgraded":["AT_OneInchPunch"]},{"damage_healed":0.0,"max_hp_gain":0.0,"max_hp_loss":0.0,"gold_gain":0.0,"event_name":"Masked Bandits","player_choice":"Fought Bandits","floor":19.0,"gold_loss":0.0,"damage_taken":0.0},{"damage_healed":0,"gold_gain":99,"player_choice":"Stole From Cult","damage_taken":0,"max_hp_gain":0,"max_hp_loss":0,"event_name":"Nest","floor":30,"gold_loss":0},{"damage_healed":0,"gold_gain":0,"player_choice":"Memory 3","damage_taken":10,"max_hp_gain":0,"max_hp_loss":0,"event_name":"SensoryStone","floor":36,"gold_loss":0},{"damage_healed":0,"gold_gain":0,"player_choice":"Fight","damage_taken":0,"max_hp_gain":0,"max_hp_loss":0,"event_name":"MindBloom","floor":39,"gold_loss":0},{"cards_removed":["MostiFishMod:FlyOverUtopia"],"damage_healed":0,"gold_gain":0,"player_choice":"Removed Skill","damage_taken":0,"max_hp_gain":0,"max_hp_loss":0,"event_name":"Falling","floor":45,"gold_loss":0}],"is_beta":false,"boss_relics":[{"not_picked":["Coffee Dripper","Snecko Eye"],"picked":"ShadowXiaoBlade"},{"not_picked":["NightmareShop","BloodWine"],"picked":"testmod-BatchProcessingSystem"}],"items_purged_floors":[14,28,28,37,48,48],"is_endless":false,"potions_floor_spawned":[1,8,12,13,19,20,23,24,29,35,39,41,44],"ascension_level":6}}