{"host":"kxbvub3a5s21lqnr","time":1611834408,"event":{"mods":["Bard","BaseMod","Dota2Spire","Minty Spire (QoL Compilation)","MostiFishMod","Reimu£®≤©¿ˆ¡È√Œ£©","Remilia£®¿Ÿ√◊¿Ú—«£©","StSLib","The Cursed","The Hierophant","Yakumo Yukari mod","Youmu£®ªÍ∆«—˝√Œ£©","Yuyuko"],"gold_per_floor":[115,115,115,390,405,439,468,495,495,495,562,93,121,121,121,226,226,247,247,267,294,294,330,330,365,390,414,457,457,483,509,509,623,623,642,663,207,207,207,279,298,370,370,370,84,93,114,169,169,199,199,199,46,76,106],"floor_reached":56,"language":"ZHS","playtime":3567,"items_purged":["Regret","Burst","Defend_G"],"score":1705,"play_id":"fc8730d3-7061-4124-af4b-52d4ec3dc715","local_time":"20210128194648","is_ascension_mode":true,"campfire_choices":[{"floor":15,"key":"REST"},{"data":"MostiFishMod:PoisonShield","floor":24,"key":"SMITH"},{"floor":29,"key":"REST"},{"floor":32,"key":"RECALL"},{"data":"Dagger Throw","floor":44,"key":"SMITH"},{"data":"MostiFishMod:PerfectParry","floor":49,"key":"SMITH"},{"data":"MostiFishMod:ThornCasing","floor":52,"key":"SMITH"}],"circlet_count":0,"master_deck":["Strike_G","Strike_G","Strike_G","Strike_G+1","Strike_G","Defend_G+1","Defend_G","Survivor","Neutralize","Terror","Footwork","MostiFishMod:PoisonShield+1","Deadly Poison","Dagger Throw+1","MostiFishMod:VineMother+1","Reflex","Underhanded Strike","MostiFishMod:InvigoratingSolution","MostiFishMod:PerfectParry+1","Predator+1","Quick Slash","Outmaneuver","Bullet Time+1","Venomology+1","Dagger Throw+1","Distraction+1","MostiFishMod:ThornCasing+1","MostiFishMod:PerfectParry+1","Backstab","Writhe","Backflip+1"],"relics":["Ring of the Snake","DaveBox","Akabeko","BirthdayGift-Tetrahedron","SynthV:TestCard","CeramicFish","ImprovedEquipment","Toy Ornithopter","OriginationStaff","BrkXgEgg","InkBottle","SlaversCollar","Pen Nib","Mercury Hourglass","PreservedInsect","Potion Belt","Tiny Chest","GuanYuAspect","Dota2Spire:HandOfMidas","Nunchaku","Dota2Spire:ArmletOfMordiggian","Letter Opener","MostiFishMod:Haymaker","Meat on the Bone","DiscerningMonocle","Bottled Lightning","Bird Faced Urn"],"acts_visited":["Exordium","TheCity","TheBeyond","TheEnding"],"potions_floor_usage":[11,16,23,33,33,40,40,41,41,47,50,50,50,55,55,55,55,55,55],"damage_taken":[{"damage":0,"enemies":"Jaw Worm","floor":1,"turns":4},{"damage":1,"enemies":"2 Louse","floor":5,"turns":1},{"damage":4,"enemies":"Lagavulin","floor":6,"turns":3},{"damage":6,"enemies":"Cultist","floor":7,"turns":2},{"damage":2,"enemies":"Exordium Thugs","floor":8,"turns":2},{"damage":12,"enemies":"3 Sentries","floor":11,"turns":4},{"damage":3,"enemies":"3 Louse","floor":13,"turns":2},{"damage":10,"enemies":"Slime Boss","floor":16,"turns":6},{"damage":9,"enemies":"2 Thieves","floor":18,"turns":3},{"damage":4,"enemies":"Spheric Guardian","floor":20,"turns":3},{"damage":6,"enemies":"Snake Plant","floor":21,"turns":3},{"damage":4,"enemies":"Book of Stabbing","floor":23,"turns":3},{"damage":5,"enemies":"Slavers","floor":25,"turns":3},{"damage":3,"enemies":"Snecko","floor":27,"turns":2},{"damage":9,"enemies":"Book of Stabbing","floor":28,"turns":3},{"damage":4,"enemies":"Sentry and Sphere","floor":30,"turns":3},{"damage":2,"enemies":"3 Cultists","floor":31,"turns":2},{"damage":6,"enemies":"Champ","floor":33,"turns":4},{"damage":2,"enemies":"Orb Walker","floor":35,"turns":2},{"damage":2,"enemies":"3 Darklings","floor":36,"turns":2},{"damage":5,"enemies":"Reptomancer","floor":40,"turns":2},{"damage":4,"enemies":"Sphere and 2 Shapes","floor":41,"turns":2},{"damage":4,"enemies":"Jaw Worm Horde","floor":47,"turns":2},{"damage":10,"enemies":"Giant Head","floor":48,"turns":4},{"damage":8,"enemies":"Time Eater","floor":50,"turns":5},{"damage":4,"enemies":"Shield and Spear","floor":54,"turns":3},{"damage":12,"enemies":"The Heart","floor":55,"turns":5}],"seed_played":"4632479157662707164","potions_obtained":[{"floor":7,"key":"Dexterity Potion"},{"floor":8,"key":"Weak Potion"},{"floor":11,"key":"Dexterity Potion"},{"floor":13,"key":"GhostInAJar"},{"floor":18,"key":"ZuzhouPotion:ReiMu"},{"floor":27,"key":"Dota2Spire:HealingSalve"},{"floor":31,"key":"PanachePotion"},{"floor":33,"key":"CultistPotion"},{"floor":40,"key":"Regen Potion"},{"floor":47,"key":"SteroidPotion"},{"floor":48,"key":"GrandPatriotsElixir:ReiMu"}],"is_trial":false,"path_per_floor":["M","?","?","?","M","E","M","M","T","T","?","$","M","$","R","B",null,"M","?","M","M","?","E","R","E","T","M","E","R","M","M","R","B",null,"M","M","$","?","?","E","M","T","T","R","$","?","M","E","R","B",null,"R","$","E","B",null],"character_chosen":"THE_SILENT","items_purchased":["BrkXgEgg","InkBottle","Dota2Spire:HandOfMidas","Nunchaku","MostiFishMod:ThornCasing","MostiFishMod:Haymaker","DiscerningMonocle","Bottled Lightning","Swift Potion","PowerPotion","Explosive Potion"],"campfire_rested":2,"item_purchase_floors":[12,12,37,37,37,45,53,53,53,53,53],"current_hp_per_floor":[70,63,49,49,48,44,38,36,36,36,29,29,26,26,47,42,70,61,61,57,51,51,52,52,47,47,44,35,56,52,50,50,63,35,35,35,35,35,35,35,35,35,35,35,35,35,35,35,35,35,35,35,35,35,35],"gold":106,"neow_bonus":"RANDOM_COMMON_RELIC","is_daily":false,"chose_seed":false,"campfire_upgraded":4,"win_rate":0.0,"timestamp":1611834408,"path_taken":["M","?","?","?","M","E","?","M","T","?","?","$","M","?","R","BOSS","M","?","M","M","?","E","R","E","T","M","E","R","M","M","R","BOSS","M","M","$","?","?","E","?","?","T","R","$","?","M","E","R","BOSS","R","$","E","BOSS"],"items_purchased_type":["Relic","Relic","Relic","Relic","Card","Relic","Relic","Relic","Potion","Potion","Potion"],"build_version":"2020-12-22","purchased_purges":3,"victory":true,"max_hp_per_floor":[70,70,70,70,70,70,70,70,70,70,70,70,70,70,70,70,70,70,70,70,70,70,70,70,70,70,70,70,70,70,70,70,70,35,35,35,35,35,35,35,35,35,35,35,35,35,35,35,35,35,35,35,35,35,35],"card_choices":[{"not_picked":["Slice","Acrobatics"],"picked":"Terror","floor":1},{"not_picked":["Dodge and Roll","Choke","Leg Sweep","Slice"],"picked":"Footwork","floor":5},{"not_picked":["Bouncing Flask","Skewer","Distraction","Slice"],"picked":"Blur","floor":6},{"not_picked":["Masterful Stab","Escape Plan","Noxious Fumes","Caltrops"],"picked":"MostiFishMod:PoisonShield","floor":7},{"not_picked":["Slice","Deflect","Sucker Punch","Acrobatics"],"picked":"Deadly Poison","floor":8},{"not_picked":["Prepared","Slice","Dagger Throw","Backflip"],"picked":"Burst","floor":11},{"not_picked":["Dodge and Roll","Deadly Poison","Backflip","MostiFishMod:PoisonShield"],"picked":"Dagger Throw","floor":13},{"not_picked":["Malaise+1","A Thousand Cuts+1","MostiFishMod:Confrontation+1","MostiFishMod:FullyArmed+1"],"picked":"MostiFishMod:VineMother+1","floor":16},{"not_picked":["Poisoned Stab+1","Slice","Acrobatics","PiercingWail+1"],"picked":"Reflex","floor":18},{"not_picked":["Poisoned Stab","Corpse Explosion+1","Masterful Stab","Dodge and Roll"],"picked":"Underhanded Strike","floor":20},{"not_picked":["Noxious Fumes","Deadly Poison","Blade Dance+1","Underhanded Strike"],"picked":"MostiFishMod:InvigoratingSolution","floor":21},{"not_picked":["Backflip","MostiFishMod:PoisonShield+1","Poisoned Stab","Underhanded Strike"],"picked":"MostiFishMod:FullyArmed+1","floor":23},{"not_picked":["Dash+1","Poisoned Stab","Bouncing Flask","Dagger Throw+1"],"picked":"MostiFishMod:PerfectParry+1","floor":25},{"not_picked":["MostiFishMod:FrostNova","Well Laid Plans+1","MostiFishMod:PerfectParry","Acrobatics"],"picked":"Predator+1","floor":27},{"not_picked":["Underhanded Strike","Bane","Poisoned Stab+1","PiercingWail"],"picked":"Quick Slash","floor":28},{"not_picked":["MostiFishMod:FrostNova","MostiFishMod:InvigoratingSolution+1","Blade Dance","All Out Attack"],"picked":"Outmaneuver","floor":30},{"not_picked":["Dagger Throw","Slice","Backflip","Heel Hook"],"picked":"Bullet Time+1","floor":31},{"not_picked":["Envenom+1","Unload+1","A Thousand Cuts+1","Bullet Time+1"],"picked":"Venomology+1","floor":33},{"not_picked":["Bouncing Flask","Masterful Stab+1","Prepared","Footwork+1"],"picked":"Dagger Throw+1","floor":35},{"not_picked":["Prepared+1","Outmaneuver","Underhanded Strike","PiercingWail"],"picked":"Distraction+1","floor":36},{"not_picked":["Bane+1","Flying Knee+1","Masterful Stab+1","Leg Sweep"],"picked":"MostiFishMod:PerfectParry","floor":40},{"not_picked":["Masterful Stab","Blade Dance+1","Dagger Spray+1","Dagger Throw+1"],"picked":"Backstab","floor":41},{"not_picked":["Quick Slash","Deadly Poison","Bane+1","Outmaneuver"],"picked":"Backflip+1","floor":47},{"not_picked":["Endless Agony","Prepared","MostiFishMod:PerfectParry+1","MostiFishMod:Listen+1","Bane+1"],"picked":"SKIP","floor":48},{"not_picked":["Infinite Blades","Flying Knee","Deadly Poison+1","Prepared","Acrobatics"],"picked":"SKIP","floor":54}],"player_experience":83952,"relics_obtained":[{"floor":1,"key":"SynthV:TestCard"},{"floor":6,"key":"CeramicFish"},{"floor":9,"key":"ImprovedEquipment"},{"floor":10,"key":"Toy Ornithopter"},{"floor":23,"key":"Mercury Hourglass"},{"floor":25,"key":"PreservedInsect"},{"floor":26,"key":"Potion Belt"},{"floor":28,"key":"Tiny Chest"},{"floor":40,"key":"Dota2Spire:ArmletOfMordiggian"},{"floor":42,"key":"Letter Opener"},{"floor":48,"key":"Meat on the Bone"},{"floor":54,"key":"Bird Faced Urn"}],"event_choices":[{"cards_removed":["Defend_G"],"damage_healed":0,"gold_gain":0,"player_choice":"Card Removal","damage_taken":7,"max_hp_gain":0,"max_hp_loss":0,"event_name":"Golden Wing","floor":2,"gold_loss":0},{"damage_healed":0,"gold_gain":0,"player_choice":"Entered Light","damage_taken":14,"max_hp_gain":0,"max_hp_loss":0,"event_name":"Shining Light","floor":3,"gold_loss":0,"cards_upgraded":["Strike_G","Defend_G"]},{"damage_healed":0,"gold_gain":275,"player_choice":"Desecrate","damage_taken":0,"max_hp_gain":0,"max_hp_loss":0,"event_name":"Golden Shrine","floor":4,"gold_loss":0,"cards_obtained":["Regret"]},{"damage_healed":0,"gold_gain":0,"player_choice":"Searched \u00273\u0027 times","damage_taken":0,"relics_obtained":["OriginationStaff"],"max_hp_gain":0,"max_hp_loss":0,"event_name":"Dead Adventurer","floor":11,"gold_loss":0},{"damage_healed":0,"gold_gain":0,"player_choice":"Opened","damage_taken":0,"relics_obtained":["Pen Nib"],"max_hp_gain":0,"max_hp_loss":0,"event_name":"The Mausoleum","floor":19,"gold_loss":0},{"cards_removed":["Defend_G"],"damage_healed":0,"gold_gain":0,"player_choice":"Purged","damage_taken":0,"max_hp_gain":0,"max_hp_loss":0,"event_name":"Purifier","floor":22,"gold_loss":0},{"cards_removed":["Blur"],"damage_healed":0,"gold_gain":0,"player_choice":"Removed Skill","damage_taken":0,"max_hp_gain":0,"max_hp_loss":0,"event_name":"Falling","floor":38,"gold_loss":0},{"damage_healed":0,"gold_gain":0,"player_choice":"Ignored","damage_taken":0,"max_hp_gain":0,"max_hp_loss":0,"event_name":"SecretPortal","floor":39,"gold_loss":0},{"damage_healed":9,"gold_gain":0,"player_choice":"Writhe","damage_taken":0,"max_hp_gain":0,"max_hp_loss":0,"event_name":"Winding Halls","floor":46,"gold_loss":0,"cards_obtained":["Writhe"]}],"is_beta":false,"boss_relics":[{"not_picked":["Empty Cage","Ectoplasm"],"picked":"SlaversCollar"},{"not_picked":["Runic Pyramid","Velvet Choker"],"picked":"GuanYuAspect"}],"items_purged_floors":[12,37,53],"is_endless":false,"potions_floor_spawned":[7,8,11,13,18,21,27,31,33,40,47,48],"ascension_level":1}}