{"host":"xhd4yuu3rnu1c5xc","time":1611828362,"event":{"mods":["ATMod(°¢èªMod)","Act Like it!","Aspiration","BaseMod","Better Altar","Better Note","Better Sensory Stone","Better Skull","Better Third Choice","Better Vampires","Better-Laid Plans","Conspire","Displayed Cursed Tome","Dota2Spire","Downfall","Emptier Cage","Energized Spire","Gensokyo","GungeonMod","Hubris","Lobotomy","Marisa£¨ìFÓê¡¡Ä§ÀíÉ³£©","Minty Spire (QoL Compilation)","Mirrors Mod","MostiFishMod","Pale of the Ancients","Potion Indicator Mod","Quick Restart","Relic Stats","Reorder Act Four","Replay The Spire","RumiaBox-Â¶Ã×æ«µÄÉñÃØºÐ×Ó","SacredBarkPlus","StSLib","TestMod","The Jungle","Transform Curses","Uncapped","[IsaacMod]ÒÔÈö¼âËþ","¡¾¹¦ÄÜMod¡¿»ìãçÖ®»·ÐÞ¸´²¹¶¡","¡¾ÒÅÎï¿¨ÅÆ¡¿REMEMod","óô»ðÖ¸ÄÏ"],"gold_per_floor":[117,142,160,186,208,208,267,267,267,192,192,209,237,308,308,388,388,399,446,446,465,479,479,532,557,557,583,601,601,648,648,648,747,747,766,766,835,863,189,227,227,261,286,286,319,319,400,429,83,168,168],"floor_reached":52,"language":"ZHS","playtime":1742,"items_purged":["Strike_P","Strike_P","Defend_P","Pain"],"score":1820,"play_id":"3bd31909-5102-4f1f-8b7e-e699cefa5b2c","local_time":"20210128180602","is_ascension_mode":true,"campfire_choices":[{"data":"Crescendo","floor":6.0,"key":"SMITH"},{"data":"Conclude","floor":8.0,"key":"SMITH"},{"data":"Eruption","floor":11.0,"key":"SMITH"},{"data":"Worship","floor":15.0,"key":"SMITH"},{"data":"LessonLearned","floor":23,"key":"SMITH"},{"data":"EmptyMind","floor":29,"key":"SMITH"},{"data":"SignatureMove","floor":32,"key":"SMITH"},{"data":"Vault","floor":41,"key":"SMITH"},{"data":"Adaptation","floor":44,"key":"SMITH"}],"circlet_count":0,"master_deck":["AscendersBane","Strike_P+1","Strike_P+1","Defend_P+1","Defend_P+1","Defend_P+1","Eruption+1","Vigilance+1","Crescendo+1","Adaptation+1","EmptyMind+1","Worship+1","FlurryOfBlows+1","LessonLearned+1","MostiFishMod:Speedup+1","SignatureMove+1","Vault+1","MostiFishMod:Nomercy+1","Establishment+1","MostiFishMod:DustFall+1","Wish+1","MostiFishMod:LegendTransform+1"],"relics":["PureWater","testmod-TestBox","HushsDoor","DaveBox","AT_ATBox","REME_ComplimentaryCards","Ying","SalivaCoin","testmod-Laevatain","aspiration:Nostalgia","Sizzling Blood","SynthV:TestCard","Dota2Spire:MonkeyKingBar","Bird Faced Urn","REME_HandOfSuture","aspiration:HummingbirdHeart","hubris:TenFootPole","Philosopher\u0027s Stone","StoneCalendar","Gremlin Horn","Replay:Ringing Soul","Dota2Spire:LotusOrb","testmod-DeterminationOfClimber","conspire:BottledYoYo","DemoMod:PartiallyEatenCheese","BrkXgEgg","MagicDraw3","testmod-AssaultLearning","Nunchaku","War Paint","WarpedTongs","DemoMod:GlassGuonStoneRelic","testmod-TurbochargingSystem","Chemical X"],"acts_visited":["Exordium","TheCity","TheBeyond"],"potions_floor_usage":[24,50,50],"damage_taken":[{"damage":0.0,"enemies":"Cultist","floor":1.0,"turns":2.0},{"damage":2.0,"enemies":"conspire:RoseBush","floor":2.0,"turns":4.0},{"damage":0.0,"enemies":"Small Slimes","floor":3.0,"turns":3.0},{"damage":3.0,"enemies":"Looter","floor":4.0,"turns":3.0},{"damage":0.0,"enemies":"2 Fungi Beasts","floor":5.0,"turns":3.0},{"damage":19.0,"enemies":"3 Sentries","floor":7.0,"turns":4.0},{"damage":0.0,"enemies":"3 Louse","floor":12.0,"turns":1.0},{"damage":0.0,"enemies":"Gremlin Nob","floor":13.0,"turns":2.0},{"damage":17.0,"enemies":"Hiden Room Battle","floor":14.0,"turns":3.0},{"damage":8.0,"enemies":"Fading Forest","floor":16.0,"turns":13.0},{"damage":0.0,"enemies":"Chosen","floor":18.0,"turns":3.0},{"damage":0,"enemies":"Spheric Guardian","floor":21,"turns":1},{"damage":0,"enemies":"Cultist and Chosen","floor":22,"turns":2},{"damage":18,"enemies":"Slavers","floor":24,"turns":4},{"damage":18,"enemies":"Sentry and Sphere","floor":25,"turns":4},{"damage":0,"enemies":"conspire:Head Lice","floor":27,"turns":4},{"damage":0,"enemies":"3 Cultists","floor":28,"turns":3},{"damage":26,"enemies":"Gremlin Leader","floor":30,"turns":5},{"damage":51,"enemies":"conspire:MysteriousRune","floor":33,"turns":5},{"damage":0,"enemies":"3 Darklings","floor":35,"turns":3},{"damage":9,"enemies":"2 Orb Walkers","floor":37,"turns":3},{"damage":0,"enemies":"Orb Walker","floor":38,"turns":3},{"damage":0,"enemies":"Giant Head","floor":40,"turns":2},{"damage":0,"enemies":"R_Hoarder","floor":42,"turns":3},{"damage":10,"enemies":"Spire Growth","floor":45,"turns":2},{"damage":8,"enemies":"3 Darklings","floor":47,"turns":2},{"damage":0,"enemies":"Giant Head","floor":48,"turns":1},{"damage":97,"enemies":"MirrorBossEncounter","floor":50,"turns":2}],"seed_played":"-509755172689363255","potions_obtained":[{"floor":3.0,"key":"SteroidPotion"},{"floor":4.0,"key":"Guardian:BlockOnCardUsePotion"},{"floor":12.0,"key":"ColorlessPotion"},{"floor":24,"key":"LifebloodPotion"}],"is_trial":false,"path_per_floor":["M","M","M","M","M","R","E","R","T","$","R","M","E","?","R","B",null,"M","?","?","M","M","R","E","M","T","E","M","R","E","?","R","B",null,"M","?","?","M","$","E","R","E","T","R","M","?","M","E","R","B",null,null],"character_chosen":"WATCHER","items_purchased":["BrkXgEgg","MagicDraw3","Establishment+1","Chemical X","MostiFishMod:LegendTransform+1"],"campfire_rested":0,"item_purchase_floors":[39,39,39,49,49],"current_hp_per_floor":[69,71,72,72,72,72,57,57,57,57,57,61,67,41,41,47,66,72,65,65,69,72,72,59,49,49,57,63,63,45,48,48,8,57,67,67,72,76,79,82,82,82,82,82,85,88,88,88,91,16,16],"gold":168,"neow_bonus":"NOSTALGIA","is_daily":false,"chose_seed":false,"campfire_upgraded":9,"win_rate":0.0,"timestamp":1611828362,"path_taken":["M","?","?","M","?","R","E","R","T","$","R","M","E","?","R","BOSS","M","?","?","M","M","R","E","?","T","E","M","R","E","?","R","BOSS","M","?","?","M","$","E","R","E","T","R","?","?","M","E","R","BOSS"],"items_purchased_type":["Relic","Relic","Card","Relic","Card"],"build_version":"2020-12-22","purchased_purges":4,"victory":true,"max_hp_per_floor":[72,72,72,72,72,72,72,72,72,72,72,72,72,72,72,72,72,72,72,72,72,72,72,72,72,72,72,72,72,72,75,75,78,73,73,73,73,76,79,82,82,82,82,82,85,88,88,88,91,91,91],"relic_stats":{"Nunchaku":[3],"Gremlin Horn":[24,25],"counters":[28,90],"Bird Faced Urn":[47],"StoneCalendar":[0],"Chemical X":[1],"War Paint":["Defend_P","Defend_P"],"obtain_stats":[{"AT_ATBox":0,"Ying":0,"DaveBox":0,"Gremlin Horn":26,"StoneCalendar":24,"DemoMod:GlassGuonStoneRelic":3,"Sizzling Blood":0,"MagicDraw3":39,"Dota2Spire:LotusOrb":30,"Replay:Ringing Soul":27,"Nunchaku":42,"testmod-Laevatain":0,"Philosopher\u0027s Stone":17,"testmod-DeterminationOfClimber":34,"Chemical X":49,"KeepersGift":0,"testmod-TestBox":0,"aspiration:Nostalgia":0,"DemoMod:PartiallyEatenCheese":37,"BrkXgEgg":39,"aspiration:HummingbirdHeart":14,"testmod-TurbochargingSystem":48,"War Paint":43,"WarpedTongs":46,"SynthV:TestCard":1,"Bird Faced Urn":9,"testmod-AssaultLearning":40,"REME_HandOfSuture":13,"SalivaCoin":0,"hubris:TenFootPole":14,"conspire:BottledYoYo":36,"PureWater":0,"HushsDoor":0,"Dota2Spire:MonkeyKingBar":7,"REME_ComplimentaryCards":0},{"AT_ATBox":0,"Ying":0,"DaveBox":0,"Gremlin Horn":15,"StoneCalendar":14,"DemoMod:GlassGuonStoneRelic":3,"Sizzling Blood":0,"MagicDraw3":22,"Dota2Spire:LotusOrb":18,"Replay:Ringing Soul":16,"Nunchaku":24,"testmod-Laevatain":0,"Philosopher\u0027s Stone":10,"testmod-DeterminationOfClimber":19,"Chemical X":27,"KeepersGift":0,"testmod-TestBox":0,"aspiration:Nostalgia":0,"DemoMod:PartiallyEatenCheese":21,"BrkXgEgg":22,"aspiration:HummingbirdHeart":9,"testmod-TurbochargingSystem":27,"War Paint":24,"WarpedTongs":25,"SynthV:TestCard":1,"Bird Faced Urn":6,"testmod-AssaultLearning":23,"REME_HandOfSuture":8,"SalivaCoin":0,"hubris:TenFootPole":9,"conspire:BottledYoYo":20,"PureWater":0,"HushsDoor":0,"Dota2Spire:MonkeyKingBar":6,"REME_ComplimentaryCards":0},{"AT_ATBox":0,"Ying":0,"DaveBox":0,"Gremlin Horn":52,"StoneCalendar":48,"DemoMod:GlassGuonStoneRelic":9,"Sizzling Blood":0,"MagicDraw3":78,"Dota2Spire:LotusOrb":64,"Replay:Ringing Soul":56,"Nunchaku":83,"testmod-Laevatain":0,"Philosopher\u0027s Stone":38,"testmod-DeterminationOfClimber":69,"Chemical X":88,"KeepersGift":0,"testmod-TestBox":0,"aspiration:Nostalgia":0,"DemoMod:PartiallyEatenCheese":75,"BrkXgEgg":78,"aspiration:HummingbirdHeart":25,"testmod-TurbochargingSystem":88,"War Paint":83,"WarpedTongs":85,"SynthV:TestCard":2,"Bird Faced Urn":19,"testmod-AssaultLearning":80,"REME_HandOfSuture":22,"SalivaCoin":0,"hubris:TenFootPole":25,"conspire:BottledYoYo":72,"PureWater":0,"HushsDoor":0,"Dota2Spire:MonkeyKingBar":19,"REME_ComplimentaryCards":0}],"WarpedTongs":[0]},"card_choices":[{"not_picked":[],"picked":"ChaosCard","floor":0.0},{"not_picked":["REME_Repentance","AT_ChampionStep"],"picked":"Crescendo","floor":1.0},{"not_picked":["REME_Repentance","Replay:ManipulateFuture","WreathOfFlame","ThirdEye","Meditate"],"picked":"SKIP","floor":2.0},{"not_picked":["JustLucky","SignatureMove","DeusExMachina","FlurryOfBlows"],"picked":"Adaptation","floor":3.0},{"not_picked":["ForeignInfluence","Protect","REME_MusicOfDeath","ThirdEye","Evaluate"],"picked":"SKIP","floor":4.0},{"not_picked":["Bomb","Replay:BluntJabs","CutThroughFate","REME_MusicOfDeath"],"picked":"Conclude","floor":5.0},{"not_picked":["Fasting2","MostiFishMod:Clarity","MentalFortress","EmptyFist","SpiritShield"],"picked":"SKIP","floor":7.0},{"not_picked":["EmptyBody","InnerPeace","FollowUp","ThirdEye"],"picked":"EmptyMind","floor":12.0},{"not_picked":["Replay:Hum","AT_RealColorLess","Consecrate","Evaluate","Worship"],"picked":"SKIP","floor":13.0},{"not_picked":["Replay:Hum","AT_RealColorLess","Consecrate","Evaluate"],"picked":"Worship","floor":13.0},{"not_picked":["CrushJoints","Replay:Hum","Evaluate","Replay:Anticipation"],"picked":"FlurryOfBlows","floor":14.0},{"not_picked":["AT_ChampionKick","MostiFishMod:Moonprays","Replay:LoomingThreat","MostiFishMod:StarOceanP"],"picked":"LessonLearned","floor":16.0},{"not_picked":["Replay:ManipulateFuture","EmptyBody","MostiFishMod:KamiSmash","Prostrate","Consecrate"],"picked":"SKIP","floor":18.0},{"not_picked":["FlurryOfBlows+1","CutThroughFate","Adaptation","FlyingSleeves","Nirvana"],"picked":"SKIP","floor":21},{"not_picked":["Ragnarok","SashWhip","FlurryOfBlows","PathToVictory"],"picked":"MostiFishMod:Speedup+1","floor":22},{"not_picked":["Halt","MostiFishMod:PathToVictory","Prostrate","Replay:AtTheReady","CarveReality"],"picked":"SKIP","floor":24},{"not_picked":["EmptyFist","Replay:AtTheReady","MostiFishMod:Nomercy","Evaluate","Judgement"],"picked":"SKIP","floor":25},{"not_picked":["FlyingSleeves","SashWhip","ThirdEye","CarveReality","CutThroughFate+1"],"picked":"SKIP","floor":27},{"not_picked":["JustLucky","EmptyBody","ThirdEye","Consecrate","Halt+1"],"picked":"SKIP","floor":28},{"not_picked":["Fasting2","MostiFishMod:Clarity","Evaluate","Perseverance","EmptyBody"],"picked":"SKIP","floor":30},{"not_picked":["Replay:AllIn","ConjureBlade","Judgement","MostiFishMod:Pointsdynamics"],"picked":"Vault","floor":33},{"not_picked":["WreathOfFlame","AT_SoftenMuscles","BattleHymn","AT_RealFormLess","Replay:ManipulateFuture"],"picked":"SKIP","floor":35},{"not_picked":["Replay:ManipulateFuture","MostiFishMod:LegendTransform","Replay:AtTheReady","EmptyFist"],"picked":"MostiFishMod:Nomercy+1","floor":38},{"not_picked":["MostiFishMod:LegendTransform+1","REME_MusicOfDeath","Replay:Hum+1","Wireheading"],"picked":"MostiFishMod:DustFall+1","floor":40},{"not_picked":["CutThroughFate","CrushJoints","Consecrate+1","REME_Repentance","Replay:ManipulateFuture+1"],"picked":"SKIP","floor":42},{"not_picked":["SashWhip+1","CutThroughFate+1","BowlingBash","ClearTheMind"],"picked":"Wish+1","floor":45},{"not_picked":["AT_OneInchPunch","Replay:AtTheReady+1","REME_Repentance","CrushJoints","FlyingSleeves"],"picked":"SKIP","floor":47},{"not_picked":["Conclude+1","CrushJoints","Replay:ManipulateFuture","EmptyBody","BowlingBash"],"picked":"SKIP","floor":48}],"player_experience":1979743,"relics_obtained":[{"floor":1.0,"key":"SynthV:TestCard"},{"floor":7.0,"key":"Dota2Spire:MonkeyKingBar"},{"floor":9.0,"key":"Bird Faced Urn"},{"floor":13.0,"key":"REME_HandOfSuture"},{"floor":14.0,"key":"aspiration:HummingbirdHeart"},{"floor":14.0,"key":"hubris:TenFootPole"},{"floor":24,"key":"StoneCalendar"},{"floor":26,"key":"Gremlin Horn"},{"floor":27,"key":"Replay:Ringing Soul"},{"floor":30,"key":"Dota2Spire:LotusOrb"},{"floor":37,"key":"DemoMod:PartiallyEatenCheese"},{"floor":40,"key":"testmod-AssaultLearning"},{"floor":42,"key":"Nunchaku"},{"floor":43,"key":"War Paint"},{"floor":48,"key":"testmod-TurbochargingSystem"}],"event_choices":[{"damage_healed":0.0,"max_hp_gain":0.0,"max_hp_loss":0.0,"gold_gain":0.0,"event_name":"HidenRoomEvent","player_choice":"Fight","floor":14.0,"gold_loss":0.0,"damage_taken":0.0},{"cards_removed":["Conclude"],"damage_healed":0,"gold_gain":0,"player_choice":"Gave Card","damage_taken":0,"relics_obtained":["conspire:BottledYoYo"],"max_hp_gain":0,"max_hp_loss":0,"event_name":"WeMeetAgain","floor":36,"gold_loss":0},{"damage_healed":0,"gold_gain":0,"player_choice":"Fight","damage_taken":0,"max_hp_gain":0,"max_hp_loss":0,"event_name":"Mysterious Sphere","floor":37,"gold_loss":0},{"damage_healed":0,"gold_gain":0,"player_choice":"Rummage","damage_taken":0,"relics_obtained":["WarpedTongs"],"max_hp_gain":0,"max_hp_loss":0,"event_name":"Accursed Blacksmith","floor":46,"gold_loss":0,"cards_obtained":["Pain"]}],"is_beta":false,"boss_relics":[{"not_picked":["testmod-DreamHouse","FixedStarFall"],"picked":"Philosopher\u0027s Stone"},{"not_picked":[]},{"not_picked":["NightmareShop","REME_DemonsWealth"],"picked":"testmod-DeterminationOfClimber"},{"not_picked":[]}],"items_purged_floors":[10,34,39,49],"is_endless":false,"potions_floor_spawned":[3,4,12,13,16,21,24,25,27,28,35,42],"ascension_level":20}}