{"host":"6vv0uythevi5qk1w","time":1611803468,"event":{"mods":["Act Like it!","BaseMod","Downfall","Gensokyo","Minty Spire (QoL Compilation)","StSLib"],"gold_per_floor":[99,114,132,132,151,163,190,222,234,134,163,173,173,204,216,313,313,313,333,350,363,377,277,300,60,60,60,75,75,471,471,471,471],"floor_reached":31,"language":"ZHS","playtime":2123,"items_purged":[],"score":290,"play_id":"dffe8dff-a9dc-4a08-b07b-d046b8d16dfa","local_time":"20210128111108","is_ascension_mode":true,"campfire_choices":[{"data":"bronze:Replicate","floor":1.0,"key":"SMITH"},{"data":"bronze:Goto","floor":10.0,"key":"SMITH"},{"data":"bronze:Turbo","floor":13.0,"key":"SMITH"},{"floor":18.0,"key":"RECALL"},{"data":"bronze:Repair","floor":23.0,"key":"SMITH"},{"data":"bronze:Terminator","floor":27.0,"key":"SMITH"}],"circlet_count":0,"master_deck":["bronze:Strike","bronze:Strike","bronze:Strike","bronze:Defend","bronze:Defend","bronze:Defend","bronze:Defend","bronze:Replicate+1","bronze:Goto+1","bronze:Iterate","bronze:Turbo+1","bronze:Terminator+1","bronze:Library","bronze:Repair+1","Gensokyo:RustyChest","Gensokyo:TrainingManual","Gensokyo:MissMary","bronze:ThunderWave"],"relics":["SlaversCollar","Gensokyo:OccultBall","Potion Belt","downfall:HeartBlessingBlue","StrikeDummy","Bird Faced Urn","Coffee Dripper","downfall:HeartBlessingRed","Strawberry","OrangePellets","Boot","Smiling Mask"],"acts_visited":["Exordium","Gensokyo:Gensokyo"],"potions_floor_usage":[31],"damage_taken":[{"damage":2.0,"enemies":"Gensokyo:2_Kodama","floor":2.0,"turns":4.0},{"damage":7.0,"enemies":"Gensokyo:Gryphon","floor":3.0,"turns":3.0},{"damage":4.0,"enemies":"Gensokyo:Python","floor":5.0,"turns":3.0},{"damage":8.0,"enemies":"Gensokyo:Kitsune","floor":6.0,"turns":5.0},{"damage":10.0,"enemies":"Gensokyo:Mamizou","floor":8.0,"turns":7.0},{"damage":1.0,"enemies":"Gensokyo:CorruptedTreant","floor":9.0,"turns":2.0},{"damage":8.0,"enemies":"Gensokyo:Cirno","floor":11.0,"turns":7.0},{"damage":6.0,"enemies":"Gensokyo:3_Kodama","floor":12.0,"turns":4.0},{"damage":10.0,"enemies":"Gensokyo:Aya","floor":14.0,"turns":4.0},{"damage":0.0,"enemies":"Gensokyo:LivingMonolith","floor":15.0,"turns":3.0},{"damage":22.0,"enemies":"IC_STATUS_ARCHETYPE","floor":16.0,"turns":10.0},{"damage":0.0,"enemies":"Gensokyo:2_Gloops","floor":19.0,"turns":2.0},{"damage":4.0,"enemies":"Gensokyo:CosmicMonolith","floor":20.0,"turns":3.0},{"damage":13.0,"enemies":"Gensokyo:Slime_Group","floor":21.0,"turns":5.0},{"damage":18.0,"enemies":"Gensokyo:Monolith_and_Dog","floor":22.0,"turns":6.0},{"damage":13.0,"enemies":"Gensokyo:Wraith","floor":28.0,"turns":5.0},{"damage":70.0,"enemies":"Gensokyo:Reisen","floor":30.0,"turns":7.0},{"damage":6,"enemies":"Gensokyo:Mirror_and_Dog","floor":31,"turns":1}],"seed_played":"-9134883958486422911","potions_obtained":[{"floor":2.0,"key":"BlessingOfTheForge"},{"floor":9.0,"key":"DistilledChaos"},{"floor":12.0,"key":"Fruit Juice"},{"floor":16.0,"key":"AttackPotion"},{"floor":20.0,"key":"Fire Potion"},{"floor":22.0,"key":"Dexterity Potion"},{"floor":28.0,"key":"Guardian:BlockOnCardUsePotion"}],"is_trial":false,"path_per_floor":["R","M","M","?","M","M","T","E","M","R","E","M","R","E","M","B",null,"R","M","M","M","M","R","T","COS","?","R","M","?","E","M"],"character_chosen":"THE_AUTOMATON","items_purchased":[],"campfire_rested":0,"item_purchase_floors":[],"current_hp_per_floor":[70,68,61,61,57,49,49,39,38,48,40,34,34,24,24,6,80,80,80,80,67,58,58,65,65,65,65,64,64,6,0,0,0],"gold":471,"neow_bonus":"BOSS_RELIC","is_daily":false,"chose_seed":false,"campfire_upgraded":5,"win_rate":0.0,"timestamp":1611803468,"path_taken":["R","M","M","?","?","M","T","E","?","R","E","M","R","E","M","BOSS","R","M","M","M","M","R","T","COS","?","R","M","?","E","M"],"items_purchased_type":[],"build_version":"2020-12-22","purchased_purges":0,"victory":false,"max_hp_per_floor":[70,70,70,70,70,70,70,70,70,80,80,80,80,80,80,80,80,80,80,80,80,80,80,87,87,79,79,79,79,79,79,79,79],"card_choices":[{"not_picked":["bronze:WhirlingStrike","bronze:Invalidate"],"picked":"bronze:Allocate","floor":2.0},{"not_picked":["bronze:DelayedSlice","bronze:Invalidate"],"picked":"bronze:Iterate","floor":3.0},{"not_picked":["bronze:Separator","bronze:Flail"],"picked":"bronze:Turbo","floor":5.0},{"not_picked":["bronze:Invalidate","bronze:Boost"],"picked":"bronze:Terminator","floor":6.0},{"not_picked":["bronze:Branch","bronze:ShipIt","bronze:Invalidate"],"picked":"SKIP","floor":8.0},{"not_picked":["bronze:Frontload","bronze:Branch","bronze:BuggyMess"],"picked":"SKIP","floor":9.0},{"not_picked":["bronze:Branch","bronze:Return","bronze:WhirlingStrike"],"picked":"SKIP","floor":11.0},{"not_picked":["bronze:Allocate","bronze:Overheat"],"picked":"bronze:Library","floor":12.0},{"not_picked":["bronze:Overheat","bronze:BitShift","bronze:BugBarrage"],"picked":"SKIP","floor":14.0},{"not_picked":["bronze:Overheat","bronze:Shield","bronze:Frontload"],"picked":"SKIP","floor":15.0},{"not_picked":["bronze:WhirlingStrike","bronze:GetLatest"],"picked":"bronze:Repair","floor":19.0},{"not_picked":["bronze:Shell","bronze:Constructor","bronze:Invalidate+1"],"picked":"SKIP","floor":20.0},{"not_picked":["bronze:DarkDash+1","bronze:CutThrough","bronze:Separator"],"picked":"SKIP","floor":21.0},{"not_picked":["bronze:Separator","bronze:WhirlingStrike","bronze:Invalidate+1"],"picked":"SKIP","floor":22.0},{"not_picked":["Gensokyo:TekeTeke","Gensokyo:Doppelganger"],"picked":"Gensokyo:MissMary","floor":26.0},{"not_picked":["bronze:BuggyMess+1","bronze:BitShift","bronze:Repair"],"picked":"SKIP","floor":28.0},{"not_picked":["bronze:Separator","bronze:Library"],"picked":"bronze:ThunderWave","floor":30.0}],"player_experience":497228,"relics_obtained":[{"floor":8.0,"key":"Potion Belt"},{"floor":11.0,"key":"StrikeDummy"},{"floor":14.0,"key":"Bird Faced Urn"},{"floor":16.0,"key":"Gensokyo:OccultBall"},{"floor":24.0,"key":"Strawberry"},{"floor":30.0,"key":"Gensokyo:OccultBall"},{"floor":30.0,"key":"Smiling Mask"}],"event_choices":[],"is_beta":false,"boss_relics":[{"not_picked":["Empty Cage","Black Star"],"picked":"Coffee Dripper"}],"items_purged_floors":[],"is_endless":false,"potions_floor_spawned":[2,9,12,16,20,22,28],"killed_by":"Gensokyo:Mirror_and_Dog","ascension_level":1}}