{"host":"gc0hqzwg2gd3zszy","time":1611859256,"event":{"mods":["BaseMod","DeckTracker","Minty Spire (QoL Compilation)","Relic Stats","SuperFastMode"],"gold_per_floor":[368,127,127,127,147,147,175,186,186,202,202,202],"floor_reached":11,"language":"KOR","playtime":293,"items_purged":["Strike_B"],"score":146,"play_id":"1c76c77a-d709-4e21-b801-45a289eccc89","local_time":"20210129034056","is_ascension_mode":true,"campfire_choices":[{"data":"Coolheaded","floor":6.0,"key":"SMITH"}],"circlet_count":0,"master_deck":["AscendersBane","Strike_B","Strike_B","Strike_B","Defend_B","Defend_B","Defend_B","Zap","Dualcast","Gash","Hello World","FTL","Coolheaded+1","Electrodynamics","Storm","Sunder"],"relics":["Cracked Core","Question Card","Pen Nib"],"acts_visited":["Exordium"],"potions_floor_usage":[11],"damage_taken":[{"damage":10.0,"enemies":"Small Slimes","floor":1.0,"turns":3.0},{"damage":12.0,"enemies":"Jaw Worm","floor":5.0,"turns":3.0},{"damage":13.0,"enemies":"Lagavulin","floor":7.0,"turns":7.0},{"damage":0.0,"enemies":"2 Louse","floor":8.0,"turns":1.0},{"damage":11.0,"enemies":"Blue Slaver","floor":10.0,"turns":3.0},{"damage":23,"enemies":"3 Sentries","floor":11,"turns":2}],"seed_played":"-8105206712120649286","potions_obtained":[{"floor":7.0,"key":"FearPotion"},{"floor":8.0,"key":"Energy Potion"}],"is_trial":false,"path_per_floor":["M","$","?","?","M","R","E","M","T","M","E"],"character_chosen":"DEFECT","items_purchased":["Hello World","FTL"],"campfire_rested":0,"item_purchase_floors":[2,2],"current_hp_per_floor":[54,54,47,52,40,40,27,27,27,16,0,0],"gold":202,"neow_bonus":"TWO_FIFTY_GOLD","is_daily":false,"chose_seed":false,"campfire_upgraded":1,"win_rate":0.0,"timestamp":1611859256,"path_taken":["M","$","?","?","M","R","E","M","T","M","E"],"items_purchased_type":["Card","Card"],"build_version":"2020-12-22","purchased_purges":1,"victory":false,"max_hp_per_floor":[64,64,64,69,69,69,69,69,69,69,69,69],"relic_stats":{"counters":[6,19],"Pen Nib":[0],"Question Card":2,"obtain_stats":[{"Pen Nib":9,"Cracked Core":0,"Question Card":7},{"Pen Nib":4,"Cracked Core":0,"Question Card":3},{"Pen Nib":14,"Cracked Core":0,"Question Card":13}]},"card_choices":[{"not_picked":["Cold Snap","Melter"],"picked":"Gash","floor":1.0},{"not_picked":["Leap","Go for the Eyes"],"picked":"Coolheaded","floor":5.0},{"not_picked":["Barrage","Hologram"],"picked":"Electrodynamics","floor":7.0},{"not_picked":["Hologram","Aggregate","Redo"],"picked":"Storm","floor":8.0},{"not_picked":["Stack","Ball Lightning","Lockon"],"picked":"Sunder","floor":10.0}],"player_experience":1371778,"relics_obtained":[{"floor":7.0,"key":"Question Card"},{"floor":9.0,"key":"Pen Nib"}],"event_choices":[{"cards_removed":["Defend_B"],"damage_healed":0.0,"max_hp_gain":0.0,"max_hp_loss":0.0,"gold_gain":0.0,"event_name":"Golden Wing","player_choice":"Card Removal","floor":3.0,"gold_loss":0.0,"damage_taken":7.0},{"damage_healed":0.0,"max_hp_gain":5.0,"max_hp_loss":0.0,"gold_gain":0.0,"event_name":"Big Fish","player_choice":"Donut","floor":4.0,"gold_loss":0.0,"damage_taken":0.0}],"is_beta":false,"boss_relics":[],"items_purged_floors":[2],"is_endless":false,"potions_floor_spawned":[7,8,10],"killed_by":"3 Sentries","ascension_level":20}}