{"host":"684z1xpuwaoqmmh1","time":1611851429,"event":{"mods":["BaseMod","Downfall","Hermit","Jorbs\u0027s Wanderer Trilogy","Marisa????????","Minty Spire (QoL Compilation)","Robot Space Explorer","Shade Mod","StSLib","The Bug Knight","The Cursed","The Dragon Tamer","The Hayseed","The Hierophant","The Marked","The Mystic","The Runesmith","The Senshi"],"gold_per_floor":[99,109,19,33,133,152,175,175,60,60,90,35,35,35,49,49,49,49],"floor_reached":16,"language":"ENG","playtime":679,"items_purged":["champ:Strike","champ:Strike"],"score":228,"play_id":"61406705-02c9-450c-a16a-653746a7b097","local_time":"20210128183029","is_ascension_mode":true,"campfire_choices":[{"data":"champ:Taunt","floor":1,"key":"SMITH"},{"data":"champ:Encircle","floor":8,"key":"SMITH"},{"data":"champ:EndlessRage","floor":13,"key":"SMITH"}],"circlet_count":0,"master_deck":["AscendersBane","champ:Strike","champ:Strike","champ:Defend","champ:Defend","champ:Defend","champ:Execute","champ:Taunt+1","champ:BerserkerStyle","champ:FaceSlap","champ:Circumvent","champ:FanOfKnives","champ:Encircle+1","champ:RisingSlash","champ:EndlessRage+1","champ:FancyFootwork","champ:DefensiveStyle","champ:HeavySlash"],"relics":["champ:ChampionCrown","Tiny Chest","Ice Cream"],"acts_visited":["Exordium"],"potions_floor_usage":[11,16,16],"damage_taken":[{"damage":12,"enemies":"2 Louse","floor":2,"turns":4},{"damage":20,"enemies":"downfall:FleeingMerchant","floor":3,"turns":4},{"damage":3,"enemies":"Jaw Worm","floor":4,"turns":4},{"damage":15,"enemies":"Cultist","floor":6,"turns":3},{"damage":20,"enemies":"downfall:FleeingMerchant","floor":9,"turns":4},{"damage":5,"enemies":"Gremlin Nob","floor":11,"turns":2},{"damage":20,"enemies":"downfall:FleeingMerchant","floor":12,"turns":4},{"damage":10,"enemies":"2 Fungi Beasts","floor":15,"turns":3},{"damage":62,"enemies":"DF_ARCHETYPE_STREAMLINE","floor":16,"turns":6}],"seed_played":"-4716449886127649731","potions_obtained":[{"floor":2,"key":"LiquidMemories"},{"floor":4,"key":"ColorlessPotion"},{"floor":15,"key":"Swift Potion"}],"is_trial":false,"path_per_floor":["R","M","$","M","?","M","T","R","$","?","E","$","R","?","M","B"],"character_chosen":"THE_CHAMP","items_purchased":["champ:DefensiveStyle"],"campfire_rested":0,"item_purchase_floors":[12],"current_hp_per_floor":[73,71,71,68,68,68,68,68,58,63,63,60,60,60,60,0,0,0],"gold":49,"neow_bonus":"THREE_CARDS","is_daily":false,"chose_seed":false,"campfire_upgraded":3,"win_rate":0.0,"timestamp":1611851429,"path_taken":["R","M","$","M","?","M","T","R","$","?","E","$","R","?","M","BOSS"],"items_purchased_type":["Card"],"build_version":"2020-12-22","purchased_purges":2,"victory":false,"max_hp_per_floor":[81,81,81,81,81,81,81,81,81,86,86,86,86,86,86,86,86,86],"card_choices":[{"not_picked":["champ:BerserkersShout","champ:FanOfKnives"],"picked":"champ:BerserkerStyle","floor":0},{"not_picked":["champ:Haymaker","champ:HeartStrike"],"picked":"champ:FaceSlap","floor":2},{"not_picked":["champ:PreemptiveStrike","champ:BladeFlurry"],"picked":"champ:Circumvent","floor":3},{"not_picked":["champ:Shatter","champ:BringItOn"],"picked":"champ:FanOfKnives","floor":4},{"not_picked":["champ:FanOfKnives","champ:Parry"],"picked":"champ:Encircle","floor":6},{"not_picked":["champ:Encircle","champ:ArenaPreparation"],"picked":"champ:RisingSlash","floor":9},{"not_picked":["champ:Circumvent","champ:BerserkerStyle"],"picked":"champ:EndlessRage","floor":11},{"not_picked":["champ:PerfectedStrike","champ:StanceDance"],"picked":"champ:FancyFootwork","floor":12},{"not_picked":["champ:Circumvent","champ:Backstep"],"picked":"champ:HeavySlash","floor":15}],"player_experience":2988361,"relics_obtained":[{"floor":7,"key":"Tiny Chest"},{"floor":11,"key":"Ice Cream"}],"event_choices":[{"damage_healed":0,"gold_gain":0,"player_choice":"Donut","damage_taken":0,"max_hp_gain":5,"max_hp_loss":0,"event_name":"Big Fish","floor":10,"gold_loss":0},{"cards_removed":["champ:Defend"],"damage_healed":0,"gold_gain":0,"player_choice":"Card Removal","damage_taken":0,"max_hp_gain":0,"max_hp_loss":0,"event_name":"The Cleric","floor":14,"gold_loss":0}],"is_beta":false,"boss_relics":[],"items_purged_floors":[3,9],"is_endless":false,"potions_floor_spawned":[2,4,15],"killed_by":"DF_ARCHETYPE_STREAMLINE","ascension_level":17}}