{"host":"7eytxr1oawi6r5nr","time":1611851183,"event":{"mods":["BaseMod","Better Third Choice","Curses Come First","Dark Map","Hermit","Hubris","Ironclad Rager","Jorbs\u0027s Wanderer Trilogy","Minty Spire (QoL Compilation)","Permanent Neow","Quick Restart","Rare Cards Sparkle","Reliquary","Replay The Spire","Robot Space Explorer","StSLib","The Cursed","The Disciple","The Dragon Tamer","The Forsaken","The Marked","The Mystic","The Runesmith","UnlockEverythingMod","Wide Potions"],"gold_per_floor":[113,45,92,106,71,71,97,117,187,187,201,201,217,248,248,348,348,359,372,215,230,248,248,258,258,258,258,107,140,155,172,172,277,277,294,311,323,340,360,394,123,139,139,168,187,187,106,123,123,123,123,123,71,100,100,100],"floor_reached":55,"language":"ENG","playtime":6793,"items_purged":["theForsaken:TheForsaken_Strike","theForsaken:TheForsaken_Strike"],"score":947,"play_id":"ababc752-e0e4-433a-bb32-2e81f118cfd9","local_time":"20210128162623","is_ascension_mode":true,"campfire_choices":[{"data":"theForsaken:Preservation","floor":6.0,"key":"SMITH"},{"data":"theForsaken:DefensiveStance","floor":10.0,"key":"SMITH"},{"data":"theForsaken:Smite","floor":15.0,"key":"SMITH"},{"data":"theForsaken:DefensiveStance","floor":23.0,"key":"SMITH"},{"data":"theForsaken:Confusion","floor":25.0,"key":"SMITH"},{"data":"theForsaken:Prudence","floor":32.0,"key":"SMITH"},{"floor":46,"key":"RECALL"},{"data":"theForsaken:Bolster","floor":49,"key":"SMITH"},{"data":"theForsaken:BountifulSunlight","floor":52,"key":"SMITH"}],"circlet_count":0,"master_deck":["theForsaken:TheForsaken_Strike","theForsaken:TheForsaken_Strike","theForsaken:TheForsaken_Defend","theForsaken:TheForsaken_Defend","theForsaken:TheForsaken_Defend","theForsaken:TheForsaken_Defend","theForsaken:Smite+1","theForsaken:Penitence","theForsaken:Prudence+1","theForsaken:ScorchingSunlight","theForsaken:DefensiveStance+1","theForsaken:QuickAttack","theForsaken:Preservation+1","theForsaken:FuryStrikes","theForsaken:PanicDive","theForsaken:Confusion+1","theForsaken:Backlash","theForsaken:Bolster+1","theForsaken:DefensiveStance+1","theForsaken:Terrorize+1","theForsaken:BountifulSunlight","theForsaken:BountifulSunlight+1","theForsaken:RainingSunlight+1","theForsaken:AncientWords","theForsaken:FountainOfLife","theForsaken:CleansingLight","theForsaken:HymnOfRest+1","theForsaken:Bolster","Sadistic Nature","theForsaken:Preservation+1","theForsaken:Bolster+1","Parasite","theForsaken:SacredOath"],"relics":["theForsaken:JudgementScales","hubris:64BitClover","Garlic","Pocketwatch","White Beast Statue","Velvet Choker","reliquary:Boomerang","theForsaken:HumbleEgg","hubris:Backtick","theForsaken:Lifeblossom","Counterbalance","Lantern","Replay:Ringing Soul","MealTicket","Mango"],"acts_visited":["Exordium","TheCity","TheBeyond","TheEnding"],"potions_floor_usage":[50,54,54,55,55],"damage_taken":[{"damage":2.0,"enemies":"2 Louse","floor":1.0,"turns":4.0},{"damage":0.0,"enemies":"Jaw Worm","floor":4.0,"turns":4.0},{"damage":13.0,"enemies":"Gremlin Nob","floor":7.0,"turns":6.0},{"damage":0.0,"enemies":"Cultist","floor":8.0,"turns":6.0},{"damage":0.0,"enemies":"Large Slime","floor":11.0,"turns":8.0},{"damage":4.0,"enemies":"Exordium Thugs","floor":13.0,"turns":4.0},{"damage":0.0,"enemies":"Lagavulin","floor":14.0,"turns":7.0},{"damage":0.0,"enemies":"The Guardian","floor":16.0,"turns":9.0},{"damage":16.0,"enemies":"2 Thieves","floor":18.0,"turns":4.0},{"damage":0.0,"enemies":"Spheric Guardian","floor":19.0,"turns":6.0},{"damage":10.0,"enemies":"Snake Plant","floor":21.0,"turns":7.0},{"damage":12.0,"enemies":"Centurion and Healer","floor":22.0,"turns":14.0},{"damage":7.0,"enemies":"3 Cultists","floor":24.0,"turns":9.0},{"damage":1.0,"enemies":"Replay:Snechameleon","floor":29.0,"turns":10.0},{"damage":5.0,"enemies":"Shelled Parasite and Fungi","floor":30.0,"turns":6.0},{"damage":0.0,"enemies":"Centurion and Healer","floor":31.0,"turns":6.0},{"damage":9.0,"enemies":"Champ","floor":33.0,"turns":17.0},{"damage":0.0,"enemies":"Orb Walker","floor":35.0,"turns":6.0},{"damage":29.0,"enemies":"3 Shapes","floor":36.0,"turns":10.0},{"damage":0,"enemies":"Spire Growth","floor":37,"turns":8},{"damage":15,"enemies":"4 Shapes","floor":38,"turns":8},{"damage":8,"enemies":"Writhing Mass","floor":39,"turns":9},{"damage":0,"enemies":"Giant Head","floor":40,"turns":11},{"damage":0,"enemies":"Spire Growth","floor":42,"turns":7},{"damage":28,"enemies":"Reptomancer","floor":44,"turns":11},{"damage":8,"enemies":"Maw","floor":45,"turns":13},{"damage":6,"enemies":"Writhing Mass","floor":48,"turns":7},{"damage":7,"enemies":"Donu and Deca","floor":50,"turns":18},{"damage":32,"enemies":"Shield and Spear","floor":54,"turns":9},{"damage":146,"enemies":"The Heart","floor":55,"turns":18}],"seed_played":"-117374127099841726","potions_obtained":[{"floor":1.0,"key":"DuplicationPotion"},{"floor":3.0,"key":"Death Potion"},{"floor":18.0,"key":"Dexterity Potion"},{"floor":19.0,"key":"LifebloodPotion"},{"floor":24.0,"key":"DuplicationPotion"},{"floor":29.0,"key":"Swift Potion"},{"floor":33.0,"key":"Regen Potion"},{"floor":36,"key":"LifebloodPotion"},{"floor":54,"key":"Weak Potion"}],"is_trial":false,"path_per_floor":["M","$","?","M","?","R","E","M","T","R","M","T","M","E","R","B",null,"M","M","$","M","M","R","M","R","T","?","$","E","M","M","R","B",null,"M","M","M","M","M","E","$","M","T","E","M","R","$","M","R","B",null,"R","$","E","B"],"character_chosen":"THE_FORSAKEN","items_purchased":["theForsaken:DefensiveStance","theForsaken:DefensiveStance","theForsaken:BountifulSunlight","theForsaken:Bolster","Sadistic Nature","theForsaken:Bolster","Block Potion"],"campfire_rested":0,"item_purchase_floors":[2,20,28,41,41,47,53],"current_hp_per_floor":[59,59,45,45,59,59,50,53,53,53,58,58,56,59,59,59,59,43,52,52,48,59,59,56,56,56,69,69,69,69,69,69,69,69,71,64,75,77,79,81,81,83,83,85,87,87,90,95,95,97,97,97,97,114,0,0],"gold":100,"neow_bonus":"THREE_RARE_CARDS","is_daily":false,"chose_seed":false,"campfire_upgraded":8,"win_rate":0.0,"timestamp":1611851183,"path_taken":["M","$","?","M","?","R","E","M","T","R","M","?","M","E","R","BOSS","M","M","$","M","?","R","M","R","T","?","$","E","?","M","R","BOSS","M","M","M","M","M","E","$","M","T","E","M","R","$","M","R","BOSS","R","$","E","BOSS"],"items_purchased_type":["Card","Card","Card","Card","Card","Card","Potion"],"build_version":"2020-12-22","purchased_purges":2,"victory":false,"max_hp_per_floor":[59,59,59,59,59,59,59,59,59,59,59,59,59,59,59,59,59,59,59,59,59,59,59,59,59,59,69,69,69,69,69,69,69,69,71,73,75,77,79,81,81,83,83,85,87,87,90,95,95,97,97,97,97,114,114,114],"card_choices":[{"not_picked":["theForsaken:DarkRift","theForsaken:Horror"],"picked":"theForsaken:Prudence","floor":0.0},{"not_picked":["theForsaken:BountifulSunlight","theForsaken:BlessedWeapon"],"picked":"theForsaken:ScorchingSunlight","floor":1.0},{"not_picked":["theForsaken:WardingHymn","theForsaken:Devotion"],"picked":"theForsaken:QuickAttack","floor":3.0},{"not_picked":["theForsaken:NobleSacrifice","theForsaken:WardingHymn"],"picked":"theForsaken:Preservation","floor":4.0},{"not_picked":["theForsaken:Eulogy","theForsaken:Thunderbolt"],"picked":"theForsaken:FuryStrikes","floor":7.0},{"not_picked":["theForsaken:BlindFaith","theForsaken:Thunderbolt"],"picked":"theForsaken:PanicDive","floor":8.0},{"not_picked":["theForsaken:Devotion","theForsaken:BlightOfFamine"],"picked":"theForsaken:Confusion","floor":11.0},{"not_picked":["theForsaken:StoreUp","theForsaken:SpinAttack","theForsaken:HorrifyingStrike"],"picked":"SKIP","floor":13.0},{"not_picked":["theForsaken:LightRoll","theForsaken:BottledPlague"],"picked":"theForsaken:Backlash","floor":14.0},{"not_picked":["theForsaken:Temperance","theForsaken:SacrificeSoul"],"picked":"theForsaken:CorruptDeck","floor":16.0},{"not_picked":["theForsaken:NobleSacrifice","theForsaken:ChargeAttack"],"picked":"theForsaken:Bolster+1","floor":18.0},{"not_picked":["theForsaken:FatRoll+1","theForsaken:Thunderbolt+1","theForsaken:LightRoll+1"],"picked":"SKIP","floor":19.0},{"not_picked":["theForsaken:ShieldCharge","theForsaken:NobleSacrifice","theForsaken:DivineGuidance"],"picked":"SKIP","floor":21.0},{"not_picked":["theForsaken:CreepingInfection","theForsaken:PanicDive","theForsaken:QuickAttack"],"picked":"SKIP","floor":22.0},{"not_picked":["theForsaken:Tranquility","theForsaken:NobleSacrifice"],"picked":"theForsaken:Terrorize+1","floor":24.0},{"not_picked":["theForsaken:BattleHymn+1","theForsaken:FuryStrikes+1"],"picked":"theForsaken:RainingSunlight+1","floor":29.0},{"not_picked":["theForsaken:ShieldCharge+1","theForsaken:ShieldBash+1","theForsaken:QuickAttack+1"],"picked":"SKIP","floor":30.0},{"not_picked":["theForsaken:BattleHymn+1","theForsaken:StoreUp+1"],"picked":"theForsaken:AncientWords","floor":31.0},{"not_picked":["theForsaken:Horror","theForsaken:CorruptDeck"],"picked":"theForsaken:FountainOfLife","floor":33.0},{"not_picked":["theForsaken:LightRoll+1","theForsaken:ShieldBash+1"],"picked":"theForsaken:CleansingLight","floor":35.0},{"not_picked":["theForsaken:QuickAttack+1","theForsaken:Terrorize+1","theForsaken:HymnOfPatience+1"],"picked":"SKIP","floor":36},{"not_picked":["theForsaken:BindingThorns","theForsaken:DarkBarrier+1"],"picked":"theForsaken:HymnOfRest+1","floor":37},{"not_picked":["theForsaken:NobleSacrifice+1","theForsaken:CreepingInfection+1","theForsaken:HymnOfPatience+1"],"picked":"SKIP","floor":38},{"not_picked":["theForsaken:ShieldCharge+1","theForsaken:RainingSunlight+1","theForsaken:InspiringBlow"],"picked":"SKIP","floor":39},{"not_picked":["theForsaken:ShieldCharge+1","theForsaken:RainingSunlight+1","theForsaken:InspiringBlow"],"picked":"SKIP","floor":39},{"not_picked":["theForsaken:CreepingInfection+1","theForsaken:Temperance","theForsaken:BlightOfFamine"],"picked":"SKIP","floor":40},{"not_picked":["theForsaken:Parry+1","theForsaken:StoreUp+1"],"picked":"theForsaken:Preservation+1","floor":42},{"not_picked":["theForsaken:Preservation+1","theForsaken:WordsOfPestilence","theForsaken:StoreUp+1"],"picked":"SKIP","floor":44},{"not_picked":["theForsaken:HymnOfPatience+1","theForsaken:FuryStrikes+1","theForsaken:BottledPlague+1"],"picked":"SKIP","floor":45},{"not_picked":["theForsaken:Preservation+1","theForsaken:InspiringBlow+1","theForsaken:WardingHymn"],"picked":"SKIP","floor":48},{"not_picked":["theForsaken:ChargeAttack+1","theForsaken:Parry+1"],"picked":"theForsaken:SacredOath","floor":54}],"player_experience":159988,"relics_obtained":[{"floor":7.0,"key":"hubris:64BitClover"},{"floor":9.0,"key":"Garlic"},{"floor":12.0,"key":"Pocketwatch"},{"floor":14.0,"key":"White Beast Statue"},{"floor":21.0,"key":"reliquary:Boomerang"},{"floor":29.0,"key":"theForsaken:HumbleEgg"},{"floor":36,"key":"Counterbalance"},{"floor":40,"key":"Lantern"},{"floor":43,"key":"Replay:Ringing Soul"},{"floor":44,"key":"MealTicket"},{"floor":54,"key":"Mango"}],"event_choices":[{"damage_healed":14.0,"max_hp_gain":0.0,"max_hp_loss":0.0,"gold_gain":0.0,"event_name":"The Cleric","player_choice":"Healed","floor":5.0,"gold_loss":35.0,"damage_taken":0.0},{"cards_removed":["theForsaken:CorruptDeck"],"damage_healed":3.0,"max_hp_gain":10.0,"max_hp_loss":0.0,"gold_gain":0.0,"event_name":"Bonfire Elementals","player_choice":"Offered Rare","floor":27.0,"gold_loss":0.0,"damage_taken":0.0}],"is_beta":false,"boss_relics":[{"not_picked":["Empty Cage","Replay:Bronze Core"],"picked":"Velvet Choker"},{"not_picked":["Painkiller Herb","hubris:TerracottaHorce"],"picked":"hubris:Backtick"}],"items_purged_floors":[20,28],"is_endless":false,"potions_floor_spawned":[1,4,11,16,18,19,21,22,24,29,30,31,33,35,36,37,38,39,40,42,44,45,48,54],"killed_by":"The Heart","ascension_level":2}}