{"host":"fa9lu700uj5rxl8c","time":1611796447,"event":{"mods":["2.2 Compatiblity","A Penny For Your Troubles","AchievementEnabler","AlwaysNeverKeys","Aspiration","Bard","BaseMod","Beaked The Cultist","Bestiary","Better Altar","Better Match","Better Note","Better Sensory Stone","Better Silent Start","Better Skull","Better Third Choice","BetterRewards","ChefMod","Colored Map","Colored Powertips","Conspire","Curses Come First","Displayed Cursed Tome","Energized Spire","Friendly Minions","FruityMod","GifTheSpireLib","Googly Eyes","Hermit","Highlight Path","Hubris","Infinite Spire","Ironclad Rager","Jorbs\u0027s Wanderer Trilogy","Luminous","Mad Scientist","Marisa????????","Minty Spire (QoL Compilation)","Permanent Neow","Quarter Circle Forward PUNCH!","Random Character Button","Reliquary","Reorder Act Four","Replay The Spire","Robot Space Explorer","Shop Mod","Spicy Shops","Spikes Relics","Spire Arcade","StSLib","Stuff the Spire","SuperFastMode","The Administrix","The Blackbeard","The Blue Laboratory","The Bug Knight","The Construct","The Cursed","The Disciple","The Exalted","The Forsaken","The Hierophant","The IronCluck","The Judge","The Juggernuat","The Jungle","The Marked","The Mystic","The Necromancer","The Runesmith","The Sage","The Saiyan","The Servant 0.9.4","TheBandit","TheFirefly","Transform Curses"],"gold_per_floor":[110,110,160,177,191,221,235,252,252,49,76,76,89,101,101,196,196,212,212,231,250,250,250,278,278,278],"floor_reached":25,"language":"ENG","playtime":1767,"items_purged":[],"score":235,"play_id":"0065d9de-cc12-4ca3-b167-b0ecab685fed","local_time":"20210128021407","is_ascension_mode":false,"campfire_choices":[{"data":"RobotSpaceExplorer:StarDust","floor":15,"key":"SMITH"},{"data":"RobotSpaceExplorer:Calculate","floor":23,"key":"SMITH"}],"circlet_count":0,"master_deck":["RobotSpaceExplorer:Strike","RobotSpaceExplorer:Strike","RobotSpaceExplorer:Strike","RobotSpaceExplorer:Strike","RobotSpaceExplorer:Defend","RobotSpaceExplorer:Defend","RobotSpaceExplorer:Defend","RobotSpaceExplorer:Defend","RobotSpaceExplorer:Scan","RobotSpaceExplorer:MiniLasers","RobotSpaceExplorer:StarDust+1","infinitespire:DeathsTouch","RobotSpaceExplorer:PowerGlove","RobotSpaceExplorer:MiniDrones","RobotSpaceExplorer:SelfCleaning","RobotSpaceExplorer:Calculate+1","RobotSpaceExplorer:Probe","RobotSpaceExplorer:PlasmaMissile+1","ReplayTheSpireMod:IOU","RobotSpaceExplorer:Pulsar","Decay","RobotSpaceExplorer:FranticSearch","RobotSpaceExplorer:RigExplosive","RobotSpaceExplorer:Accelerator+1","Normality","RobotSpaceExplorer:ScrapToss+1","RobotSpaceExplorer:Arsenal+1","RobotSpaceExplorer:Probe+1","RobotSpaceExplorer:GlueSpray+1"],"relics":["aspiration:DSix","Ring of Greed","Ring of Searing","MealTicket","Replay:Wax Seal","Golden Egg","MerchantsRug","Centennial Puzzle","Honey Jar","Molten Egg 2","WizardHat"],"acts_visited":["Exordium","TheCity"],"potions_floor_usage":[16,16,18,20,21,24,24,24],"damage_taken":[{"damage":0,"enemies":"conspire:RoseBush","floor":1,"turns":4},{"damage":1,"enemies":"Jaw Worm","floor":4,"turns":3},{"damage":0,"enemies":"Small Slimes","floor":5,"turns":2},{"damage":5,"enemies":"Lagavulin","floor":6,"turns":4},{"damage":1,"enemies":"Red Slaver","floor":7,"turns":4},{"damage":20,"enemies":"Exordium Wildlife","floor":8,"turns":4},{"damage":18,"enemies":"Replay:BlueRogue","floor":11,"turns":5},{"damage":3,"enemies":"Lots of Slimes","floor":13,"turns":2},{"damage":0,"enemies":"Exordium Thugs","floor":14,"turns":2},{"damage":5,"enemies":"Hexaghost","floor":16,"turns":9},{"damage":31,"enemies":"Shell Parasite","floor":18,"turns":6},{"damage":9,"enemies":"Snecko","floor":20,"turns":3},{"damage":25,"enemies":"Shelled Parasite and Fungi","floor":21,"turns":3},{"damage":5,"enemies":"Slavers","floor":24,"turns":3},{"damage":7,"enemies":"Snake Plant","floor":25,"turns":1}],"seed_played":"6847509517678057513","potions_obtained":[{"floor":6,"key":"infinitespire:BlackPotion"},{"floor":7,"key":"SteroidPotion"},{"floor":11,"key":"SpeedPotion"},{"floor":13,"key":"Strength Potion"},{"floor":14,"key":"ColorlessPotion"},{"floor":16,"key":"blueLaboratory:Moonshine"}],"is_trial":false,"path_per_floor":["M","?","?","M","M","E","M","M","T","$","E","?","M","M","R","B",null,"M","?","M","M","T","R","E","M"],"character_chosen":"RobotSpaceExplorer","items_purchased":["MerchantsRug","RobotSpaceExplorer:PlasmaMissile"],"campfire_rested":0,"item_purchase_floors":[10,10],"current_hp_per_floor":[75,56,56,55,55,50,49,29,29,44,26,26,23,23,23,18,75,44,44,35,10,10,10,5,0,0],"gold":278,"neow_bonus":"DSIX","is_daily":false,"chose_seed":false,"campfire_upgraded":2,"win_rate":0.0,"timestamp":1611796447,"path_taken":["M","?","?","M","M","E","M","M","T","$","E","?","M","M","R","BOSS","M","?","M","?","?","R","E","M"],"items_purchased_type":["Relic","Card"],"build_version":"2020-12-22","purchased_purges":0,"victory":false,"max_hp_per_floor":[75,75,75,75,75,75,75,75,75,75,75,75,75,75,75,75,75,75,75,75,75,75,75,75,75,75],"card_choices":[{"not_picked":["RobotSpaceExplorer:Electropulse","RobotSpaceExplorer:StunGrenade"],"picked":"RobotSpaceExplorer:StarDust","floor":1},{"not_picked":["infinitespire:SealOfDarkness+","ReplayTheSpireMod:Haul"],"picked":"infinitespire:DeathsTouch","floor":2},{"not_picked":["RobotSpaceExplorer:SwiftStep","RobotSpaceExplorer:FranticSearch"],"picked":"RobotSpaceExplorer:PowerGlove","floor":4},{"not_picked":["RobotSpaceExplorer:StunGrenade","RobotSpaceExplorer:DoubleBlock"],"picked":"RobotSpaceExplorer:MiniDrones","floor":5},{"not_picked":["RobotSpaceExplorer:LuckyStrike","RobotSpaceExplorer:ShovelStrike"],"picked":"RobotSpaceExplorer:SelfCleaning","floor":6},{"not_picked":["RobotSpaceExplorer:DualCore","RobotSpaceExplorer:PowerCollector"],"picked":"RobotSpaceExplorer:Calculate","floor":7},{"not_picked":["RobotSpaceExplorer:FrostMissile","RobotSpaceExplorer:ImprovisedAttack"],"picked":"RobotSpaceExplorer:Probe","floor":8},{"not_picked":["RobotSpaceExplorer:ImprovisedAttack","RobotSpaceExplorer:SwiftStep"],"picked":"RobotSpaceExplorer:Pulsar","floor":11},{"not_picked":["RobotSpaceExplorer:FreezeRay","RobotSpaceExplorer:Counterblock"],"picked":"RobotSpaceExplorer:FranticSearch","floor":13},{"not_picked":["RobotSpaceExplorer:MiniBoosters","RobotSpaceExplorer:Probe"],"picked":"RobotSpaceExplorer:RigExplosive","floor":14},{"not_picked":["RobotSpaceExplorer:Asteroid","RobotSpaceExplorer:Wormhole"],"picked":"RobotSpaceExplorer:Accelerator","floor":16},{"not_picked":["RobotSpaceExplorer:ImprovisedAttack","RobotSpaceExplorer:SlimeMissile","RobotSpaceExplorer:StunGrenade"],"picked":"RobotSpaceExplorer:ScrapToss+1","floor":18},{"not_picked":["RobotSpaceExplorer:FreezeRay","RobotSpaceExplorer:ToxicBomb","RobotSpaceExplorer:Pulsar"],"picked":"RobotSpaceExplorer:Arsenal","floor":20},{"not_picked":["RobotSpaceExplorer:Counterblock","RobotSpaceExplorer:ScrapMissile","RobotSpaceExplorer:Jetpack"],"picked":"RobotSpaceExplorer:Probe+1","floor":21},{"not_picked":["RobotSpaceExplorer:ShockKick+1","RobotSpaceExplorer:BigMissile+1","RobotSpaceExplorer:SurgingShield"],"picked":"RobotSpaceExplorer:GlueSpray+1","floor":24}],"player_experience":480580,"relics_obtained":[{"floor":3,"key":"Ring of Greed"},{"floor":3,"key":"Ring of Searing"},{"floor":3,"key":"MealTicket"},{"floor":3,"key":"Replay:Wax Seal"},{"floor":6,"key":"Golden Egg"},{"floor":11,"key":"Centennial Puzzle"},{"floor":22,"key":"Molten Egg 2"},{"floor":24,"key":"WizardHat"}],"event_choices":[{"damage_healed":0,"gold_gain":0,"player_choice":"Cursed","damage_taken":0,"max_hp_gain":0,"max_hp_loss":0,"event_name":"Wheel of Change","floor":12,"gold_loss":0,"cards_obtained":["Decay"]},{"cards_removed":["RobotSpaceExplorer:StarDust"],"damage_healed":0,"gold_gain":0,"player_choice":"Give","damage_taken":0,"max_hp_gain":0,"max_hp_loss":0,"event_name":"betterNote:BetterNote","floor":19,"gold_loss":0,"cards_obtained":["None"]}],"is_beta":false,"boss_relics":[{"not_picked":["hubris:ScarierMask","StuffTheSpire:RunicConfusion"],"picked":"Honey Jar"}],"items_purged_floors":[],"is_endless":false,"potions_floor_spawned":[6,7,11,13,14,16],"killed_by":"Snake Plant","ascension_level":0}}