{"host":"q387i5o1hp66091u","time":1611822604,"event":{"mods":["2.2 Compatiblity","BaseMod","Minty Spire (QoL Compilation)","Rare Cards Sparkle"],"gold_per_floor":[19,31,42,54,66,98,98,98,98],"floor_reached":8,"language":"JPN","playtime":424,"items_purged":[],"score":75,"play_id":"ac80c25d-b973-42b0-bb39-4c0e9e9d9f34","local_time":"20210128173004","is_ascension_mode":true,"campfire_choices":[{"floor":7.0,"key":"REST"}],"circlet_count":0,"master_deck":["Strike_B","Strike_B","Strike_B","Strike_B","Defend_B","Defend_B","Defend_B","Defend_B","Zap","Dualcast","Machine Learning","White Noise","White Noise","Coolheaded","Conserve Battery","Cold Snap","Heatsinks"],"relics":["Cracked Core","Pantograph"],"acts_visited":["Exordium"],"potions_floor_usage":[],"damage_taken":[{"damage":1.0,"enemies":"Cultist","floor":1.0,"turns":4.0},{"damage":13.0,"enemies":"Jaw Worm","floor":2.0,"turns":4.0},{"damage":2.0,"enemies":"Small Slimes","floor":3.0,"turns":3.0},{"damage":8.0,"enemies":"2 Fungi Beasts","floor":4.0,"turns":6.0},{"damage":17.0,"enemies":"Exordium Wildlife","floor":5.0,"turns":5.0},{"damage":7.0,"enemies":"3 Sentries","floor":6.0,"turns":5.0},{"damage":32,"enemies":"Gremlin Nob","floor":8,"turns":5}],"seed_played":"-6755820451201439772","potions_obtained":[{"floor":1.0,"key":"Fire Potion"},{"floor":3.0,"key":"EssenceOfSteel"}],"is_trial":false,"path_per_floor":["M","M","M","M","M","E","R","E"],"character_chosen":"DEFECT","items_purchased":[],"campfire_rested":1,"item_purchase_floors":[],"current_hp_per_floor":[74,61,59,51,34,27,49,17,17],"gold":98,"neow_bonus":"THREE_RARE_CARDS","is_daily":false,"chose_seed":false,"campfire_upgraded":0,"win_rate":0.0,"timestamp":1611822604,"path_taken":["M","M","M","?","M","E","R","E"],"items_purchased_type":[],"build_version":"2020-12-22","purchased_purges":0,"victory":false,"max_hp_per_floor":[75,75,75,75,75,75,75,75,75],"card_choices":[{"not_picked":["Reboot","Multi-Cast"],"picked":"Machine Learning","floor":0.0},{"not_picked":["Leap","Rebound"],"picked":"White Noise","floor":1.0},{"not_picked":["Go for the Eyes","Steam"],"picked":"White Noise","floor":2.0},{"not_picked":["Beam Cell","Recycle"],"picked":"Coolheaded","floor":3.0},{"not_picked":["Beam Cell","Lockon"],"picked":"Conserve Battery","floor":4.0},{"not_picked":["Stack","Compile Driver"],"picked":"Cold Snap","floor":5.0},{"not_picked":["Compile Driver","Conserve Battery"],"picked":"Heatsinks","floor":6.0}],"player_experience":606401,"relics_obtained":[{"floor":6.0,"key":"Pantograph"}],"event_choices":[],"is_beta":false,"boss_relics":[],"items_purged_floors":[],"is_endless":false,"potions_floor_spawned":[1,3],"killed_by":"Gremlin Nob","ascension_level":5}}