{"host":"gaqyve1328ta0etl","time":1611867990,"event":{"mods":["BaseMod","Colored Map","Colored Powertips","Googly Eyes","Minty Spire (QoL Compilation)","Shop Mod","StSLib","SuperFastMode","The Hierophant","The Runesmith"],"gold_per_floor":[116,86,99,24,47,47,62,62,62,82,114,130,30,30,30,135,135,153,10,10,25,35,35,55,55,55,55,65,79,95,111,111,111,111],"floor_reached":33,"language":"ENG","playtime":1160,"items_purged":["Strike_G","Strike_G"],"score":505,"play_id":"de15ce87-5a2f-44bb-b0d1-3dbdcc752091","local_time":"20210128130630","is_ascension_mode":true,"campfire_choices":[{"data":"Footwork","floor":6.0,"key":"SMITH"},{"data":"Neutralize","floor":8.0,"key":"SMITH"},{"floor":15.0,"key":"REST"},{"data":"Venomology","floor":23,"key":"SMITH"},{"data":"Backflip","floor":25,"key":"SMITH"},{"data":"Catalyst","floor":32,"key":"SMITH"}],"circlet_count":0,"master_deck":["AscendersBane","Strike_G","Strike_G","Strike_G","Defend_G","Defend_G","Defend_G","Defend_G","Defend_G","Survivor","Neutralize+1","Heel Hook","Footwork+1","Flying Knee","Venomology+1","Backflip+1","Corpse Explosion","Blur","Escape Plan","Catalyst+1","Catalyst"],"relics":["Ring of the Snake","NeowsBlessing","Boot","Letter Opener","Pen Nib","Cursed Key","ClockworkSouvenir","Blood Vial"],"acts_visited":["Exordium","TheCity"],"potions_floor_usage":[22,24,28,30,30,33,33,33],"damage_taken":[{"damage":0.0,"enemies":"Jaw Worm","floor":1.0,"turns":1.0},{"damage":0.0,"enemies":"Cultist","floor":3.0,"turns":1.0},{"damage":0.0,"enemies":"2 Louse","floor":7.0,"turns":1.0},{"damage":2.0,"enemies":"Lots of Slimes","floor":10.0,"turns":6.0},{"damage":1.0,"enemies":"3 Sentries","floor":11.0,"turns":11.0},{"damage":14.0,"enemies":"Exordium Wildlife","floor":12.0,"turns":5.0},{"damage":0.0,"enemies":"Hexaghost","floor":16.0,"turns":13.0},{"damage":0.0,"enemies":"2 Thieves","floor":18.0,"turns":4.0},{"damage":8.0,"enemies":"3 Byrds","floor":21.0,"turns":3.0},{"damage":0,"enemies":"Snecko","floor":22,"turns":6},{"damage":0,"enemies":"Centurion and Healer","floor":24,"turns":6},{"damage":0,"enemies":"3 Cultists","floor":28,"turns":4},{"damage":1,"enemies":"Shelled Parasite and Fungi","floor":29,"turns":5},{"damage":0,"enemies":"Chosen and Byrds","floor":30,"turns":6},{"damage":0,"enemies":"Snecko","floor":31,"turns":5},{"damage":79,"enemies":"Champ","floor":33,"turns":18}],"seed_played":"4331434413668802282","potions_obtained":[{"floor":2.0,"key":"DistilledChaos"},{"floor":2.0,"key":"GhostInAJar"},{"floor":12.0,"key":"ColorlessPotion"}],"is_trial":false,"path_per_floor":["M","?","M","$","T","R","M","R","T","M","E","M","$","?","R","B",null,"M","$","?","M","M","R","M","R","T","?","M","M","M","M","R","B"],"character_chosen":"THE_SILENT","items_purchased":["ClockworkSouvenir"],"campfire_rested":1,"item_purchase_floors":[19],"current_hp_per_floor":[63,63,63,63,63,63,63,63,63,61,60,46,46,46,67,67,69,69,69,69,61,61,61,61,61,61,61,63,64,66,68,68,0,0],"gold":111,"neow_bonus":"THREE_ENEMY_KILL","is_daily":false,"chose_seed":false,"campfire_upgraded":5,"win_rate":0.0,"timestamp":1611867990,"path_taken":["M","?","?","?","?","R","M","R","T","M","E","?","$","?","R","BOSS","M","$","?","M","M","R","M","R","T","?","M","M","M","M","R","BOSS"],"items_purchased_type":["Relic"],"build_version":"2020-12-22","purchased_purges":2,"victory":false,"max_hp_per_floor":[70,70,70,70,70,70,70,70,70,70,70,70,70,70,70,70,70,70,70,70,70,70,70,70,70,70,70,70,70,70,70,70,70,70],"card_choices":[{"not_picked":["Sucker Punch","Reflex"],"picked":"Heel Hook","floor":1.0},{"not_picked":["Infinite Blades","Heel Hook"],"picked":"Footwork","floor":3.0},{"not_picked":["Acrobatics","Accuracy"],"picked":"Flying Knee","floor":7.0},{"not_picked":["Deflect","Bouncing Flask"],"picked":"Venomology","floor":10.0},{"not_picked":["Calculated Gamble","Catalyst"],"picked":"Backflip","floor":11.0},{"not_picked":["Bane","Acrobatics","Blade Dance"],"picked":"SKIP","floor":12.0},{"not_picked":["A Thousand Cuts","Bullet Time"],"picked":"Corpse Explosion","floor":16.0},{"not_picked":["Tactician+1","Dodge and Roll"],"picked":"Blur","floor":18.0},{"not_picked":["Underhanded Strike","Outmaneuver"],"picked":"Escape Plan","floor":21},{"not_picked":["Distraction+1","Masterful Stab+1","Endless Agony"],"picked":"SKIP","floor":22},{"not_picked":["Setup","Bouncing Flask+1","Escape Plan"],"picked":"SKIP","floor":24},{"not_picked":["Slice+1","Cloak And Dagger","PiercingWail"],"picked":"SKIP","floor":28},{"not_picked":["Noxious Fumes","Sucker Punch+1"],"picked":"Catalyst","floor":29},{"not_picked":["Cloak And Dagger+1","Backflip"],"picked":"Catalyst","floor":30},{"not_picked":["PiercingWail","Reflex+1","Caltrops+1"],"picked":"SKIP","floor":31}],"player_experience":2048595,"relics_obtained":[{"floor":5.0,"key":"Boot"},{"floor":9.0,"key":"Letter Opener"},{"floor":11.0,"key":"Pen Nib"}],"event_choices":[{"damage_healed":0.0,"max_hp_gain":0.0,"max_hp_loss":0.0,"gold_gain":0.0,"event_name":"The Woman in Blue","player_choice":"Bought 2 Potions","floor":2.0,"gold_loss":0.0,"damage_taken":0.0},{"damage_healed":0.0,"max_hp_gain":0.0,"max_hp_loss":0.0,"gold_gain":0.0,"event_name":"Liars Game","player_choice":"Ignored","floor":14.0,"gold_loss":0.0,"damage_taken":0.0},{"damage_healed":0.0,"max_hp_gain":0.0,"max_hp_loss":0.0,"gold_gain":0.0,"event_name":"Vampires","player_choice":"Ignored","floor":20.0,"gold_loss":0.0,"damage_taken":0.0},{"damage_healed":0,"gold_gain":0,"player_choice":"Gave Potion","damage_taken":0,"relics_obtained":["Blood Vial"],"max_hp_gain":0,"max_hp_loss":0,"event_name":"WeMeetAgain","floor":27,"gold_loss":0}],"is_beta":false,"boss_relics":[{"not_picked":["Runic Pyramid","Snecko Eye"],"picked":"Cursed Key"}],"items_purged_floors":[4,13],"is_endless":false,"potions_floor_spawned":[3,7,12,21,29,31],"killed_by":"Champ","ascension_level":11}}