{"host":"5tzvto3beate6p8b","time":1611851790,"event":{"mods":["BaseMod","Colored Map","Minty Spire (QoL Compilation)","StSLib","SuperFastMode"],"gold_per_floor":[115,126,126,146,164,164,195,210,210,210,210,14,39,77,77,168,168,184,41,41,62,62,62,80,80,80,93,171,198,198,210,210,289,289,301,318,10,10,10],"floor_reached":38,"language":"JPN","playtime":1938,"items_purged":[],"score":912,"play_id":"7eee4521-a3e0-4321-a60d-70bce74706d6","local_time":"20210129013630","is_ascension_mode":true,"campfire_choices":[{"data":"Bane","floor":6.0,"key":"SMITH"},{"floor":11.0,"key":"REST"},{"data":"Noxious Fumes","floor":15.0,"key":"SMITH"},{"data":"Glass Knife","floor":23.0,"key":"SMITH"},{"data":"Footwork","floor":25.0,"key":"SMITH"},{"data":"Leg Sweep","floor":30,"key":"SMITH"},{"data":"Dagger Spray","floor":32,"key":"SMITH"}],"circlet_count":0,"master_deck":["AscendersBane","Survivor","Neutralize","Bane+1","Deadly Poison","Bouncing Flask","Leg Sweep+1","Poisoned Stab","Sucker Punch","Venomology","Noxious Fumes+1","Masterful Stab","Deadly Poison","Glass Knife+1","Infinite Blades+1","Predator+1","Dash+1","Poisoned Stab","PiercingWail","Footwork+1","Leg Sweep+1","Distraction+1","Blade Dance","PiercingWail","Dagger Spray+1","Envenom","A Thousand Cuts","Die Die Die","Blade Dance","Eviscerate","Blade Dance","Poisoned Stab","Unload","Poisoned Stab+1","Predator+1","Catalyst","Die Die Die","Caltrops"],"relics":["Ring of the Snake","NeowsBlessing","Bloody Idol","StrikeDummy","Eternal Feather","Ornamental Fan","Regal Pillow","Astrolabe","Pantograph","Sundial","Bird Faced Urn","Pandora\u0027s Box"],"acts_visited":["Exordium","TheCity","TheBeyond"],"potions_floor_usage":[29,29,31,33,33,38,38],"damage_taken":[{"damage":0.0,"enemies":"Small Slimes","floor":1.0,"turns":1.0},{"damage":0.0,"enemies":"Jaw Worm","floor":2.0,"turns":1.0},{"damage":0.0,"enemies":"Cultist","floor":4.0,"turns":1.0},{"damage":1.0,"enemies":"3 Louse","floor":5.0,"turns":4.0},{"damage":34.0,"enemies":"Gremlin Nob","floor":7.0,"turns":4.0},{"damage":10.0,"enemies":"Exordium Wildlife","floor":8.0,"turns":7.0},{"damage":1.0,"enemies":"Blue Slaver","floor":13.0,"turns":3.0},{"damage":0.0,"enemies":"Lagavulin","floor":14.0,"turns":4.0},{"damage":11.0,"enemies":"Slime Boss","floor":16.0,"turns":10.0},{"damage":12.0,"enemies":"Chosen","floor":18.0,"turns":5.0},{"damage":2.0,"enemies":"Spheric Guardian","floor":21.0,"turns":5.0},{"damage":41.0,"enemies":"Shelled Parasite and Fungi","floor":24.0,"turns":5.0},{"damage":13,"enemies":"3 Cultists","floor":27,"turns":6},{"damage":4,"enemies":"Gremlin Leader","floor":29,"turns":8},{"damage":9,"enemies":"Centurion and Healer","floor":31,"turns":7},{"damage":35,"enemies":"Automaton","floor":33,"turns":11},{"damage":8,"enemies":"Orb Walker","floor":35,"turns":3},{"damage":55,"enemies":"3 Darklings","floor":36,"turns":6},{"damage":21,"enemies":"Spire Growth","floor":38,"turns":3}],"seed_played":"-6064288644391053083","potions_obtained":[{"floor":1.0,"key":"Fruit Juice"},{"floor":2.0,"key":"Block Potion"},{"floor":13.0,"key":"Strength Potion"},{"floor":27,"key":"Poison Potion"},{"floor":31,"key":"Fruit Juice"},{"floor":33,"key":"SpeedPotion"},{"floor":36,"key":"CunningPotion"}],"is_trial":false,"path_per_floor":["M","M","?","M","M","R","E","M","T","T","R","$","M","E","R","B",null,"M","$","?","M","?","R","M","R","T","M","T","E","R","M","R","B",null,"M","M","$","M"],"character_chosen":"THE_SILENT","items_purchased":["Venomology","Noxious Fumes","PiercingWail","Footwork","Catalyst","Die Die Die","Caltrops"],"campfire_rested":1,"item_purchase_floors":[12,12,19,19,37,37,37],"current_hp_per_floor":[64,64,64,64,63,63,29,19,19,19,47,47,46,46,58,47,60,48,48,48,46,46,61,25,40,40,32,37,38,56,63,69,41,62,61,15,15,0,0],"gold":10,"neow_bonus":"THREE_ENEMY_KILL","is_daily":false,"chose_seed":false,"campfire_upgraded":6,"win_rate":0.0,"timestamp":1611851790,"path_taken":["M","M","?","M","M","R","E","M","T","?","R","?","?","E","R","BOSS","M","$","?","M","?","R","M","R","T","M","?","E","R","M","R","BOSS","M","M","$","M"],"items_purchased_type":["Card","Card","Card","Card","Card","Card","Card"],"build_version":"2020-12-22","purchased_purges":0,"victory":false,"max_hp_per_floor":[71,71,64,64,64,64,64,64,64,64,64,64,64,64,64,64,64,64,64,64,64,64,64,64,64,64,64,64,64,64,69,69,69,69,69,69,69,69,69],"card_choices":[{"not_picked":["Leg Sweep","Escape Plan"],"picked":"Bane","floor":1.0},{"not_picked":["Tactician","Cloak And Dagger"],"picked":"Deadly Poison","floor":2.0},{"not_picked":["Cloak And Dagger","Escape Plan"],"picked":"Bouncing Flask","floor":4.0},{"not_picked":["PiercingWail","Quick Slash"],"picked":"Leg Sweep","floor":5.0},{"not_picked":["Eviscerate","Acrobatics"],"picked":"Poisoned Stab","floor":7.0},{"not_picked":["Cloak And Dagger","Backflip"],"picked":"Sucker Punch","floor":8.0},{"not_picked":["Cloak And Dagger","Dodge and Roll"],"picked":"Masterful Stab","floor":13.0},{"not_picked":["Infinite Blades","Riddle With Holes"],"picked":"Deadly Poison","floor":14.0},{"not_picked":["Phantasmal Killer","A Thousand Cuts"],"picked":"Glass Knife","floor":16.0},{"not_picked":["Setup+1","Underhanded Strike"],"picked":"Poisoned Stab","floor":18.0},{"not_picked":["Acrobatics+1","Deadly Poison"],"picked":"Leg Sweep+1","floor":21.0},{"not_picked":["Terror","Infinite Blades"],"picked":"Distraction+1","floor":24.0},{"not_picked":["Backstab","Dagger Throw"],"picked":"Blade Dance","floor":27},{"not_picked":["Unload","Prepared"],"picked":"PiercingWail","floor":29},{"not_picked":["Underhanded Strike","Reflex"],"picked":"Dagger Spray","floor":31},{"not_picked":["Bullet Time","Die Die Die"],"picked":"Envenom","floor":33},{"not_picked":["Terror+1","Deflect+1"],"picked":"Poisoned Stab+1","floor":35},{"not_picked":["Caltrops","Flying Knee"],"picked":"Predator+1","floor":36}],"player_experience":685427,"relics_obtained":[{"floor":7.0,"key":"StrikeDummy"},{"floor":9.0,"key":"Eternal Feather"},{"floor":10.0,"key":"Ornamental Fan"},{"floor":14.0,"key":"Regal Pillow"},{"floor":26.0,"key":"Pantograph"},{"floor":28,"key":"Sundial"},{"floor":29,"key":"Bird Faced Urn"}],"event_choices":[{"damage_healed":0.0,"max_hp_gain":0.0,"max_hp_loss":7.0,"gold_gain":0.0,"event_name":"Golden Idol","player_choice":"Lose Max HP","floor":3.0,"gold_loss":0.0,"damage_taken":0.0,"relics_obtained":["Golden Idol"]},{"damage_healed":0.0,"max_hp_gain":0.0,"max_hp_loss":0.0,"gold_gain":0.0,"event_name":"Vampires","player_choice":"Ignored","floor":20.0,"gold_loss":0.0,"damage_taken":0.0},{"damage_healed":0.0,"max_hp_gain":0.0,"max_hp_loss":0.0,"gold_gain":0.0,"event_name":"Forgotten Altar","player_choice":"Gave Idol","floor":22.0,"relics_lost":["Golden Idol"],"gold_loss":0.0,"damage_taken":0.0,"relics_obtained":["Bloody Idol"]}],"is_beta":false,"boss_relics":[{"not_picked":["WristBlade","Runic Pyramid"],"picked":"Astrolabe"},{"not_picked":["SlaversCollar","Philosopher\u0027s Stone"],"picked":"Pandora\u0027s Box"}],"items_purged_floors":[],"is_endless":false,"potions_floor_spawned":[1,2,13,21,27,31,33,36],"killed_by":"Spire Growth","ascension_level":20}}