{"host":"6gnjg44wf0nz538o","time":1611813426,"event":{"mods":["AchievementEnabler","BaseMod","BetterRewards","Colored Map","Minty Spire (QoL Compilation)","Replay The Spire","Spicy Shops","StSLib"],"gold_per_floor":[115,115,95,111,111,139,153,153,153,188,188,188,188,204,204,281,281,295,33,33,43,43,78,78,96,122,122,149,166,166,177,177,177,177],"floor_reached":33,"language":"ENG","playtime":1078,"items_purged":[],"score":688,"play_id":"43cbebf9-1426-41b1-b70f-dfd8dff161a2","local_time":"20210128005706","is_ascension_mode":true,"campfire_choices":[{"floor":8.0,"key":"REST"},{"data":"Reaper","floor":11.0,"key":"SMITH"},{"floor":15.0,"key":"REST"},{"floor":24,"key":"REST"},{"data":"Sword Boomerang","floor":27,"key":"SMITH"},{"data":"Searing Blow","floor":32,"key":"SMITH"}],"circlet_count":0,"master_deck":["AscendersBane","Strike_R","Strike_R+1","Strike_R","Strike_R","Strike_R","Defend_R","Defend_R","Defend_R","Defend_R","Bash","Reckless Charge","Cleave","Clumsy","Bash","Reaper+1","CommonCold","Flex","RitualDagger+1","Perfected Strike+1","Pommel Strike","Sword Boomerang+1","Anger","Searing Blow+1"],"relics":["Black Blood","Lizard Tail","Bronze Scales","Replay:Bottled Snecko","Charon\u0027s Ashes","ReplayTheSpireMod:Ring of Addiction","Ring of Misfortune","Potion Belt","Toy Ornithopter","Gremlin Horn","Question Card","Omamori","Replay:Accelerometer","Frozen Egg 2"],"acts_visited":["Exordium","TheCity"],"potions_floor_usage":[23,23,23,29,33,33],"damage_taken":[{"damage":9.0,"enemies":"Jaw Worm","floor":1.0,"turns":3.0},{"damage":0.0,"enemies":"2 Louse","floor":4.0,"turns":2.0},{"damage":35.0,"enemies":"Lagavulin","floor":6.0,"turns":5.0},{"damage":0.0,"enemies":"Cultist","floor":7.0,"turns":3.0},{"damage":24.0,"enemies":"Gremlin Nob","floor":10.0,"turns":4.0},{"damage":10.0,"enemies":"3 Louse","floor":14.0,"turns":2.0},{"damage":38.0,"enemies":"Fading Forest","floor":16.0,"turns":11.0},{"damage":42,"enemies":"Shell Parasite","floor":18,"turns":5},{"damage":30,"enemies":"Chosen","floor":21,"turns":4},{"damage":45,"enemies":"Book of Stabbing","floor":23,"turns":4},{"damage":11,"enemies":"Snecko","floor":25,"turns":4},{"damage":22,"enemies":"Gremlin Leader","floor":28,"turns":6},{"damage":10,"enemies":"Chosen and Byrds","floor":29,"turns":4},{"damage":25,"enemies":"Centurion and Healer","floor":31,"turns":4},{"damage":144,"enemies":"Collector","floor":33,"turns":7}],"seed_played":"5183413501769671568","potions_obtained":[{"floor":1.0,"key":"Dexterity Potion"},{"floor":3.0,"key":"Elixir"},{"floor":12.0,"key":"Strength Potion"},{"floor":12.0,"key":"Adrenaline Potion"},{"floor":12.0,"key":"SteroidPotion"},{"floor":14.0,"key":"DuplicationPotion"},{"floor":18,"key":"Swift Potion"},{"floor":28,"key":"Block Potion"},{"floor":31,"key":"Explosive Potion"}],"is_trial":false,"path_per_floor":["M","?","?","M","?","E","M","R","T","E","R","?","?","M","R","B",null,"M","$","?","M","?","E","R","M","T","R","E","M","?","M","R","B"],"character_chosen":"IRONCLAD","items_purchased":["Lizard Tail","Bronze Scales","Gremlin Horn"],"campfire_rested":3,"item_purchase_floors":[0,0,19],"current_hp_per_floor":[65,65,65,71,71,42,48,70,70,57,57,57,57,53,75,48,67,44,44,38,27,27,29,49,50,50,50,57,67,67,64,64,0,0],"gold":177,"neow_bonus":"","is_daily":false,"chose_seed":false,"campfire_upgraded":3,"win_rate":0.0,"timestamp":1611813426,"path_taken":["M","?","?","?","?","E","?","R","T","E","R","?","?","M","R","BOSS","M","$","?","M","?","E","R","?","T","R","E","M","?","M","R","BOSS"],"items_purchased_type":["Relic","Relic","Relic"],"build_version":"2020-12-22","purchased_purges":0,"victory":false,"max_hp_per_floor":[75,75,75,75,75,75,75,75,75,75,75,75,75,75,75,73,73,73,73,71,71,71,69,69,69,69,67,67,67,67,67,67,65,65],"card_choices":[{"not_picked":["Pommel Strike","Inflame"],"picked":"Cleave","floor":1.0},{"not_picked":["Run Through","Spot Weakness","Life Link"],"picked":"SKIP","floor":4.0},{"not_picked":["Exhume","Reaper","Massacre"],"picked":"SKIP","floor":6.0},{"not_picked":["Exhume","Massacre"],"picked":"Reaper","floor":6.0},{"not_picked":["Twin Strike","Battle Trance","Spot Weakness"],"picked":"SKIP","floor":7.0},{"not_picked":["ReplayTheSpireMod:Strike From Hell","Wild Strike","Massacre"],"picked":"SKIP","floor":10.0},{"not_picked":["Disarm","Warcry","Iron Wave"],"picked":"SKIP","floor":14.0},{"not_picked":["Body Slam","Carnage"],"picked":"Flex","floor":18},{"not_picked":["True Grit","Warcry+1"],"picked":"Perfected Strike+1","floor":21},{"not_picked":["Iron Wave+1","Thunderclap"],"picked":"Pommel Strike","floor":23},{"not_picked":["Cleave","Anger","Fire Breathing"],"picked":"Sword Boomerang","floor":25},{"not_picked":["Brutality","Battle Trance","Impervious","Iron Wave"],"picked":"SKIP","floor":28},{"not_picked":["Sword Boomerang+1","Clash+1","Thunderclap"],"picked":"Anger","floor":29},{"not_picked":["Blood for Blood","Combust+1","Shrug It Off"],"picked":"Searing Blow","floor":31}],"player_experience":540512,"relics_obtained":[{"floor":6.0,"key":"Replay:Bottled Snecko"},{"floor":10.0,"key":"Charon\u0027s Ashes"},{"floor":12.0,"key":"ReplayTheSpireMod:Ring of Addiction"},{"floor":12.0,"key":"Ring of Misfortune"},{"floor":12.0,"key":"Potion Belt"},{"floor":12.0,"key":"Toy Ornithopter"},{"floor":23,"key":"Question Card"},{"floor":26,"key":"Omamori"},{"floor":28,"key":"Replay:Accelerometer"}],"event_choices":[{"damage_healed":0.0,"max_hp_gain":0.0,"max_hp_loss":0.0,"gold_gain":0.0,"event_name":"The Woman in Blue","player_choice":"Bought 1 Potion","floor":3.0,"gold_loss":0.0,"damage_taken":0.0},{"damage_healed":0.0,"max_hp_gain":0.0,"max_hp_loss":0.0,"gold_gain":0.0,"event_name":"Match and Keep!","player_choice":"2 cards matched","floor":5.0,"gold_loss":0.0,"damage_taken":0.0,"cards_obtained":["Clumsy","Bash"]},{"damage_healed":0.0,"max_hp_gain":0.0,"max_hp_loss":0.0,"gold_gain":0.0,"event_name":"Liars Game","player_choice":"Ignored","floor":13.0,"gold_loss":0.0,"damage_taken":0.0},{"damage_healed":0,"gold_gain":0,"player_choice":"Joined the Cult","damage_taken":6,"max_hp_gain":0,"max_hp_loss":0,"event_name":"Nest","floor":20,"gold_loss":0,"cards_obtained":["RitualDagger"]},{"damage_healed":0,"gold_gain":0,"player_choice":"Upgraded","damage_taken":0,"max_hp_gain":0,"max_hp_loss":0,"event_name":"Upgrade Shrine","floor":22,"gold_loss":0,"cards_upgraded":["RitualDagger"]},{"damage_healed":0,"gold_gain":0,"player_choice":"Opened","damage_taken":0,"relics_obtained":["Frozen Egg 2"],"max_hp_gain":0,"max_hp_loss":0,"event_name":"The Mausoleum","floor":30,"gold_loss":0,"cards_obtained":["Writhe"]}],"is_beta":false,"boss_relics":[{"not_picked":["SacredBark","Mark of Pain"],"picked":"Black Blood"}],"items_purged_floors":[],"is_endless":false,"potions_floor_spawned":[1,4,7,14,18,28,31],"killed_by":"Collector","ascension_level":15}}