{"host":"6xga3iob6qevsb35","time":1611811320,"event":{"mods":["ATMod(°¢èªMod)","BaseMod","KinomotoSakuraMod(Ä¾Ö®±¾Ó£)","Minty Spire (QoL Compilation)","StSLib","¡¾ÒÅÎï¿¨ÅÆ¡¿REMEMod"],"gold_per_floor":[117,67,78,32,32,67,81,94,147,147,147,147,163,173,173,277,277,296,296,314,329,105,122,153,153,153,153,153],"floor_reached":27,"language":"ZHS","playtime":2309,"items_purged":[],"score":285,"play_id":"11a705a5-06c1-410a-8a48-8a60a922ffd8","local_time":"20210128132200","is_ascension_mode":false,"campfire_choices":[{"data":"Thinking Ahead","floor":10,"key":"SMITH"},{"data":"ClowCardTheDream","floor":12,"key":"SMITH"},{"data":"ClowCardTheWatery","floor":15,"key":"SMITH"},{"data":"ClowCardTheFly","floor":25,"key":"SMITH"}],"circlet_count":0,"master_deck":["SakuraCardTheEarthy+","ClowCardTheSword+1","ClowCardTheSword","ClowCardTheSword+1","ClowCardTheSword","ClowCardTheShield","ClowCardTheShield","ClowCardTheShield","SpellCardSeal+1","SpellCardRelease","AT_FamilyPortrait","Thinking Ahead+1","ClowCardTheIllusion","ClowCardTheWatery+1","ClowCardTheDream+1","ClowCardTheGlow","ClowCardTheMist","ClowCardTheDark","ClowCardTheLock+1","ClowCardTheFly+1","ClowCardTheLoop","ClowCardTheArrow","ClowCardTheTime"],"relics":["KSMOD_SealedBook","KSMOD_StarWand","AT_ATBox","REME_ComplimentaryCards","NeowsBlessing","Pear","Toy Ornithopter","AT_BladeRuinedKing","KSMOD_SwordJade","AT_TheCollector","Girya"],"acts_visited":["Exordium","TheCity"],"potions_floor_usage":[16,23,27],"damage_taken":[{"damage":0,"enemies":"Jaw Worm","floor":1,"turns":1},{"damage":0,"enemies":"Small Slimes","floor":3,"turns":1},{"damage":0,"enemies":"Lagavulin","floor":6,"turns":1},{"damage":0,"enemies":"2 Louse","floor":7,"turns":5},{"damage":0,"enemies":"Exordium Wildlife","floor":8,"turns":6},{"damage":0,"enemies":"Blue Slaver","floor":13,"turns":4},{"damage":0,"enemies":"3 Louse","floor":14,"turns":3},{"damage":55,"enemies":"Hexaghost","floor":16,"turns":12},{"damage":12,"enemies":"Chosen","floor":18,"turns":5},{"damage":12,"enemies":"Spheric Guardian","floor":20,"turns":4},{"damage":6,"enemies":"3 Cultists","floor":21,"turns":3},{"damage":9,"enemies":"Sentry and Sphere","floor":23,"turns":6},{"damage":0,"enemies":"REME_1_Revenger","floor":24,"turns":3},{"damage":15,"enemies":"Cultist and Chosen","floor":27,"turns":4}],"seed_played":"-4005568345350048728","potions_obtained":[{"floor":1,"key":"FairyPotion"},{"floor":7,"key":"DistilledChaos"},{"floor":16,"key":"Strength Potion"},{"floor":21,"key":"EssenceOfSteel"},{"floor":24,"key":"LiquidBronze"}],"is_trial":false,"path_per_floor":["M","?","M","?","$","E","M","M","T","R","?","R","M","M","R","B",null,"M","?","M","M","$","M","E","R","T","M"],"character_chosen":"KINOMOTOSAKURA","items_purchased":["ClowCardTheLoop","KSMOD_SwordJade"],"campfire_rested":0,"item_purchase_floors":[22,22],"current_hp_per_floor":[70,70,70,70,70,80,80,80,80,80,64,64,64,64,64,14,80,68,68,56,50,50,46,46,46,46,36,36],"gold":153,"neow_bonus":"THREE_ENEMY_KILL","is_daily":false,"chose_seed":false,"campfire_upgraded":4,"win_rate":0.0,"timestamp":1611811320,"path_taken":["M","?","M","?","$","E","M","M","T","R","?","R","M","M","R","BOSS","M","?","M","M","$","M","E","R","T","M"],"items_purchased_type":["Card","Relic"],"build_version":"2020-12-22","purchased_purges":0,"victory":false,"max_hp_per_floor":[70,70,70,70,70,80,80,80,80,80,80,80,80,80,80,80,80,80,80,80,80,80,80,80,80,80,80,80],"card_choices":[{"not_picked":["ClowCardTheBig","ClowCardTheSilent"],"picked":"ClowCardTheIllusion","floor":1},{"not_picked":["ClowCardTheLibra","ClowCardTheFly"],"picked":"ClowCardTheWatery","floor":3},{"not_picked":["ClowCardTheFly","ClowCardTheDash"],"picked":"ClowCardTheDream","floor":6},{"not_picked":["ClowCardTheVoice","ClowCardThePower"],"picked":"ClowCardTheGlow","floor":7},{"not_picked":["ClowCardThePower","ClowCardTheSnow"],"picked":"ClowCardTheMist","floor":8},{"not_picked":["ClowCardTheSweet","ClowCardTheSleep"],"picked":"ClowCardTheEarthy","floor":13},{"not_picked":["ClowCardTheEarthy","ClowCardTheShot","ClowCardTheCloud"],"picked":"SKIP","floor":14},{"not_picked":["ClowCardTheDash","ClowCardTheThunder"],"picked":"ClowCardTheDark","floor":16},{"not_picked":["ClowCardTheSilent+1","ClowCardTheRain","ClowCardTheFreeze"],"picked":"SKIP","floor":18},{"not_picked":["ClowCardTheShot+1","ClowCardTheErase"],"picked":"ClowCardTheLock+1","floor":20},{"not_picked":["ClowCardTheLibra","ClowCardTheErase"],"picked":"ClowCardTheFly","floor":21},{"not_picked":["ClowCardTheSilent","ClowCardTheLittle+1"],"picked":"ClowCardTheArrow","floor":23},{"not_picked":["ClowCardTheLibra+1","ClowCardTheFlower"],"picked":"ClowCardTheTime","floor":24}],"player_experience":7005,"relics_obtained":[{"floor":6,"key":"Pear"},{"floor":9,"key":"Toy Ornithopter"},{"floor":24,"key":"AT_TheCollector"},{"floor":26,"key":"Girya"}],"event_choices":[{"cards_removed":["ClowCardTheShield"],"damage_healed":0,"gold_gain":0,"player_choice":"Card Removal","damage_taken":0,"max_hp_gain":0,"max_hp_loss":0,"event_name":"The Cleric","floor":2,"gold_loss":50},{"damage_healed":0,"gold_gain":0,"player_choice":"Left Gold","damage_taken":0,"max_hp_gain":0,"max_hp_loss":0,"event_name":"World of Goop","floor":4,"gold_loss":46},{"damage_healed":0,"gold_gain":0,"player_choice":"Entered Light","damage_taken":16,"max_hp_gain":0,"max_hp_loss":0,"event_name":"Shining Light","floor":11,"gold_loss":0,"cards_upgraded":["SpellCardSeal","ClowCardTheSword"]},{"damage_healed":0,"gold_gain":0,"player_choice":"Opened","damage_taken":0,"relics_obtained":["AT_BladeRuinedKing"],"max_hp_gain":0,"max_hp_loss":0,"event_name":"The Mausoleum","floor":19,"gold_loss":0}],"is_beta":false,"boss_relics":[{"not_picked":["AT_MortalBlade","SacredBark"],"picked":"KSMOD_StarWand"}],"items_purged_floors":[],"is_endless":false,"potions_floor_spawned":[1,7,16,21,24],"killed_by":"Cultist and Chosen","ascension_level":0}}