{"host":"kda2p2afd6bvz6qo","time":1611873333,"event":{"mods":["BaseMod","Colored Map","Minty Spire (QoL Compilation)","Relic Stats"],"gold_per_floor":[118,118,134,134,145,145,177,177,200,200,218,218,253,83,83,156,156,171,96,96,112,129,163,163,198,198,198,215,215,228,261,261,332,332,348,402,402,402,33,33,44,70,70,70,85,100,112,145,145,145,145,145],"floor_reached":51,"language":"ENG","playtime":2984,"items_purged":["Strike_G","Strike_G"],"score":1621,"play_id":"a449b3fb-47d7-40f7-b885-cff2b18e44eb","local_time":"20210128223533","is_ascension_mode":true,"campfire_choices":[{"data":"Blade Dance","floor":6.0,"key":"SMITH"},{"data":"Accuracy","floor":8.0,"key":"SMITH"},{"floor":12.0,"key":"REST"},{"data":"Skewer","floor":15.0,"key":"SMITH"},{"data":"Footwork","floor":24.0,"key":"SMITH"},{"floor":27.0,"key":"REST"},{"data":"Cloak And Dagger","floor":29.0,"key":"SMITH"},{"floor":32.0,"key":"REST"},{"data":"After Image","floor":40.0,"key":"SMITH"},{"floor":44.0,"key":"REST"},{"data":"Cloak And Dagger","floor":49.0,"key":"SMITH"}],"circlet_count":0,"master_deck":["AscendersBane","Strike_G","Strike_G","Defend_G","Defend_G","Defend_G","Defend_G+1","Defend_G+1","Survivor+1","Neutralize","Dagger Spray+1","Blade Dance+1","Accuracy+1","Backflip","Cloak And Dagger+1","Skewer+1","Terror","Outmaneuver","After Image+1","Footwork+1","Escape Plan","Escape Plan","Deflect","Clumsy","Cloak And Dagger+1","Caltrops+1","Finisher","Tools of the Trade","Leg Sweep+1","Clumsy","Clumsy","Panache","Blade Dance+1","PiercingWail+1","Normality","Calculated Gamble+1","Cloak And Dagger+1","Backstab"],"relics":["Ring of the Snake","NeowsBlessing","War Paint","Vajra","Anchor","Centennial Puzzle","Cursed Key","Regal Pillow","Question Card","The Courier","Unceasing Top","WristBlade","Du-Vu Doll","Thread and Needle","Matryoshka","Art of War","Bag of Preparation","Pen Nib","PreservedInsect","Bottled Flame"],"acts_visited":["Exordium","TheCity","TheBeyond"],"potions_floor_usage":[],"damage_taken":[{"damage":0.0,"enemies":"Small Slimes","floor":1.0,"turns":1.0},{"damage":0.0,"enemies":"2 Louse","floor":3.0,"turns":1.0},{"damage":0.0,"enemies":"Jaw Worm","floor":5.0,"turns":1.0},{"damage":9.0,"enemies":"3 Sentries","floor":7.0,"turns":6.0},{"damage":0.0,"enemies":"Looter","floor":11.0,"turns":1.0},{"damage":1.0,"enemies":"Lagavulin","floor":13.0,"turns":7.0},{"damage":16.0,"enemies":"Hexaghost","floor":16.0,"turns":7.0},{"damage":3.0,"enemies":"Shell Parasite","floor":18.0,"turns":3.0},{"damage":0.0,"enemies":"Chosen","floor":21.0,"turns":3.0},{"damage":0.0,"enemies":"Snecko","floor":22.0,"turns":4.0},{"damage":5.0,"enemies":"Book of Stabbing","floor":23.0,"turns":6.0},{"damage":33.0,"enemies":"Gremlin Leader","floor":25.0,"turns":4.0},{"damage":0.0,"enemies":"Centurion and Healer","floor":28.0,"turns":4.0},{"damage":6.0,"enemies":"Snake Plant","floor":30.0,"turns":3.0},{"damage":17.0,"enemies":"Slavers","floor":31.0,"turns":4.0},{"damage":19.0,"enemies":"Champ","floor":33.0,"turns":14.0},{"damage":0.0,"enemies":"Orb Walker","floor":35.0,"turns":3.0},{"damage":10.0,"enemies":"2 Orb Walkers","floor":36.0,"turns":5.0},{"damage":0.0,"enemies":"3 Shapes","floor":41.0,"turns":4.0},{"damage":12.0,"enemies":"Nemesis","floor":42.0,"turns":3.0},{"damage":0.0,"enemies":"Sphere and 2 Shapes","floor":45.0,"turns":2.0},{"damage":0.0,"enemies":"3 Darklings","floor":46.0,"turns":3.0},{"damage":7.0,"enemies":"4 Shapes","floor":47.0,"turns":5.0},{"damage":0.0,"enemies":"Reptomancer","floor":48.0,"turns":5.0},{"damage":51.0,"enemies":"Awakened One","floor":50.0,"turns":10.0},{"damage":21,"enemies":"Donu and Deca","floor":51,"turns":5}],"seed_played":"-5675755198896522174","potions_obtained":[{"floor":3.0,"key":"BlessingOfTheForge"},{"floor":7.0,"key":"Strength Potion"},{"floor":18.0,"key":"DistilledChaos"},{"floor":25.0,"key":"CunningPotion"},{"floor":30.0,"key":"Ancient Potion"},{"floor":31.0,"key":"Block Potion"},{"floor":41.0,"key":"Strength Potion"},{"floor":42.0,"key":"DistilledChaos"}],"is_trial":false,"path_per_floor":["M","?","M","?","M","R","E","R","T","?","M","R","E","$","R","B",null,"M","?","?","M","M","E","R","E","T","R","M","R","M","E","R","B",null,"M","?","T","T","$","R","M","E","T","R","M","M","M","E","R","B","B"],"character_chosen":"THE_SILENT","items_purchased":["Terror","Outmaneuver","Panache","Art of War"],"campfire_rested":4,"item_purchase_floors":[14,14,39,39],"current_hp_per_floor":[59,39,39,39,39,39,30,30,30,23,23,42,41,41,41,25,56,53,53,53,53,53,48,48,15,15,49,49,49,43,26,60,41,60,60,50,50,50,50,50,50,38,38,66,66,66,59,59,59,8,0,0],"gold":145,"neow_bonus":"THREE_ENEMY_KILL","is_daily":false,"chose_seed":false,"campfire_upgraded":7,"win_rate":0.0,"timestamp":1611873333,"path_taken":["M","?","M","?","M","R","E","R","T","?","M","R","E","?","R","BOSS","M","?","?","?","M","E","R","E","T","R","M","R","M","E","R","BOSS","M","?","?","?","$","R","M","E","T","R","M","M","?","E","R","BOSS","BOSS"],"items_purchased_type":["Card","Card","Card","Relic"],"build_version":"2020-12-22","purchased_purges":2,"victory":false,"max_hp_per_floor":[66,66,66,66,66,66,66,66,66,66,66,66,66,66,66,66,66,66,66,66,66,66,66,66,66,66,66,66,66,66,66,66,66,66,66,66,66,66,66,66,66,66,66,66,66,66,66,66,66,66,66,66],"relic_stats":{"Regal Pillow":39,"counters":[26,114],"Pen Nib":[8],"PreservedInsect":62,"Bag of Preparation":[12],"War Paint":["Defend_G","Survivor"],"Cursed Key":4,"Question Card":12,"Centennial Puzzle":[36],"Art of War":[5],"obtain_stats":[{"Regal Pillow":23,"NeowsBlessing":0,"Vajra":7,"Thread and Needle":37,"The Courier":26,"Pen Nib":43,"PreservedInsect":43,"Bag of Preparation":42,"War Paint":4,"Cursed Key":17,"Question Card":25,"Du-Vu Doll":36,"Anchor":9,"Centennial Puzzle":13,"Bottled Flame":48,"Matryoshka":38,"WristBlade":34,"Art of War":39,"Unceasing Top":31,"Ring of the Snake":0},{"Regal Pillow":11,"NeowsBlessing":0,"Vajra":4,"Thread and Needle":18,"The Courier":12,"Pen Nib":20,"PreservedInsect":20,"Bag of Preparation":20,"War Paint":2,"Cursed Key":7,"Question Card":12,"Du-Vu Doll":18,"Anchor":4,"Centennial Puzzle":6,"Bottled Flame":24,"Matryoshka":18,"WristBlade":16,"Art of War":18,"Unceasing Top":15,"Ring of the Snake":0},{"Regal Pillow":40,"NeowsBlessing":0,"Vajra":9,"Thread and Needle":77,"The Courier":44,"Pen Nib":84,"PreservedInsect":84,"Bag of Preparation":84,"War Paint":2,"Cursed Key":24,"Question Card":44,"Du-Vu Doll":77,"Anchor":9,"Centennial Puzzle":17,"Bottled Flame":99,"Matryoshka":77,"WristBlade":69,"Art of War":77,"Unceasing Top":55,"Ring of the Snake":0}],"Unceasing Top":[15],"Ring of the Snake":[52]},"card_choices":[{"not_picked":["Outmaneuver","Deflect"],"picked":"Dagger Spray","floor":1.0},{"not_picked":["Flying Knee","All Out Attack"],"picked":"Blade Dance","floor":3.0},{"not_picked":["Slice","Reflex"],"picked":"Accuracy","floor":5.0},{"not_picked":["Sucker Punch","Unload"],"picked":"Backflip","floor":7.0},{"not_picked":["Bane","Deflect"],"picked":"Cloak And Dagger","floor":11.0},{"not_picked":["Dodge and Roll","Backflip"],"picked":"Skewer","floor":13.0},{"not_picked":["Unload","Envenom"],"picked":"After Image","floor":16.0},{"not_picked":["Dodge and Roll","Expertise","Underhanded Strike"],"picked":"SKIP","floor":18.0},{"not_picked":["Masterful Stab","Prepared"],"picked":"Footwork","floor":21.0},{"not_picked":["Dodge and Roll","Dagger Spray"],"picked":"Escape Plan","floor":22.0},{"not_picked":["Setup","Deflect"],"picked":"Escape Plan","floor":23.0},{"not_picked":["Flechettes","Eviscerate"],"picked":"Deflect","floor":25.0},{"not_picked":["Outmaneuver","Dagger Throw","Slice"],"picked":"Cloak And Dagger","floor":28.0},{"not_picked":["Flechettes+1","Adrenaline","Deadly Poison"],"picked":"Caltrops+1","floor":30.0},{"not_picked":["Deflect","Sucker Punch","Prepared"],"picked":"Finisher","floor":31.0},{"not_picked":["Unload","Glass Knife","Envenom"],"picked":"Tools of the Trade","floor":33.0},{"not_picked":["Dodge and Roll","Poisoned Stab","Crippling Poison"],"picked":"Leg Sweep+1","floor":35.0},{"not_picked":["Backstab+1","Dagger Spray","Backflip+1"],"picked":"Blade Dance+1","floor":41.0},{"not_picked":["Underhanded Strike+1","Dash+1","Crippling Poison"],"picked":"PiercingWail+1","floor":42.0},{"not_picked":["Glass Knife","Cloak And Dagger","Noxious Fumes"],"picked":"Calculated Gamble+1","floor":45.0},{"not_picked":["Dagger Spray+1","Quick Slash","Prepared"],"picked":"Cloak And Dagger+1","floor":46.0},{"not_picked":["Quick Slash","Bane","Leg Sweep+1","Noxious Fumes"],"picked":"SKIP","floor":47.0},{"not_picked":["Underhanded Strike","Slice","All Out Attack"],"picked":"Backstab","floor":48.0}],"player_experience":158608,"relics_obtained":[{"floor":7.0,"key":"Vajra"},{"floor":9.0,"key":"Anchor"},{"floor":13.0,"key":"Centennial Puzzle"},{"floor":23.0,"key":"Regal Pillow"},{"floor":25.0,"key":"Question Card"},{"floor":26.0,"key":"The Courier"},{"floor":31.0,"key":"Unceasing Top"},{"floor":36.0,"key":"Du-Vu Doll"},{"floor":37.0,"key":"Thread and Needle"},{"floor":38.0,"key":"Matryoshka"},{"floor":42.0,"key":"Bag of Preparation"},{"floor":43.0,"key":"Pen Nib"},{"floor":43.0,"key":"PreservedInsect"},{"floor":48.0,"key":"Bottled Flame"}],"event_choices":[{"damage_healed":0.0,"max_hp_gain":0.0,"max_hp_loss":0.0,"gold_gain":0.0,"event_name":"Shining Light","player_choice":"Entered Light","floor":2.0,"gold_loss":0.0,"damage_taken":20.0,"cards_upgraded":["Dagger Spray","Defend_G"]},{"damage_healed":0.0,"max_hp_gain":0.0,"max_hp_loss":0.0,"gold_gain":0.0,"event_name":"Big Fish","player_choice":"Box","floor":4.0,"gold_loss":0.0,"damage_taken":0.0,"relics_obtained":["War Paint"],"cards_obtained":["Regret"]},{"cards_removed":["Regret"],"damage_healed":0.0,"max_hp_gain":0.0,"max_hp_loss":0.0,"gold_gain":0.0,"event_name":"Golden Wing","player_choice":"Card Removal","floor":10.0,"gold_loss":0.0,"damage_taken":7.0},{"cards_removed":["Strike_G"],"damage_healed":0.0,"max_hp_gain":0.0,"max_hp_loss":0.0,"gold_gain":0.0,"event_name":"Beggar","player_choice":"Gave Gold","floor":19.0,"gold_loss":75.0,"damage_taken":0.0},{"damage_healed":0.0,"max_hp_gain":0.0,"max_hp_loss":0.0,"gold_gain":0.0,"event_name":"Match and Keep!","player_choice":"0 cards matched","floor":20.0,"gold_loss":0.0,"damage_taken":0.0,"cards_obtained":[]},{"damage_healed":0.0,"max_hp_gain":0.0,"max_hp_loss":0.0,"gold_gain":0.0,"event_name":"Mysterious Sphere","player_choice":"Fight","floor":36.0,"gold_loss":0.0,"damage_taken":0.0}],"is_beta":false,"boss_relics":[{"not_picked":["Calling Bell","SacredBark"],"picked":"Cursed Key"},{"not_picked":["Empty Cage","Runic Pyramid"],"picked":"WristBlade"}],"items_purged_floors":[14,39],"is_endless":false,"potions_floor_spawned":[3,7,11,18,25,30,31,41,42,45],"killed_by":"Donu and Deca","ascension_level":20}}