{"host":"3ghcx3e93lhog3cp","time":1611857000,"event":{"mods":["AchievementEnabler","BaseMod","Downfall","Infinite Spire","Minty Spire (QoL Compilation)","Replay The Spire","StSLib"],"gold_per_floor":[119,119,133,148,163,196,196,223,223,223,123,158,178,194,194,298,298,316,316,331,348,348,348,110,110,110,110,110,130,158,168,168,273,273,290,290,334,345,395,395,395,429,455,455,474,474,489,489,489],"floor_reached":48,"language":"ENG","playtime":4461,"items_purged":["Strike_P","Strike_P"],"score":806,"play_id":"e8a6f9f0-aa42-4678-9303-605968ab259e","local_time":"20210128100320","is_ascension_mode":true,"campfire_choices":[{"floor":7.0,"key":"REST"},{"data":"DevaForm","floor":15.0,"key":"SMITH"},{"floor":27.0,"key":"REST"},{"floor":32.0,"key":"REST"},{"data":"Ragnarok","floor":40.0,"key":"SMITH"}],"circlet_count":1,"master_deck":["Strike_P","Strike_P","Defend_P","Defend_P","Defend_P","Eruption","Vigilance","FollowUp","Adaptation","SashWhip","Sanctity","Halt","DevaForm+1","Crescendo","FollowUp","SandsOfTime","FlyingSleeves","Omniscience","AbeCurse","CurseOfTheBell","infinitespire:NeuralNetwork","BowlingBash+1","Slimebound:CheckThePlaybook","Ragnarok+1","Regret","FollowUp+1","WindmillStrike","Tantrum+1","Vault","Consecrate+1","Madness","Madness","Parasite","Evaluate+1","WindmillStrike+1","Hallucinations","Protect+1","infinitespire:Pacifist","downfall:Icky","Languid","infinitespire:Fortify","Fasting2"],"relics":["Runic Pyramid","Replay:Mystery Machine","Lizard Tail","Singing Bowl","Blue Candle","Replay:Grab Bag","Cursed Key","Abe\u0027s Treasure","Calling Bell","Pen Nib","WingedGreaves","Replay:Bottled Snecko","TheAbacus","Nilry\u0027s Codex","Iron Hammer","MutagenicStrength","Ancient Tea Set","Replay:Bronze Core","GoldenEye","Circlet","ReplayTheSpireMod:Ring of Addiction","Chameleon Ring","White Beast Statue","Replay:Baseball"],"acts_visited":["Exordium","TheCity","TheBeyond"],"potions_floor_usage":[48],"damage_taken":[{"damage":0.0,"enemies":"Small Slimes","floor":1.0,"turns":3.0},{"damage":1.0,"enemies":"Cultist","floor":3.0,"turns":3.0},{"damage":0.0,"enemies":"2 Louse","floor":4.0,"turns":1.0},{"damage":28.0,"enemies":"Exordium Thugs","floor":5.0,"turns":5.0},{"damage":7.0,"enemies":"3 Sentries","floor":6.0,"turns":8.0},{"damage":10.0,"enemies":"Replay:BlueRogue","floor":8.0,"turns":5.0},{"damage":0.0,"enemies":"3 Sentries","floor":12.0,"turns":4.0},{"damage":1.0,"enemies":"2 Fungi Beasts","floor":13.0,"turns":3.0},{"damage":7.0,"enemies":"3 Louse","floor":14.0,"turns":4.0},{"damage":3.0,"enemies":"Fading Forest","floor":16.0,"turns":11.0},{"damage":3.0,"enemies":"Chosen","floor":18.0,"turns":3.0},{"damage":7.0,"enemies":"Shell Parasite","floor":20.0,"turns":4.0},{"damage":6.0,"enemies":"Snecko","floor":21.0,"turns":5.0},{"damage":12.0,"enemies":"Chosen and Byrds","floor":29.0,"turns":3.0},{"damage":0.0,"enemies":"Slavers","floor":30.0,"turns":1.0},{"damage":21.0,"enemies":"Snake Plant","floor":31.0,"turns":2.0},{"damage":30.0,"enemies":"Champ","floor":33.0,"turns":6.0},{"damage":16.0,"enemies":"3 Darklings","floor":35.0,"turns":3.0},{"damage":1.0,"enemies":"Orb Walker","floor":38.0,"turns":3.0},{"damage":7.0,"enemies":"Mind Bloom Boss Battle","floor":39.0,"turns":5.0},{"damage":0.0,"enemies":"Giant Head","floor":42.0,"turns":2.0},{"damage":0.0,"enemies":"Sphere and 2 Shapes","floor":45.0,"turns":2.0},{"damage":3.0,"enemies":"Jaw Worm Horde","floor":47.0,"turns":3.0},{"damage":110,"enemies":"Nightmare","floor":48,"turns":8}],"seed_played":"8848798915202098027","potions_obtained":[{"floor":1.0,"key":"SkillPotion"},{"floor":5.0,"key":"EntropicBrew"},{"floor":6.0,"key":"Explosive Potion"},{"floor":8.0,"key":"Fire Potion"},{"floor":12.0,"key":"Block Potion"},{"floor":14.0,"key":"Fruit Juice"},{"floor":18.0,"key":"SpeedPotion"},{"floor":21.0,"key":"Explosive Potion"},{"floor":30.0,"key":"Dexterity Potion"},{"floor":33.0,"key":"Dexterity Potion"},{"floor":35.0,"key":"Adrenaline Potion"},{"floor":41.0,"key":"Flashbang"},{"floor":41.0,"key":"AttackPotion"}],"is_trial":false,"path_per_floor":["M","?","M","M","M","E","R","E","T","?","$","E","M","M","R","B",null,"M","AVR","M","M","?","?","$","?","T","R","?","M","E","M","R","B",null,"M","?","?","M","?","R","?","E","T","?","M","?","M","NM"],"character_chosen":"WATCHER","items_purchased":["FollowUp","Ragnarok"],"campfire_rested":3,"item_purchase_floors":[11,24],"current_hp_per_floor":[72,72,71,71,43,36,57,47,47,47,47,47,46,46,46,43,79,78,78,73,67,38,22,22,22,22,46,46,34,34,13,37,7,83,67,57,59,58,51,51,51,56,56,56,56,56,55,0,0],"gold":489,"neow_bonus":"BOSS_RELIC","is_daily":false,"chose_seed":false,"campfire_upgraded":2,"win_rate":0.0,"timestamp":1611857000,"path_taken":["M","?","M","?","M","E","R","E","T","?","?","E","M","M","R","BOSS","M","AVR","M","M","?","?","$","?","T","R","?","?","E","?","R","BOSS","M","?","?","?","?","R","?","E","T","?","M","?","M","NM"],"items_purchased_type":["Card","Card"],"build_version":"2020-12-22","purchased_purges":2,"victory":false,"max_hp_per_floor":[72,72,72,72,72,72,72,72,72,72,72,72,72,79,79,79,79,81,81,83,83,83,83,83,83,83,83,83,83,83,83,83,83,83,83,83,85,85,85,85,85,85,85,85,83,83,85,85,85],"card_choices":[{"not_picked":["Study","BowlingBash"],"picked":"FollowUp","floor":1.0},{"not_picked":["Replay:Cycle","Replay:Battleflow"],"picked":"Adaptation","floor":3.0},{"not_picked":["FlyingSleeves","Evaluate"],"picked":"SashWhip","floor":4.0},{"not_picked":["Replay:ManipulateFuture","ClearTheMind"],"picked":"Sanctity","floor":5.0},{"not_picked":["SignatureMove","ForeignInfluence"],"picked":"Halt","floor":6.0},{"not_picked":["Weave","SandsOfTime"],"picked":"DevaForm","floor":8.0},{"not_picked":["FollowUp","Replay:BluntJabs"],"picked":"SandsOfTime","floor":12.0},{"not_picked":["Weave","EmptyBody"],"picked":"FlyingSleeves","floor":13.0},{"not_picked":["PathToVictory","CrushJoints","Vengeance"],"picked":"Singing Bowl","floor":14.0},{"not_picked":["Brilliance","Alpha"],"picked":"Omniscience","floor":16.0},{"not_picked":["Replay:Vibes+1","Nirvana","CarveReality"],"picked":"Singing Bowl","floor":18.0},{"not_picked":["CutThroughFate","Weave","SashWhip"],"picked":"Singing Bowl","floor":20.0},{"not_picked":["Swivel","EmptyBody"],"picked":"BowlingBash+1","floor":21.0},{"not_picked":["SashWhip","Replay:Hum"],"picked":"FollowUp+1","floor":29.0},{"not_picked":["BowlingBash","Evaluate"],"picked":"WindmillStrike","floor":30.0},{"not_picked":["FlyingSleeves","LikeWater"],"picked":"Tantrum+1","floor":31.0},{"not_picked":["Replay:AllIn","DevaForm"],"picked":"Vault","floor":33.0},{"not_picked":["Replay:ManipulateFuture+1","Replay:Vibes"],"picked":"Consecrate+1","floor":35.0},{"not_picked":["Adaptation","CrushJoints+1","LikeWater"],"picked":"Singing Bowl","floor":37.0},{"not_picked":["FlyingSleeves","PathToVictory+1"],"picked":"Evaluate+1","floor":38.0},{"not_picked":["ClearTheMind+1","Evaluate"],"picked":"WindmillStrike+1","floor":39.0},{"not_picked":["FlyingSleeves+1","Evaluate"],"picked":"Protect+1","floor":42.0},{"not_picked":["Replay:Fractal Strike","ReplayTheSpireMod:Echoes of Time"],"picked":"infinitespire:Fortify","floor":44.0},{"not_picked":["Consecrate+1","DeceiveReality+1"],"picked":"Fasting2","floor":45.0},{"not_picked":["Meditate+1","FollowUp+1","Collect"],"picked":"Singing Bowl","floor":47.0}],"player_experience":214864,"relics_obtained":[{"floor":6.0,"key":"Replay:Mystery Machine"},{"floor":8.0,"key":"Lizard Tail"},{"floor":9.0,"key":"Singing Bowl"},{"floor":12.0,"key":"Blue Candle"},{"floor":17.0,"key":"Pen Nib"},{"floor":17.0,"key":"WingedGreaves"},{"floor":17.0,"key":"Replay:Bottled Snecko"},{"floor":23.0,"key":"Nilry\u0027s Codex"},{"floor":26.0,"key":"Iron Hammer"},{"floor":30.0,"key":"Ancient Tea Set"},{"floor":37.0,"key":"GoldenEye"},{"floor":39.0,"key":"Dead Branch"},{"floor":41.0,"key":"ReplayTheSpireMod:Ring of Addiction"},{"floor":41.0,"key":"Chameleon Ring"},{"floor":41.0,"key":"White Beast Statue"},{"floor":42.0,"key":"Replay:Baseball"}],"event_choices":[{"damage_healed":0.0,"max_hp_gain":0.0,"max_hp_loss":0.0,"gold_gain":0.0,"event_name":"Wheel of Change","player_choice":"Cursed","floor":2.0,"gold_loss":0.0,"damage_taken":0.0,"cards_obtained":["Decay"]},{"damage_healed":0.0,"max_hp_gain":0.0,"max_hp_loss":0.0,"gold_gain":0.0,"cards_transformed":["Defend_P"],"event_name":"Transmorgrifier","player_choice":"Transformed","floor":10.0,"gold_loss":0.0,"damage_taken":0.0,"cards_obtained":["Crescendo"]},{"damage_healed":0.0,"max_hp_gain":0.0,"max_hp_loss":0.0,"gold_gain":0.0,"event_name":"Cursed Tome","player_choice":"Obtained Book","floor":23.0,"gold_loss":0.0,"damage_taken":16.0},{"cards_removed":["Decay"],"damage_healed":0.0,"max_hp_gain":0.0,"max_hp_loss":0.0,"gold_gain":0.0,"event_name":"Back to Basics","player_choice":"Elegance","floor":25.0,"gold_loss":0.0,"damage_taken":0.0},{"damage_healed":0.0,"max_hp_gain":0.0,"max_hp_loss":0.0,"gold_gain":0.0,"event_name":"Drug Dealer","player_choice":"Inject Mutagens","floor":28.0,"gold_loss":0.0,"damage_taken":0.0,"relics_obtained":["MutagenicStrength"]},{"damage_healed":0.0,"max_hp_gain":0.0,"max_hp_loss":0.0,"gold_gain":0.0,"event_name":"Winding Halls","player_choice":"Embrace Madness","floor":36.0,"gold_loss":0.0,"damage_taken":10.0,"cards_obtained":["Madness","Madness"]},{"damage_healed":0.0,"max_hp_gain":0.0,"max_hp_loss":0.0,"gold_gain":0.0,"event_name":"MindBloom","player_choice":"Fight","floor":39.0,"gold_loss":0.0,"damage_taken":0.0},{"damage_healed":0.0,"max_hp_gain":0.0,"max_hp_loss":0.0,"gold_gain":0.0,"event_name":"Lab","player_choice":"Got Potions","floor":46.0,"gold_loss":0.0,"damage_taken":0.0}],"is_beta":false,"boss_relics":[{"not_picked":["ReplayTheSpireMod:DimensionalGlitch","SacredBark"],"picked":"Replay:Grab Bag"},{"not_picked":["Runic Dome","Fusion Hammer"],"picked":"Cursed Key"},{"not_picked":["Busted Crown","Philosopher\u0027s Stone"],"picked":"Abe\u0027s Treasure"},{"not_picked":["Black Star","Pandora\u0027s Box"],"picked":"Calling Bell"},{"not_picked":["Astrolabe","ReplayTheSpireMod:SealedPack"],"picked":"Replay:Bronze Core"}],"items_purged_floors":[11,24],"is_endless":false,"potions_floor_spawned":[1,5,6,8,12,14,18,21,30,33,35,42,45,47],"killed_by":"Nightmare","ascension_level":1}}