{"host":"vyjryxuuuxkt43k4","time":1611824629,"event":{"mods":["AchievementEnabler","BaseMod","Colored Map","DeckTracker","Keyboard Shortcuts","Minty Spire (QoL Compilation)","Permanent Neow","Quick Restart","Rare Cards Sparkle","StSLib","SuperFastMode","everything is the same but u backflip on backflip"],"gold_per_floor":[119,119,119,139,214,248,248,266,266,277,290,290,290],"floor_reached":12,"language":"KOR","playtime":286,"items_purged":[],"score":210,"play_id":"f24a6fc3-e59f-4ccc-bd47-3e650425eaf2","local_time":"20210128180349","is_ascension_mode":true,"campfire_choices":[{"data":"Reaper","floor":7,"key":"SMITH"}],"circlet_count":0,"master_deck":["AscendersBane","Strike_R","Strike_R","Strike_R","Strike_R+1","Strike_R","Defend_R","Defend_R","Defend_R","Defend_R","Bash","Bloodletting+1","Wild Strike","Reaper+1","Entrench","Body Slam"],"relics":["Burning Blood","NeowsBlessing","Bottled Flame","Potion Belt"],"acts_visited":["Exordium"],"potions_floor_usage":[12],"damage_taken":[{"damage":0,"enemies":"Cultist","floor":1,"turns":1},{"damage":0,"enemies":"2 Louse","floor":4,"turns":1},{"damage":0,"enemies":"3 Sentries","floor":6,"turns":1},{"damage":4,"enemies":"Small Slimes","floor":8,"turns":4},{"damage":5,"enemies":"2 Fungi Beasts","floor":10,"turns":4},{"damage":59,"enemies":"Exordium Wildlife","floor":11,"turns":7},{"damage":32,"enemies":"Gremlin Nob","floor":12,"turns":3}],"seed_played":"1540135676128671492","potions_obtained":[{"floor":1,"key":"Ancient Potion"},{"floor":6,"key":"ElixirPotion"},{"floor":10,"key":"Weak Potion"}],"is_trial":false,"path_per_floor":["M","?","?","M","?","E","R","M","T","M","M","E"],"character_chosen":"IRONCLAD","items_purchased":[],"campfire_rested":0,"item_purchase_floors":[],"current_hp_per_floor":[74,51,56,62,51,57,57,69,69,77,24,0,0],"gold":290,"neow_bonus":"THREE_ENEMY_KILL","is_daily":false,"chose_seed":false,"campfire_upgraded":1,"win_rate":0.0,"timestamp":1611824629,"path_taken":["M","?","?","M","?","E","R","M","T","M","M","E"],"items_purchased_type":[],"build_version":"2020-12-22","purchased_purges":0,"victory":false,"max_hp_per_floor":[75,75,80,80,80,80,80,80,80,80,80,80,80],"card_choices":[{"not_picked":["Sentinel","Flex"],"picked":"Bloodletting","floor":1},{"not_picked":["True Grit","Power Through"],"picked":"Wild Strike","floor":4},{"not_picked":["Second Wind","Cleave"],"picked":"Reaper","floor":6},{"not_picked":["Wild Strike","Armaments"],"picked":"Entrench","floor":8},{"not_picked":["Clash","Shockwave"],"picked":"Body Slam","floor":10},{"not_picked":["Heavy Blade","True Grit","Body Slam"],"picked":"SKIP","floor":11}],"player_experience":454156,"relics_obtained":[{"floor":6,"key":"Bottled Flame"},{"floor":9,"key":"Potion Belt"}],"event_choices":[{"damage_healed":0,"gold_gain":0,"player_choice":"Entered Light","damage_taken":23,"max_hp_gain":0,"max_hp_loss":0,"event_name":"Shining Light","floor":2,"gold_loss":0,"cards_upgraded":["Strike_R","Bloodletting"]},{"damage_healed":0,"gold_gain":0,"player_choice":"Donut","damage_taken":0,"max_hp_gain":5,"max_hp_loss":0,"event_name":"Big Fish","floor":3,"gold_loss":0},{"damage_healed":0,"gold_gain":75,"player_choice":"Gather Gold","damage_taken":11,"max_hp_gain":0,"max_hp_loss":0,"event_name":"World of Goop","floor":5,"gold_loss":0}],"is_beta":false,"boss_relics":[],"items_purged_floors":[],"is_endless":false,"potions_floor_spawned":[1,6,10],"killed_by":"Gremlin Nob","ascension_level":20}}