{"host":"YagamiMirai","time":1611823540,"event":{"mods":["Act Like it!","BaseMod","Downfall","Hermit","Lobotomy","Minty Spire (QoL Compilation)","Replay The Spire","Spicy Shops","StSLib","The Animator","The Gatherer","The Mystic","óô»ðÖ¸ÄÏ"],"gold_per_floor":[99,119,119,121,131,154,154,54,79,79,179,190,237,263,278,382,382,282,298,298,44,55,55,55,75,108,118,133,164,178,210,220,325,325,375,390,390,466,484,516,516,536,563,575,413,446,32,46,57,57],"floor_reached":51,"language":"ZHS","playtime":4121,"items_purged":["Pain","Doubt","Doubt"],"score":1130,"play_id":"ad778460-87d5-4ea6-9b29-fe813cf0e021","local_time":"20210128164540","is_ascension_mode":true,"campfire_choices":[{"floor":1.0,"key":"RECALL"},{"data":"champ:ArenaPreparation","floor":8.0,"key":"SMITH"},{"data":"champ:BerserkersShout","floor":10.0,"key":"SMITH"},{"floor":18,"key":"DIG"},{"data":"RitualDagger","floor":44,"key":"SMITH"}],"circlet_count":0,"master_deck":["champ:Strike+1","champ:Strike","champ:Strike+1","champ:Strike","champ:Defend","champ:Defend","champ:Defend","champ:Execute","champ:Taunt","champ:RapidStrikes","champ:BerserkersShout+1","animator:Curse_Dizziness","champ:ArenaPreparation+1","champ:AdrenalArmor","champ:HoldFirm+1","champ:DefensiveShout","champ:CalledShot","champ:TripleStrike+1","champ:BringItOn+1","champ:StanceDance","champ:PreciseThrust","RitualDagger+1","champ:FlashCut+1","champ:ShieldThrow+1","champ:ShieldWall+1","champ:CalledShot+1","champ:IronFortress+1","champ:SkillfulDodge+1","champ:ArenaPreparation+1","champ:CrownThrow+1","champ:StrikeOfGenius+1","champ:Circumvent+1","champ:FocusedDefense+1","champ:StrikeOfGenius+1","champ:FlashCut+1","champ:GladiatorStyle+1","champ:FlashCut+1","champ:IronFortress+1","champ:CheapShot+1","champ:GutPunch+1","champ:ArenaPreparation+1"],"relics":["champ:ChampionCrown","WarpedTongs","ReplayTheSpireMod:CursedCoin","Tiny Chest","Akabeko","downfall:HeartBlessingRed","Centennial Puzzle","Potion Belt","Bag of Marbles","Divine Protection","SlaversCollar","downfall:HeartBlessingGreen","ReplayTheSpireMod:Lightbulb","Toxic Egg 2","Molten Egg 2","Frozen Egg 2","Replay:Bottled Snecko","Art of War","ChewingGum","hexamod:Sixitude","InkBottle","Whetstone","Incense Burner","MawBank","Quantum Egg","Strawberry","Guide Book","White Beast Statue","Replay:Wax Seal","Guardian:PocketSentry","Toolbox"],"acts_visited":["Exordium","TheCity","TheBeyond"],"potions_floor_usage":[16,27,32,33,33,33],"damage_taken":[{"damage":24.0,"enemies":"Jaw Worm","floor":2.0,"turns":5.0},{"damage":25.0,"enemies":"downfall:FleeingMerchant","floor":4.0,"turns":4.0},{"damage":29.0,"enemies":"Cultist","floor":5.0,"turns":3.0},{"damage":59.0,"enemies":"3 Sentries","floor":9.0,"turns":5.0},{"damage":72.0,"enemies":"downfall:LadyInBlue","floor":11.0,"turns":4.0},{"damage":0.0,"enemies":"Small Slimes","floor":12.0,"turns":2.0},{"damage":0.0,"enemies":"Gremlin Nob","floor":14.0,"turns":3.0},{"damage":0.0,"enemies":"Red Slaver","floor":15.0,"turns":1.0},{"damage":94,"enemies":"DF_ARCHETYPE_STREAMLINE","floor":16,"turns":9},{"damage":0,"enemies":"Shell Parasite","floor":19,"turns":1},{"damage":7,"enemies":"downfall:FleeingMerchant","floor":21,"turns":4},{"damage":22,"enemies":"Spheric Guardian","floor":22,"turns":1},{"damage":37,"enemies":"Centurion and Healer","floor":25,"turns":4},{"damage":36,"enemies":"Slavers","floor":26,"turns":3},{"damage":1,"enemies":"3 Cultists","floor":27,"turns":4},{"damage":17,"enemies":"Cultist and Chosen","floor":28,"turns":5},{"damage":37,"enemies":"Replay:Snechameleon","floor":29,"turns":4},{"damage":0,"enemies":"Snake Plant","floor":30,"turns":3},{"damage":41,"enemies":"Gremlin Leader","floor":31,"turns":5},{"damage":6,"enemies":"Shelled Parasite and Fungi","floor":32,"turns":3},{"damage":71,"enemies":"IC_MUSHROOM_ARCHETYPE","floor":33,"turns":7},{"damage":67,"enemies":"IC_MUSHROOM_ARCHETYPE","floor":35,"turns":5},{"damage":27,"enemies":"3 Darklings","floor":36,"turns":2},{"damage":0,"enemies":"3 Shapes","floor":39,"turns":4},{"damage":7,"enemies":"Nemesis","floor":40,"turns":3},{"damage":32,"enemies":"Jaw Worm Horde","floor":42,"turns":4},{"damage":12,"enemies":"Reptomancer","floor":43,"turns":5},{"damage":19,"enemies":"downfall:FleeingMerchant","floor":45,"turns":4},{"damage":17,"enemies":"R_Hoarder","floor":46,"turns":4},{"damage":42,"enemies":"Maw","floor":48,"turns":5},{"damage":7,"enemies":"Sphere and 2 Shapes","floor":49,"turns":3},{"damage":43,"enemies":"SI_POISON_ARCHETYPE","floor":50,"turns":6}],"seed_played":"2075451067580041839","potions_obtained":[{"floor":2.0,"key":"champ:OpenerPotion"},{"floor":9.0,"key":"Weak Potion"},{"floor":11.0,"key":"Fruit Juice"},{"floor":11.0,"key":"FairyPotion"},{"floor":11.0,"key":"ColorlessPotion"},{"floor":15.0,"key":"Fire Potion"},{"floor":22,"key":"DuplicationPotion"},{"floor":25,"key":"SteroidPotion"},{"floor":27,"key":"ColorlessPotion"},{"floor":30,"key":"DistilledChaos"},{"floor":31,"key":"DistilledChaos"},{"floor":32,"key":"champ:OpenerPotion"},{"floor":35,"key":"Fire Potion"},{"floor":42,"key":"LiquidMemories"},{"floor":43,"key":"PowerPotion"},{"floor":46,"key":"SkillPotion"},{"floor":49,"key":"Languid Potion"}],"is_trial":false,"path_per_floor":["R","M","?","$","M","T","T","R","E","R","?","M","T","E","M","B",null,"R","M","?","$","M","?","T","M","E","M","M","E","M","E","M","B",null,"R","M","?","T","M","E","T","M","E","R","$","E","R","M","M","B",null],"character_chosen":"THE_CHAMP","items_purchased":["ReplayTheSpireMod:CursedCoin","Tiny Chest","Toxic Egg 2","Quantum Egg","Strawberry","Guide Book","Replay:Wax Seal","Guardian:PocketSentry","Toolbox"],"campfire_rested":0,"item_purchase_floors":[4,4,21,45,45,45,47,47,47],"current_hp_per_floor":[90,86,86,76,72,72,72,72,53,53,48,48,48,48,48,34,95,95,95,76,84,92,86,86,74,63,62,70,78,83,87,91,85,100,100,100,100,100,100,100,100,100,100,100,107,107,107,107,107,107],"gold":57,"neow_bonus":"REMOVE_CARD","is_daily":false,"chose_seed":false,"campfire_upgraded":3,"win_rate":0.0,"timestamp":1611823540,"path_taken":["R","M","?","?","M","?","T","R","E","R","?","?","?","E","M","BOSS","R","M","?","$","M","?","T","M","E","M","M","E","M","E","M","BOSS","R","M","?","?","M","E","T","?","E","R","$","E","R","M","M","BOSS"],"items_purchased_type":["Relic","Relic","Relic","Relic","Relic","Relic","Relic","Relic","Relic"],"build_version":"2020-12-18","purchased_purges":3,"victory":true,"max_hp_per_floor":[90,90,90,90,90,90,90,90,90,90,95,95,95,95,95,95,95,95,95,100,100,100,100,100,100,100,100,100,100,100,100,100,100,100,100,100,100,100,100,100,100,100,100,100,107,107,107,107,107,107],"card_choices":[{"not_picked":["champ:Backstep","champ:Haymaker"],"picked":"champ:RapidStrikes","floor":2.0},{"not_picked":["champ:EnragedBash","champ:PreciseThrust"],"picked":"champ:BerserkersShout","floor":4.0},{"not_picked":["champ:ViciousMockery","champ:DeathBlow"],"picked":"champ:ArenaPreparation","floor":5.0},{"not_picked":["champ:ArenaPreparation","champ:Lariat"],"picked":"champ:AdrenalArmor","floor":9.0},{"not_picked":["champ:Shatter","champ:Circumvent"],"picked":"champ:HoldFirm","floor":11.0},{"not_picked":["champ:Encircle","champ:CrookedStrike","champ:PreemptiveStrike"],"picked":"SKIP","floor":12.0},{"not_picked":["champ:BerserkersShout","champ:FlashCut"],"picked":"champ:DefensiveShout","floor":14.0},{"not_picked":["champ:Backstep","champ:GutPunch"],"picked":"champ:CalledShot","floor":15.0},{"not_picked":["champ:DancingMaster","champ:MurderStrike"],"picked":"champ:TripleStrike","floor":16},{"not_picked":["champ:AdrenalArmor","champ:StanceDance"],"picked":"champ:BringItOn+1","floor":19},{"not_picked":["champ:ArenaPreparation","champ:BringItOn"],"picked":"champ:StanceDance","floor":21},{"not_picked":["champ:BladeFlurry","champ:EnragedBash"],"picked":"champ:PreciseThrust","floor":22},{"not_picked":["champ:EnGarde+1","champ:Devastate+1"],"picked":"champ:FlashCut+1","floor":25},{"not_picked":["champ:AdrenalArmor+1","champ:PreciseThrust+1"],"picked":"champ:ShieldThrow+1","floor":26},{"not_picked":["champ:BringItOn+1","champ:Circumvent+1"],"picked":"champ:ShieldWall+1","floor":27},{"not_picked":["champ:AdrenalArmor+1","champ:Backstep+1"],"picked":"champ:CalledShot+1","floor":28},{"not_picked":["champ:SteelEdge+1","champ:StanceDance+1"],"picked":"champ:IronFortress+1","floor":29},{"not_picked":["champ:FancyFootwork+1","champ:PerfectedStrike+1"],"picked":"champ:SkillfulDodge+1","floor":30},{"not_picked":["champ:FanOfKnives+1","champ:GladiatorStyle+1"],"picked":"champ:ArenaPreparation+1","floor":31},{"not_picked":["champ:ViciousMockery+1","champ:FlashCut+1"],"picked":"champ:CrownThrow+1","floor":32},{"not_picked":["champ:SteelEdge+1","champ:UltimateStance+1"],"picked":"champ:StrikeOfGenius+1","floor":33},{"not_picked":["champ:RecklessLeap+1","champ:Haymaker+1"],"picked":"champ:Circumvent+1","floor":35},{"not_picked":["champ:Haymaker+1","champ:Backstep+1"],"picked":"champ:FocusedDefense+1","floor":36},{"not_picked":["champ:Haymaker+1","champ:Circumvent+1"],"picked":"champ:FlashCut+1","floor":39},{"not_picked":["champ:FaceSlap+1","champ:HeartStrike+1"],"picked":"champ:GladiatorStyle+1","floor":40},{"not_picked":["champ:Backstep+1","champ:BladeFlurry+1"],"picked":"champ:FlashCut+1","floor":42},{"not_picked":["champ:RisingSlash+1","champ:SetATrap+1"],"picked":"champ:IronFortress+1","floor":43},{"not_picked":["champ:PreemptiveStrike+1","champ:IgnorePain+1","champ:BladeFlurry+1"],"picked":"SKIP","floor":45},{"not_picked":["champ:EnragedBash+1","champ:GutPunch+1"],"picked":"champ:CheapShot+1","floor":46},{"not_picked":["champ:BringItOn+1","champ:PreemptiveStrike+1"],"picked":"champ:GutPunch+1","floor":48},{"not_picked":["champ:Lariat+1","champ:BladeFlurry+1"],"picked":"champ:ArenaPreparation+1","floor":49}],"player_experience":961484,"relics_obtained":[{"floor":7.0,"key":"Akabeko"},{"floor":9.0,"key":"Centennial Puzzle"},{"floor":11.0,"key":"Potion Belt"},{"floor":13.0,"key":"Bag of Marbles"},{"floor":14.0,"key":"Divine Protection"},{"floor":18,"key":"ReplayTheSpireMod:Lightbulb"},{"floor":24,"key":"Molten Egg 2"},{"floor":26,"key":"Frozen Egg 2"},{"floor":29,"key":"Replay:Bottled Snecko"},{"floor":31,"key":"Art of War"},{"floor":35,"key":"hexamod:Sixitude"},{"floor":38,"key":"InkBottle"},{"floor":40,"key":"Whetstone"},{"floor":41,"key":"Incense Burner"},{"floor":43,"key":"MawBank"},{"floor":46,"key":"White Beast Statue"}],"event_choices":[{"damage_healed":0.0,"max_hp_gain":0.0,"max_hp_loss":0.0,"gold_gain":0.0,"event_name":"Accursed Blacksmith","player_choice":"Rummage","floor":3.0,"gold_loss":0.0,"damage_taken":0.0,"relics_obtained":["WarpedTongs"],"cards_obtained":["Pain"]}],"is_beta":true,"boss_relics":[{"not_picked":["bronze:MakeshiftBattery","Empty Cage"],"picked":"SlaversCollar"},{"not_picked":["Snecko Eye","Pandora\u0027s Box"],"picked":"ChewingGum"}],"items_purged_floors":[4,45,47],"is_endless":false,"potions_floor_spawned":[2,9,15,22,25,27,30,31,32,35,42,43,46,48,49],"ascension_level":1}}