{"host":"zhec3g4cvsmevugl","time":1611813543,"event":{"mods":["BaseMod","BetterRewards","Minty Spire (QoL Compilation)","Relic Stats","Slay-I","StSLib"],"gold_per_floor":[144,189,189,234,279,324,324,369,419,464,64,64,109,199,199,499,499,514,559,559,559,604,604,649,349,349,439,439,464,464,374,374,674,674,719,764,764,271,271,361,361,361,361,361,406,406,451,601,601,601,601],"floor_reached":50,"language":"ENG","playtime":7225,"items_purged":[],"score":567,"play_id":"4838bb0b-feb0-4e81-8dc1-2d34003770b5","local_time":"20210128135903","daily_mods":["Draft","Purple Cards","Midas"],"is_ascension_mode":false,"campfire_choices":[{"floor":7.0,"key":"REST"},{"floor":15.0,"key":"REST"},{"floor":23.0,"key":"REST"},{"floor":32,"key":"REST"},{"floor":44,"key":"DIG"},{"floor":46,"key":"REST"},{"floor":49,"key":"DIG"}],"circlet_count":0,"master_deck":["BattleHymn","Static Discharge","Halt","Conserve Battery","CutThroughFate","FollowUp","CrushJoints","Perseverance","CrushJoints","Consecrate","PathToVictory","Coolheaded","CrushJoints+1","Self Repair+1","Collect","Glacier","WindmillStrike","Consume","EmptyBody","Coolheaded","Devotion","DeceiveReality+1","MasterReality","Brilliance","Collect+1","Undo+1","Necronomicurse","Prostrate+1","Sunder+1","Glacier+1","Vault+1","Prostrate+1","Genetic Algorithm+1","InnerPeace+1","Metamorphosis+1","Enlightenment+1","Prostrate+1","Streamline+1","Mayhem","The Bomb+1","Dramatic Entrance","Blizzard+1","Ball Lightning+1","Chill+1"],"relics":["Cracked Core","Bag of Marbles","Regal Pillow","Toxic Egg 2","Sling","Sundial","Eternal Feather","Inserter","Necronomicon","Shovel","StrikeDummy","Symbiotic Virus","DataDisk","Fusion Hammer","Akabeko","Ornamental Fan","Bottled Flame","Molten Egg 2","Centennial Puzzle","Turnip","HornCleat"],"acts_visited":["Exordium","TheCity","TheBeyond"],"potions_floor_usage":[33,33,48,50],"damage_taken":[{"damage":0.0,"enemies":"Cultist","floor":1.0,"turns":3.0},{"damage":11.0,"enemies":"Jaw Worm","floor":2.0,"turns":2.0},{"damage":9.0,"enemies":"Small Slimes","floor":4.0,"turns":3.0},{"damage":5.0,"enemies":"3 Louse","floor":5.0,"turns":2.0},{"damage":12.0,"enemies":"2 Fungi Beasts","floor":6.0,"turns":2.0},{"damage":0.0,"enemies":"Exordium Thugs","floor":8.0,"turns":5.0},{"damage":0.0,"enemies":"Blue Slaver","floor":10.0,"turns":4.0},{"damage":12.0,"enemies":"Exordium Wildlife","floor":13.0,"turns":7.0},{"damage":4.0,"enemies":"Gremlin Nob","floor":14.0,"turns":4.0},{"damage":33.0,"enemies":"Slime Boss","floor":16.0,"turns":8.0},{"damage":21.0,"enemies":"2 Thieves","floor":18.0,"turns":4.0},{"damage":26.0,"enemies":"Chosen","floor":19.0,"turns":6.0},{"damage":15.0,"enemies":"Snecko","floor":22.0,"turns":5.0},{"damage":36.0,"enemies":"Sentry and Sphere","floor":24.0,"turns":7.0},{"damage":23.0,"enemies":"Book of Stabbing","floor":27.0,"turns":7.0},{"damage":56,"enemies":"Automaton","floor":33,"turns":13},{"damage":0,"enemies":"Orb Walker","floor":35,"turns":4},{"damage":26,"enemies":"3 Darklings","floor":36,"turns":8},{"damage":42,"enemies":"Nemesis","floor":40,"turns":7},{"damage":28,"enemies":"Jaw Worm Horde","floor":45,"turns":3},{"damage":3,"enemies":"Sphere and 2 Shapes","floor":47,"turns":5},{"damage":0,"enemies":"Mind Bloom Boss Battle","floor":48,"turns":5},{"damage":92,"enemies":"Time Eater","floor":50,"turns":6}],"seed_played":"9192803745042345800","potions_obtained":[{"floor":2.0,"key":"GamblersBrew"},{"floor":4.0,"key":"Ancient Potion"},{"floor":10.0,"key":"Regen Potion"},{"floor":13.0,"key":"EssenceOfSteel"},{"floor":18.0,"key":"FearPotion"},{"floor":24.0,"key":"Dexterity Potion"},{"floor":27.0,"key":"AttackPotion"},{"floor":33,"key":"PowerPotion"},{"floor":35,"key":"FocusPotion"},{"floor":47,"key":"Strength Potion"},{"floor":48,"key":"Ancient Potion"}],"is_trial":false,"path_per_floor":["M","M","?","M","M","M","R","M","T","M","$","?","M","E","R","B",null,"M","M","?","?","M","R","M","$","T","E","?","T","?","?","R","B",null,"M","M","?","$","T","E","?","$","T","R","M","R","M","?","R","B"],"character_chosen":"DEFECT","items_purchased":["Toxic Egg 2","Sling","Shovel","Akabeko","Metamorphosis+1","Enlightenment+1","Prostrate+1"],"campfire_rested":5,"item_purchase_floors":[11,11,25,38,38,38,38],"current_hp_per_floor":[75,71,71,69,64,52,74,74,74,75,75,50,57,60,75,49,75,54,35,19,19,14,66,40,40,40,17,17,17,17,17,72,26,75,75,59,59,59,59,27,17,17,17,41,23,75,72,72,75,0,0],"gold":601,"neow_bonus":"","is_daily":true,"chose_seed":false,"campfire_upgraded":0,"win_rate":0.0,"timestamp":1611813543,"path_taken":["M","?","?","M","?","M","R","M","T","M","$","?","M","E","R","BOSS","M","M","?","?","?","R","M","$","T","E","?","?","?","?","R","BOSS","M","M","?","$","?","E","?","$","T","R","M","R","M","?","R","BOSS"],"items_purchased_type":["Relic","Relic","Relic","Relic","Card","Card","Card"],"build_version":"2020-12-22","purchased_purges":0,"victory":false,"max_hp_per_floor":[75,75,75,75,75,75,75,75,75,75,75,75,75,75,75,75,75,75,75,75,75,75,75,75,75,75,75,75,75,75,75,75,75,75,75,75,75,75,75,75,75,75,75,75,75,75,75,75,75,75,75],"relic_stats":{"Regal Pillow":36,"Centennial Puzzle":[9],"Inserter":[40],"Shovel":2,"counters":[23,120],"Sundial":[4],"Ornamental Fan":[32],"Eternal Feather":96,"Turnip":[0],"Necronomicon":[12],"obtain_stats":[{"Regal Pillow":9,"Inserter":17,"Eternal Feather":14,"Sling":11,"Akabeko":38,"DataDisk":29,"Bottled Flame":40,"Centennial Puzzle":44,"Shovel":25,"HornCleat":49,"Sundial":12,"Ornamental Fan":39,"Molten Egg 2":43,"Fusion Hammer":34,"Turnip":48,"Bag of Marbles":3,"Necronomicon":20,"Toxic Egg 2":11,"Cracked Core":0,"StrikeDummy":26,"Symbiotic Virus":27},{"Regal Pillow":6,"Inserter":10,"Eternal Feather":9,"Sling":7,"Akabeko":18,"DataDisk":15,"Bottled Flame":19,"Centennial Puzzle":19,"Shovel":14,"HornCleat":22,"Sundial":7,"Ornamental Fan":18,"Molten Egg 2":19,"Fusion Hammer":16,"Turnip":22,"Bag of Marbles":2,"Necronomicon":12,"Toxic Egg 2":7,"Cracked Core":0,"StrikeDummy":14,"Symbiotic Virus":15},{"Regal Pillow":17,"Inserter":40,"Eternal Feather":32,"Sling":21,"Akabeko":94,"DataDisk":69,"Bottled Flame":101,"Centennial Puzzle":101,"Shovel":62,"HornCleat":114,"Sundial":21,"Ornamental Fan":94,"Molten Egg 2":101,"Fusion Hammer":82,"Turnip":114,"Bag of Marbles":5,"Necronomicon":50,"Toxic Egg 2":21,"Cracked Core":0,"StrikeDummy":62,"Symbiotic Virus":69}]},"card_choices":[{"not_picked":["EmptyFist","FlyingSleeves"],"picked":"BattleHymn","floor":0.0},{"not_picked":["CutThroughFate","Worship"],"picked":"Static Discharge","floor":0.0},{"not_picked":["Gash","EmptyBody"],"picked":"Halt","floor":0.0},{"not_picked":["Redo","Rebound"],"picked":"Conserve Battery","floor":0.0},{"not_picked":["Consume","Hologram"],"picked":"CutThroughFate","floor":0.0},{"not_picked":["Turbo","PathToVictory"],"picked":"FollowUp","floor":0.0},{"not_picked":["Cold Snap","Study"],"picked":"CrushJoints","floor":0.0},{"not_picked":["Beam Cell","Rebound"],"picked":"Perseverance","floor":0.0},{"not_picked":["Consume","FollowUp"],"picked":"CrushJoints","floor":0.0},{"not_picked":["Rip and Tear","Ball Lightning"],"picked":"Consecrate","floor":0.0},{"not_picked":["SashWhip","Prostrate"],"picked":"PathToVictory","floor":0.0},{"not_picked":["Hologram","InnerPeace"],"picked":"Coolheaded","floor":0.0},{"not_picked":["EmptyFist","Halt"],"picked":"CrushJoints","floor":0.0},{"not_picked":["SandsOfTime","Scrape"],"picked":"Self Repair","floor":0.0},{"not_picked":["TalkToTheHand","Turbo"],"picked":"Collect","floor":0.0},{"not_picked":["Ball Lightning","SashWhip"],"picked":"Glacier","floor":1.0},{"not_picked":["EmptyBody","Aggregate"],"picked":"WindmillStrike","floor":2.0},{"not_picked":["Steam Power","FearNoEvil"],"picked":"Consume","floor":4.0},{"not_picked":["FlurryOfBlows","Rebound"],"picked":"EmptyBody","floor":5.0},{"not_picked":["Gash","EmptyBody"],"picked":"Coolheaded","floor":6.0},{"not_picked":["EmptyBody","Storm"],"picked":"EmptyFist","floor":8.0},{"not_picked":["Doom and Gloom","FearNoEvil"],"picked":"Devotion","floor":10.0},{"not_picked":["Stack+1","Protect+1"],"picked":"DeceiveReality+1","floor":13.0},{"not_picked":["PathToVictory+1","Wireheading"],"picked":"MasterReality","floor":14.0},{"not_picked":["All For One","Hyperbeam"],"picked":"Brilliance","floor":16.0},{"not_picked":["Barrage","Compile Driver"],"picked":"Collect+1","floor":18.0},{"not_picked":["Steam Power+1","Gash+1"],"picked":"Undo+1","floor":19.0},{"not_picked":["Rebound","Hologram+1"],"picked":"Prostrate+1","floor":22.0},{"not_picked":["Fasting2","Perseverance+1"],"picked":"Sunder+1","floor":24.0},{"not_picked":["FollowUp+1","Ball Lightning"],"picked":"Glacier+1","floor":27.0},{"not_picked":["Reboot+1","Seek+1"],"picked":"Vault+1","floor":33},{"not_picked":["Sweeping Beam+1","ThirdEye+1"],"picked":"Prostrate+1","floor":35},{"not_picked":["Rip and Tear+1","Redo+1"],"picked":"Genetic Algorithm+1","floor":36},{"not_picked":["Sweeping Beam","Stack+1"],"picked":"Streamline+1","floor":40},{"not_picked":["Finesse+1","Discovery+1"],"picked":"Mayhem","floor":41},{"not_picked":["Chrysalis+1","Thinking Ahead+1"],"picked":"The Bomb+1","floor":41},{"not_picked":["Blind+1","Purity+1"],"picked":"Dramatic Entrance","floor":41},{"not_picked":["CutThroughFate+1","FollowUp+1"],"picked":"Blizzard+1","floor":45},{"not_picked":["EmptyBody+1","InnerPeace+1"],"picked":"Ball Lightning+1","floor":47},{"not_picked":["SashWhip+1","Worship+1"],"picked":"Chill+1","floor":48}],"player_experience":238946,"relics_obtained":[{"floor":9.0,"key":"Regal Pillow"},{"floor":14.0,"key":"Eternal Feather"},{"floor":20.0,"key":"Necronomicon"},{"floor":26.0,"key":"StrikeDummy"},{"floor":27.0,"key":"Symbiotic Virus"},{"floor":29,"key":"DataDisk"},{"floor":39,"key":"Ornamental Fan"},{"floor":40,"key":"Bottled Flame"},{"floor":43,"key":"Molten Egg 2"},{"floor":44,"key":"Centennial Puzzle"},{"floor":48,"key":"Turnip"},{"floor":49,"key":"HornCleat"}],"event_choices":[{"damage_healed":0.0,"max_hp_gain":0.0,"max_hp_loss":0.0,"gold_gain":0.0,"event_name":"WeMeetAgain","player_choice":"Gave Potion","floor":3.0,"gold_loss":0.0,"damage_taken":0.0,"relics_obtained":["Bag of Marbles"]},{"damage_healed":0.0,"max_hp_gain":0.0,"max_hp_loss":0.0,"gold_gain":0.0,"event_name":"Scrap Ooze","player_choice":"Success","floor":12.0,"gold_loss":0.0,"damage_taken":25.0,"relics_obtained":["Sundial"]},{"damage_healed":0.0,"max_hp_gain":0.0,"max_hp_loss":0.0,"gold_gain":0.0,"event_name":"Cursed Tome","player_choice":"Obtained Book","floor":20.0,"gold_loss":0.0,"damage_taken":16.0},{"damage_healed":0.0,"max_hp_gain":0.0,"max_hp_loss":0.0,"gold_gain":0.0,"event_name":"Upgrade Shrine","player_choice":"Upgraded","floor":21.0,"gold_loss":0.0,"damage_taken":0.0,"cards_upgraded":["Self Repair"]},{"damage_healed":0,"gold_gain":0,"player_choice":"Ignored","damage_taken":0,"max_hp_gain":0,"max_hp_loss":0,"event_name":"Beggar","floor":28,"gold_loss":0},{"damage_healed":0,"gold_gain":0,"player_choice":"Smashed Altar","damage_taken":0,"max_hp_gain":0,"max_hp_loss":0,"event_name":"Forgotten Altar","floor":30,"gold_loss":0,"cards_obtained":["Decay"]},{"cards_removed":["Decay"],"damage_healed":0,"gold_gain":0,"player_choice":"Upgrade and Remove","damage_taken":0,"max_hp_gain":0,"max_hp_loss":0,"event_name":"Designer","floor":31,"gold_loss":90,"cards_upgraded":["CrushJoints"]},{"damage_healed":0,"gold_gain":0,"cards_transformed":["EmptyFist"],"player_choice":"Transformed","damage_taken":0,"max_hp_gain":0,"max_hp_loss":0,"event_name":"Transmorgrifier","floor":37,"gold_loss":0,"cards_obtained":["InnerPeace"]},{"damage_healed":0,"gold_gain":0,"player_choice":"Memory 3","damage_taken":10,"max_hp_gain":0,"max_hp_loss":0,"event_name":"SensoryStone","floor":41,"gold_loss":0},{"damage_healed":0,"gold_gain":0,"player_choice":"Fight","damage_taken":0,"max_hp_gain":0,"max_hp_loss":0,"event_name":"MindBloom","floor":48,"gold_loss":0}],"is_beta":false,"boss_relics":[{"not_picked":["Runic Dome","Astrolabe"],"picked":"Inserter"},{"not_picked":["Calling Bell","Philosopher\u0027s Stone"],"picked":"Fusion Hammer"}],"items_purged_floors":[],"is_endless":false,"potions_floor_spawned":[2,4,10,13,18,24,27,33,35,47,48],"killed_by":"Time Eater","ascension_level":0}}