{"host":"2j5d0uw0vihq8b8w","time":1611816913,"event":{"mods":["2.2 Compatiblity","AchievementEnabler","BaseMod","BetterRewards","Colored Map","Colored Powertips","Custom Start","DeckTracker","Minty Spire (QoL Compilation)","Permanent Neow","Quick Restart","Rare Cards Sparkle","StSLib","SuperFastMode"],"gold_per_floor":[117,117,132,132,142,169,181,181,208,220,220,230,240,253,253,349,349,366,379,379,398,498,241,241,241],"floor_reached":24,"language":"KOR","playtime":1191,"items_purged":["Strike_R"],"score":202,"play_id":"b9b15436-e2b9-4f65-b03d-d2081c397c27","local_time":"20210128155513","is_ascension_mode":false,"campfire_choices":[{"data":"Rampage","floor":8.0,"key":"SMITH"},{"data":"Heavy Blade","floor":15.0,"key":"SMITH"}],"circlet_count":0,"master_deck":["Strike_R","Strike_R","Strike_R","Defend_R","Defend_R","Defend_R","Bash","Rampage+1","Shrug It Off","Evolve","Feel No Pain","Flame Barrier","Heavy Blade+1","Immolate","Fire Breathing"],"relics":["Burning Blood","Ancient Tea Set","Oddly Smooth Stone","Bag of Marbles","Red Skull","Runic Cube","Membership Card","Bronze Scales"],"acts_visited":["Exordium","TheCity"],"potions_floor_usage":[21,24],"damage_taken":[{"damage":0.0,"enemies":"2 Louse","floor":1.0,"turns":3.0},{"damage":5.0,"enemies":"Jaw Worm","floor":3.0,"turns":3.0},{"damage":6.0,"enemies":"Cultist","floor":5.0,"turns":3.0},{"damage":30.0,"enemies":"Lagavulin","floor":6.0,"turns":8.0},{"damage":9.0,"enemies":"2 Fungi Beasts","floor":7.0,"turns":5.0},{"damage":3.0,"enemies":"Exordium Wildlife","floor":10.0,"turns":3.0},{"damage":1.0,"enemies":"Blue Slaver","floor":12.0,"turns":5.0},{"damage":0.0,"enemies":"Lots of Slimes","floor":13.0,"turns":4.0},{"damage":0.0,"enemies":"2 Fungi Beasts","floor":14.0,"turns":4.0},{"damage":42.0,"enemies":"Hexaghost","floor":16.0,"turns":11.0},{"damage":16.0,"enemies":"Chosen","floor":18.0,"turns":6.0},{"damage":17,"enemies":"Shell Parasite","floor":19,"turns":8},{"damage":22,"enemies":"Centurion and Healer","floor":21,"turns":8},{"damage":43,"enemies":"Gremlin Leader","floor":24,"turns":5}],"seed_played":"1124428858909466848","potions_obtained":[{"floor":1.0,"key":"PowerPotion"},{"floor":7.0,"key":"ElixirPotion"},{"floor":12.0,"key":"Swift Potion"},{"floor":14.0,"key":"Dexterity Potion"},{"floor":16.0,"key":"Ancient Potion"},{"floor":18,"key":"Strength Potion"},{"floor":21,"key":"Energy Potion"}],"is_trial":false,"path_per_floor":["M","?","M","?","M","E","M","R","T","M","?","M","M","M","R","B",null,"M","M","?","M","?","$","E"],"character_chosen":"IRONCLAD","items_purchased":["Membership Card","Bronze Scales"],"campfire_rested":0,"item_purchase_floors":[23,23],"current_hp_per_floor":[80,62,63,63,63,39,36,36,36,39,32,37,43,49,49,13,80,70,59,59,43,43,43,0,0],"gold":241,"neow_bonus":"RANDOM_COMMON_RELIC","is_daily":false,"chose_seed":false,"campfire_upgraded":2,"win_rate":0.0,"timestamp":1611816913,"path_taken":["M","?","M","?","M","E","M","R","T","?","?","M","M","M","R","BOSS","M","M","?","M","?","$","E"],"items_purchased_type":["Relic","Relic"],"build_version":"2020-12-22","purchased_purges":1,"victory":false,"max_hp_per_floor":[80,80,80,80,80,80,80,80,80,80,80,80,80,80,80,80,80,80,80,80,80,80,80,80,80],"card_choices":[{"not_picked":["Dual Wield","Entrench"],"picked":"Rampage","floor":1.0},{"not_picked":["Cleave","Sword Boomerang"],"picked":"Shrug It Off","floor":3.0},{"not_picked":["Warcry","Bloodletting"],"picked":"Evolve","floor":5.0},{"not_picked":["Warcry","Shockwave"],"picked":"Feel No Pain","floor":6.0},{"not_picked":["Barricade","Flex","Wild Strike"],"picked":"SKIP","floor":7.0},{"not_picked":["Armaments","Headbutt"],"picked":"Flame Barrier","floor":10.0},{"not_picked":["Burning Pact","Anger","Shrug It Off"],"picked":"SKIP","floor":12.0},{"not_picked":["Pommel Strike","Body Slam"],"picked":"Heavy Blade","floor":13.0},{"not_picked":["Cleave","Twin Strike","Shrug It Off"],"picked":"SKIP","floor":14.0},{"not_picked":["Juggernaut","Exhume"],"picked":"Immolate","floor":16.0},{"not_picked":["Perfected Strike","Havoc"],"picked":"Fire Breathing","floor":18},{"not_picked":["Flame Barrier+1","Flex","Dark Embrace+1"],"picked":"SKIP","floor":19},{"not_picked":["Entrench+1","Warcry","Blood for Blood"],"picked":"SKIP","floor":21}],"player_experience":610067,"relics_obtained":[{"floor":6.0,"key":"Bag of Marbles"},{"floor":9.0,"key":"Red Skull"}],"event_choices":[{"damage_healed":0.0,"max_hp_gain":0.0,"max_hp_loss":0.0,"gold_gain":0.0,"event_name":"Scrap Ooze","player_choice":"Success","floor":2.0,"gold_loss":0.0,"damage_taken":18.0,"relics_obtained":["Oddly Smooth Stone"]},{"cards_removed":["Strike_R"],"damage_healed":0.0,"max_hp_gain":0.0,"max_hp_loss":0.0,"gold_gain":0.0,"event_name":"Bonfire Elementals","player_choice":"Offered Basic","floor":4.0,"gold_loss":0.0,"damage_taken":0.0},{"cards_removed":["Defend_R"],"damage_healed":0.0,"max_hp_gain":0.0,"max_hp_loss":0.0,"gold_gain":0.0,"event_name":"Golden Wing","player_choice":"Card Removal","floor":11.0,"gold_loss":0.0,"damage_taken":7.0},{"damage_healed":0,"gold_gain":0,"player_choice":"Ignored","damage_taken":0,"max_hp_gain":0,"max_hp_loss":0,"event_name":"Vampires","floor":20,"gold_loss":0},{"damage_healed":0,"gold_gain":100,"player_choice":"Pray","damage_taken":0,"max_hp_gain":0,"max_hp_loss":0,"event_name":"Golden Shrine","floor":22,"gold_loss":0}],"is_beta":false,"boss_relics":[{"not_picked":["Empty Cage","Tiny House"],"picked":"Runic Cube"}],"items_purged_floors":[23],"is_endless":false,"potions_floor_spawned":[1,7,12,14,16,18,19,21],"killed_by":"Gremlin Leader","ascension_level":0}}