{"host":"1z4hbl9vfqrhg136","time":1611794155,"event":{"mods":["BaseMod","Minty Spire (QoL Compilation)"],"gold_per_floor":[115,115,127,141,151,184,184,214,237,247,262,262,290,246,246,320,320,337,337,337,337,68,68,68],"floor_reached":23,"language":"ENG","playtime":1868,"items_purged":["Clumsy"],"score":518,"play_id":"9a666a1c-0a62-42f1-967d-4e5b32297826","local_time":"20210128003555","is_ascension_mode":true,"campfire_choices":[{"data":"Feed","floor":7.0,"key":"SMITH"},{"data":"Hemokinesis","floor":12.0,"key":"SMITH"},{"floor":15.0,"key":"REST"}],"circlet_count":0,"master_deck":["AscendersBane","Strike_R","Strike_R","Strike_R","Strike_R","Defend_R","Defend_R","Defend_R","Defend_R","Bash","Clothesline","Pommel Strike","Headbutt","Feed+1","Shrug It Off","Shrug It Off","Hemokinesis+1","Offering","Iron Wave","Corruption","Dark Embrace","Necronomicurse","Spot Weakness"],"relics":["Burning Blood","Dream Catcher","Bronze Scales","Smiling Mask","Pen Nib","Cursed Key","Necronomicon","StrikeDummy","Sling"],"acts_visited":["Exordium","TheCity"],"potions_floor_usage":[23],"damage_taken":[{"damage":11.0,"enemies":"Jaw Worm","floor":1.0,"turns":7.0},{"damage":2.0,"enemies":"Cultist","floor":3.0,"turns":4.0},{"damage":4.0,"enemies":"Small Slimes","floor":4.0,"turns":3.0},{"damage":8.0,"enemies":"2 Fungi Beasts","floor":5.0,"turns":4.0},{"damage":24.0,"enemies":"Gremlin Nob","floor":6.0,"turns":4.0},{"damage":57.0,"enemies":"3 Sentries","floor":8.0,"turns":10.0},{"damage":17.0,"enemies":"Exordium Thugs","floor":10.0,"turns":4.0},{"damage":0.0,"enemies":"Looter","floor":11.0,"turns":3.0},{"damage":35.0,"enemies":"Lagavulin","floor":13.0,"turns":6.0},{"damage":12.0,"enemies":"Slime Boss","floor":16.0,"turns":4.0},{"damage":32,"enemies":"2 Thieves","floor":18,"turns":3},{"damage":35,"enemies":"Gremlin Leader","floor":23,"turns":4}],"seed_played":"7569442407825736473","potions_obtained":[{"floor":3.0,"key":"FairyPotion"},{"floor":8.0,"key":"Fire Potion"},{"floor":13.0,"key":"Fire Potion"}],"is_trial":false,"path_per_floor":["M","?","M","M","M","E","R","E","T","M","M","R","E","?","R","B",null,"M","?","T","?","$","E"],"character_chosen":"IRONCLAD","items_purchased":["Sling","AttackPotion"],"campfire_rested":1,"item_purchase_floors":[22,22],"current_hp_per_floor":[63,75,75,75,73,58,58,11,11,30,36,36,7,7,31,29,72,50,29,29,29,29,0,0],"gold":68,"neow_bonus":"REMOVE_CARD","is_daily":false,"chose_seed":false,"campfire_upgraded":2,"win_rate":0.0,"timestamp":1611794155,"path_taken":["M","?","M","M","?","E","R","E","T","?","M","R","E","?","R","BOSS","M","?","?","?","$","E"],"items_purchased_type":["Relic","Potion"],"build_version":"2020-12-22","purchased_purges":1,"victory":false,"max_hp_per_floor":[75,75,75,75,75,78,78,82,82,82,82,82,82,82,82,86,86,90,90,90,90,90,90,90],"card_choices":[{"not_picked":["Heavy Blade","Wild Strike"],"picked":"Clothesline","floor":1.0},{"not_picked":["Armaments","Thunderclap"],"picked":"Pommel Strike","floor":3.0},{"not_picked":["Warcry","Intimidate"],"picked":"Headbutt","floor":4.0},{"not_picked":["Searing Blow","Shockwave"],"picked":"Feed","floor":5.0},{"not_picked":["Bloodletting","Perfected Strike"],"picked":"Shrug It Off","floor":6.0},{"not_picked":["Infernal Blade","Clothesline","Sever Soul"],"picked":"SKIP","floor":8.0},{"not_picked":["Sever Soul","Headbutt"],"picked":"Shrug It Off","floor":10.0},{"not_picked":["Pommel Strike","Feel No Pain"],"picked":"Hemokinesis","floor":11.0},{"not_picked":["Shrug It Off","Headbutt"],"picked":"Offering","floor":13.0},{"not_picked":["Pommel Strike","Shockwave"],"picked":"Iron Wave","floor":15.0},{"not_picked":["Berserk","Limit Break"],"picked":"Corruption","floor":16.0},{"not_picked":["Body Slam","Cleave"],"picked":"Dark Embrace","floor":18}],"player_experience":1919661,"relics_obtained":[{"floor":6.0,"key":"Dream Catcher"},{"floor":8.0,"key":"Bronze Scales"},{"floor":9.0,"key":"Smiling Mask"},{"floor":13.0,"key":"Pen Nib"},{"floor":19,"key":"Necronomicon"},{"floor":20,"key":"StrikeDummy"}],"event_choices":[{"damage_healed":12.0,"max_hp_gain":0.0,"max_hp_loss":0.0,"gold_gain":0.0,"event_name":"Wheel of Change","player_choice":"Full Heal","floor":2.0,"gold_loss":0.0,"damage_taken":0.0},{"damage_healed":0.0,"max_hp_gain":0.0,"max_hp_loss":0.0,"gold_gain":0.0,"event_name":"World of Goop","player_choice":"Left Gold","floor":14.0,"gold_loss":44.0,"damage_taken":0.0},{"damage_healed":0,"gold_gain":0,"player_choice":"Obtained Book","damage_taken":21,"max_hp_gain":0,"max_hp_loss":0,"event_name":"Cursed Tome","floor":19,"gold_loss":0},{"damage_healed":0,"gold_gain":0,"player_choice":"Read","damage_taken":0,"max_hp_gain":0,"max_hp_loss":0,"event_name":"The Library","floor":21,"gold_loss":0,"cards_obtained":["Spot Weakness"]}],"is_beta":false,"boss_relics":[{"not_picked":["Runic Cube","Runic Pyramid"],"picked":"Cursed Key"}],"items_purged_floors":[22],"is_endless":false,"potions_floor_spawned":[3,8,13],"killed_by":"Gremlin Leader","ascension_level":20}}