{"host":"qsusua7l529r8z9k","time":1611833298,"event":{"mods":["BaseMod","Minty Spire (QoL Compilation)","Spicy Shops","StSLib"],"gold_per_floor":[112,112,131,151,165,165,191,191,191,191,206,131,131,163,163,241,241,254,268,183,214,226,226],"floor_reached":22,"language":"ZHS","playtime":802,"items_purged":["Strike_B"],"score":363,"play_id":"3ba17098-5411-46b6-b942-7a1c832dd788","local_time":"20210128192818","is_ascension_mode":true,"campfire_choices":[{"data":"Go for the Eyes","floor":6.0,"key":"SMITH"},{"data":"Turbo","floor":10.0,"key":"SMITH"},{"data":"Streamline","floor":13.0,"key":"SMITH"},{"data":"White Noise","floor":15.0,"key":"SMITH"}],"circlet_count":0,"master_deck":["AscendersBane","Strike_B","Strike_B","Defend_B","Defend_B","Defend_B","Defend_B","Zap","Dualcast","Streamline+1","Turbo+1","Go for the Eyes+1","Machine Learning","White Noise+1","Hello World","Echo Form","Steam","Beam Cell","Gash"],"relics":["Cracked Core","NeowsBlessing","Meat on the Bone","Art of War","Gremlin Horn","White Beast Statue","SlaversCollar","MawBank"],"acts_visited":["Exordium","TheCity"],"potions_floor_usage":[21],"damage_taken":[{"damage":0.0,"enemies":"Jaw Worm","floor":1.0,"turns":1.0},{"damage":0.0,"enemies":"Cultist","floor":3.0,"turns":1.0},{"damage":0.0,"enemies":"Small Slimes","floor":4.0,"turns":1.0},{"damage":9.0,"enemies":"Red Slaver","floor":5.0,"turns":4.0},{"damage":8.0,"enemies":"3 Sentries","floor":7.0,"turns":5.0},{"damage":0.0,"enemies":"Large Slime","floor":11.0,"turns":4.0},{"damage":12.0,"enemies":"Gremlin Nob","floor":14.0,"turns":3.0},{"damage":22.0,"enemies":"Hexaghost","floor":16.0,"turns":12.0},{"damage":18.0,"enemies":"Spheric Guardian","floor":18.0,"turns":4.0},{"damage":22.0,"enemies":"Shell Parasite","floor":19.0,"turns":6.0},{"damage":29,"enemies":"Snake Plant","floor":21,"turns":7},{"damage":28,"enemies":"Snecko","floor":22,"turns":4}],"seed_played":"-6907556908445663497","potions_obtained":[{"floor":5.0,"key":"Block Potion"},{"floor":11.0,"key":"SmokeBomb"},{"floor":14.0,"key":"Explosive Potion"},{"floor":16.0,"key":"PotionOfCapacity"},{"floor":18.0,"key":"FocusPotion"},{"floor":19,"key":"Block Potion"},{"floor":21,"key":"Strength Potion"}],"is_trial":false,"path_per_floor":["M","?","M","M","M","R","E","?","T","R","M","$","R","E","R","B",null,"M","M","?","M","M"],"character_chosen":"DEFECT","items_purchased":[],"campfire_rested":0,"item_purchase_floors":[],"current_hp_per_floor":[64,64,64,64,55,55,47,47,47,47,47,47,47,47,47,37,63,45,35,35,18,0,0],"gold":226,"neow_bonus":"THREE_ENEMY_KILL","is_daily":false,"chose_seed":false,"campfire_upgraded":4,"win_rate":0.0,"timestamp":1611833298,"path_taken":["M","?","?","M","M","R","E","?","T","R","?","$","R","E","R","BOSS","M","M","?","M","M"],"items_purchased_type":[],"build_version":"2020-12-22","purchased_purges":1,"victory":false,"max_hp_per_floor":[71,71,71,71,71,71,71,71,71,71,71,71,71,71,71,71,71,71,71,71,71,71,71],"card_choices":[{"not_picked":["Stack","Sweeping Beam"],"picked":"Streamline","floor":1.0},{"not_picked":["Compile Driver","Static Discharge"],"picked":"Go for the Eyes","floor":3.0},{"not_picked":["Tempest","Loop"],"picked":"Machine Learning","floor":4.0},{"not_picked":["Barrage","Sweeping Beam"],"picked":"White Noise","floor":5.0},{"not_picked":["Auto Shields","Chill"],"picked":"Hello World","floor":7.0},{"not_picked":["BootSequence","Steam","Static Discharge"],"picked":"SKIP","floor":11.0},{"not_picked":["Force Field","Leap","BootSequence"],"picked":"SKIP","floor":14.0},{"not_picked":["Electrodynamics","Creative AI"],"picked":"Echo Form","floor":16.0},{"not_picked":["Cold Snap","Tempest"],"picked":"Steam","floor":18.0},{"not_picked":["Redo","Hologram"],"picked":"Beam Cell","floor":19},{"not_picked":["Redo","Beam Cell"],"picked":"Gash","floor":21}],"player_experience":524310,"relics_obtained":[{"floor":7.0,"key":"Meat on the Bone"},{"floor":8.0,"key":"Art of War"},{"floor":9.0,"key":"Gremlin Horn"},{"floor":14.0,"key":"White Beast Statue"}],"event_choices":[{"damage_healed":0.0,"max_hp_gain":0.0,"max_hp_loss":0.0,"gold_gain":0.0,"cards_transformed":["Strike_B"],"event_name":"Transmorgrifier","player_choice":"Transformed","floor":2.0,"gold_loss":0.0,"damage_taken":0.0,"cards_obtained":["Turbo"]},{"damage_healed":0.0,"max_hp_gain":0.0,"max_hp_loss":0.0,"gold_gain":0.0,"event_name":"Wheel of Change","player_choice":"Relic","floor":8.0,"gold_loss":0.0,"damage_taken":0.0},{"damage_healed":0,"gold_gain":0,"player_choice":"Obtained Relic","damage_taken":0,"relics_obtained":["MawBank"],"max_hp_gain":0,"max_hp_loss":0,"event_name":"Addict","floor":20,"gold_loss":85}],"is_beta":false,"boss_relics":[{"not_picked":["Velvet Choker","FrozenCore"],"picked":"SlaversCollar"}],"items_purged_floors":[12],"is_endless":false,"potions_floor_spawned":[5,11,14,16,18,19,21],"killed_by":"Snecko","ascension_level":17}}