{"host":"tcdxiwht2vajk3tk","time":1611838028,"event":{"mods":["AchievementEnabler","BaseMod","Beaked The Cultist","Colored Powertips","Conspire","Defuse TimeMaze Blight","Downfall","Halation","Hermit","Hubris","Infinite Spire","Lobotomy","LobotomyExtend","Minty Spire (QoL Compilation)","Replay The Spire","Shop Mod","StSLib","The Cursed","The Disciple"],"gold_per_floor":[113,125,125,85,104,104,138,138,165,177,214,245,257,269,281,392,404,448,491,503,70,70,70,105,105,105,138,138,173,199,324,324,496,496,515,534,534,560,573,573,573],"floor_reached":40,"language":"ENG","playtime":3604,"items_purged":[],"score":508,"play_id":"37e8b72d-3580-49bf-9755-8b88051d6b41","local_time":"20210128074708","is_ascension_mode":true,"campfire_choices":[{"data":"hermit:Quickdraw","floor":6.0,"key":"SMITH"},{"data":"hermit:Gestalt","floor":10.0,"key":"SMITH"},{"floor":15.0,"key":"REST"},{"floor":25.0,"key":"REST"},{"floor":28.0,"key":"REST"},{"floor":32.0,"key":"REST"}],"circlet_count":0,"master_deck":["hermit:Strike_Hermit","hermit:Strike_Hermit","hermit:Strike_Hermit","hermit:Strike_Hermit","hermit:Defend_Hermit","hermit:Defend_Hermit","hermit:Defend_Hermit","hermit:Defend_Hermit","hermit:Snapshot","hermit:Covet","hermit:Quickdraw+1","hermit:Malice","hermit:Gestalt+1","hermit:TakeCover","hermit:EyeOfTheStorm","hermit:Dive","hermit:DeadOrAlive","hermit:LowProfile","hermit:Determination+1","Apotheosis","hermit:TakeAim","hermit:TakeAim+1","hermit:Gestalt+1","hermit:SprayPray+1","hermit:ShadowCloak","hermit:Reprieve","hermit:HoleUp","hermit:Misfire+1","hermit:Feint","hermit:Snipe+1"],"relics":["hermit:Momento","LetterFromLob","hubris:Icosahedron","Omamori","Pen Nib","Sundial","conspire:SlowCooker","MerchantsRug","conspire:TreasureMap","infinitespire:Bottled Soul","hexamod:CandleOfCauterizing","Bronze Scales","halation:EternalFortune"],"acts_visited":["Exordium","TheCity","TheBeyond"],"potions_floor_usage":[],"damage_taken":[{"damage":12.0,"enemies":"infinitespire:Voidling","floor":1.0,"turns":3.0},{"damage":0.0,"enemies":"Jaw Worm","floor":2.0,"turns":4.0},{"damage":6.0,"enemies":"Cultist","floor":5.0,"turns":3.0},{"damage":9.0,"enemies":"Replay:BlueRogue","floor":7.0,"turns":5.0},{"damage":6.0,"enemies":"Gremlin Nob","floor":11.0,"turns":6.0},{"damage":7.0,"enemies":"Looter","floor":12.0,"turns":3.0},{"damage":46.0,"enemies":"The Guardian","floor":16.0,"turns":19.0},{"damage":25.0,"enemies":"Spheric Guardian","floor":18.0,"turns":6.0},{"damage":2.0,"enemies":"Chosen","floor":19.0,"turns":8.0},{"damage":19.0,"enemies":"Slavers","floor":24.0,"turns":6.0},{"damage":18.0,"enemies":"Snake Plant","floor":27.0,"turns":4.0},{"damage":19.0,"enemies":"Centurion and Healer","floor":29.0,"turns":6.0},{"damage":13.0,"enemies":"Nightmare","floor":30.0,"turns":9.0},{"damage":7.0,"enemies":"Sentry and Sphere","floor":31.0,"turns":6.0},{"damage":27.0,"enemies":"Collector","floor":33.0,"turns":8.0},{"damage":20.0,"enemies":"3 Darklings","floor":35.0,"turns":10.0},{"damage":15.0,"enemies":"3 Shapes","floor":36.0,"turns":4.0},{"damage":33.0,"enemies":"Spire Growth","floor":38.0,"turns":6.0},{"damage":14,"enemies":"Transient","floor":39,"turns":5},{"damage":40,"enemies":"Reptomancer","floor":40,"turns":2}],"seed_played":"2849167278691310975","potions_obtained":[{"floor":4.0,"key":"Weak Potion"},{"floor":4.0,"key":"LifebloodPotion"},{"floor":4.0,"key":"hexamod:SoulburnPotion"},{"floor":16.0,"key":"LiquidBronze"},{"floor":19.0,"key":"LifebloodPotion"},{"floor":22.0,"key":"infinitespire:BlackPotion"},{"floor":24.0,"key":"BlessingOfTheForge"},{"floor":27.0,"key":"Fruit Juice"},{"floor":29.0,"key":"Swift Potion"},{"floor":35.0,"key":"Energy Potion"}],"is_trial":false,"path_per_floor":["M","M","?","?","M","R","E","?","T","R","E","M","$","T","R","B",null,"M","M","?","$","?","$","E","R","T","M","R","M","NM","M","R","B",null,"M","M","?","M","M","E"],"character_chosen":"HERMIT","items_purchased":["MerchantsRug","Apotheosis","conspire:TreasureMap"],"campfire_rested":4,"item_purchase_floors":[21,21,21],"current_hp_per_floor":[67,67,67,67,61,61,52,52,52,52,46,39,39,39,61,15,75,50,48,34,34,34,34,15,39,39,26,51,32,19,12,37,10,85,69,54,57,24,17,0,0],"gold":573,"neow_bonus":"","is_daily":false,"chose_seed":false,"campfire_upgraded":2,"win_rate":0.0,"timestamp":1611838028,"path_taken":["M","?","?","?","?","R","E","?","T","R","E","M","$","?","R","BOSS","M","M","?","$","?","$","E","R","T","M","R","M","NM","?","R","BOSS","M","M","?","M","M","E"],"items_purchased_type":["Relic","Card","Relic"],"build_version":"2020-12-22","purchased_purges":0,"victory":false,"max_hp_per_floor":[75,75,75,75,75,75,75,75,75,75,75,75,75,75,75,75,75,75,75,80,80,80,80,80,80,80,85,85,85,85,85,85,85,85,85,85,88,88,91,91,91],"card_choices":[{"not_picked":["hermit:GhostlyPresence","hermit:Ricochet"],"picked":"hermit:Quickdraw","floor":1.0},{"not_picked":["hermit:SprayPray","hermit:DeadMansHand"],"picked":"hermit:Malice","floor":2.0},{"not_picked":["hermit:CalledShot","hermit:LowProfile"],"picked":"hermit:Gestalt","floor":5.0},{"not_picked":["hermit:HoleUp","hermit:FullyLoaded"],"picked":"hermit:TakeCover","floor":7.0},{"not_picked":["hermit:Ricochet","hermit:FinalCanter"],"picked":"hermit:EyeOfTheStorm","floor":11.0},{"not_picked":["hermit:Glare","hermit:ShadowCloak"],"picked":"hermit:Dive","floor":12.0},{"not_picked":["hermit:Roughhouse","hermit:RoundhouseKick"],"picked":"hermit:DeadOrAlive","floor":16.0},{"not_picked":["hermit:TakeCover","hermit:NoHoldsBarred+1"],"picked":"hermit:LowProfile","floor":18.0},{"not_picked":["hermit:PistolWhip+1","hermit:Misfire"],"picked":"hermit:Determination+1","floor":19.0},{"not_picked":["hermit:FullyLoaded","hermit:Dive"],"picked":"hermit:TakeAim","floor":24.0},{"not_picked":["hermit:Feint","hermit:ItchyTrigger"],"picked":"hermit:TakeAim+1","floor":27.0},{"not_picked":["hermit:TrackingShot+1","hermit:Spite+1"],"picked":"hermit:Gestalt+1","floor":29.0},{"not_picked":["hermit:Shortfuse","hermit:WideOpen"],"picked":"hermit:SprayPray+1","floor":30.0},{"not_picked":["hermit:Roulette+1","hermit:Virtue+1"],"picked":"hermit:ShadowCloak","floor":31.0},{"not_picked":["hermit:OverwhelmingPower","hermit:HeroicBravado"],"picked":"hermit:Reprieve","floor":33.0},{"not_picked":["hermit:LowProfile+1","hermit:Spite+1"],"picked":"hermit:HoleUp","floor":35.0},{"not_picked":["hermit:NoHoldsBarred+1","hermit:Feint+1"],"picked":"hermit:Misfire+1","floor":36.0},{"not_picked":["hermit:Spite","hermit:WideOpen"],"picked":"hermit:Feint","floor":38.0},{"not_picked":["hermit:FinalCanter","hermit:Ricochet+1"],"picked":"hermit:Snipe+1","floor":39}],"player_experience":1705257,"relics_obtained":[{"floor":1.0,"key":"LetterFromLob"},{"floor":7.0,"key":"Omamori"},{"floor":9.0,"key":"MawBank"},{"floor":11.0,"key":"Pen Nib"},{"floor":14.0,"key":"Sundial"},{"floor":24.0,"key":"infinitespire:Bottled Soul"},{"floor":26.0,"key":"hexamod:CandleOfCauterizing"},{"floor":30.0,"key":"Bronze Scales"},{"floor":39,"key":"halation:EternalFortune"}],"event_choices":[{"damage_healed":0.0,"max_hp_gain":0.0,"max_hp_loss":0.0,"gold_gain":0.0,"event_name":"The Woman in Blue","player_choice":"Bought 3 Potions","floor":4.0,"gold_loss":0.0,"damage_taken":0.0},{"damage_healed":0.0,"max_hp_gain":0.0,"max_hp_loss":0.0,"gold_gain":0.0,"event_name":"Transmorgrifier","player_choice":"Ignored","floor":8.0,"gold_loss":0.0,"damage_taken":0.0},{"damage_healed":0.0,"max_hp_gain":5.0,"max_hp_loss":0.0,"gold_gain":0.0,"event_name":"Forgotten Altar","player_choice":"Shed Blood","floor":20.0,"gold_loss":0.0,"damage_taken":19.0},{"damage_healed":0.0,"max_hp_gain":0.0,"max_hp_loss":0.0,"gold_gain":0.0,"event_name":"Lab","player_choice":"Got Potions","floor":22.0,"gold_loss":0.0,"damage_taken":0.0}],"is_beta":false,"boss_relics":[{"not_picked":["Runic Dome","halation:LoveArrow"],"picked":"conspire:SlowCooker"},{"not_picked":["halation:CatFaceCupcake","Fusion Hammer","Replay:Drink Me"]}],"items_purged_floors":[],"is_endless":true,"potions_floor_spawned":[5,7,16,19,24,27,29,35],"killed_by":"Reptomancer","ascension_level":1}}