{"host":"nwd160me4iqdtr8u","time":1611826740,"event":{"mods":["AchievementEnabler","Act Like it!","BaseMod","Colored Map","DeckTracker","Minty Spire (QoL Compilation)","Quick Restart","Rare Cards Sparkle","StSLib","SuperFastMode","everything is the same but u backflip on backflip"],"gold_per_floor":[110,130,148,166,11,11,44,63,63,63,91,102,118,129,129,129,129],"floor_reached":16,"language":"KOR","playtime":686,"items_purged":[],"score":180,"play_id":"52da08ec-e8d9-4706-b52e-50c83cc3f034","local_time":"20210128183900","is_ascension_mode":true,"campfire_choices":[{"data":"Setup","floor":6.0,"key":"SMITH"},{"floor":10.0,"key":"DIG"},{"floor":15.0,"key":"REST"}],"circlet_count":0,"master_deck":["AscendersBane","Strike_G","Strike_G","Strike_G","Strike_G","Defend_G","Defend_G","Defend_G","Defend_G","Defend_G","Survivor","Neutralize","Setup+1","All Out Attack","Quick Slash","Backstab","Backflip","Thunderclap","Crippling Poison","TalkToTheHand","PiercingWail","Self Repair"],"relics":["Ring of the Snake","PrismaticShard","PreservedInsect","Shovel","Singing Bowl","Peace Pipe"],"acts_visited":["Exordium"],"potions_floor_usage":[16,16],"damage_taken":[{"damage":2.0,"enemies":"Cultist","floor":1.0,"turns":5.0},{"damage":0.0,"enemies":"2 Louse","floor":2.0,"turns":3.0},{"damage":5.0,"enemies":"Jaw Worm","floor":3.0,"turns":5.0},{"damage":0.0,"enemies":"Blue Slaver","floor":4.0,"turns":5.0},{"damage":12.0,"enemies":"3 Sentries","floor":7.0,"turns":6.0},{"damage":1.0,"enemies":"Large Slime","floor":8.0,"turns":5.0},{"damage":17.0,"enemies":"Lagavulin","floor":11.0,"turns":5.0},{"damage":1.0,"enemies":"3 Louse","floor":12.0,"turns":2.0},{"damage":3.0,"enemies":"Exordium Thugs","floor":13.0,"turns":5.0},{"damage":4.0,"enemies":"Looter","floor":14.0,"turns":3.0},{"damage":55,"enemies":"Slime Boss","floor":16,"turns":8}],"seed_played":"-5116536252852401150","potions_obtained":[{"floor":2.0,"key":"SteroidPotion"},{"floor":4.0,"key":"Fruit Juice"},{"floor":7.0,"key":"PowerPotion"},{"floor":12.0,"key":"GamblersBrew"},{"floor":14.0,"key":"SkillPotion"}],"is_trial":false,"path_per_floor":["M","M","M","M","$","R","E","M","T","R","E","M","M","M","R","B"],"character_chosen":"THE_SILENT","items_purchased":["PrismaticShard"],"campfire_rested":1,"item_purchase_floors":[5],"current_hp_per_floor":[61,61,56,61,61,61,49,48,48,48,31,30,29,25,48,0,0],"gold":129,"neow_bonus":"TRANSFORM_CARD","is_daily":false,"chose_seed":false,"campfire_upgraded":1,"win_rate":0.0,"timestamp":1611826740,"path_taken":["M","?","M","M","$","R","E","?","T","R","E","M","M","M","R","BOSS"],"items_purchased_type":["Relic"],"build_version":"2020-12-22","purchased_purges":0,"victory":false,"max_hp_per_floor":[70,70,70,75,75,75,75,75,75,75,75,75,77,77,77,77,77],"card_choices":[{"not_picked":["Dodge and Roll","Distraction"],"picked":"All Out Attack","floor":1.0},{"not_picked":["Deadly Poison","Flying Knee"],"picked":"Quick Slash","floor":2.0},{"not_picked":["Bane","PiercingWail"],"picked":"Backstab","floor":3.0},{"not_picked":["Terror","Deadly Poison"],"picked":"Backflip","floor":4.0},{"not_picked":["Good Instincts","Crescendo"],"picked":"Thunderclap","floor":7.0},{"not_picked":["Heel Hook","JustLucky"],"picked":"Crippling Poison","floor":8.0},{"not_picked":["Sucker Punch","Anger"],"picked":"TalkToTheHand","floor":11.0},{"not_picked":["Fire Breathing","Night Terror"],"picked":"PiercingWail","floor":12.0},{"not_picked":["SashWhip","Skewer","Force Field"],"picked":"Singing Bowl","floor":13.0},{"not_picked":["Doom and Gloom","Iron Wave"],"picked":"Self Repair","floor":14.0}],"player_experience":270784,"relics_obtained":[{"floor":7.0,"key":"PreservedInsect"},{"floor":9.0,"key":"Shovel"},{"floor":10.0,"key":"Singing Bowl"},{"floor":11.0,"key":"Peace Pipe"}],"event_choices":[],"is_beta":false,"boss_relics":[],"items_purged_floors":[],"is_endless":false,"potions_floor_spawned":[2,4,7,12,14],"killed_by":"Slime Boss","ascension_level":11}}