{"host":"rm0ctv8qd8mnbkg1","time":1611833777,"event":{"mods":["Arknights The Spire","BaseMod","BetterRewards","Colored Map","DNKmod","Dark Map","Defuse TimeMaze Blight","Friendly Minions","Hubris","Infinite Spire","Minty Spire (QoL Compilation)","Permanent Neow","Quarter Circle Forward PUNCH!","RRrroohrrRGHHhhh!!","Rare Cards Sparkle","Relic Sorter","Reliquary","Replay The Spire","RumiaBox-????????","Shop Mod","Spicy Shops","Spire Arcade","StS++","StSLib","The Dragon Tamer","The Servant 0.9.4","Wandering Minibosses","[IsaacMod]????","??????REMEMod"],"gold_per_floor":[10317,10331,10343,10318,10318,10347,10347,10382,10382,10395,9472,9472,9472,9485,9485,9581,9581,9598,9598,9548,9548,9567,9567,9581,9581,9605,0,0],"floor_reached":27,"language":"ENG","playtime":1106,"items_purged":["Writhe"],"score":468,"play_id":"e3c53847-905b-460b-8197-d9094031dec1","local_time":"20210128113617","is_ascension_mode":true,"campfire_choices":[{"data":"Pulse","floor":7,"key":"SMITH"},{"data":"Loop","floor":12,"key":"SMITH"},{"data":"Self Repair","floor":15,"key":"SMITH"},{"floor":23,"key":"RECALL"},{"data":"Amplify","floor":25,"key":"SMITH"}],"circlet_count":0,"master_deck":["Strike_B","Strike_B","Strike_B","Strike_B","Defend_B","Defend_B","Defend_B","Defend_B","Zap","Dualcast","Replay:Many Hands+1","Pulse+1","StSpp:Channeliser","FIFO Queue","Loop+1","Hello World","REME_FirmDetermination","REME_FirmDetermination","Self Repair+1","Amplify+1","hubris:SpecializedCircuitry","Self Repair+1","Heatsinks","rorgmod:Steady Aim","rorgmod:Steady Aim"],"relics":["Cracked Core","BelialBook","TheBean","PokeGo","Baka2","REME_ComplimentaryCards","HushsDoor","Gremlin Food","infinitespire:Broken Mirror","qcfpunch:Black_Training_Shirt","StSpp:BrokenTotem","rorgmod:Loose Gear","reliquary:TridentHead","Anchor","ReplayTheSpireMod:Ninjato","DollysMirror","Nunchaku","MagicMushroom","wanderingMiniBosses:Blackblade"],"acts_visited":["Exordium","TheCity"],"potions_floor_usage":[],"damage_taken":[{"damage":0,"enemies":"Jaw Worm","floor":1,"turns":2},{"damage":0,"enemies":"2 Louse","floor":2,"turns":3},{"damage":0,"enemies":"Cultist","floor":3,"turns":2},{"damage":55,"enemies":"Hiden Room Battle","floor":4,"turns":5},{"damage":0,"enemies":"Gremlin Nob","floor":6,"turns":1},{"damage":0,"enemies":"Lagavulin","floor":8,"turns":4},{"damage":0,"enemies":"Looter","floor":10,"turns":3},{"damage":0,"enemies":"Blue Slaver","floor":14,"turns":1},{"damage":0,"enemies":"The Guardian","floor":16,"turns":4},{"damage":1,"enemies":"Spheric Guardian","floor":18,"turns":3},{"damage":97,"enemies":"3 Byrds","floor":20,"turns":5},{"damage":0,"enemies":"Centurion and Healer","floor":22,"turns":3},{"damage":0,"enemies":"Snake Plant","floor":24,"turns":1},{"damage":99999999,"enemies":"Chosen and Byrds","floor":27,"turns":2}],"seed_played":"9197895768093938722","potions_obtained":[{"floor":20,"key":"DuplicationPotion"}],"is_trial":false,"path_per_floor":["M","M","M","?","?","E","R","E","T","M","$","R","?","M","R","B",null,"M","$","M","?","M","R","M","R","T","M"],"character_chosen":"DEFECT","items_purchased":["Hello World","REME_FirmDetermination","reliquary:TridentHead","Anchor","ReplayTheSpireMod:Ninjato","DollysMirror","hubris:SpecializedCircuitry"],"campfire_rested":0,"item_purchase_floors":[11,11,11,11,11,11,17],"current_hp_per_floor":[2000,2000,2000,1945,1945,1945,1945,1945,1945,1945,1945,1945,1933,1933,1933,1943,2004,2004,2004,1969,1969,1980,1980,1980,1980,1980,0,0],"gold":0,"neow_bonus":"UPGRADE_CARD","is_daily":false,"chose_seed":false,"campfire_upgraded":4,"win_rate":0.0,"timestamp":1611833777,"path_taken":["M","M","M","?","?","E","R","E","T","?","$","R","?","M","R","BOSS","M","$","M","?","M","R","M","R","T","M"],"items_purchased_type":["Card","Card","Relic","Relic","Relic","Relic","Card"],"build_version":"2020-12-22","purchased_purges":1,"victory":false,"max_hp_per_floor":[2000,2000,2000,2000,2000,2000,2000,2000,2000,2000,2000,2000,2000,2000,2000,2000,2004,2004,2004,2004,2004,2004,2004,2004,2004,2004,2004,2004],"card_choices":[{"not_picked":[],"picked":"SuicideKing","floor":0},{"not_picked":["Streamline","Conserve Battery"],"picked":"Pulse","floor":1},{"not_picked":["rorgmod:LRU Cache","Heatsinks"],"picked":"Bomb","floor":2},{"not_picked":["BootSequence","Coolheaded"],"picked":"StSpp:Channeliser","floor":3},{"not_picked":["rorgmod:Steady Aim","Rebound"],"picked":"FIFO Queue","floor":4},{"not_picked":["rorgmod:Refrigerate","FTL","Compile Driver"],"picked":"SKIP","floor":6},{"not_picked":["BootSequence","rorgmod:Volatility"],"picked":"Loop","floor":8},{"not_picked":["Barrage","Compile Driver","Rebound"],"picked":"SKIP","floor":10},{"not_picked":["FIFO Queue","Barrage"],"picked":"Self Repair","floor":14},{"not_picked":["Rainbow","ReplayRNGCard"],"picked":"Amplify","floor":16},{"not_picked":["Stack","Hologram"],"picked":"Self Repair+1","floor":18},{"not_picked":["BootSequence","Sunder"],"picked":"Heatsinks","floor":20},{"not_picked":["wanderingMiniBosses:FinaleOfPromise"],"picked":"SKIP","floor":20},{"not_picked":["Redo","rorgmod:Ventilation Error+1"],"picked":"rorgmod:Steady Aim","floor":22},{"not_picked":["Melter","Conserve Battery"],"picked":"rorgmod:Steady Aim","floor":24}],"player_experience":187608,"relics_obtained":[{"floor":1,"key":"Baka"},{"floor":4,"key":"Gremlin Food"},{"floor":4,"key":"infinitespire:Broken Mirror"},{"floor":5,"key":"BelialBook"},{"floor":6,"key":"qcfpunch:Black_Training_Shirt"},{"floor":8,"key":"StSpp:BrokenTotem"},{"floor":9,"key":"rorgmod:Loose Gear"},{"floor":18,"key":"Baka2"},{"floor":20,"key":"wanderingMiniBosses:Blackblade"},{"floor":26,"key":"TheBean"}],"event_choices":[{"damage_healed":0,"gold_gain":0,"player_choice":"Fight","damage_taken":0,"max_hp_gain":0,"max_hp_loss":0,"event_name":"HidenRoomEvent","floor":4,"gold_loss":0},{"damage_healed":0,"gold_gain":0,"player_choice":"Success","damage_taken":12,"relics_obtained":["Nunchaku"],"max_hp_gain":0,"max_hp_loss":0,"event_name":"Scrap Ooze","floor":13,"gold_loss":0}],"is_beta":false,"boss_relics":[{"not_picked":["StSpp:FireArrow","SoulBox"],"picked":"MagicMushroom"},{"not_picked":[]}],"items_purged_floors":[11],"is_endless":false,"potions_floor_spawned":[2,3,8,14,20],"killed_by":"Chosen and Byrds","ascension_level":4}}