{"host":"qmnyg5dk1o6rw6mz","time":1611869876,"event":{"mods":["100% Spire Juice","2.2 Compatiblity","AchievementEnabler","Act Like it!","Arknights The Spire","Aspiration","Astrologer","BaseMod","Beaked The Cultist","Better Altar","Better Match","Better Note","Better Sensory Stone","Better Skull","Better Third Choice","Better Vampires","CapriCore","Challenge The Spire","ChefMod","Colored Map","Colored Powertips","Conspire","Decade(王小明)","DeckTracker","Defuse TimeMaze Blight","Disable Question Mark Monsters","Displayed Cursed Tome","Downfall","Energized Spire","Friendly Minions","Gensokyo","GifTheSpireLib","Hermit","Highlight Path","HololiveMod","HornydragonMod","Hubris","Infinite Spire","Jedi Mod","Koishi","KomeijiMod","Lobotomy","Mari Mod (Legacy)","Mari\u0027s V1 Patch","Marisa（霧雨　魔理沙）","Marked Mod","Minty Spire (QoL Compilation)","Pale of the Ancients","Permanent Neow","Prisma Mod","Quick Restart","Reimu（博???）","Replay The Spire","Robot Space Explorer","SIMod","StSLib","Synergy Search","The Alterego","The Bug Knight","The Cursed","The Dragon Tamer","The Gatherer","The Hayseed","The Immortal","The Marked","The Mystic","The Poker Player","The Problem Sleuth","The Runesmith","The Sage","The Senshi","The Showman","The Wild Card","Unceasing Turn Reminder","WarShipGirlsR/??少女R mod","Wide Potions","Yuri Mod","thorton"],"gold_per_floor":[124,151,178,190,218,230,230],"floor_reached":6,"language":"ENG","playtime":197,"items_purged":[],"score":40,"play_id":"79065c2b-fd4e-4e37-a4a5-e26d732e4bf3","local_time":"20210129053756","is_ascension_mode":true,"campfire_choices":[],"circlet_count":0,"master_deck":["Strike_R","Strike_R","Strike_R","Strike_R","Strike_R","Defend_R","Defend_R","Defend_R","Defend_R","Bash","Regret","Wild Strike","Clash","Replay:Undeath\u0027s Touch"],"relics":["Burning Blood","MawBank"],"acts_visited":["Exordium"],"potions_floor_usage":[],"damage_taken":[{"damage":24,"enemies":"infinitespire:Voidling","floor":1,"turns":6},{"damage":11,"enemies":"Jaw Worm","floor":2,"turns":3},{"damage":3,"enemies":"Small Slimes","floor":3,"turns":3},{"damage":12,"enemies":"Looter","floor":5,"turns":5},{"damage":19,"enemies":"3 Sentries","floor":6,"turns":4}],"seed_played":"-7301137226542094618","potions_obtained":[{"floor":1,"key":"FearPotion"},{"floor":2,"key":"BloodPotion"}],"is_trial":false,"path_per_floor":["M","M","M","?","M","E"],"character_chosen":"IRONCLAD","items_purchased":[],"campfire_rested":0,"item_purchase_floors":[],"current_hp_per_floor":[66,61,64,64,58,39,39],"gold":230,"neow_bonus":"RANDOM_EVENT","is_daily":false,"chose_seed":false,"campfire_upgraded":0,"win_rate":0.0,"timestamp":1611869876,"path_taken":["M","M","?","?","M","E"],"items_purchased_type":[],"build_version":"2020-12-22","purchased_purges":0,"victory":false,"max_hp_per_floor":[80,80,80,80,80,80,80],"card_choices":[{"not_picked":["Run Through","conspire:ExplosiveBarrier"],"picked":"Wild Strike","floor":1},{"not_picked":["Run Through","Anger","Sever Soul"],"picked":"SKIP","floor":2},{"not_picked":["Rage","Shrug It Off"],"picked":"Clash","floor":3},{"not_picked":["Warcry","True Grit"],"picked":"Replay:Undeath\u0027s Touch","floor":5}],"player_experience":239920,"relics_obtained":[],"event_choices":[{"damage_healed":0,"gold_gain":0,"player_choice":"Box","damage_taken":0,"relics_obtained":["MawBank"],"max_hp_gain":0,"max_hp_loss":0,"event_name":"Big Fish","floor":0,"gold_loss":0,"cards_obtained":["Regret"]}],"is_beta":false,"boss_relics":[],"items_purged_floors":[],"is_endless":false,"potions_floor_spawned":[1,2],"killed_by":"3 Sentries","ascension_level":1}}