{"host":"gqcohn9v5baj3dmw","time":1611849889,"event":{"mods":["BaseMod","Better Note","Better Sensory Stone","Better Skull","Colored Map","Downfall","Marked Mod","Minty Spire (QoL Compilation)","Rare Cards Sparkle","Relic Stats","StSLib"],"gold_per_floor":[99,99,27,27,57,83,160,186,200,22,22,36,36,47,63,63,63,63],"floor_reached":16,"language":"ENG","playtime":900,"items_purged":[],"score":173,"play_id":"1f66ce69-09b3-4cfb-b018-ef659335117a","local_time":"20210128170449","is_ascension_mode":true,"campfire_choices":[{"data":"Guardian:CurlUp","floor":1,"key":"SMITH"},{"data":"Guardian:PiercingHide","floor":13,"key":"SMITH"}],"circlet_count":0,"master_deck":["Guardian:Strike_Guardian","Guardian:Strike_Guardian","Guardian:Strike_Guardian","Guardian:Strike_Guardian","Guardian:Defend_Guardian","Guardian:Defend_Guardian","Guardian:Defend_Guardian","Guardian:Defend_Guardian","Guardian:CurlUp+1","Guardian:TwinSlam","Guardian:SpikerProtocol","Guardian:ArmoredProtocol","Guardian:ChargeCore","Guardian:RollAttack","Guardian:PiercingHide+1","Guardian:EvasiveProtocol+1","Guardian:PrimingBeam+1","Guardian:SphericShield","Guardian:FuturePlans+1"],"relics":["Guardian:ModeShifter","downfall:HeartsMalice","Kunai","Ornamental Fan","Frozen Egg 2","Guardian:StasisCodex"],"acts_visited":["Exordium"],"potions_floor_usage":[],"damage_taken":[{"damage":0,"enemies":"2 Louse","floor":2,"turns":1},{"damage":0,"enemies":"downfall:FleeingMerchant","floor":3,"turns":1},{"damage":0,"enemies":"Lagavulin","floor":6,"turns":1},{"damage":11,"enemies":"Gremlin Nob","floor":8,"turns":6},{"damage":0,"enemies":"Cultist","floor":9,"turns":3},{"damage":4,"enemies":"downfall:FleeingMerchant","floor":10,"turns":4},{"damage":0,"enemies":"Jaw Worm","floor":12,"turns":4},{"damage":0,"enemies":"Red Slaver","floor":14,"turns":3},{"damage":1,"enemies":"Lots of Slimes","floor":15,"turns":3},{"damage":62,"enemies":"DF_ARCHETYPE_STREAMLINE","floor":16,"turns":14}],"seed_played":"9137888691329948179","potions_obtained":[{"floor":6,"key":"BlessingOfTheForge"},{"floor":9,"key":"LiquidMemories"},{"floor":14,"key":"Guardian:AcceleratePotion"}],"is_trial":false,"path_per_floor":["R","M","$","?","?","E","T","E","M","$","?","M","R","M","M","B"],"character_chosen":"GUARDIAN","items_purchased":["Guardian:ArmoredProtocol","Guardian:EvasiveProtocol+1","Guardian:PrimingBeam","Guardian:Gem_White"],"campfire_rested":0,"item_purchase_floors":[3,10,10,10],"current_hp_per_floor":[72,72,72,72,72,72,72,61,61,57,57,57,57,57,56,0,0,0],"gold":63,"neow_bonus":"THREE_ENEMY_KILL","is_daily":false,"chose_seed":false,"campfire_upgraded":2,"win_rate":0.0,"timestamp":1611849889,"path_taken":["R","M","$","?","?","E","T","E","M","$","?","M","R","?","M","BOSS"],"items_purchased_type":["Card","Card","Card","Card"],"build_version":"2020-12-22","purchased_purges":0,"victory":false,"max_hp_per_floor":[80,80,80,80,80,80,80,80,80,80,80,80,80,80,80,80,80,80],"relic_stats":{"counters":[10,37],"Ornamental Fan":[28],"Kunai":[7],"obtain_stats":[{"Ornamental Fan":6,"Guardian:ModeShifter":0,"downfall:HeartsMalice":0,"Guardian:StasisCodex":8,"Kunai":5,"Frozen Egg 2":7},{"Ornamental Fan":3,"Guardian:ModeShifter":0,"downfall:HeartsMalice":0,"Guardian:StasisCodex":4,"Kunai":2,"Frozen Egg 2":3},{"Ornamental Fan":0,"Guardian:ModeShifter":0,"downfall:HeartsMalice":0,"Guardian:StasisCodex":6,"Kunai":0,"Frozen Egg 2":0}]},"card_choices":[{"not_picked":["Guardian:BronzeOrb","Guardian:RollAttack"],"picked":"Guardian:Gem_White","floor":2},{"not_picked":["Guardian:ShieldSpikes","Guardian:BronzeArmor"],"picked":"Guardian:SpikerProtocol","floor":3},{"not_picked":["Guardian:SphericShield","Guardian:VentSteam"],"picked":"Guardian:ChargeCore","floor":6},{"not_picked":["Guardian:HyperBeam_Guardian","Guardian:TemporalStrike"],"picked":"Guardian:RollAttack","floor":8},{"not_picked":["Guardian:Gem_Fragmented","Guardian:Incinerate"],"picked":"Guardian:PiercingHide","floor":9},{"not_picked":["Guardian:VentSteam","Guardian:Reroute","Guardian:BronzeOrb"],"picked":"SKIP","floor":10},{"not_picked":["Guardian:PolyBeam","Guardian:TemporalStrike"],"picked":"Guardian:SphericShield","floor":12},{"not_picked":["Guardian:PrimingBeam","Guardian:PolyBeam","Guardian:TemporalStrike"],"picked":"SKIP","floor":14},{"not_picked":["Guardian:Gem_Cyan","Guardian:TemporalStrike"],"picked":"Guardian:FuturePlans+1","floor":15}],"player_experience":545400,"relics_obtained":[{"floor":6,"key":"Ornamental Fan"},{"floor":7,"key":"Frozen Egg 2"},{"floor":8,"key":"Guardian:StasisCodex"}],"event_choices":[{"damage_healed":0,"gold_gain":1,"player_choice":"1","damage_taken":0,"max_hp_gain":0,"max_hp_loss":0,"event_name":"betterStone:BetterStone","floor":4,"gold_loss":0}],"is_beta":false,"boss_relics":[],"items_purged_floors":[],"is_endless":false,"potions_floor_spawned":[6,9,14,15],"killed_by":"DF_ARCHETYPE_STREAMLINE","ascension_level":6}}