{"host":"c3lc60y5x60jlt1y","time":1611869812,"event":{"mods":["AchievementEnabler","BaseMod","Bestiary","Colored Map","Minty Spire (QoL Compilation)","Quick Restart","StSLib","ojb\u0027s Info Mod"],"gold_per_floor":[118,138,138,152,1,1,14,24,24,24,24,41,41,41,41,145,145,158,83,11,86,100,100,100,100],"floor_reached":24,"language":"ENG","playtime":802,"items_purged":["Strike_R"],"score":186,"play_id":"40418240-4fc5-4eca-a81b-67e68f6bb47f","local_time":"20210128233652","is_ascension_mode":false,"campfire_choices":[{"data":"Double Tap","floor":10,"key":"SMITH"},{"data":"Havoc","floor":13,"key":"SMITH"},{"data":"Spot Weakness","floor":15,"key":"SMITH"},{"floor":23,"key":"REST"}],"circlet_count":0,"master_deck":["Strike_R","Strike_R","Strike_R","Defend_R","Defend_R","Defend_R","Defend_R","Bash","Heavy Blade","Spot Weakness+1","Double Tap+1","Rupture","Anger","Headbutt","Havoc+1","Feed","Inflame","Fire Breathing+1"],"relics":["Burning Blood"],"acts_visited":["Exordium","TheCity"],"potions_floor_usage":[16,16,16,22],"damage_taken":[{"damage":11,"enemies":"Small Slimes","floor":1,"turns":3},{"damage":11,"enemies":"Jaw Worm","floor":2,"turns":2},{"damage":8,"enemies":"2 Louse","floor":4,"turns":2},{"damage":19,"enemies":"2 Fungi Beasts","floor":7,"turns":4},{"damage":11,"enemies":"Red Slaver","floor":8,"turns":3},{"damage":17,"enemies":"Exordium Thugs","floor":12,"turns":3},{"damage":5,"enemies":"Slime Boss","floor":16,"turns":7},{"damage":54,"enemies":"Chosen","floor":18,"turns":8},{"damage":20,"enemies":"2 Thieves","floor":22,"turns":4},{"damage":47,"enemies":"Snake Plant","floor":24,"turns":5}],"seed_played":"8112379226750829890","potions_obtained":[{"floor":2,"key":"PowerPotion"},{"floor":4,"key":"Fire Potion"},{"floor":7,"key":"Fire Potion"}],"is_trial":false,"path_per_floor":["M","M","?","M","$","?","M","M","T","R","T","M","R","$","R","B",null,"M","?","$","?","M","R","M"],"character_chosen":"IRONCLAD","items_purchased":["Rupture","DistilledChaos"],"campfire_rested":1,"item_purchase_floors":[5,20],"current_hp_per_floor":[83,78,78,76,76,76,63,58,58,58,58,47,47,47,47,48,88,43,43,43,34,20,47,0,0],"gold":100,"neow_bonus":"TEN_PERCENT_HP_BONUS","is_daily":false,"chose_seed":false,"campfire_upgraded":3,"win_rate":0.0,"timestamp":1611869812,"path_taken":["M","M","?","M","$","?","M","M","T","R","?","M","R","?","R","BOSS","M","?","$","?","M","R","M"],"items_purchased_type":["Card","Potion"],"build_version":"2020-12-22","purchased_purges":1,"victory":false,"max_hp_per_floor":[88,88,88,88,88,88,88,88,88,88,88,88,88,88,88,88,88,91,91,91,91,91,91,91,91],"card_choices":[{"not_picked":["True Grit","Feel No Pain"],"picked":"Heavy Blade","floor":1},{"not_picked":["Headbutt","True Grit"],"picked":"Spot Weakness","floor":2},{"not_picked":["Intimidate","Sever Soul"],"picked":"Double Tap","floor":4},{"not_picked":["Flex","Seeing Red"],"picked":"Anger","floor":7},{"not_picked":["Clash","Twin Strike"],"picked":"Headbutt","floor":8},{"not_picked":["Burning Pact","Battle Trance"],"picked":"Havoc","floor":12},{"not_picked":["Impervious","Brutality"],"picked":"Feed","floor":16},{"not_picked":["Disarm","Feel No Pain"],"picked":"Inflame","floor":18},{"not_picked":["Pummel","Iron Wave"],"picked":"Fire Breathing+1","floor":22}],"player_experience":8744418,"relics_obtained":[],"event_choices":[{"damage_healed":0,"gold_gain":0,"player_choice":"Ignored","damage_taken":0,"max_hp_gain":0,"max_hp_loss":0,"event_name":"Golden Idol","floor":3,"gold_loss":0},{"damage_healed":0,"gold_gain":0,"player_choice":"Fled","damage_taken":0,"max_hp_gain":0,"max_hp_loss":0,"event_name":"Scrap Ooze","floor":6,"gold_loss":0},{"cards_removed":["Strike_R"],"damage_healed":0,"gold_gain":0,"player_choice":"Gave Gold","damage_taken":0,"max_hp_gain":0,"max_hp_loss":0,"event_name":"Beggar","floor":19,"gold_loss":75},{"damage_healed":0,"gold_gain":75,"player_choice":"Touch","damage_taken":9,"max_hp_gain":0,"max_hp_loss":0,"event_name":"FaceTrader","floor":21,"gold_loss":0}],"is_beta":false,"boss_relics":[{"not_picked":[]}],"items_purged_floors":[5],"is_endless":false,"potions_floor_spawned":[2,4,7,8],"killed_by":"Snake Plant","ascension_level":0}}