{"host":"Bawah","time":1611819868,"event":{"mods":["BaseMod","Downfall","Marisa????????","Minty Spire (QoL Compilation)","Replay The Spire","StSLib","The Cursed"],"gold_per_floor":[99,111,127,137,153,153,229,249,260,260,270,270,347,362,374,478,578,578,597,610,710,710,710,760,774,784,784,794,794,794,806,819,920,920,920,934,934,949,974,984,984,1008,1008,1008,1008,1048,1048,1048,1073,1073,1100,1100],"floor_reached":53,"language":"SPA","playtime":4701,"items_purged":[],"score":739,"play_id":"4cb7d6b5-8256-4c82-b407-505cc32c7407","local_time":"20210128084428","is_ascension_mode":false,"campfire_choices":[{"floor":1,"key":"DIG"},{"data":"hexamod:Sear","floor":10,"key":"SMITH"},{"floor":12,"key":"REST"},{"data":"hexamod:ForkedFlame","floor":18,"key":"SMITH"},{"floor":27,"key":"REST"},{"floor":29,"key":"REST"},{"data":"hexamod:SearingWound","floor":35,"key":"SMITH"},{"floor":43,"key":"REST"},{"floor":45,"key":"REST"}],"circlet_count":0,"master_deck":["hexamod:Sear+1","hexamod:Float+1","hexamod:SpectralAdrenaline+1","hexamod:SpectersWail+1","hexamod:EmpoweredFlame","hexamod:SpectralAdrenaline+1","hexamod:NightmareStrike","hexamod:SearingWound+1","hexamod:GhostLash+1","hexamod:SoulSteal+1","hexamod:SixthSeal","hexamod:HeatShield","hexamod:HeatShield+1","hexamod:GhostOfSpirePast+1","hexamod:Incineration+1","hexamod:ForkedFlame+1","hexamod:ChargedBarrage+1","hexamod:GhostShield+1","hexamod:Again+1","hexamod:BurningTouch+1","hexamod:ChargedBarrage+1","hexamod:ThermalTransfer+1","hexamod:NightmareGuise+1","hexamod:HauntingEcho+1","hexamod:TimeWarp+1","hexamod:FastForward+1","hexamod:HeatMetal+1","Parasite","hexamod:SecondSeal","hexamod:RecurringNightmare+1","hexamod:WildfireWeapon+1"],"relics":["hexamod:SpiritBrand","Bag of Marbles","Quantum Egg","Pear","Replay:Grab Bag","Replay:Wanted Poster","ChewingGum","Pandora\u0027s Box","Pocketwatch","Replay:Ringing Soul","Darkstone Periapt","Nunchaku","Replay:Bronze Core","Replay:Rubber Ducky","Mirror","hexamod:MatchstickCase"],"acts_visited":["Exordium","TheCity","TheBeyond"],"potions_floor_usage":[21,26,46,46],"damage_taken":[{"damage":6,"enemies":"2 Louse","floor":2,"turns":3},{"damage":6,"enemies":"Jaw Worm","floor":3,"turns":3},{"damage":1,"enemies":"Cultist","floor":4,"turns":3},{"damage":4,"enemies":"Blue Slaver","floor":5,"turns":3},{"damage":3,"enemies":"Red Slaver","floor":8,"turns":2},{"damage":0,"enemies":"Exordium Thugs","floor":9,"turns":4},{"damage":9,"enemies":"Blue Slaver","floor":11,"turns":3},{"damage":11,"enemies":"Large Slime","floor":14,"turns":3},{"damage":0,"enemies":"Lots of Slimes","floor":15,"turns":1},{"damage":48,"enemies":"SI_SHIV_ARCHETYPE","floor":16,"turns":9},{"damage":20,"enemies":"Shell Parasite","floor":19,"turns":5},{"damage":16,"enemies":"Shelled Parasite and Fungi","floor":20,"turns":3},{"damage":19,"enemies":"Colosseum Nobs","floor":21,"turns":4},{"damage":7,"enemies":"3 Cultists","floor":25,"turns":3},{"damage":7,"enemies":"Snake Plant","floor":26,"turns":2},{"damage":1,"enemies":"Cultist and Chosen","floor":28,"turns":4},{"damage":11,"enemies":"Shelled Parasite and Fungi","floor":31,"turns":4},{"damage":8,"enemies":"Sentry and Sphere","floor":32,"turns":4},{"damage":53,"enemies":"WA_ARCHETYPE_CALM","floor":33,"turns":9},{"damage":32,"enemies":"3 Darklings","floor":36,"turns":6},{"damage":13,"enemies":"3 Shapes","floor":38,"turns":4},{"damage":7,"enemies":"Writhing Mass","floor":40,"turns":4},{"damage":24,"enemies":"Sphere and 2 Shapes","floor":42,"turns":6},{"damage":19,"enemies":"Nemesis","floor":46,"turns":7},{"damage":0,"enemies":"Spire Growth","floor":49,"turns":6},{"damage":27,"enemies":"3 Darklings","floor":51,"turns":8},{"damage":34,"enemies":"DF_ARCHETYPE_ORBS","floor":52,"turns":9}],"seed_played":"-2697448723881952489","potions_obtained":[{"floor":4,"key":"LifebloodPotion"},{"floor":5,"key":"BlessingOfTheForge"},{"floor":9,"key":"Weak Potion"},{"floor":11,"key":"PowerPotion"},{"floor":15,"key":"bronze:BurnAndBuffPotion"},{"floor":21,"key":"SkillPotion"},{"floor":38,"key":"LifebloodPotion"},{"floor":51,"key":"CultistPotion"}],"is_trial":false,"path_per_floor":["R","M","M","M","M","?","T","M","M","R","M","R","T","M","M","B",null,"R","M","M","?","?","T","T","M","M","R","M","R","?","M","M","B",null,"R","M","?","M","T","M","T","M","R","?","R","E","PTL","PTL","M","?","M","B",null],"character_chosen":"THE_SPIRIT","items_purchased":[],"campfire_rested":5,"item_purchase_floors":[],"current_hp_per_floor":[77,71,65,64,60,60,60,57,57,57,48,71,81,70,70,22,87,87,67,51,35,35,35,35,31,27,55,57,86,86,75,67,17,102,102,73,73,63,63,65,65,44,80,80,116,100,100,100,100,100,73,39],"gold":1100,"neow_bonus":"TEN_PERCENT_HP_BONUS","is_daily":false,"chose_seed":false,"campfire_upgraded":3,"win_rate":0.0,"timestamp":1611819868,"path_taken":["R","M","M","M","M","?","T","M","M","R","M","R","?","M","M","BOSS","R","M","M","?","?","?","T","?","M","R","M","R","?","M","M","BOSS","R","M","?","?","?","M","T","M","R","?","R","E","PTL","PTL","M","?","M","BOSS"],"items_purchased_type":[],"build_version":"2020-12-18","purchased_purges":0,"victory":true,"max_hp_per_floor":[77,77,77,77,77,77,77,77,77,77,77,77,87,87,87,87,87,87,87,87,90,90,90,90,93,96,96,99,99,99,99,99,102,102,102,105,105,108,108,117,117,120,120,120,120,123,123,123,123,123,123,123],"card_choices":[{"not_picked":["hexamod:ThermalTransfer","hexamod:NightmareStrike"],"picked":"hexamod:SpectralAdrenaline","floor":2},{"not_picked":["hexamod:Hexaguard","hexamod:NightmareGuise"],"picked":"hexamod:SpectersWail","floor":3},{"not_picked":["hexamod:BurningTouch","hexamod:InspiringFlames"],"picked":"hexamod:EmpoweredFlame","floor":4},{"not_picked":["hexamod:Firestarter","hexamod:HeatMetal"],"picked":"hexamod:SpectralAdrenaline","floor":5},{"not_picked":["hexamod:ShieldOfDarkness","hexamod:HeatMetal","hexamod:HeatCrush"],"picked":"SKIP","floor":8},{"not_picked":["hexamod:RainOfEmbers","hexamod:GhostShield"],"picked":"hexamod:NightmareStrike","floor":9},{"not_picked":["hexamod:AdvancingGuard","hexamod:NightmareStrike"],"picked":"hexamod:SearingWound","floor":11},{"not_picked":["hexamod:InspiringFlames","hexamod:AdvancingGuard"],"picked":"hexamod:GhostLash","floor":14},{"not_picked":["hexamod:NightmareStrike","hexamod:Firestarter"],"picked":"hexamod:SoulSteal","floor":15},{"not_picked":["hexamod:TurnItUp","hexamod:UnlimitedPower"],"picked":"hexamod:SixthSeal","floor":16},{"not_picked":["hexamod:SpectralAdrenaline","hexamod:SpectersWail"],"picked":"hexamod:Again","floor":19},{"not_picked":["hexamod:InspiringFlames","hexamod:Haunt"],"picked":"hexamod:BurningTouch","floor":20},{"not_picked":["hexamod:Hexaguard","hexamod:PhantomCloak"],"picked":"hexamod:ChargedBarrage+1","floor":21},{"not_picked":["hexamod:Again","hexamod:GhostLash"],"picked":"hexamod:ThermalTransfer+1","floor":25},{"not_picked":["hexamod:GhostLash","hexamod:SpectersWail"],"picked":"hexamod:NightmareGuise+1","floor":26},{"not_picked":["hexamod:ChargedBarrage","hexamod:Firestarter"],"picked":"hexamod:HauntingEcho+1","floor":28},{"not_picked":["hexamod:HauntingEcho","hexamod:ThirdSeal","hexamod:UnlimitedPower"],"picked":"SKIP","floor":31},{"not_picked":["hexamod:GhostOfSpirePast","hexamod:HeatMetal+1","hexamod:ShieldOfDarkness"],"picked":"SKIP","floor":32},{"not_picked":["hexamod:ParanormalForm","hexamod:GhostOfSpirePresent"],"picked":"hexamod:TimeWarp","floor":33},{"not_picked":["hexamod:GhostShield","hexamod:NightmareStrike"],"picked":"hexamod:FastForward+1","floor":36},{"not_picked":["hexamod:RetreatToShadows","hexamod:Firestarter"],"picked":"hexamod:HeatMetal+1","floor":38},{"not_picked":["hexamod:Rewind","hexamod:GhostShield+1"],"picked":"hexamod:SecondSeal","floor":40},{"not_picked":["hexamod:SkipABeat+1","hexamod:RainOfEmbers"],"picked":"hexamod:RecurringNightmare+1","floor":42},{"not_picked":["hexamod:Firestarter+1","hexamod:GhostOfSpirePast"],"picked":"hexamod:WildfireWeapon","floor":46},{"not_picked":["hexamod:SecondSeal","hexamod:GhostOfSpirePast+1","hexamod:ThermalTransfer"],"picked":"SKIP","floor":49},{"not_picked":["hexamod:RainOfEmbers+1","hexamod:SpectersWail+1","hexamod:HeatMetal"],"picked":"SKIP","floor":51}],"player_experience":840100,"relics_obtained":[{"floor":1,"key":"Bag of Marbles"},{"floor":7,"key":"Quantum Egg"},{"floor":13,"key":"Pear"},{"floor":21,"key":"Pocketwatch"},{"floor":21,"key":"Replay:Ringing Soul"},{"floor":23,"key":"Darkstone Periapt"},{"floor":24,"key":"Nunchaku"},{"floor":39,"key":"Replay:Rubber Ducky"},{"floor":41,"key":"Mirror"},{"floor":50,"key":"hexamod:MatchstickCase"}],"event_choices":[{"damage_healed":0,"gold_gain":0,"player_choice":"Forge","damage_taken":0,"max_hp_gain":0,"max_hp_loss":0,"event_name":"Accursed Blacksmith","floor":37,"gold_loss":0,"cards_upgraded":["hexamod:BurningTouch"]}],"is_beta":true,"boss_relics":[{"not_picked":["Empty Cage","Tiny House"],"picked":"Replay:Grab Bag"},{"not_picked":["Cursed Key","Painkiller Herb"],"picked":"Replay:Wanted Poster"},{"not_picked":["ReplayTheSpireMod:DimensionalGlitch","ReplayTheSpireMod:Onyx Gauntlets"],"picked":"ChewingGum"},{"not_picked":["Ring of Chaos","Replay:Drink Me"],"picked":"Pandora\u0027s Box"},{"not_picked":["Coffee Dripper","Honey Jar"],"picked":"Replay:Bronze Core"}],"items_purged_floors":[],"is_endless":false,"potions_floor_spawned":[4,5,9,11,15,16,19,20,21,25,38,40,51],"ascension_level":0}}