{"host":"jegehu1t82aiec5j","time":1611836460,"event":{"mods":["BaseMod","Colored Map","Minty Spire (QoL Compilation)","Relic Stats","StSLib"],"gold_per_floor":[109,34,34,34,52,78,94,94,175,209,284,284,49,69,69,148,148,162,162,162,87,118,144,144,44,44,44,54,154,189,202,202,279,279,291,306,306,528,528,562,562,223,223,257,276,28,28,48,48,48],"floor_reached":51,"language":"ENG","playtime":1777,"items_purged":["Strike_G","Strike_G+1"],"score":1607,"play_id":"e0a44b90-c1b0-43fa-a9d4-8813eef04864","local_time":"20210128072100","is_ascension_mode":true,"campfire_choices":[{"data":"Neutralize","floor":12,"key":"SMITH"},{"data":"Poisoned Stab","floor":15,"key":"SMITH"},{"data":"Blade Dance","floor":24,"key":"SMITH"},{"data":"Slice","floor":27,"key":"SMITH"},{"floor":32,"key":"REST"},{"data":"A Thousand Cuts","floor":41,"key":"SMITH"},{"data":"Accuracy","floor":47,"key":"SMITH"},{"data":"Accuracy","floor":49,"key":"SMITH"}],"circlet_count":0,"master_deck":["AscendersBane","Defend_G","Defend_G","Defend_G","Defend_G","Defend_G","Survivor","Neutralize+1","Flying Knee+1","Blade Dance+1","Prepared","Poisoned Stab+1","Blade Dance+1","Leg Sweep+1","Phantasmal Killer+1","Acrobatics+1","Terror+1","Slice+1","Concentrate+1","Acrobatics+1","Deflect+1","Blur+1","Leg Sweep+1","A Thousand Cuts+1","Prepared+1","Cloak And Dagger+1","Madness+1","Madness+1","Blade Dance+1","Accuracy+1","Cloak And Dagger+1","Heel Hook","Blind+1","Shame","Slice+1","Accuracy+1"],"relics":["Ring of the Snake","WarpedTongs","Whetstone","Unceasing Top","Letter Opener","Toxic Egg 2","Mango","Medical Kit","HoveringKite","Red Mask","Boot","Tingsha","Bird Faced Urn","Gremlin Horn","White Beast Statue","Cursed Key","Calipers","Pantograph","Pear","Kunai"],"acts_visited":["Exordium","TheCity","TheBeyond"],"potions_floor_usage":[23,29,36,50,50],"damage_taken":[{"damage":4,"enemies":"Small Slimes","floor":1,"turns":5},{"damage":0,"enemies":"Jaw Worm","floor":5,"turns":3},{"damage":7,"enemies":"3 Sentries","floor":6,"turns":7},{"damage":0,"enemies":"Cultist","floor":7,"turns":4},{"damage":10,"enemies":"Lagavulin","floor":10,"turns":5},{"damage":0,"enemies":"Exordium Wildlife","floor":14,"turns":3},{"damage":6,"enemies":"Hexaghost","floor":16,"turns":12},{"damage":0,"enemies":"Chosen","floor":18,"turns":3},{"damage":13,"enemies":"Masked Bandits","floor":22,"turns":4},{"damage":6,"enemies":"Slavers","floor":23,"turns":5},{"damage":0,"enemies":"Shell Parasite","floor":28,"turns":2},{"damage":6,"enemies":"Colosseum Slavers","floor":29,"turns":3},{"damage":0,"enemies":"Colosseum Nobs","floor":29,"turns":3},{"damage":0,"enemies":"Book of Stabbing","floor":30,"turns":3},{"damage":0,"enemies":"Snake Plant","floor":31,"turns":4},{"damage":5,"enemies":"Champ","floor":33,"turns":8},{"damage":0,"enemies":"Orb Walker","floor":35,"turns":3},{"damage":4,"enemies":"3 Shapes","floor":36,"turns":2},{"damage":0,"enemies":"Giant Head","floor":40,"turns":4},{"damage":0,"enemies":"Nemesis","floor":44,"turns":3},{"damage":0,"enemies":"Writhing Mass","floor":45,"turns":3},{"damage":0,"enemies":"Transient","floor":48,"turns":5},{"damage":0,"enemies":"Donu and Deca","floor":50,"turns":5}],"seed_played":"-1018764223529616369","potions_obtained":[{"floor":6,"key":"Fire Potion"},{"floor":7,"key":"EssenceOfSteel"},{"floor":16,"key":"Swift Potion"},{"floor":23,"key":"GamblersBrew"},{"floor":29,"key":"SpeedPotion"},{"floor":33,"key":"SkillPotion"},{"floor":35,"key":"Strength Potion"},{"floor":36,"key":"PowerPotion"},{"floor":45,"key":"EntropicBrew"}],"is_trial":false,"path_per_floor":["M","?","?","?","M","E","M","T","T","E","?","R","$","M","R","B",null,"M","?","?","?","?","E","R","$","T","R","M","?","E","M","R","B",null,"M","M","?","?","?","E","R","$","T","E","M","$","R","M","R","B",null],"character_chosen":"THE_SILENT","items_purchased":["Medical Kit","Leg Sweep+1","Acrobatics+1","Accuracy","Cloak And Dagger+1","Heel Hook","Blind+1","Kunai"],"campfire_rested":1,"item_purchase_floors":[13,13,25,42,42,42,42,46],"current_hp_per_floor":[55,55,55,55,55,48,48,48,48,52,41,41,41,41,41,35,69,69,69,69,69,56,50,50,50,50,50,50,44,44,44,68,63,76,78,76,62,62,62,64,64,64,64,78,82,82,82,86,86,90],"gold":48,"neow_bonus":"RANDOM_COMMON_RELIC","is_daily":false,"chose_seed":false,"campfire_upgraded":7,"win_rate":0.0,"timestamp":1611836460,"path_taken":["M","?","?","?","M","E","?","?","T","E","?","R","$","M","R","BOSS","M","?","?","?","?","E","R","$","T","R","M","?","E","M","R","BOSS","M","M","?","?","?","E","R","$","T","E","M","$","R","M","R","BOSS"],"items_purchased_type":["Relic","Card","Card","Card","Card","Card","Card","Relic"],"build_version":"2020-12-22","purchased_purges":2,"victory":true,"max_hp_per_floor":[66,66,66,66,66,66,66,66,66,80,80,80,80,80,80,80,80,80,80,80,80,80,80,80,80,80,80,80,80,80,80,80,80,80,80,80,80,80,80,80,80,80,80,90,90,90,90,90,90,90],"relic_stats":{"Gremlin Horn":[3,3],"counters":[23,99],"HoveringKite":[34],"Tingsha":[186],"Whetstone":["Strike_G","Strike_G"],"Letter Opener":[388],"Medical Kit":[8],"Boot":[62],"Cursed Key":1,"WarpedTongs":[84],"Bird Faced Urn":[18],"Pantograph":4,"Kunai":[15],"obtain_stats":[{"Calipers":40,"Pear":44,"Gremlin Horn":29,"HoveringKite":17,"Mango":10,"Tingsha":26,"Whetstone":0,"Letter Opener":8,"Medical Kit":13,"Boot":23,"Cursed Key":34,"White Beast Statue":30,"WarpedTongs":0,"Bird Faced Urn":29,"Pantograph":43,"Red Mask":22,"Kunai":46,"Toxic Egg 2":9,"Unceasing Top":6,"Ring of the Snake":0},{"Calipers":19,"Pear":20,"Gremlin Horn":13,"HoveringKite":7,"Mango":5,"Tingsha":10,"Whetstone":0,"Letter Opener":4,"Medical Kit":5,"Boot":10,"Cursed Key":16,"White Beast Statue":14,"WarpedTongs":0,"Bird Faced Urn":13,"Pantograph":19,"Red Mask":9,"Kunai":21,"Toxic Egg 2":4,"Unceasing Top":3,"Ring of the Snake":0},{"Calipers":83,"Pear":86,"Gremlin Horn":59,"HoveringKite":39,"Mango":24,"Tingsha":51,"Whetstone":0,"Letter Opener":19,"Medical Kit":24,"Boot":51,"Cursed Key":74,"White Beast Statue":62,"WarpedTongs":0,"Bird Faced Urn":59,"Pantograph":83,"Red Mask":46,"Kunai":89,"Toxic Egg 2":19,"Unceasing Top":15,"Ring of the Snake":0}],"Unceasing Top":[95],"Ring of the Snake":[46]},"card_choices":[{"not_picked":["Caltrops","Underhanded Strike"],"picked":"Flying Knee","floor":1},{"not_picked":["Dodge and Roll","Quick Slash"],"picked":"Blade Dance","floor":5},{"not_picked":["Choke","Outmaneuver"],"picked":"Prepared","floor":6},{"not_picked":["Outmaneuver","PiercingWail"],"picked":"Poisoned Stab","floor":7},{"not_picked":["Calculated Gamble+1","PiercingWail+1"],"picked":"Blade Dance+1","floor":10},{"not_picked":["Poisoned Stab","Acrobatics+1","Prepared+1"],"picked":"SKIP","floor":14},{"not_picked":["Storm of Steel+1","Adrenaline+1"],"picked":"Phantasmal Killer+1","floor":16},{"not_picked":["Masterful Stab","Deadly Poison+1"],"picked":"Acrobatics+1","floor":18},{"not_picked":["Poisoned Stab","Sucker Punch"],"picked":"Slice","floor":22},{"not_picked":["Dagger Throw","Escape Plan+1"],"picked":"Concentrate+1","floor":23},{"not_picked":["Setup+1","Riddle With Holes"],"picked":"Deflect+1","floor":28},{"not_picked":["Setup+1","Dodge and Roll+1"],"picked":"Blur+1","floor":29},{"not_picked":["Underhanded Strike","Expertise+1"],"picked":"Leg Sweep+1","floor":30},{"not_picked":["Slice","Deadly Poison+1","Masterful Stab"],"picked":"SKIP","floor":31},{"not_picked":["Glass Knife","Storm of Steel+1"],"picked":"A Thousand Cuts","floor":33},{"not_picked":["Flying Knee","Deadly Poison+1"],"picked":"Prepared+1","floor":35},{"not_picked":["Sucker Punch","Prepared+1"],"picked":"Cloak And Dagger+1","floor":36},{"not_picked":["Die Die Die","Skewer"],"picked":"Blade Dance+1","floor":40},{"not_picked":["Outmaneuver+1","Deadly Poison+1"],"picked":"Slice+1","floor":44},{"not_picked":["Dagger Spray","Venomology+1","Deadly Poison+1"],"picked":"SKIP","floor":45},{"not_picked":["Blade Dance+1","Deflect+1"],"picked":"Accuracy","floor":48}],"player_experience":2548869,"relics_obtained":[{"floor":6,"key":"Unceasing Top"},{"floor":8,"key":"Letter Opener"},{"floor":9,"key":"Toxic Egg 2"},{"floor":10,"key":"Mango"},{"floor":22,"key":"Red Mask"},{"floor":23,"key":"Boot"},{"floor":26,"key":"Tingsha"},{"floor":29,"key":"Bird Faced Urn"},{"floor":29,"key":"Gremlin Horn"},{"floor":30,"key":"White Beast Statue"},{"floor":40,"key":"Calipers"},{"floor":43,"key":"Pantograph"},{"floor":44,"key":"Pear"}],"event_choices":[{"cards_removed":["Strike_G"],"damage_healed":0,"gold_gain":0,"player_choice":"Card Removal","damage_taken":0,"max_hp_gain":0,"max_hp_loss":0,"event_name":"The Cleric","floor":2,"gold_loss":75},{"damage_healed":0,"gold_gain":0,"player_choice":"Ignored","damage_taken":0,"max_hp_gain":0,"max_hp_loss":0,"event_name":"Liars Game","floor":3,"gold_loss":0},{"damage_healed":0,"gold_gain":0,"player_choice":"Forge","damage_taken":0,"max_hp_gain":0,"max_hp_loss":0,"event_name":"Accursed Blacksmith","floor":4,"gold_loss":0,"cards_upgraded":["Flying Knee"]},{"damage_healed":0,"gold_gain":75,"player_choice":"Gather Gold","damage_taken":11,"max_hp_gain":0,"max_hp_loss":0,"event_name":"World of Goop","floor":11,"gold_loss":0},{"damage_healed":0,"gold_gain":0,"player_choice":"Ignored","damage_taken":0,"max_hp_gain":0,"max_hp_loss":0,"event_name":"Vampires","floor":19,"gold_loss":0},{"damage_healed":0,"gold_gain":0,"player_choice":"Read","damage_taken":0,"max_hp_gain":0,"max_hp_loss":0,"event_name":"The Library","floor":20,"gold_loss":0,"cards_obtained":["Terror"]},{"cards_removed":["Strike_G"],"damage_healed":0,"gold_gain":0,"player_choice":"Gave Gold","damage_taken":0,"max_hp_gain":0,"max_hp_loss":0,"event_name":"Beggar","floor":21,"gold_loss":75},{"damage_healed":0,"gold_gain":0,"player_choice":"Fought Bandits","damage_taken":0,"max_hp_gain":0,"max_hp_loss":0,"event_name":"Masked Bandits","floor":22,"gold_loss":0},{"damage_healed":0,"gold_gain":0,"player_choice":"Fight","damage_taken":0,"max_hp_gain":0,"max_hp_loss":0,"event_name":"Colosseum","floor":29,"gold_loss":0},{"damage_healed":0,"gold_gain":0,"player_choice":"Fought Nobs","damage_taken":0,"max_hp_gain":0,"max_hp_loss":0,"event_name":"Colosseum","floor":29,"gold_loss":0},{"damage_healed":0,"gold_gain":0,"player_choice":"Embrace Madness","damage_taken":14,"max_hp_gain":0,"max_hp_loss":0,"event_name":"Winding Halls","floor":37,"gold_loss":0,"cards_obtained":["Madness","Madness"]},{"damage_healed":0,"gold_gain":222,"player_choice":"Wore Mask","damage_taken":0,"max_hp_gain":0,"max_hp_loss":0,"event_name":"Tomb of Lord Red Mask","floor":38,"gold_loss":0},{"cards_removed":["Strike_G"],"damage_healed":0,"gold_gain":0,"player_choice":"Removed Attack","damage_taken":0,"max_hp_gain":0,"max_hp_loss":0,"event_name":"Falling","floor":39,"gold_loss":0}],"is_beta":false,"boss_relics":[{"not_picked":["Empty Cage","Runic Pyramid"],"picked":"HoveringKite"},{"not_picked":["Sozu","SlaversCollar"],"picked":"Cursed Key"}],"items_purged_floors":[25,42],"is_endless":false,"potions_floor_spawned":[6,7,16,23,28,29,29,31,33,35,36,40,44,45,48],"ascension_level":15}}