{"host":"9slw7l0ws16384qq","time":1611848859,"event":{"mods":["A Penny For Your Troubles","BaseMod","Clockwork Mod","Colored Map","Evolution","Fiend Mod","Hermit","Hubris","Minty Spire (QoL Compilation)","Railgun Mod","Replay The Spire","Shedinja","StS++","StSLib","The Marked"],"gold_per_floor":[112,112,112,37,37,81,81,104,129,145,170,186,106,147,147,147,147],"floor_reached":16,"language":"FRA","playtime":408,"items_purged":["hermit:Strike_Hermit","hermit:Strike_Hermit"],"score":200,"play_id":"d2982805-5b65-451d-9ee0-6510d4730986","local_time":"20210128164739","is_ascension_mode":true,"campfire_choices":[{"data":"hermit:TakeAim","floor":7,"key":"SMITH"},{"data":"hermit:Defend_Hermit","floor":15,"key":"PURGE"}],"circlet_count":0,"master_deck":["AscendersBane","hermit:Strike_Hermit","hermit:Strike_Hermit","hermit:Defend_Hermit","hermit:Defend_Hermit","hermit:Snapshot","hermit:Covet","hermit:ShadowCloak","hermit:TakeAim+1","hermit:Headshot","hermit:GhostlyPresence"],"relics":["hermit:Momento","EVO:Axolotl","NeowsBlessing","Golden Idol","The Courier","Akabeko","hubris:SlimyHat","Replay:Mystery Machine"],"acts_visited":["Exordium"],"potions_floor_usage":[14,16,16],"damage_taken":[{"damage":0,"enemies":"Jaw Worm","floor":1,"turns":1},{"damage":0,"enemies":"Gremlin Nob","floor":6,"turns":1},{"damage":0,"enemies":"2 Louse","floor":10,"turns":2},{"damage":6,"enemies":"Cultist","floor":11,"turns":4},{"damage":4,"enemies":"2 Fungi Beasts","floor":12,"turns":4},{"damage":12,"enemies":"Lagavulin","floor":14,"turns":7},{"damage":12,"enemies":"Slime Boss","floor":16,"turns":8}],"seed_played":"5401349246289553528","potions_obtained":[{"floor":1,"key":"ColorlessPotion"},{"floor":6,"key":"SkillPotion"},{"floor":11,"key":"AttackPotion"}],"is_trial":false,"path_per_floor":["M","?","?","$","?","E","R","T","T","M","M","M","$","E","R_BF","B"],"character_chosen":"HERMIT","items_purchased":[],"campfire_rested":0,"item_purchase_floors":[],"current_hp_per_floor":[68,68,68,68,50,50,50,50,50,50,44,40,40,28,28,16,16],"gold":147,"neow_bonus":"THREE_ENEMY_KILL","is_daily":false,"chose_seed":false,"campfire_upgraded":1,"win_rate":0.0,"timestamp":1611848859,"path_taken":["M","?","?","$","?","E","R","?","T","M","M","M","$","E","R_BF","BOSS"],"items_purchased_type":[],"build_version":"2020-12-22","purchased_purges":2,"victory":false,"max_hp_per_floor":[75,75,75,75,75,75,75,75,75,75,75,75,75,75,75,75,75],"card_choices":[{"not_picked":["hermit:WideOpen","hermit:Deadeye"],"picked":"hermit:ShadowCloak","floor":1},{"not_picked":["hermit:Gestalt","hermit:DeadMansHand"],"picked":"hermit:TakeAim","floor":6},{"not_picked":["hermit:Dive","hermit:Vantage","hermit:Purgatory"],"picked":"SKIP","floor":10},{"not_picked":["hermit:Grudge","hermit:Headshot","hermit:Cheat"],"picked":"SKIP","floor":11},{"not_picked":["hermit:Grudge","hermit:Cheat"],"picked":"hermit:Headshot","floor":11},{"not_picked":["hermit:Shortfuse","hermit:Vantage"],"picked":"hermit:GhostlyPresence","floor":12},{"not_picked":["hermit:LuckOfTheDraw","hermit:Brawl","hermit:DeadMansHand"],"picked":"SKIP","floor":14}],"player_experience":2072762,"relics_obtained":[{"floor":6,"key":"The Courier"},{"floor":8,"key":"Akabeko"},{"floor":9,"key":"hubris:SlimyHat"},{"floor":14,"key":"Replay:Mystery Machine"}],"event_choices":[{"cards_removed":["hermit:Defend_Hermit"],"damage_healed":0,"gold_gain":0,"player_choice":"Forget","damage_taken":0,"max_hp_gain":0,"max_hp_loss":0,"event_name":"Living Wall","floor":2,"gold_loss":0},{"damage_healed":0,"gold_gain":0,"player_choice":"Take Damage","damage_taken":18,"relics_obtained":["Golden Idol"],"max_hp_gain":0,"max_hp_loss":0,"event_name":"Golden Idol","floor":5,"gold_loss":0}],"is_beta":false,"boss_relics":[],"items_purged_floors":[4,13],"is_endless":false,"potions_floor_spawned":[1,6,11],"killed_by":"Slime Boss","ascension_level":10}}