{"host":"95i1gxnztdrdyvhi","time":1611864095,"event":{"mods":["AchievementEnabler","Act Like it!","BaseMod","Downfall","Minty Spire (QoL Compilation)","Quick Restart","StSLib"],"gold_per_floor":[99,99,99,99,99,99,126,158,174,202,102,118,118,118,135,232,232,232,243,243,243,262,262,262,101,135,35,20,47,47,82,97,97,97,97],"floor_reached":33,"language":"ENG","playtime":2268,"items_purged":["bronze:Strike"],"score":332,"play_id":"7e818ac1-a688-486e-bd2f-fdeab99035ba","local_time":"20210128200135","is_ascension_mode":false,"campfire_choices":[{"data":"bronze:Replicate","floor":1,"key":"SMITH"},{"data":"bronze:CloningBeam","floor":6,"key":"SMITH"},{"data":"bronze:Terminator","floor":11,"key":"SMITH"},{"data":"bronze:Assembly","floor":18,"key":"SMITH"},{"floor":23,"key":"RECALL"},{"data":"bronze:ClassDefault","floor":27,"key":"SMITH"},{"data":"bronze:Defend","floor":30,"key":"PURGE"}],"circlet_count":0,"master_deck":["bronze:Defend","bronze:Defend","bronze:Defend","bronze:Replicate+1","bronze:Goto","bronze:Fortify","bronze:CloningBeam+1","bronze:DazingPulse","bronze:Boost","bronze:Safeguard","bronze:Terminator+1","bronze:Assembly+1","bronze:Format","bronze:Optimize+1","bronze:ClassDefault+1","bronze:Constructor"],"relics":["bronze:BronzeCore","downfall:HeartsMalice","Orichalcum","Juzu Bracelet","downfall:HeartBlessingBlue","WingedGreaves","Runic Pyramid","Du-Vu Doll","hexamod:CandleOfCauterizing","downfall:HeartBlessingRed","Peace Pipe","Mercury Hourglass"],"acts_visited":["Exordium","TheCity"],"potions_floor_usage":[26,26,26],"damage_taken":[{"damage":0,"enemies":"Small Slimes","floor":2,"turns":1},{"damage":0,"enemies":"Jaw Worm","floor":3,"turns":1},{"damage":0,"enemies":"Jaw Worm","floor":4,"turns":1},{"damage":13,"enemies":"3 Sentries","floor":8,"turns":7},{"damage":0,"enemies":"2 Louse","floor":9,"turns":2},{"damage":11,"enemies":"Lagavulin","floor":10,"turns":6},{"damage":13,"enemies":"Exordium Wildlife","floor":12,"turns":5},{"damage":0,"enemies":"Exordium Thugs","floor":15,"turns":5},{"damage":37,"enemies":"WA_ARCHETYPE_RETAIN","floor":16,"turns":12},{"damage":0,"enemies":"Chosen","floor":19,"turns":6},{"damage":0,"enemies":"Shell Parasite","floor":22,"turns":5},{"damage":0,"enemies":"downfall:FleeingMerchant","floor":25,"turns":4},{"damage":44,"enemies":"Gremlin Leader","floor":26,"turns":12},{"damage":0,"enemies":"downfall:FleeingMerchant","floor":28,"turns":4},{"damage":9,"enemies":"Book of Stabbing","floor":29,"turns":6},{"damage":19,"enemies":"Slavers","floor":31,"turns":9},{"damage":5,"enemies":"Chosen and Byrds","floor":32,"turns":6},{"damage":12,"enemies":"DF_ARCHETYPE_CLAW","floor":33,"turns":3}],"seed_played":"3887635396831931350","potions_obtained":[{"floor":4,"key":"AttackPotion"},{"floor":8,"key":"SkillPotion"},{"floor":16,"key":"SkillPotion"},{"floor":20,"key":"CultistPotion"},{"floor":26,"key":"Fruit Juice"},{"floor":29,"key":"Slimebound:ThreeZeroPotion"}],"is_trial":false,"path_per_floor":["R","M","M","?","?","R","T","E","M","E","R","M","?","T","M","B",null,"R","M","?","?","M","R","T","$","E","R","$","E","R","E","M","B"],"character_chosen":"THE_AUTOMATON","items_purchased":["bronze:ClassDefault"],"campfire_rested":0,"item_purchase_floors":[25],"current_hp_per_floor":[70,70,70,70,70,70,70,57,57,46,56,43,43,43,43,6,80,80,80,80,80,80,80,80,80,41,41,41,32,32,13,8,0,0,0],"gold":97,"neow_bonus":"THREE_ENEMY_KILL","is_daily":false,"chose_seed":false,"campfire_upgraded":5,"win_rate":0.0,"timestamp":1611864095,"path_taken":["R","M","M","?","?","R","T","E","M","E","R","M","?","?","M","BOSS","R","M","?","?","M","R","T","$","E","R","$","E","R","E","M","BOSS"],"items_purchased_type":["Card"],"build_version":"2020-12-22","purchased_purges":1,"victory":false,"max_hp_per_floor":[70,70,70,70,70,70,70,70,70,70,80,80,80,80,80,80,80,80,80,80,80,80,80,80,80,85,85,85,85,85,85,85,85,85,85],"card_choices":[{"not_picked":["bronze:Return","bronze:DarkDash"],"picked":"bronze:Fortify","floor":2},{"not_picked":["bronze:Deprecate","bronze:Iterate"],"picked":"bronze:CloningBeam","floor":3},{"not_picked":[],"picked":"bronze:DazingPulse","floor":4},{"not_picked":["bronze:ItsAFeature","bronze:BugBarrage"],"picked":"bronze:Boost","floor":4},{"not_picked":["bronze:GetLatest","bronze:ForceShield"],"picked":"bronze:Safeguard","floor":8},{"not_picked":["bronze:Constructor","bronze:BugBarrage"],"picked":"bronze:Terminator","floor":9},{"not_picked":["bronze:FollowUp","bronze:Separator","bronze:ChildClass"],"picked":"SKIP","floor":10},{"not_picked":["bronze:DelayedGuard","bronze:Frontload"],"picked":"bronze:Assembly","floor":12},{"not_picked":["bronze:Terminator","bronze:Iterate","bronze:CutThrough"],"picked":"SKIP","floor":15},{"not_picked":["bronze:SpaghettiCode","bronze:BurnOut"],"picked":"bronze:Format","floor":16},{"not_picked":["bronze:BitShift","bronze:Shield"],"picked":"bronze:Optimize+1","floor":19},{"not_picked":["bronze:BuggyMess","bronze:Shield","bronze:WildBeam"],"picked":"SKIP","floor":22},{"not_picked":["bronze:RecursiveStrike","bronze:ChildClass+1","bronze:Assembly"],"picked":"SKIP","floor":25},{"not_picked":["bronze:Shield","bronze:Invalidate"],"picked":"bronze:Constructor","floor":26},{"not_picked":["bronze:Turbo","bronze:BugBarrage+1","bronze:Boost+1"],"picked":"SKIP","floor":28},{"not_picked":["bronze:HyperBeam","bronze:Shield+1","bronze:Branch"],"picked":"SKIP","floor":29},{"not_picked":["bronze:Deprecate","bronze:Invalidate","bronze:BitShift"],"picked":"SKIP","floor":31},{"not_picked":["bronze:Constructor+1","bronze:ClassDefault","bronze:Format"],"picked":"SKIP","floor":32}],"player_experience":838416,"relics_obtained":[{"floor":8,"key":"Orichalcum"},{"floor":10,"key":"Juzu Bracelet"},{"floor":14,"key":"WingedGreaves"},{"floor":24,"key":"Du-Vu Doll"},{"floor":26,"key":"hexamod:CandleOfCauterizing"},{"floor":29,"key":"Peace Pipe"},{"floor":31,"key":"Mercury Hourglass"}],"event_choices":[{"cards_removed":["bronze:Strike"],"damage_healed":0,"gold_gain":0,"player_choice":"Card Removal","damage_taken":0,"max_hp_gain":0,"max_hp_loss":0,"event_name":"The Cleric","floor":5,"gold_loss":0},{"cards_removed":["bronze:Strike"],"damage_healed":0,"gold_gain":0,"player_choice":"Forget","damage_taken":0,"max_hp_gain":0,"max_hp_loss":0,"event_name":"Living Wall","floor":13,"gold_loss":0},{"cards_removed":["bronze:Strike"],"damage_healed":0,"gold_gain":0,"player_choice":"Offered Basic","damage_taken":0,"max_hp_gain":0,"max_hp_loss":0,"event_name":"Bonfire Elementals","floor":21,"gold_loss":0}],"is_beta":false,"boss_relics":[{"not_picked":["Busted Crown","Snecko Eye"],"picked":"Runic Pyramid"}],"items_purged_floors":[25],"is_endless":false,"potions_floor_spawned":[4,8,16,19,26,29],"killed_by":"DF_ARCHETYPE_CLAW","ascension_level":0}}