{"host":"0rxdudjy6rylha1k","time":1611804497,"event":{"mods":["Aspiration","BaseMod","Colored Map","Colored Powertips","Downfall","Highlight Path","Hubris","Minty Spire (QoL Compilation)","StSLib"],"gold_per_floor":[99,118,118,133,151,163,188,199,226,238,138,167,183,208,220,220,220,220],"floor_reached":16,"language":"ENG","playtime":2373,"items_purged":[],"score":195,"play_id":"c3174374-b18a-4e3b-8896-67427a9335cf","local_time":"20210127202817","is_ascension_mode":true,"campfire_choices":[{"data":"champ:Taunt","floor":1.0,"key":"SMITH"},{"floor":11,"key":"RECALL"}],"circlet_count":0,"master_deck":["champ:Strike","champ:Strike","champ:Strike","champ:Strike","champ:Defend","champ:Defend","champ:Defend","champ:Defend","champ:Execute","champ:Taunt+1","champ:Endure","champ:Circumvent","champ:ArenaPreparation","champ:PreemptiveStrike","champ:EnchantCrown","champ:ShieldThrow+1","champ:ShieldWall","champ:SteelEdge+1","champ:PreciseThrust+1","champ:TornadoPunch+1"],"relics":["champ:ChampionCrown","Strawberry","Molten Egg 2","downfall:HeartBlessingBlue","Anchor"],"acts_visited":["Exordium"],"potions_floor_usage":[14],"damage_taken":[{"damage":21.0,"enemies":"Cultist","floor":2.0,"turns":4.0},{"damage":10.0,"enemies":"2 Louse","floor":4.0,"turns":2.0},{"damage":11.0,"enemies":"Small Slimes","floor":5.0,"turns":4.0},{"damage":10.0,"enemies":"3 Louse","floor":6.0,"turns":3.0},{"damage":21.0,"enemies":"Blue Slaver","floor":8.0,"turns":7.0},{"damage":31.0,"enemies":"Lagavulin","floor":9.0,"turns":10.0},{"damage":20,"enemies":"Large Slime","floor":10,"turns":5},{"damage":37,"enemies":"3 Sentries","floor":12,"turns":7},{"damage":39,"enemies":"Lots of Slimes","floor":13,"turns":6},{"damage":14,"enemies":"Lagavulin","floor":14,"turns":8},{"damage":0,"enemies":"3 Louse","floor":15,"turns":2},{"damage":39,"enemies":"SI_SHIV_ARCHETYPE","floor":16,"turns":5}],"seed_played":"521052639220812421","potions_obtained":[{"floor":4.0,"key":"SneckoOil"},{"floor":5.0,"key":"SteroidPotion"},{"floor":13,"key":"Block Potion"}],"is_trial":false,"path_per_floor":["R","M","?","M","M","M","T","M","E","M","R","E","M","E","M","B"],"character_chosen":"THE_CHAMP","items_purchased":[],"campfire_rested":0,"item_purchase_floors":[],"current_hp_per_floor":[88,87,82,82,81,81,81,70,69,69,79,62,43,39,39,0,0,0],"gold":220,"neow_bonus":"RANDOM_COMMON_RELIC","is_daily":false,"chose_seed":false,"campfire_upgraded":1,"win_rate":0.0,"timestamp":1611804497,"path_taken":["R","M","?","M","?","M","T","M","E","M","R","E","?","E","M","BOSS"],"items_purchased_type":[],"build_version":"2020-12-22","purchased_purges":0,"victory":false,"max_hp_per_floor":[97,97,97,97,97,97,97,97,97,97,107,107,107,107,107,107,107,107],"card_choices":[{"not_picked":["champ:DefensiveShout","champ:CrownThrow"],"picked":"champ:Endure","floor":2.0},{"not_picked":["champ:Shatter","champ:StanceDance"],"picked":"champ:Circumvent","floor":4.0},{"not_picked":["champ:StanceDance","champ:RecklessLeap"],"picked":"champ:ArenaPreparation","floor":5.0},{"not_picked":["champ:ShieldSigil","champ:AdrenalArmor"],"picked":"champ:PreemptiveStrike","floor":6.0},{"not_picked":["champ:GladiatorStyle","champ:PreemptiveStrike"],"picked":"champ:EnchantCrown","floor":8.0},{"not_picked":["champ:TornadoPunch+1","champ:ShieldSigil"],"picked":"champ:ShieldThrow+1","floor":9.0},{"not_picked":["champ:FancyFootwork","champ:ArenaPreparation"],"picked":"champ:ShieldWall","floor":10},{"not_picked":["champ:DefensiveStyle","champ:AdrenalArmor"],"picked":"champ:SteelEdge+1","floor":12},{"not_picked":["champ:Backstep","champ:BerserkersShout"],"picked":"champ:PreciseThrust+1","floor":13},{"not_picked":["champ:FanOfKnives+1","champ:PerfectedStrike+1","champ:Shatter+1"],"picked":"SKIP","floor":14},{"not_picked":["champ:FlashCut+1","champ:CalledShot"],"picked":"champ:TornadoPunch+1","floor":15}],"player_experience":2719408,"relics_obtained":[{"floor":9.0,"key":"Molten Egg 2"},{"floor":14,"key":"Anchor"}],"event_choices":[],"is_beta":false,"boss_relics":[],"items_purged_floors":[],"is_endless":false,"potions_floor_spawned":[4,5,13],"killed_by":"SI_SHIV_ARCHETYPE","ascension_level":7}}