{"host":"yn1175etg9ni8l0q","time":1611825752,"event":{"mods":["AchievementEnabler","BaseMod","Colored Map","Colored Powertips","DeckTracker","Minty Spire (QoL Compilation)","Rare Cards Sparkle","Relic Stats","SuperFastMode","everything is the same but u backflip on backflip"],"gold_per_floor":[114,114,114,126,126,126,30,30,30,43,62,12,12,25,25,120,120,130,230,155,254,266,291,307,357,357,357,374,389,421,439,439,537,587,602,602,602,349,360,360,385,66,138,153,165,165,193,208,208,208,208,208,83,108,108],"floor_reached":56,"language":"KOR","playtime":1942,"items_purged":["Defend_B","Strike_B","Strike_B"],"score":1287,"play_id":"2aa9ad77-ad98-4d27-911e-05e74746718c","local_time":"20210128182232","is_ascension_mode":false,"campfire_choices":[{"data":"Dualcast","floor":6.0,"key":"SMITH"},{"data":"All For One","floor":8.0,"key":"SMITH"},{"data":"Coolheaded","floor":15.0,"key":"SMITH"},{"data":"Defragment","floor":27.0,"key":"SMITH"},{"floor":32.0,"key":"REST"},{"data":"Coolheaded","floor":40.0,"key":"SMITH"},{"floor":46.0,"key":"RECALL"},{"data":"Seek","floor":49.0,"key":"SMITH"},{"data":"Loop","floor":52.0,"key":"SMITH"}],"circlet_count":0,"master_deck":["Strike_B","Defend_B","Defend_B","Defend_B","Zap+1","Dualcast+1","All For One+1","Ball Lightning","Gash+1","Turbo","Coolheaded+1","Seek+1","Reboot","Defragment+1","Go for the Eyes","Coolheaded+1","Chill","Cold Snap","Electrodynamics","Master of Strategy","Finesse","Blind","Defragment+1","BootSequence","Scrape","Madness","Hologram+1","Loop+1","Heatsinks","Recycle+1"],"relics":["FrozenCore","Vajra","White Beast Statue","Happy Flower","Bottled Tornado","Boot","Tiny House","DataDisk","Shuriken","ClockworkSouvenir","Cables","Meat on the Bone","Gambling Chip"],"acts_visited":["Exordium","TheCity","TheBeyond","TheEnding"],"potions_floor_usage":[55,55,55],"damage_taken":[{"damage":1.0,"enemies":"Jaw Worm","floor":1.0,"turns":3.0},{"damage":12.0,"enemies":"Small Slimes","floor":4.0,"turns":3.0},{"damage":0.0,"enemies":"Cultist","floor":10.0,"turns":1.0},{"damage":2.0,"enemies":"2 Fungi Beasts","floor":11.0,"turns":2.0},{"damage":6.0,"enemies":"Exordium Wildlife","floor":14.0,"turns":2.0},{"damage":26.0,"enemies":"Hexaghost","floor":16.0,"turns":8.0},{"damage":0.0,"enemies":"3 Byrds","floor":18.0,"turns":3.0},{"damage":9.0,"enemies":"Shell Parasite","floor":22.0,"turns":5.0},{"damage":0.0,"enemies":"Book of Stabbing","floor":23.0,"turns":4.0},{"damage":6.0,"enemies":"3 Cultists","floor":24.0,"turns":5.0},{"damage":2.0,"enemies":"Centurion and Healer","floor":28.0,"turns":5.0},{"damage":6.0,"enemies":"Cultist and Chosen","floor":29.0,"turns":5.0},{"damage":13.0,"enemies":"Slavers","floor":30.0,"turns":6.0},{"damage":14.0,"enemies":"Snecko","floor":31.0,"turns":6.0},{"damage":52.0,"enemies":"Automaton","floor":33.0,"turns":11.0},{"damage":0.0,"enemies":"3 Darklings","floor":35.0,"turns":5.0},{"damage":11.0,"enemies":"3 Shapes","floor":39.0,"turns":2.0},{"damage":11.0,"enemies":"Giant Head","floor":41.0,"turns":10.0},{"damage":0.0,"enemies":"Writhing Mass","floor":44.0,"turns":4.0},{"damage":3.0,"enemies":"Maw","floor":45.0,"turns":5.0},{"damage":0.0,"enemies":"Reptomancer","floor":47.0,"turns":5.0},{"damage":0.0,"enemies":"3 Darklings","floor":48.0,"turns":4.0},{"damage":12.0,"enemies":"Awakened One","floor":50.0,"turns":14.0},{"damage":6.0,"enemies":"Shield and Spear","floor":54.0,"turns":5.0},{"damage":61,"enemies":"The Heart","floor":55,"turns":9}],"seed_played":"-9087622986899908647","potions_obtained":[{"floor":10.0,"key":"CultistPotion"},{"floor":11.0,"key":"PotionOfCapacity"},{"floor":14.0,"key":"FocusPotion"},{"floor":23.0,"key":"Weak Potion"},{"floor":24.0,"key":"ColorlessPotion"},{"floor":28.0,"key":"LiquidBronze"},{"floor":29.0,"key":"FocusPotion"},{"floor":30.0,"key":"AttackPotion"},{"floor":31.0,"key":"DistilledChaos"},{"floor":33.0,"key":"SteroidPotion"},{"floor":35.0,"key":"LiquidMemories"},{"floor":41.0,"key":"SpeedPotion"},{"floor":44.0,"key":"PowerPotion"},{"floor":48.0,"key":"LiquidMemories"},{"floor":54.0,"key":"SteroidPotion"}],"is_trial":false,"path_per_floor":["M","?","?","M","?","R","?","R","T","M","M","?","$","M","R","B",null,"M","?","$","?","M","E","M","?","T","R","M","M","E","M","R","B",null,"M","?","?","$","M","R","E","$","T","M","M","R","E","M","R","B",null,"R","$","E","B",null],"character_chosen":"DEFECT","items_purchased":["DataDisk","Scrape","ClockworkSouvenir","Madness"],"campfire_rested":1,"item_purchase_floors":[38,42,42,42],"current_hp_per_floor":[53,58,58,46,46,46,46,46,46,46,44,44,44,38,38,12,80,80,80,80,80,71,71,65,65,65,65,63,57,44,30,54,2,85,85,75,75,75,64,64,53,53,53,53,50,50,50,50,50,50,85,85,85,79,30],"gold":108,"neow_bonus":"THREE_RARE_CARDS","is_daily":false,"chose_seed":false,"campfire_upgraded":7,"win_rate":0.0,"timestamp":1611825752,"path_taken":["M","?","?","M","?","R","?","R","T","M","?","?","?","M","R","BOSS","M","?","?","?","M","E","M","?","T","R","?","M","E","M","R","BOSS","M","?","?","$","M","R","E","$","T","M","?","R","E","M","R","BOSS","R","$","E","BOSS"],"items_purchased_type":["Relic","Card","Relic","Card"],"build_version":"2020-12-22","purchased_purges":3,"victory":true,"max_hp_per_floor":[75,80,80,80,80,80,80,80,80,80,80,80,80,80,80,80,80,80,80,80,80,80,80,80,80,80,80,80,80,80,80,80,80,85,85,85,85,85,85,85,85,85,85,85,85,85,85,85,85,85,85,85,85,85,85],"relic_stats":{"Happy Flower":[33],"counters":[25,132],"Shuriken":[28],"Gambling Chip":[2],"Boot":[23],"obtain_stats":[{"Tiny House":34,"Happy Flower":23,"Vajra":7,"Bottled Tornado":26,"Boot":30,"White Beast Statue":9,"FrozenCore":17,"ClockworkSouvenir":42,"Cables":43,"DataDisk":38,"Shuriken":41,"Gambling Chip":54,"Cracked Core":0,"Meat on the Bone":47},{"Tiny House":15,"Happy Flower":9,"Vajra":2,"Bottled Tornado":10,"Boot":13,"White Beast Statue":2,"FrozenCore":6,"ClockworkSouvenir":18,"Cables":18,"DataDisk":16,"Shuriken":18,"Gambling Chip":24,"Cracked Core":0,"Meat on the Bone":21},{"Tiny House":69,"Happy Flower":31,"Vajra":6,"Bottled Tornado":36,"Boot":52,"White Beast Statue":6,"FrozenCore":19,"ClockworkSouvenir":86,"Cables":86,"DataDisk":74,"Shuriken":86,"Gambling Chip":123,"Cracked Core":0,"Meat on the Bone":100}],"FrozenCore":[46],"Cables":[40,19,21,0,0],"Meat on the Bone":24},"card_choices":[{"not_picked":["Rainbow","Thunder Strike"],"picked":"All For One","floor":0.0},{"not_picked":["Cold Snap","Leap"],"picked":"Ball Lightning","floor":1.0},{"not_picked":["Steam","Coolheaded"],"picked":"Gash","floor":4.0},{"not_picked":["Rip and Tear","Blizzard"],"picked":"Turbo","floor":10.0},{"not_picked":["Leap","Steam"],"picked":"Coolheaded","floor":11.0},{"not_picked":["Turbo","Barrage"],"picked":"Seek","floor":14.0},{"not_picked":["Machine Learning","Fission"],"picked":"Reboot","floor":16.0},{"not_picked":["Rebound+1","Hologram"],"picked":"Defragment","floor":18.0},{"not_picked":["Barrage","Stack"],"picked":"Go for the Eyes","floor":22.0},{"not_picked":["Consume","Conserve Battery","Steam"],"picked":"SKIP","floor":23.0},{"not_picked":["Turbo","Glacier","Redo"],"picked":"SKIP","floor":24.0},{"not_picked":["Turbo","Reprogram","Steam"],"picked":"SKIP","floor":28.0},{"not_picked":["Go for the Eyes","Machine Learning"],"picked":"Coolheaded","floor":29.0},{"not_picked":["Streamline","Darkness"],"picked":"Chill","floor":30.0},{"not_picked":["Turbo+1","Storm+1"],"picked":"Cold Snap","floor":31.0},{"not_picked":["Machine Learning","Multi-Cast"],"picked":"Electrodynamics","floor":33.0},{"not_picked":["Leap+1","Compile Driver","Cold Snap"],"picked":"SKIP","floor":35.0},{"not_picked":["Enlightenment","Forethought"],"picked":"Master of Strategy","floor":36.0},{"not_picked":["Enlightenment","Deep Breath"],"picked":"Finesse","floor":36.0},{"not_picked":["Dark Shackles","Magnetism"],"picked":"Blind","floor":36.0},{"not_picked":["Ball Lightning+1","Steam Power+1","Stack"],"picked":"SKIP","floor":39.0},{"not_picked":["Redo","Reboot"],"picked":"BootSequence","floor":41.0},{"not_picked":["Turbo+1","Leap"],"picked":"Hologram+1","floor":44.0},{"not_picked":["Cold Snap+1","Conserve Battery+1"],"picked":"Loop","floor":45.0},{"not_picked":["White Noise","Go for the Eyes+1"],"picked":"Heatsinks","floor":47.0},{"not_picked":["Hologram","Genetic Algorithm","Streamline"],"picked":"SKIP","floor":48.0},{"not_picked":["Redo","Conserve Battery"],"picked":"Recycle+1","floor":54.0}],"player_experience":353775,"relics_obtained":[{"floor":9.0,"key":"White Beast Statue"},{"floor":23.0,"key":"Happy Flower"},{"floor":26.0,"key":"Bottled Tornado"},{"floor":30.0,"key":"Boot"},{"floor":41.0,"key":"Shuriken"},{"floor":43.0,"key":"Cables"},{"floor":47.0,"key":"Meat on the Bone"},{"floor":54.0,"key":"Gambling Chip"}],"event_choices":[{"damage_healed":0.0,"max_hp_gain":5.0,"max_hp_loss":0.0,"gold_gain":0.0,"event_name":"Big Fish","player_choice":"Donut","floor":2.0,"gold_loss":0.0,"damage_taken":0.0},{"damage_healed":0.0,"max_hp_gain":0.0,"max_hp_loss":0.0,"gold_gain":0.0,"event_name":"Liars Game","player_choice":"Ignored","floor":3.0,"gold_loss":0.0,"damage_taken":0.0},{"damage_healed":0.0,"max_hp_gain":0.0,"max_hp_loss":0.0,"gold_gain":0.0,"event_name":"Living Wall","player_choice":"Grow","floor":5.0,"gold_loss":0.0,"damage_taken":0.0,"cards_upgraded":["Zap"]},{"damage_healed":0.0,"max_hp_gain":0.0,"max_hp_loss":0.0,"gold_gain":0.0,"event_name":"WeMeetAgain","player_choice":"Paid Gold","floor":7.0,"gold_loss":96.0,"damage_taken":0.0,"relics_obtained":["Vajra"]},{"cards_removed":["Strike_B"],"damage_healed":0.0,"max_hp_gain":0.0,"max_hp_loss":0.0,"gold_gain":0.0,"event_name":"The Cleric","player_choice":"Card Removal","floor":12.0,"gold_loss":50.0,"damage_taken":0.0},{"damage_healed":0.0,"max_hp_gain":0.0,"max_hp_loss":0.0,"gold_gain":100.0,"event_name":"Golden Shrine","player_choice":"Pray","floor":19.0,"gold_loss":0.0,"damage_taken":0.0},{"damage_healed":0.0,"max_hp_gain":0.0,"max_hp_loss":0.0,"gold_gain":99.0,"event_name":"Nest","player_choice":"Stole From Cult","floor":21.0,"gold_loss":0.0,"damage_taken":0.0},{"damage_healed":0.0,"max_hp_gain":0.0,"max_hp_loss":0.0,"gold_gain":100.0,"event_name":"The Joust","player_choice":"Bet on Murderer","floor":25.0,"gold_loss":50.0,"damage_taken":0.0},{"damage_healed":0.0,"max_hp_gain":0.0,"max_hp_loss":0.0,"gold_gain":0.0,"event_name":"SensoryStone","player_choice":"Memory 3","floor":36.0,"gold_loss":0.0,"damage_taken":10.0},{"damage_healed":0.0,"max_hp_gain":0.0,"max_hp_loss":0.0,"gold_gain":0.0,"event_name":"Duplicator","player_choice":"Copied","floor":37.0,"gold_loss":0.0,"damage_taken":0.0,"cards_obtained":["Defragment"]}],"is_beta":false,"boss_relics":[{"not_picked":["Sozu","Ectoplasm"],"picked":"FrozenCore"},{"not_picked":["Runic Dome","Fusion Hammer"],"picked":"Tiny House"}],"items_purged_floors":[20,38,53],"is_endless":false,"potions_floor_spawned":[10,11,14,16,18,22,23,24,28,29,30,31,33,35,39,41,44,45,47,48,54],"ascension_level":0}}