{"host":"t9q14bihfoo75lsb","time":1611801779,"event":{"mods":["BaseMod","Better Third Choice","Challenge The Spire","Hermit","Infinite Spire","Koishi","Minty Spire (QoL Compilation)","Reworked Bosses","Shop Mod","Spicy Shops","StSLib","The Cursed","The Dragon Tamer","The Hierophant","The Runesmith"],"gold_per_floor":[110,110,15,15,31,31,31,31,31,63,63,77,77,2,2,98,98,116,116,130,149,163,163,180,180,206,305,305,305,305,336,336,438,438,450,504,504,524,536,574,593,593,593,37,37,46,96,121,121,121,121,121,2,46,46],"floor_reached":56,"language":"KOR","playtime":2591,"items_purged":["Pride"],"score":1321,"play_id":"750dd6a8-347c-4745-b376-90e2305acced","local_time":"20210128114259","is_ascension_mode":false,"metric_token":991,"campfire_choices":[{"data":"DTMod:ForkedFire","floor":6,"key":"SMITH"},{"data":"DTMod:FierySynthesis","floor":8,"key":"SMITH"},{"data":"DTMod:SwitchingTactic","floor":11,"key":"SMITH"},{"data":"DTMod:Threaten","floor":13,"key":"SMITH"},{"floor":15,"key":"RECALL"},{"data":"DTMod:Training","floor":23,"key":"SMITH"},{"data":"DTMod:HeadStart","floor":25,"key":"SMITH"},{"data":"DTMod:HeadStart","floor":28,"key":"SMITH"},{"data":"DTMod:Feint","floor":32,"key":"SMITH"},{"floor":42,"key":"REST"},{"floor":45,"key":"REST"},{"data":"DTMod:Coolant","floor":49,"key":"SMITH"},{"data":"DTMod:Hide","floor":52,"key":"SMITH"}],"dtmod_dragon_data":[1,58,1,0,12,0],"circlet_count":0,"master_deck":["DTMod:Strike","DTMod:Strike","DTMod:Strike","DTMod:Strike","DTMod:DoubleHit+1","DTMod:TargetDefense","DTMod:TargetDefense","DTMod:TargetDefense+1","DTMod:TargetDefense+1","DTMod:SwitchingTactic+1","DTMod:FierySynthesis+1","DTMod:Feint+1","DTMod:ForkedFire+1","DTMod:Threaten+1","DTMod:Coolant+1","DTMod:Hide+1","DTMod:HeadStart+1","DTMod:Training+1","DTMod:Overwhelm+1","DTMod:Conduct+1","DTMod:HeadStart+1","infinitespire:NeuralNetwork","DTMod:Shift","DTMod:Inferno","CurseOfTheBell","DTMod:CalculatedDefense+1","DTMod:Training+1","DTMod:HeatWave+1","DTMod:BalancedStrike+1","DTMod:BuildUp+1","DTMod:BreakAttack+1","Dark Shackles","DTMod:CleansingStrike+1","DTMod:Weaken+1"],"relics":["DTMod:PactStone","Chemical X","infinitespire:Satchel","War Paint","Sozu","MutagenicStrength","Runesmith:Nanobots","Red Mask","Calling Bell","DTMod:BasicTextbook","infinitespire:ShieldingShard","Gambling Chip","StoneCalendar","CeramicFish","The Courier","HandDrill","Bronze Scales","Centennial Puzzle","DTMod:AncientBone","infinitespire:CursedDice","Runesmith:AutoHammer","Oddly Smooth Stone"],"acts_visited":["Exordium","TheCity","TheBeyond","TheEnding"],"potions_floor_usage":[16,21],"damage_taken":[{"damage":0,"enemies":"Small Slimes","floor":1,"turns":3},{"damage":0,"enemies":"Jaw Worm","floor":5,"turns":3},{"damage":0,"enemies":"Lagavulin","floor":10,"turns":5},{"damage":0,"enemies":"2 Louse","floor":12,"turns":2},{"damage":0,"enemies":"Hexaghost","floor":16,"turns":9},{"damage":0,"enemies":"Chosen","floor":18,"turns":2},{"damage":0,"enemies":"3 Byrds","floor":20,"turns":2},{"damage":0,"enemies":"Centurion and Healer","floor":21,"turns":3},{"damage":0,"enemies":"Snecko","floor":22,"turns":3},{"damage":0,"enemies":"Snake Plant","floor":24,"turns":3},{"damage":0,"enemies":"Masked Bandits","floor":31,"turns":2},{"damage":0,"enemies":"bossMod:newChamp","floor":33,"turns":8},{"damage":0,"enemies":"3 Shapes","floor":35,"turns":2},{"damage":0,"enemies":"2 Orb Walkers","floor":36,"turns":1},{"damage":0,"enemies":"infinitespire:Three Voidlings","floor":37,"turns":2},{"damage":0,"enemies":"3 Darklings","floor":38,"turns":2},{"damage":0,"enemies":"Spire Growth","floor":39,"turns":3},{"damage":31,"enemies":"Nemesis","floor":40,"turns":7},{"damage":3,"enemies":"Writhing Mass","floor":41,"turns":7},{"damage":0,"enemies":"Mind Bloom Boss Battle","floor":47,"turns":4},{"damage":0,"enemies":"4 Shapes","floor":48,"turns":2},{"damage":28,"enemies":"Time Eater","floor":50,"turns":9},{"damage":0,"enemies":"Shield and Spear","floor":54,"turns":4},{"damage":45,"enemies":"The Heart","floor":55,"turns":11}],"seed_played":"-1385980668692317397","potions_obtained":[{"floor":12,"key":"FearPotion"},{"floor":16,"key":"Energy Potion"}],"is_trial":false,"path_per_floor":["M","?","$","?","M","R","?","R","T","E","R","M","R","$","R","B",null,"M","?","M","M","M","R","M","R","T","?","R","?","?","?","R","B",null,"M","?","?","M","M","E","M","R","T","$","R","?","?","M","R","B",null,"R","$","E","B",null],"character_chosen":"THE_DT","items_purchased":["DTMod:ForkedFire","Chemical X","HandDrill","Bronze Scales","Centennial Puzzle","DTMod:AncientBone","Runesmith:AutoHammer"],"campfire_rested":2,"item_purchase_floors":[3,3,44,44,44,44,53],"current_hp_per_floor":[45,45,45,45,45,45,38,38,38,38,38,38,38,38,38,38,45,45,45,45,45,45,45,45,45,45,45,45,34,34,34,34,34,45,45,45,45,45,45,14,11,24,24,24,37,37,37,37,37,9,45,45,45,45,16],"gold":46,"neow_bonus":"ONE_RANDOM_RARE_CARD","is_daily":false,"chose_seed":false,"campfire_upgraded":10,"win_rate":0.0,"timestamp":1611801779,"path_taken":["M","?","?","?","?","R","?","R","T","E","R","M","R","?","R","BOSS","M","?","M","M","M","R","M","R","T","?","R","?","?","?","R","BOSS","M","?","?","M","M","E","M","R","T","$","R","?","?","M","R","BOSS","R","$","E","BOSS"],"items_purchased_type":["Card","Relic","Relic","Relic","Relic","Relic","Relic"],"build_version":"2020-12-22","purchased_purges":1,"victory":true,"max_hp_per_floor":[45,45,45,45,45,45,45,45,45,45,45,45,45,45,45,45,45,45,45,45,45,45,45,45,45,45,45,45,45,45,45,45,45,45,45,45,45,45,45,45,45,45,45,45,45,45,45,45,45,45,45,45,45,45,45],"card_choices":[{"not_picked":["DTMod:CrossStep","DTMod:WarmUp"],"picked":"DTMod:Feint","floor":1},{"not_picked":["DTMod:BlazingStrike","DTMod:Dissolve"],"picked":"DTMod:Threaten","floor":5},{"not_picked":["DTMod:BlazingStrike","DTMod:Punisher"],"picked":"DTMod:Coolant","floor":10},{"not_picked":["DTMod:Weaken","DTMod:BurningForce"],"picked":"DTMod:Hide","floor":12},{"not_picked":["DTMod:Outburst","DTMod:LightShield"],"picked":"DTMod:HeadStart","floor":16},{"not_picked":["DTMod:Cover","DTMod:ShieldDrain"],"picked":"DTMod:Training","floor":18},{"not_picked":["DTMod:LowKick","DTMod:MasterPlan"],"picked":"DTMod:Overwhelm+1","floor":20},{"not_picked":["DTMod:Punisher","DTMod:Coolant+1"],"picked":"DTMod:Conduct+1","floor":21},{"not_picked":["DTMod:CleansingStrike","DTMod:Dissolve","DTMod:TagTeam"],"picked":"SKIP","floor":22},{"not_picked":["DTMod:MasterPlan+1","DTMod:LowKick"],"picked":"DTMod:HeadStart","floor":24},{"not_picked":["infinitespire:Execution","infinitespire:Collect"],"picked":"infinitespire:NeuralNetwork","floor":29},{"not_picked":["DTMod:Cover","DTMod:Adaptation"],"picked":"DTMod:Shift","floor":31},{"not_picked":["DTMod:Prediction","DTMod:LightShield"],"picked":"DTMod:Inferno","floor":33},{"not_picked":["DTMod:GhostSkin+1","DTMod:CleansingStrike"],"picked":"DTMod:CalculatedDefense+1","floor":35},{"not_picked":["DTMod:FlameSlash","DTMod:QuickFly+1"],"picked":"DTMod:Training+1","floor":36},{"not_picked":["DTMod:Threaten","DTMod:BurningEnergy+1"],"picked":"DTMod:HeatWave+1","floor":38},{"not_picked":["DTMod:SneakAttack","DTMod:ComboAttack"],"picked":"DTMod:BalancedStrike+1","floor":39},{"not_picked":["DTMod:Prediction","DTMod:BurningEnergy"],"picked":"DTMod:BuildUp+1","floor":40},{"not_picked":["DTMod:MagicField+1","DTMod:FlameSlash+1"],"picked":"DTMod:BreakAttack+1","floor":41},{"not_picked":["PanicButton","Blind"],"picked":"Dark Shackles","floor":46},{"not_picked":["DTMod:MagicField+1","DTMod:BurningEnergy"],"picked":"DTMod:CleansingStrike+1","floor":48},{"not_picked":["DTMod:Hide+1","DTMod:Conduct+1"],"picked":"DTMod:Weaken+1","floor":54}],"player_experience":484158,"relics_obtained":[{"floor":9,"key":"infinitespire:Satchel"},{"floor":10,"key":"War Paint"},{"floor":31,"key":"Red Mask"},{"floor":34,"key":"DTMod:BasicTextbook"},{"floor":34,"key":"infinitespire:ShieldingShard"},{"floor":34,"key":"Gambling Chip"},{"floor":36,"key":"StoneCalendar"},{"floor":40,"key":"CeramicFish"},{"floor":43,"key":"The Courier"},{"floor":47,"key":"infinitespire:CursedDice"},{"floor":54,"key":"Oddly Smooth Stone"}],"event_choices":[{"damage_healed":0,"gold_gain":0,"player_choice":"Cursed","damage_taken":0,"max_hp_gain":0,"max_hp_loss":0,"event_name":"Wheel of Change","floor":4,"gold_loss":0,"cards_obtained":["Decay"]},{"cards_removed":["Decay"],"damage_healed":0,"gold_gain":0,"player_choice":"Card Removal","damage_taken":7,"max_hp_gain":0,"max_hp_loss":0,"event_name":"Golden Wing","floor":7,"gold_loss":0},{"damage_healed":0,"gold_gain":0,"player_choice":"Inject Mutagens","damage_taken":0,"relics_obtained":["MutagenicStrength"],"max_hp_gain":0,"max_hp_loss":0,"event_name":"Drug Dealer","floor":19,"gold_loss":0},{"damage_healed":0,"gold_gain":99,"player_choice":"Steal","damage_taken":0,"max_hp_gain":0,"max_hp_loss":0,"event_name":"betterThird:BetterNest","floor":27,"gold_loss":0},{"damage_healed":0,"gold_gain":0,"player_choice":"Opened","damage_taken":0,"relics_obtained":["Runesmith:Nanobots"],"max_hp_gain":0,"max_hp_loss":0,"event_name":"The Mausoleum","floor":30,"gold_loss":0},{"damage_healed":0,"gold_gain":0,"player_choice":"Fought Bandits","damage_taken":0,"max_hp_gain":0,"max_hp_loss":0,"event_name":"Masked Bandits","floor":31,"gold_loss":0},{"damage_healed":0,"gold_gain":0,"player_choice":"Fight","damage_taken":0,"max_hp_gain":0,"max_hp_loss":0,"event_name":"Mysterious Sphere","floor":36,"gold_loss":0},{"damage_healed":0,"gold_gain":0,"player_choice":"Memory 1","damage_taken":0,"max_hp_gain":0,"max_hp_loss":0,"event_name":"SensoryStone","floor":46,"gold_loss":0},{"damage_healed":0,"gold_gain":0,"player_choice":"Fight","damage_taken":0,"max_hp_gain":0,"max_hp_loss":0,"event_name":"MindBloom","floor":47,"gold_loss":0}],"is_beta":false,"boss_relics":[{"not_picked":["Coffee Dripper","Runic Pyramid"],"picked":"Sozu"},{"not_picked":["Empty Cage","Fusion Hammer"],"picked":"Calling Bell"}],"items_purged_floors":[14],"is_endless":false,"potions_floor_spawned":[12,16,18,20,21,36,37,38,47,48,54],"ascension_level":0}}