{"host":"l12hrjjiowxu1z6t","time":1611805983,"event":{"mods":["AchievementEnabler","BaseMod","Colored Map","Colored Powertips","Highlight Path","Minty Spire (QoL Compilation)","Relic Stats"],"gold_per_floor":[112,112,126,4,4,34,34,69,69,69,84,84,94,119,119,224,224,241,254,254,264,264,293,293,318,318,55,70,70,90,117,117,217,217,236,251,270,285,285,315,315,348,402,402,413,433,446,446,446,446,446],"floor_reached":50,"language":"ENG","playtime":3372,"items_purged":["Strike_G"],"score":689,"play_id":"415bf624-3b99-4cb6-918f-c0f3dcfd72c6","local_time":"20210128035303","is_ascension_mode":true,"campfire_choices":[{"data":"Sucker Punch","floor":7.0,"key":"SMITH"},{"floor":12.0,"key":"REST"},{"floor":15.0,"key":"REST"},{"data":"Regret","floor":24.0,"key":"PURGE"},{"floor":29.0,"key":"REST"},{"floor":32.0,"key":"REST"},{"data":"Terror","floor":41.0,"key":"SMITH"},{"floor":44.0,"key":"RECALL"},{"floor":49.0,"key":"REST"}],"circlet_count":0,"master_deck":["Strike_G","Strike_G","Strike_G","Strike_G","Defend_G","Defend_G","Defend_G","Defend_G","Survivor","Neutralize","Cloak And Dagger","Backflip","Underhanded Strike","Sucker Punch+1","Terror+1","Dash","Noxious Fumes","Poisoned Stab","Tactician","Phantasmal Killer","Skewer+1","Prepared+1","Acrobatics","Deflect+1","Dagger Throw","Trip+1","Quick Slash+1","Wraith Form v2","Flying Knee+1","Corpse Explosion+1","Prepared+1","PiercingWail+1","Burst+1","Catalyst+1","Expertise+1","Enlightenment+1"],"relics":["Ring of the Snake","NeowsBlessing","White Beast Statue","Centennial Puzzle","Paper Crane","Eternal Feather","Mummified Hand","Bottled Tornado","Sozu","Peace Pipe","Kunai","Toxic Egg 2","Ornamental Fan","TwistedFunnel","Bottled Lightning","WristBlade","Letter Opener","Frozen Egg 2"],"acts_visited":["Exordium","TheCity","TheBeyond"],"potions_floor_usage":[50],"damage_taken":[{"damage":0.0,"enemies":"Cultist","floor":1.0,"turns":1.0},{"damage":0.0,"enemies":"2 Louse","floor":3.0,"turns":1.0},{"damage":0.0,"enemies":"Lagavulin","floor":6.0,"turns":1.0},{"damage":44.0,"enemies":"Gremlin Nob","floor":8.0,"turns":7.0},{"damage":0.0,"enemies":"Jaw Worm","floor":11.0,"turns":2.0},{"damage":8.0,"enemies":"Large Slime","floor":13.0,"turns":5.0},{"damage":8.0,"enemies":"Lagavulin","floor":14.0,"turns":5.0},{"damage":36.0,"enemies":"The Guardian","floor":16.0,"turns":10.0},{"damage":6.0,"enemies":"2 Thieves","floor":18.0,"turns":3.0},{"damage":1.0,"enemies":"Chosen","floor":19.0,"turns":3.0},{"damage":24.0,"enemies":"3 Cultists","floor":21.0,"turns":6.0},{"damage":3.0,"enemies":"Book of Stabbing","floor":23.0,"turns":5.0},{"damage":32.0,"enemies":"Slavers","floor":25.0,"turns":5.0},{"damage":3.0,"enemies":"Centurion and Healer","floor":28.0,"turns":4.0},{"damage":9.0,"enemies":"Snecko","floor":30.0,"turns":3.0},{"damage":8.0,"enemies":"Book of Stabbing","floor":31.0,"turns":4.0},{"damage":50.0,"enemies":"Automaton","floor":33.0,"turns":11.0},{"damage":6.0,"enemies":"3 Shapes","floor":35.0,"turns":3.0},{"damage":0.0,"enemies":"3 Darklings","floor":36.0,"turns":4.0},{"damage":12.0,"enemies":"4 Shapes","floor":37.0,"turns":3.0},{"damage":8.0,"enemies":"Jaw Worm Horde","floor":38.0,"turns":2.0},{"damage":1.0,"enemies":"Reptomancer","floor":40.0,"turns":6.0},{"damage":1.0,"enemies":"Giant Head","floor":42.0,"turns":7.0},{"damage":33.0,"enemies":"Spire Growth","floor":45.0,"turns":4.0},{"damage":25.0,"enemies":"Writhing Mass","floor":46.0,"turns":3.0},{"damage":0.0,"enemies":"Jaw Worm Horde","floor":47.0,"turns":3.0},{"damage":55,"enemies":"Awakened One","floor":50,"turns":10}],"seed_played":"1897042102151265748","potions_obtained":[{"floor":3.0,"key":"GamblersBrew"},{"floor":6.0,"key":"Poison Potion"},{"floor":8.0,"key":"GhostInAJar"},{"floor":11.0,"key":"PowerPotion"},{"floor":14.0,"key":"Fire Potion"},{"floor":16.0,"key":"GamblersBrew"}],"is_trial":false,"path_per_floor":["M","?","M","$","?","E","R","E","T","?","M","R","M","E","R","B",null,"M","M","?","M","?","E","R","E","T","$","M","R","M","E","R","B",null,"M","M","M","M","?","E","R","E","T","R","M","M","M","?","R","B"],"character_chosen":"THE_SILENT","items_purchased":["Underhanded Strike","TwistedFunnel","Dagger Throw","Trip+1"],"campfire_rested":5,"item_purchase_floors":[4,27,27,27],"current_hp_per_floor":[70,70,70,70,70,70,70,26,26,26,26,56,48,40,70,34,70,64,63,63,39,39,36,48,16,16,16,13,49,40,32,68,18,70,64,64,52,44,44,43,61,60,60,70,37,12,12,12,54,0,0],"gold":446,"neow_bonus":"THREE_ENEMY_KILL","is_daily":false,"chose_seed":false,"campfire_upgraded":2,"win_rate":0.0,"timestamp":1611805983,"path_taken":["M","?","?","$","?","E","R","E","T","?","?","R","M","E","R","BOSS","M","M","?","M","?","E","R","E","T","$","M","R","?","E","R","BOSS","M","M","M","M","?","E","R","E","T","R","M","M","?","?","R","BOSS"],"items_purchased_type":["Card","Relic","Card","Card"],"build_version":"2020-12-22","purchased_purges":1,"victory":false,"max_hp_per_floor":[70,70,70,70,70,70,70,70,70,70,70,70,70,70,70,70,70,70,70,70,70,70,70,70,70,70,70,70,70,70,70,70,70,70,70,70,70,70,70,70,70,70,70,70,70,70,70,70,70,70,70],"relic_stats":{"Sozu":18,"Peace Pipe":2,"Centennial Puzzle":[63],"counters":[27,121],"Mummified Hand":[30],"Ornamental Fan":[156],"Eternal Feather":112,"Kunai":[41],"Letter Opener":[149],"obtain_stats":[{"TwistedFunnel":27,"NeowsBlessing":0,"Eternal Feather":8,"Letter Opener":40,"Paper Crane":6,"Bottled Tornado":14,"Frozen Egg 2":42,"White Beast Statue":2,"Sozu":17,"Peace Pipe":20,"Centennial Puzzle":5,"WristBlade":34,"Mummified Hand":9,"Ornamental Fan":26,"Kunai":23,"Bottled Lightning":31,"Toxic Egg 2":25,"Ring of the Snake":0},{"TwistedFunnel":13,"NeowsBlessing":0,"Eternal Feather":4,"Letter Opener":22,"Paper Crane":3,"Bottled Tornado":7,"Frozen Egg 2":23,"White Beast Statue":1,"Sozu":8,"Peace Pipe":10,"Centennial Puzzle":2,"WristBlade":17,"Mummified Hand":4,"Ornamental Fan":13,"Kunai":12,"Bottled Lightning":16,"Toxic Egg 2":13,"Ring of the Snake":0},{"TwistedFunnel":54,"NeowsBlessing":0,"Eternal Feather":10,"Letter Opener":94,"Paper Crane":3,"Bottled Tornado":22,"Frozen Egg 2":101,"White Beast Statue":1,"Sozu":32,"Peace Pipe":38,"Centennial Puzzle":2,"WristBlade":76,"Mummified Hand":10,"Ornamental Fan":54,"Kunai":49,"Bottled Lightning":65,"Toxic Egg 2":54,"Ring of the Snake":0}],"Ring of the Snake":[54]},"card_choices":[{"not_picked":["Dagger Spray","PiercingWail"],"picked":"Cloak And Dagger","floor":1.0},{"not_picked":["Deadly Poison","Poisoned Stab"],"picked":"Backflip","floor":3.0},{"not_picked":["Flying Knee","Underhanded Strike"],"picked":"Sucker Punch","floor":6.0},{"not_picked":["Endless Agony","Masterful Stab"],"picked":"Terror","floor":8.0},{"not_picked":["Escape Plan","Sucker Punch"],"picked":"Noxious Fumes","floor":11.0},{"not_picked":["Bouncing Flask","Choke"],"picked":"Poisoned Stab","floor":13.0},{"not_picked":["Venomology","Dodge and Roll"],"picked":"Tactician","floor":14.0},{"not_picked":["Glass Knife","After Image"],"picked":"Phantasmal Killer","floor":16.0},{"not_picked":["Eviscerate","Poisoned Stab","Sucker Punch+1"],"picked":"SKIP","floor":18.0},{"not_picked":["Underhanded Strike","Sucker Punch"],"picked":"Skewer+1","floor":19.0},{"not_picked":["Reflex","Noxious Fumes"],"picked":"Prepared+1","floor":21.0},{"not_picked":["A Thousand Cuts","Backflip"],"picked":"Acrobatics","floor":23.0},{"not_picked":["Blur+1","Noxious Fumes"],"picked":"Deflect+1","floor":25.0},{"not_picked":["Blade Dance+1","Dagger Spray"],"picked":"Quick Slash+1","floor":28.0},{"not_picked":["Flying Knee","Terror+1","Endless Agony"],"picked":"SKIP","floor":30.0},{"not_picked":["Underhanded Strike","Flying Knee","Escape Plan+1"],"picked":"SKIP","floor":31.0},{"not_picked":["Underhanded Strike","Flying Knee","Escape Plan+1"],"picked":"SKIP","floor":31.0},{"not_picked":["Adrenaline+1","Burst+1"],"picked":"Wraith Form v2","floor":33.0},{"not_picked":["Quick Slash+1","Deadly Poison+1"],"picked":"Flying Knee+1","floor":35.0},{"not_picked":["Blade Dance+1","Dodge and Roll+1","Backflip+1"],"picked":"SKIP","floor":36.0},{"not_picked":["Dagger Throw","Deadly Poison+1"],"picked":"Corpse Explosion+1","floor":37.0},{"not_picked":["Riddle With Holes+1","Sucker Punch","Dodge and Roll+1"],"picked":"SKIP","floor":38.0},{"not_picked":["Setup+1","Quick Slash+1"],"picked":"PiercingWail+1","floor":40.0},{"not_picked":["Distraction+1","Masterful Stab+1"],"picked":"Burst+1","floor":42.0},{"not_picked":["Deadly Poison+1","Eviscerate+1"],"picked":"Catalyst+1","floor":45.0},{"not_picked":["Blade Dance+1","Underhanded Strike+1"],"picked":"Expertise+1","floor":46.0},{"not_picked":["Slice","Expertise+1","Blade Dance+1"],"picked":"SKIP","floor":47.0},{"not_picked":["Impatience+1","Deep Breath+1"],"picked":"Enlightenment+1","floor":48.0}],"player_experience":92856,"relics_obtained":[{"floor":2.0,"key":"White Beast Statue"},{"floor":6.0,"key":"Paper Crane"},{"floor":8.0,"key":"Eternal Feather"},{"floor":9.0,"key":"Mummified Hand"},{"floor":14.0,"key":"Bottled Tornado"},{"floor":23.0,"key":"Kunai"},{"floor":25.0,"key":"Toxic Egg 2"},{"floor":26.0,"key":"Ornamental Fan"},{"floor":31.0,"key":"Bottled Lightning"},{"floor":40.0,"key":"Letter Opener"},{"floor":42.0,"key":"Frozen Egg 2"}],"event_choices":[{"damage_healed":0.0,"max_hp_gain":0.0,"max_hp_loss":0.0,"gold_gain":0.0,"event_name":"Wheel of Change","player_choice":"Relic","floor":2.0,"gold_loss":0.0,"damage_taken":0.0},{"damage_healed":0.0,"max_hp_gain":0.0,"max_hp_loss":0.0,"gold_gain":0.0,"event_name":"Big Fish","player_choice":"Box","floor":5.0,"gold_loss":0.0,"damage_taken":0.0,"relics_obtained":["Centennial Puzzle"],"cards_obtained":["Regret"]},{"damage_healed":0.0,"max_hp_gain":0.0,"max_hp_loss":0.0,"gold_gain":0.0,"cards_transformed":["Defend_G"],"event_name":"Living Wall","player_choice":"Change","floor":10.0,"gold_loss":0.0,"damage_taken":0.0,"cards_obtained":["Dash"]},{"damage_healed":0.0,"max_hp_gain":0.0,"max_hp_loss":0.0,"gold_gain":0.0,"event_name":"The Mausoleum","player_choice":"Opened","floor":20.0,"gold_loss":0.0,"damage_taken":0.0,"relics_obtained":["Peace Pipe"]},{"damage_healed":0.0,"max_hp_gain":0.0,"max_hp_loss":0.0,"gold_gain":0.0,"event_name":"FaceTrader","player_choice":"Leave","floor":22.0,"gold_loss":0.0,"damage_taken":0.0},{"damage_healed":0.0,"max_hp_gain":0.0,"max_hp_loss":0.0,"gold_gain":0.0,"event_name":"Duplicator","player_choice":"Copied","floor":39.0,"gold_loss":0.0,"damage_taken":0.0,"cards_obtained":["Prepared"]},{"damage_healed":0.0,"max_hp_gain":0.0,"max_hp_loss":0.0,"gold_gain":0.0,"event_name":"SensoryStone","player_choice":"Memory 1","floor":48.0,"gold_loss":0.0,"damage_taken":0.0}],"is_beta":false,"boss_relics":[{"not_picked":["Pandora\u0027s Box","Runic Dome"],"picked":"Sozu"},{"not_picked":["HoveringKite","Coffee Dripper"],"picked":"WristBlade"}],"items_purged_floors":[4],"is_endless":false,"potions_floor_spawned":[3,6,8,11,13,14,16,18,19,21,23,25,28,30,31,33,35,36,37,38,40,42,45,46,47],"killed_by":"Awakened One","ascension_level":1}}