{"host":"kwnpvqmnt47pmyi1","time":1611818580,"event":{"mods":["AchievementEnabler","BaseMod","Bestiary","BetterRewards","Downfall","Hermit","Hubris","Marisa????????","Minty Spire (QoL Compilation)","Reliquary","Replay The Spire","Shade Mod","StSLib","The Hierophant","The Servant 0.9.4"],"gold_per_floor":[99,116,134,152,171,187,187,87,98,126,139,154,60,72,88,88,88,88],"floor_reached":16,"language":"ENG","playtime":2597,"items_purged":[],"score":110,"play_id":"4440d986-ee8c-441a-984e-3b84bf3e65ba","local_time":"20210127232300","is_ascension_mode":false,"campfire_choices":[{"floor":1,"key":"RECALL"},{"data":"sneckomod:DiceBoulder","floor":8,"key":"SMITH"}],"circlet_count":0,"master_deck":["sneckomod:Strike","sneckomod:Strike","sneckomod:Strike","sneckomod:Defend","sneckomod:Defend","sneckomod:Defend","sneckomod:TailWhip","sneckomod:SnekBite","sneckomod:Unknown","sneckomod:Unknown","sneckomod:DiceCrush","sneckomod:Unknown0Cost","sneckomod:UnknownVulnerable","sneckomod:SoulDraw","sneckomod:DiceBoulder+1","sneckomod:QuickBite","sneckomod:Unknown0Cost","sneckomod:UnendingSupply","sneckomod:ImprovisedAttack","sneckomod:SnakeSap","sneckomod:DiceBlock","sneckomod:RainOfDice"],"relics":["sneckomod:SneckoSoul","downfall:HeartBlessingRed","Sundial"],"acts_visited":["Exordium"],"potions_floor_usage":[5,6,11],"damage_taken":[{"damage":1,"enemies":"Cultist","floor":2,"turns":4},{"damage":0,"enemies":"Small Slimes","floor":3,"turns":3},{"damage":4,"enemies":"2 Louse","floor":4,"turns":3},{"damage":20,"enemies":"Gremlin Gang","floor":5,"turns":5},{"damage":13,"enemies":"Red Slaver","floor":6,"turns":3},{"damage":6,"enemies":"3 Louse","floor":9,"turns":2},{"damage":19,"enemies":"3 Sentries","floor":10,"turns":6},{"damage":2,"enemies":"Lots of Slimes","floor":11,"turns":3},{"damage":7,"enemies":"Large Slime","floor":12,"turns":3},{"damage":5,"enemies":"downfall:FleeingMerchant","floor":13,"turns":4},{"damage":0,"enemies":"3 Louse","floor":14,"turns":1},{"damage":0,"enemies":"Lots of Slimes","floor":15,"turns":3},{"damage":29,"enemies":"WA_ARCHETYPE_RETAIN","floor":16,"turns":4}],"seed_played":"1257584528146029128","potions_obtained":[{"floor":2,"key":"Explosive Potion"},{"floor":5,"key":"GamblersBrew"},{"floor":10,"key":"AttackPotion"},{"floor":11,"key":"SteroidPotion"},{"floor":15,"key":"SmokeBomb"}],"is_trial":false,"path_per_floor":["R","M","M","M","M","M","T","R","M","E","M","M","$","M","M","B"],"character_chosen":"THE_SNECKO","items_purchased":["sneckomod:SnakeSap"],"campfire_rested":0,"item_purchase_floors":[13],"current_hp_per_floor":[99,98,98,94,74,61,61,61,55,36,34,27,22,22,22,0,0,0],"gold":88,"neow_bonus":"TEN_PERCENT_HP_BONUS","is_daily":false,"chose_seed":false,"campfire_upgraded":1,"win_rate":0.0,"timestamp":1611818580,"path_taken":["R","M","M","M","M","M","T","R","M","E","M","M","?","M","M","BOSS"],"items_purchased_type":["Card"],"build_version":"2020-12-22","purchased_purges":0,"victory":false,"max_hp_per_floor":[99,99,99,99,99,99,99,99,99,99,99,99,99,99,99,99,99,99],"card_choices":[{"not_picked":["sneckomod:Nope","sneckomod:QuickBite"],"picked":"sneckomod:DiceCrush","floor":2},{"not_picked":["sneckomod:SlitherStrike","sneckomod:UnknownCommonSkill"],"picked":"sneckomod:Unknown0Cost","floor":3},{"not_picked":["sneckomod:IronFang","sneckomod:UnknownWeak"],"picked":"sneckomod:UnknownVulnerable","floor":4},{"not_picked":["sneckomod:UnknownUncommonSkill","sneckomod:Unknown2Cost"],"picked":"sneckomod:SoulDraw","floor":5},{"not_picked":["sneckomod:UnknownX","sneckomod:QuickMove"],"picked":"sneckomod:DiceBoulder","floor":6},{"not_picked":["sneckomod:QuickMove","sneckomod:UnknownWeak"],"picked":"sneckomod:QuickBite","floor":9},{"not_picked":["sneckomod:Restock","sneckomod:DefensiveFlair"],"picked":"sneckomod:Unknown0Cost","floor":10},{"not_picked":["sneckomod:SoulCleanse","sneckomod:UnknownUncommonSkill"],"picked":"sneckomod:UnendingSupply","floor":11},{"not_picked":["sneckomod:UnknownCommonAttack","sneckomod:CheapStock"],"picked":"sneckomod:ImprovisedAttack","floor":12},{"not_picked":["sneckomod:SoulRoll","sneckomod:ImprovisedAttack","sneckomod:SoulDraw"],"picked":"SKIP","floor":13},{"not_picked":["sneckomod:UnknownBlock","sneckomod:UnknownWeak"],"picked":"sneckomod:DiceBlock","floor":14},{"not_picked":["sneckomod:UnknownCommonAttack","sneckomod:TrashToTreasure"],"picked":"sneckomod:RainOfDice","floor":15}],"player_experience":279626,"relics_obtained":[{"floor":10,"key":"Sundial"}],"event_choices":[],"is_beta":false,"boss_relics":[],"items_purged_floors":[],"is_endless":false,"potions_floor_spawned":[2,5,10,11,15],"killed_by":"WA_ARCHETYPE_RETAIN","ascension_level":0}}