{"host":"kydqlojjt9mno5rv","time":1611806390,"event":{"mods":["AchievementEnabler","BaseMod","Colored Powertips","DeckTracker","Minty Spire (QoL Compilation)","Spicy Shops","StSLib","SuperFastMode","Synergy Search","Weighted Paths"],"gold_per_floor":[116,116,191,211,211,211,238,258,282,313,488,488,502,502,502],"floor_reached":14,"language":"ENG","playtime":507,"items_purged":[],"score":129,"play_id":"27a5adc4-10b2-423a-81b7-068f82f95ae4","local_time":"20210127225950","is_ascension_mode":true,"campfire_choices":[{"floor":6,"key":"RECALL"},{"floor":12,"key":"REST"}],"circlet_count":0,"master_deck":["Strike_G","Strike_G","Strike_G","Strike_G","Strike_G","Defend_G","Defend_G","Defend_G","Defend_G","Survivor","Neutralize","Bane","Bane","Calculated Gamble","Quick Slash","Doubt","Blur+1"],"relics":["Ring of the Snake","NeowsBlessing","Potion Belt","Tiny Chest","Toxic Egg 2"],"acts_visited":["Exordium"],"potions_floor_usage":[],"damage_taken":[{"damage":0,"enemies":"Jaw Worm","floor":1,"turns":1},{"damage":0,"enemies":"2 Louse","floor":4,"turns":1},{"damage":0,"enemies":"Lagavulin","floor":7,"turns":1},{"damage":0,"enemies":"Small Slimes","floor":8,"turns":3},{"damage":44,"enemies":"3 Sentries","floor":10,"turns":11},{"damage":6,"enemies":"Blue Slaver","floor":13,"turns":6},{"damage":24,"enemies":"Lagavulin","floor":14,"turns":6}],"seed_played":"8430891354838903830","potions_obtained":[{"floor":1,"key":"DuplicationPotion"},{"floor":10,"key":"Ancient Potion"}],"is_trial":false,"path_per_floor":["M","?","?","M","$","R","E","M","T","E","?","R","M","E"],"character_chosen":"THE_SILENT","items_purchased":[],"campfire_rested":1,"item_purchase_floors":[],"current_hp_per_floor":[70,63,52,52,52,52,52,52,52,8,8,29,23,0,0],"gold":502,"neow_bonus":"THREE_ENEMY_KILL","is_daily":false,"chose_seed":false,"campfire_upgraded":0,"win_rate":0.0,"timestamp":1611806390,"path_taken":["M","?","?","M","$","R","E","M","T","E","?","R","M","E"],"items_purchased_type":[],"build_version":"2020-12-22","purchased_purges":0,"victory":false,"max_hp_per_floor":[70,70,70,70,70,70,70,70,70,70,70,70,70,70,70],"card_choices":[{"not_picked":["Riddle With Holes","Eviscerate","Footwork"],"picked":"SKIP","floor":1},{"not_picked":["Acrobatics","Backflip"],"picked":"Bane","floor":4},{"not_picked":["Prepared","Flying Knee"],"picked":"Bane","floor":7},{"not_picked":["Venomology","Masterful Stab"],"picked":"Calculated Gamble","floor":8},{"not_picked":["Flechettes","Eviscerate"],"picked":"Quick Slash","floor":10},{"not_picked":["Masterful Stab","Deflect+1"],"picked":"Blur+1","floor":13}],"player_experience":139032,"relics_obtained":[{"floor":7,"key":"Potion Belt"},{"floor":9,"key":"Tiny Chest"},{"floor":10,"key":"Toxic Egg 2"}],"event_choices":[{"cards_removed":["Defend_G"],"damage_healed":0,"gold_gain":0,"player_choice":"Card Removal","damage_taken":7,"max_hp_gain":0,"max_hp_loss":0,"event_name":"Golden Wing","floor":2,"gold_loss":0},{"damage_healed":0,"gold_gain":75,"player_choice":"Gather Gold","damage_taken":11,"max_hp_gain":0,"max_hp_loss":0,"event_name":"World of Goop","floor":3,"gold_loss":0},{"damage_healed":0,"gold_gain":175,"player_choice":"AGREE","damage_taken":0,"max_hp_gain":0,"max_hp_loss":0,"event_name":"Liars Game","floor":11,"gold_loss":0,"cards_obtained":["Doubt"]}],"is_beta":false,"boss_relics":[],"items_purged_floors":[],"is_endless":false,"potions_floor_spawned":[1,10],"killed_by":"Lagavulin","ascension_level":1}}