{"host":"ga4s3hj9m6nkn6gp","time":1611863863,"event":{"mods":["AchievementEnabler","BaseMod","Bestiary","Colored Powertips","Highlight Path","Minty Spire (QoL Compilation)","Relic Stats","everything is the same but u backflip on backflip"],"gold_per_floor":[118,68,68,78,94,94,119,137,137,171,171,190,218,238,238,315,315,330,349,349,359,359,284,284,297,349,349,349,349],"floor_reached":28,"language":"ENG","playtime":1390,"items_purged":["Strike_B"],"score":408,"play_id":"959f1630-fdc0-4fef-94fb-7156abb33bb3","local_time":"20210128205743","is_ascension_mode":true,"campfire_choices":[{"data":"Sweeping Beam","floor":6.0,"key":"SMITH"},{"data":"Chaos","floor":15,"key":"SMITH"},{"floor":24,"key":"REST"}],"circlet_count":0,"master_deck":["AscendersBane","Strike_B","Strike_B","Defend_B","Defend_B","Defend_B","Zap","Dualcast","FTL","Sweeping Beam+1","Self Repair","Leap","Compile Driver","Go for the Eyes","Electrodynamics","Ball Lightning","Chaos+1","Loop","Thunder Strike","Hologram","Ball Lightning+1"],"relics":["Cracked Core","HornCleat","Regal Pillow","Omamori","Fusion Hammer","Enchiridion","DataDisk","Eternal Feather"],"acts_visited":["Exordium","TheCity"],"potions_floor_usage":[],"damage_taken":[{"damage":9.0,"enemies":"Small Slimes","floor":1.0,"turns":4.0},{"damage":0.0,"enemies":"2 Louse","floor":4.0,"turns":2.0},{"damage":9.0,"enemies":"Jaw Worm","floor":5.0,"turns":4.0},{"damage":7.0,"enemies":"Lagavulin","floor":7.0,"turns":7.0},{"damage":10.0,"enemies":"Exordium Wildlife","floor":8.0,"turns":3.0},{"damage":13,"enemies":"3 Sentries","floor":10,"turns":7},{"damage":0,"enemies":"Looter","floor":12,"turns":3},{"damage":15,"enemies":"Lagavulin","floor":13,"turns":5},{"damage":10,"enemies":"Gremlin Gang","floor":14,"turns":2},{"damage":39,"enemies":"The Guardian","floor":16,"turns":11},{"damage":29,"enemies":"Shell Parasite","floor":18,"turns":5},{"damage":11,"enemies":"2 Thieves","floor":19,"turns":2},{"damage":15,"enemies":"Snake Plant","floor":21,"turns":5},{"damage":42,"enemies":"Centurion and Healer","floor":25,"turns":5},{"damage":17,"enemies":"Slavers","floor":28,"turns":1}],"seed_played":"2658756966695004753","potions_obtained":[{"floor":1.0,"key":"FocusPotion"},{"floor":4.0,"key":"DistilledChaos"},{"floor":16,"key":"FearPotion"},{"floor":21,"key":"SpeedPotion"}],"is_trial":false,"path_per_floor":["M","?","?","M","M","R","E","M","T","E","?","M","E","M","R","B",null,"M","M","?","M","?","$","R","M","T","T","E"],"character_chosen":"DEFECT","items_purchased":[],"campfire_rested":1,"item_purchase_floors":[],"current_hp_per_floor":[62,62,62,62,60,60,60,57,57,51,56,63,55,52,52,20,67,45,34,34,26,10,10,49,14,14,14,0,0],"gold":349,"neow_bonus":"TEN_PERCENT_HP_BONUS","is_daily":false,"chose_seed":false,"campfire_upgraded":2,"win_rate":0.0,"timestamp":1611863863,"path_taken":["M","?","?","M","M","R","E","M","T","E","?","M","E","M","R","BOSS","M","M","?","M","?","$","R","M","T","?","E"],"items_purchased_type":[],"build_version":"2020-12-22","purchased_purges":1,"victory":false,"max_hp_per_floor":[78,78,78,78,78,78,78,78,78,78,83,83,83,83,83,83,83,83,83,83,83,83,83,83,83,83,83,83,83],"relic_stats":{"Regal Pillow":15,"counters":[15,66],"Eternal Feather":0,"obtain_stats":[{"Regal Pillow":10,"DataDisk":26,"HornCleat":7,"Enchiridion":22,"Eternal Feather":27,"Fusion Hammer":17,"Omamori":13,"Cracked Core":0},{"Regal Pillow":6,"DataDisk":14,"HornCleat":4,"Enchiridion":13,"Eternal Feather":14,"Fusion Hammer":10,"Omamori":8,"Cracked Core":0},{"Regal Pillow":27,"DataDisk":65,"HornCleat":17,"Enchiridion":60,"Eternal Feather":65,"Fusion Hammer":48,"Omamori":35,"Cracked Core":0}]},"card_choices":[{"not_picked":["Double Energy","Blizzard"],"picked":"FTL","floor":1.0},{"not_picked":["Hologram","Turbo"],"picked":"Self Repair","floor":4.0},{"not_picked":["Sweeping Beam","Redo"],"picked":"Leap","floor":5.0},{"not_picked":["Redo","Blizzard"],"picked":"Compile Driver","floor":7.0},{"not_picked":["Leap","Conserve Battery"],"picked":"Go for the Eyes","floor":8.0},{"not_picked":["Barrage","Steam"],"picked":"Electrodynamics","floor":10},{"not_picked":["Heatsinks","Recycle"],"picked":"Ball Lightning","floor":12},{"not_picked":["Compile Driver","Coolheaded"],"picked":"Chaos","floor":13},{"not_picked":["FTL","Skim"],"picked":"Loop","floor":14},{"not_picked":["Meteor Strike","All For One"],"picked":"Thunder Strike","floor":16},{"not_picked":["Gash+1","Reinforced Body","Auto Shields"],"picked":"SKIP","floor":18},{"not_picked":["Coolheaded","Heatsinks+1","BootSequence"],"picked":"SKIP","floor":19},{"not_picked":["Streamline","Blizzard+1"],"picked":"Ball Lightning+1","floor":21},{"not_picked":["Coolheaded","Consume","Lockon"],"picked":"SKIP","floor":25}],"player_experience":706845,"relics_obtained":[{"floor":7.0,"key":"HornCleat"},{"floor":10,"key":"Regal Pillow"},{"floor":13,"key":"Omamori"},{"floor":22,"key":"Enchiridion"},{"floor":26,"key":"DataDisk"},{"floor":27,"key":"Eternal Feather"}],"event_choices":[{"cards_removed":["Strike_B"],"damage_healed":0.0,"max_hp_gain":0.0,"max_hp_loss":0.0,"gold_gain":0.0,"event_name":"The Cleric","player_choice":"Card Removal","floor":2.0,"gold_loss":50.0,"damage_taken":0.0},{"damage_healed":0.0,"max_hp_gain":0.0,"max_hp_loss":0.0,"gold_gain":0.0,"cards_transformed":["Defend_B"],"event_name":"Living Wall","player_choice":"Change","floor":3.0,"gold_loss":0.0,"damage_taken":0.0,"cards_obtained":["Sweeping Beam"]},{"damage_healed":0,"gold_gain":0,"player_choice":"Donut","damage_taken":0,"max_hp_gain":5,"max_hp_loss":0,"event_name":"Big Fish","floor":11,"gold_loss":0},{"damage_healed":0,"gold_gain":0,"player_choice":"Read","damage_taken":0,"max_hp_gain":0,"max_hp_loss":0,"event_name":"The Library","floor":20,"gold_loss":0,"cards_obtained":["Hologram"]},{"damage_healed":0,"gold_gain":0,"player_choice":"Obtained Book","damage_taken":16,"max_hp_gain":0,"max_hp_loss":0,"event_name":"Cursed Tome","floor":22,"gold_loss":0}],"is_beta":false,"boss_relics":[{"not_picked":["FrozenCore","Busted Crown"],"picked":"Fusion Hammer"}],"items_purged_floors":[23],"is_endless":false,"potions_floor_spawned":[1,4,5,16,21,25],"killed_by":"Slavers","ascension_level":14}}