{"host":"gfmw02tnhhvp9jba","time":1611824381,"event":{"mods":["AchievementEnabler","BaseMod","Colored Map","Conspire","Downfall","Highlight Path","Minty Spire (QoL Compilation)","Replay The Spire","StSLib"],"gold_per_floor":[110,110,128,228,228,261,261,295,295,330,330,330,350,367,367,367,367],"floor_reached":16,"language":"ENG","playtime":802,"items_purged":[],"score":143,"play_id":"baccb755-ec17-4dfb-84fe-5cf9552693c0","local_time":"20210128095941","is_ascension_mode":false,"campfire_choices":[{"data":"Replay:AllIn","floor":12,"key":"SMITH"},{"floor":15,"key":"REST"}],"circlet_count":0,"master_deck":["Strike_P+1","Strike_P","Strike_P","Strike_P","Defend_P+1","Defend_P","Defend_P","Defend_P","Eruption","Vigilance","Wallop","ThirdEye","CurseOfTheBell","CurseOfTheBell","Replay:AllIn+1","Delirium","CutThroughFate","CarveReality","Study","Normality","SashWhip"],"relics":["PureWater","NeowsBlessing","downfall:ExtraCursedBell","Toy Ornithopter","Blue Candle","Replay:Kaleidoscope","ReplayTheSpireMod:Lightbulb","Durian","conspire:GlowingRock","Shuriken","InkBottle"],"acts_visited":["Exordium"],"potions_floor_usage":[10,10,14],"damage_taken":[{"damage":0,"enemies":"2 Louse","floor":1,"turns":1},{"damage":0,"enemies":"conspire:RoseBush","floor":3,"turns":1},{"damage":0,"enemies":"Gremlin Nob","floor":6,"turns":1},{"damage":50,"enemies":"3 Sentries","floor":8,"turns":9},{"damage":10,"enemies":"Replay:BlueRogue","floor":10,"turns":10},{"damage":0,"enemies":"Small Slimes","floor":13,"turns":3},{"damage":7,"enemies":"Looter","floor":14,"turns":4},{"damage":33,"enemies":"The Guardian","floor":16,"turns":6}],"seed_played":"8466753485451768542","potions_obtained":[{"floor":3,"key":"Energy Potion"},{"floor":8,"key":"StancePotion"},{"floor":10,"key":"StancePotion"}],"is_trial":false,"path_per_floor":["M","?","M","?","?","E","T","E","T","E","?","R","M","M","R","B"],"character_chosen":"WATCHER","items_purchased":[],"campfire_rested":1,"item_purchase_floors":[],"current_hp_per_floor":[72,58,58,63,56,56,61,11,11,11,11,11,11,9,33,0,0],"gold":367,"neow_bonus":"THREE_ENEMY_KILL","is_daily":false,"chose_seed":false,"campfire_upgraded":1,"win_rate":0.0,"timestamp":1611824381,"path_taken":["M","?","M","?","?","E","?","E","T","E","?","R","?","M","R","BOSS"],"items_purchased_type":[],"build_version":"2020-12-22","purchased_purges":0,"victory":false,"max_hp_per_floor":[72,72,72,77,77,77,82,82,82,82,82,82,82,82,82,82,82],"card_choices":[{"not_picked":["BowlingBash","Replay:AtTheReady"],"picked":"Wallop","floor":1},{"not_picked":["FlurryOfBlows","Collect"],"picked":"ThirdEye","floor":3},{"not_picked":["Indignation","Vault"],"picked":"CutThroughFate","floor":6},{"not_picked":["FlurryOfBlows","Vengeance"],"picked":"CarveReality","floor":8},{"not_picked":["InnerPeace","CarveReality"],"picked":"Study","floor":10},{"not_picked":["WaveOfTheHand","Replay:Battleflow"],"picked":"SashWhip","floor":13},{"not_picked":["BowlingBash","Pray","Replay:AtTheReady"],"picked":"SKIP","floor":14}],"player_experience":95643,"relics_obtained":[{"floor":4,"key":"Toy Ornithopter"},{"floor":4,"key":"Blue Candle"},{"floor":4,"key":"Replay:Kaleidoscope"},{"floor":6,"key":"ReplayTheSpireMod:Lightbulb"},{"floor":7,"key":"Durian"},{"floor":8,"key":"conspire:GlowingRock"},{"floor":9,"key":"Shuriken"},{"floor":10,"key":"InkBottle"}],"event_choices":[{"damage_healed":0,"gold_gain":0,"player_choice":"Entered Light","damage_taken":14,"max_hp_gain":0,"max_hp_loss":0,"event_name":"Shining Light","floor":2,"gold_loss":0,"cards_upgraded":["Strike_P","Defend_P"]},{"cards_removed":["downfall:Bewildered"],"damage_healed":0,"gold_gain":0,"player_choice":"Card Removal","damage_taken":7,"max_hp_gain":0,"max_hp_loss":0,"event_name":"Golden Wing","floor":5,"gold_loss":0},{"damage_healed":0,"gold_gain":0,"cards_transformed":["ReplayTheSpireMod:Splinters"],"player_choice":"Transformed","damage_taken":0,"max_hp_gain":0,"max_hp_loss":0,"event_name":"Transmorgrifier","floor":11,"gold_loss":0,"cards_obtained":["Normality"]}],"is_beta":false,"boss_relics":[],"items_purged_floors":[],"is_endless":false,"potions_floor_spawned":[3,8,10],"killed_by":"The Guardian","ascension_level":0}}