{"host":"eaiphzh066bwqdh7","time":1611870983,"event":{"mods":["BaseMod","Better Note","Halation","Hubris","Minty Spire (QoL Compilation)","Reliquary","Replay The Spire","StSLib"],"gold_per_floor":[17,17,31,31,31,62,62,62,62,62,62,72,72,91,91,195,195,195,195],"floor_reached":18,"language":"ENG","playtime":955,"items_purged":[],"score":174,"play_id":"1335e8ce-37bc-4a3e-b84d-ebbc3e4a1547","local_time":"20210128165623","is_ascension_mode":true,"campfire_choices":[{"floor":7,"key":"REST"},{"floor":13,"key":"REST"},{"floor":15,"key":"REST"}],"circlet_count":0,"master_deck":["Strike_P+1","Strike_P+1","Strike_P+1","Strike_P+1","Defend_P","Defend_P","Defend_P","Defend_P","Eruption","Vigilance","Study","Prostrate","Pain","ThirdEye","Study","DevaForm"],"relics":["PureWater","reliquary:OuijaBoard","WarpedTongs","hubris:PeanutButter","Replay:Bottled Eggs","halation:PinkSoulGem","Replay:Bronze Core"],"acts_visited":["Exordium","TheCity"],"potions_floor_usage":[3],"damage_taken":[{"damage":0,"enemies":"Small Slimes","floor":1,"turns":4},{"damage":18,"enemies":"Cultist","floor":3,"turns":4},{"damage":51,"enemies":"Lagavulin","floor":6,"turns":8},{"damage":0,"enemies":"2 Louse","floor":12,"turns":3},{"damage":14,"enemies":"Exordium Thugs","floor":14,"turns":7},{"damage":54,"enemies":"Fading Forest","floor":16,"turns":11},{"damage":75,"enemies":"Chosen","floor":18,"turns":10}],"seed_played":"5551135841389826464","potions_obtained":[{"floor":1,"key":"ColorlessPotion"},{"floor":14,"key":"Dexterity Potion"}],"is_trial":false,"path_per_floor":["M","$","M","?","$","E","R","$","T","?","$","M","R","M","R","B",null,"M"],"character_chosen":"WATCHER","items_purchased":[],"campfire_rested":3,"item_purchase_floors":[],"current_hp_per_floor":[72,72,54,54,54,3,24,24,24,24,24,24,45,31,52,8,72,0,0],"gold":195,"neow_bonus":"ONE_RARE_RELIC","is_daily":false,"chose_seed":false,"campfire_upgraded":0,"win_rate":0.0,"timestamp":1611870983,"path_taken":["M","$","M","?","?","E","R","$","T","?","$","M","R","M","R","BOSS","M"],"items_purchased_type":[],"build_version":"2020-12-22","purchased_purges":0,"victory":false,"max_hp_per_floor":[72,72,72,72,72,72,72,72,72,72,72,72,72,72,72,72,72,72,72],"card_choices":[{"not_picked":["Consecrate","CrushJoints"],"picked":"Study","floor":1},{"not_picked":["ThirdEye","Replay:AtTheReady"],"picked":"Prostrate","floor":3},{"not_picked":["ClearTheMind","WreathOfFlame"],"picked":"ThirdEye","floor":6},{"not_picked":["ClearTheMind","Crescendo"],"picked":"Study","floor":12},{"not_picked":["EmptyMind","Evaluate","JustLucky"],"picked":"SKIP","floor":14},{"not_picked":["Omniscience","DeusExMachina"],"picked":"DevaForm","floor":16}],"player_experience":199028,"relics_obtained":[{"floor":6,"key":"hubris:PeanutButter"},{"floor":9,"key":"Replay:Bottled Eggs"}],"event_choices":[{"damage_healed":0,"gold_gain":0,"player_choice":"Rummage","damage_taken":0,"relics_obtained":["WarpedTongs"],"max_hp_gain":0,"max_hp_loss":0,"event_name":"Accursed Blacksmith","floor":4,"gold_loss":0,"cards_obtained":["Pain"]}],"is_beta":false,"boss_relics":[{"not_picked":["reliquary:RedPaperclip","Replay:Drink Me"],"picked":"Replay:Bronze Core"}],"items_purged_floors":[],"is_endless":false,"potions_floor_spawned":[1,14],"killed_by":"Chosen","ascension_level":2}}