{"host":"zwuytn9vh5b8tdl7","time":1611810932,"event":{"mods":["AchievementEnabler","BaseMod","Colored Powertips","GifTheSpireLib","Minty Spire (QoL Compilation)","Rare Cards Sparkle","StSLib","The Animator"],"gold_per_floor":[118,148,189,189,219,219,241,241,241,241,273,3,13,46,46,46,46],"floor_reached":16,"language":"ENG","playtime":527,"items_purged":[],"score":135,"play_id":"a6fe762d-9f32-4e95-8112-b0be0abd23ae","local_time":"20210128001532","is_ascension_mode":false,"campfire_choices":[{"data":"animator:HighElfArcher","floor":6,"key":"SMITH"},{"floor":8,"key":"REST"},{"floor":15,"key":"REST"}],"circlet_count":0,"master_deck":["animator:Strike_Fate","animator:Strike","animator:Strike","animator:Strike","animator:Defend","animator:Defend","animator:Defend","animator:Alexander","animator:Rider","animator:Alexander","animator:Emonzaemon","animator:HighElfArcher+1","animator:Archer","animator:PandorasActor","animator:Mitsurugi","animator:Illya","animator:CowGirl"],"relics":["animator:LivingPicture","animator:TheMissingPiece","Lantern","Pear","Gremlin Horn","PreservedInsect"],"acts_visited":["Exordium"],"potions_floor_usage":[],"damage_taken":[{"damage":0,"enemies":"2 Louse","floor":1,"turns":2},{"damage":13,"enemies":"Jaw Worm","floor":2,"turns":3},{"damage":9,"enemies":"Cultist","floor":5,"turns":4},{"damage":14,"enemies":"Blue Slaver","floor":7,"turns":4},{"damage":35,"enemies":"3 Sentries","floor":11,"turns":6},{"damage":3,"enemies":"3 Louse","floor":13,"turns":2},{"damage":14,"enemies":"Gremlin Nob","floor":14,"turns":4},{"damage":44,"enemies":"Slime Boss","floor":16,"turns":7}],"seed_played":"-4707378617954004071","potions_obtained":[{"floor":1,"key":"BlessingOfTheForge"},{"floor":4,"key":"LiquidMemories"},{"floor":7,"key":"BlessingOfTheForge"}],"is_trial":false,"path_per_floor":["M","M","?","?","M","R","M","R","T","?","E","$","M","E","R","B"],"character_chosen":"THE_ANIMATOR","items_purchased":["Gremlin Horn","animator:Mitsurugi"],"campfire_rested":2,"item_purchase_floors":[12,12],"current_hp_per_floor":[72,59,59,59,50,50,36,57,57,57,32,32,30,17,42,0,0],"gold":46,"neow_bonus":"TEN_PERCENT_HP_BONUS","is_daily":false,"chose_seed":false,"campfire_upgraded":1,"win_rate":0.0,"timestamp":1611810932,"path_taken":["M","M","?","?","?","R","M","R","T","?","E","$","M","E","R","BOSS"],"items_purchased_type":["Relic","Card"],"build_version":"2020-12-22","purchased_purges":0,"victory":false,"max_hp_per_floor":[72,72,72,72,72,72,72,72,72,72,82,82,83,84,84,84,84],"card_choices":[{"not_picked":["animator:FielNirvalen","animator:Shalltear"],"picked":"animator:Alexander","floor":1},{"not_picked":["animator:Guy","animator:Gillette"],"picked":"animator:Emonzaemon","floor":2},{"not_picked":["animator:RinTohsaka","animator:Illya"],"picked":"animator:HighElfArcher","floor":5},{"not_picked":["animator:RinTohsaka","animator:ShinjiMatou"],"picked":"animator:Archer","floor":7},{"not_picked":["animator:Evileye","animator:Shalltear"],"picked":"animator:PandorasActor","floor":11},{"not_picked":["animator:Shalltear","animator:Guy"],"picked":"animator:Illya","floor":13},{"not_picked":["animator:Tet","animator:Evileye"],"picked":"animator:CowGirl","floor":14}],"player_experience":341914,"relics_obtained":[{"floor":9,"key":"Lantern"},{"floor":11,"key":"Pear"},{"floor":14,"key":"PreservedInsect"}],"event_choices":[{"damage_healed":0,"gold_gain":0,"player_choice":"Got Potions","damage_taken":0,"max_hp_gain":0,"max_hp_loss":0,"event_name":"Lab","floor":4,"gold_loss":0},{"damage_healed":0,"gold_gain":0,"player_choice":"Ignored","damage_taken":0,"max_hp_gain":0,"max_hp_loss":0,"event_name":"Golden Wing","floor":10,"gold_loss":0}],"is_beta":false,"boss_relics":[],"items_purged_floors":[],"is_endless":false,"potions_floor_spawned":[1,7,14],"killed_by":"Slime Boss","ascension_level":0}}