{"host":"4nk64u0og8aplzuu","time":1611804263,"event":{"mods":["BaseMod","Highlight Path","Minty Spire (QoL Compilation)"],"gold_per_floor":[110,127,127,147,161,191,35,68,123,123,123,152,164,174,174,279,279,294,37,37,49,49,74,89,89,89],"floor_reached":25,"language":"ENG","playtime":2839,"items_purged":[],"score":304,"play_id":"ea13b103-7da9-498a-a363-bf3d517cdddb","local_time":"20210127202423","is_ascension_mode":true,"campfire_choices":[{"floor":10.0,"key":"REST"},{"floor":15.0,"key":"REST"}],"circlet_count":0,"master_deck":["Strike_G","Strike_G","Strike_G","Strike_G","Strike_G","Defend_G","Defend_G","Defend_G","Defend_G","Defend_G","Survivor","Neutralize+1","Wraith Form v2","Acrobatics","Backflip","Caltrops","Eviscerate","Dash","Reflex+1","Outmaneuver+1","Adrenaline+1","Acrobatics+1","Venomology+1","Quick Slash","Blade Dance+1","Die Die Die","PiercingWail+1"],"relics":["Ring of the Snake","Pear","TheAbacus","Toxic Egg 2","Smiling Mask","Potion Belt","Incense Burner","Black Star","Letter Opener","Nunchaku","Boot","Anchor"],"acts_visited":["Exordium","TheCity"],"potions_floor_usage":[23,25,25],"damage_taken":[{"damage":2.0,"enemies":"2 Louse","floor":1.0,"turns":4.0},{"damage":4.0,"enemies":"Cultist","floor":2.0,"turns":5.0},{"damage":0.0,"enemies":"Small Slimes","floor":4.0,"turns":4.0},{"damage":0.0,"enemies":"Blue Slaver","floor":5.0,"turns":6.0},{"damage":29.0,"enemies":"Lagavulin","floor":6.0,"turns":11.0},{"damage":31.0,"enemies":"Gremlin Nob","floor":8.0,"turns":6.0},{"damage":23.0,"enemies":"Lagavulin","floor":12.0,"turns":12.0},{"damage":0.0,"enemies":"Looter","floor":13.0,"turns":3.0},{"damage":0.0,"enemies":"2 Fungi Beasts","floor":14.0,"turns":4.0},{"damage":23.0,"enemies":"Hexaghost","floor":16.0,"turns":11.0},{"damage":3.0,"enemies":"Chosen","floor":18.0,"turns":8.0},{"damage":13,"enemies":"3 Byrds","floor":21,"turns":2},{"damage":5,"enemies":"Gremlin Leader","floor":23,"turns":7},{"damage":13,"enemies":"Cultist and Chosen","floor":24,"turns":6},{"damage":32,"enemies":"Book of Stabbing","floor":25,"turns":4}],"seed_played":"2588728237466432437","potions_obtained":[{"floor":4.0,"key":"SteroidPotion"},{"floor":12.0,"key":"GamblersBrew"},{"floor":14.0,"key":"SkillPotion"},{"floor":16.0,"key":"LiquidBronze"},{"floor":21,"key":"SteroidPotion"},{"floor":24,"key":"BlessingOfTheForge"}],"is_trial":false,"path_per_floor":["M","M","?","M","M","E","$","E","T","R","?","E","M","M","R","B",null,"M","$","?","M","?","E","M","E"],"character_chosen":"THE_SILENT","items_purchased":["TheAbacus","Letter Opener"],"campfire_rested":2,"item_purchase_floors":[7,19],"current_hp_per_floor":[68,64,64,64,64,45,45,14,14,38,38,15,15,15,39,16,80,77,77,77,64,49,44,31,0,0],"gold":89,"neow_bonus":"ONE_RANDOM_RARE_CARD","is_daily":false,"chose_seed":false,"campfire_upgraded":0,"win_rate":0.0,"timestamp":1611804263,"path_taken":["M","M","?","?","M","E","$","E","T","R","?","E","M","M","R","BOSS","M","?","?","M","?","E","?","E"],"items_purchased_type":["Relic","Relic"],"build_version":"2020-12-22","purchased_purges":0,"victory":false,"max_hp_per_floor":[70,70,70,70,70,80,80,80,80,80,80,80,80,80,80,80,80,80,80,80,80,85,85,85,85,85],"card_choices":[{"not_picked":["Deadly Poison","Dodge and Roll"],"picked":"Acrobatics","floor":1.0},{"not_picked":["Escape Plan","Terror"],"picked":"Backflip","floor":2.0},{"not_picked":["PiercingWail","Deadly Poison"],"picked":"Caltrops","floor":4.0},{"not_picked":["Slice","Dagger Spray"],"picked":"Eviscerate","floor":5.0},{"not_picked":["Deadly Poison","Well Laid Plans"],"picked":"Dash","floor":6.0},{"not_picked":["Heel Hook","Envenom"],"picked":"Reflex+1","floor":8.0},{"not_picked":["Blur+1","Poisoned Stab"],"picked":"Outmaneuver+1","floor":12.0},{"not_picked":["Outmaneuver+1","Bouncing Flask+1"],"picked":"Adrenaline+1","floor":13.0},{"not_picked":["Deadly Poison+1","Outmaneuver+1"],"picked":"Acrobatics+1","floor":14.0},{"not_picked":["Grand Finale","Night Terror+1"],"picked":"Venomology+1","floor":16.0},{"not_picked":["Slice","All Out Attack+1"],"picked":"Quick Slash","floor":18.0},{"not_picked":["Cloak And Dagger+1","Slice"],"picked":"Blade Dance+1","floor":21},{"not_picked":["Slice+1","Deadly Poison+1"],"picked":"Die Die Die","floor":23},{"not_picked":["Expertise+1","Poisoned Stab+1"],"picked":"PiercingWail+1","floor":24}],"player_experience":367154,"relics_obtained":[{"floor":6.0,"key":"Pear"},{"floor":8.0,"key":"Toxic Egg 2"},{"floor":9.0,"key":"Smiling Mask"},{"floor":11.0,"key":"Potion Belt"},{"floor":12.0,"key":"Incense Burner"},{"floor":23,"key":"Boot"},{"floor":23,"key":"Anchor"}],"event_choices":[{"damage_healed":0.0,"max_hp_gain":0.0,"max_hp_loss":0.0,"gold_gain":0.0,"event_name":"Accursed Blacksmith","player_choice":"Forge","floor":3.0,"gold_loss":0.0,"damage_taken":0.0,"cards_upgraded":["Neutralize"]},{"damage_healed":0.0,"max_hp_gain":0.0,"max_hp_loss":0.0,"gold_gain":0.0,"event_name":"Wheel of Change","player_choice":"Relic","floor":11.0,"gold_loss":0.0,"damage_taken":0.0},{"damage_healed":0,"gold_gain":0,"player_choice":"Opened","damage_taken":0,"relics_obtained":["Nunchaku"],"max_hp_gain":0,"max_hp_loss":0,"event_name":"The Mausoleum","floor":20,"gold_loss":0},{"damage_healed":0,"gold_gain":0,"player_choice":"Shed Blood","damage_taken":20,"max_hp_gain":5,"max_hp_loss":0,"event_name":"Forgotten Altar","floor":22,"gold_loss":0}],"is_beta":false,"boss_relics":[{"not_picked":["Runic Dome","Busted Crown"],"picked":"Black Star"}],"items_purged_floors":[],"is_endless":false,"potions_floor_spawned":[4,12,14,16,21,24],"killed_by":"Book of Stabbing","ascension_level":3}}