{"host":"vrsxkkch9ccrec7k","time":1611848783,"event":{"mods":["Act Like it!","BaseMod","Bestiary","Better Altar","Better Match","Better Note","Better Sensory Stone","Better Skull","Better Third Choice","Better Vampires","Downfall","Minty Spire (QoL Compilation)","Permanent Neow","Relic Stats","Spicy Shops","StSLib"],"gold_per_floor":[99,115,133,148,165,165,165,184,197,197,227,260,10,38,48,148,148,148,161,171,189,6,18,18,118,147,171,183,212,24,64,94,209,221,233,261,293,332,359,202,202,202,202,230,254,273,273,331,350,350],"floor_reached":51,"language":"ENG","playtime":5570,"items_purged":["hexamod:Strike","hexamod:Strike"],"score":1066,"play_id":"d3bf48a3-59d5-4f68-84f0-af4654540d4e","local_time":"20210128104623","is_ascension_mode":true,"campfire_choices":[{"data":"hexamod:PhantomFireball","floor":1.0,"key":"SMITH"},{"data":"hexamod:EmpoweredFlame","floor":6.0,"key":"SMITH"},{"data":"hexamod:UnlimitedPower","floor":10.0,"key":"SMITH"},{"floor":18.0,"key":"RECALL"},{"data":"hexamod:HeatCrush","floor":28.0,"key":"SMITH"},{"data":"hexamod:FlamesFromBeyond","floor":30.0,"key":"SMITH"},{"data":"hexamod:GhostOfSpireFuture","floor":35.0,"key":"SMITH"},{"floor":42,"key":"REST"},{"floor":47,"key":"REST"}],"circlet_count":0,"master_deck":["hexamod:Strike","hexamod:Defend","hexamod:Defend","hexamod:Defend","hexamod:Defend","hexamod:Sear","hexamod:Float","hexamod:PhantomFireball+1","hexamod:HauntingEcho","hexamod:EmpoweredFlame+1","hexamod:FirstSeal","hexamod:HeatMetal","hexamod:PhantomFireball","hexamod:UnlimitedPower+1","hexamod:NightmareGuise","hexamod:GhostOfSpireFuture+1","hexamod:AdvancingGuard","hexamod:SpectersWail","hexamod:FlamesFromBeyond+1","hexamod:ApocalypseNow","hexamod:SwordOfDarkness","hexamod:Sear+1","hexamod:GhostShield+1","hexamod:SecondSeal","hexamod:Toasty","Forethought+1","downfall:Aged","hexamod:HeatCrush+1","hexamod:ThirdSeal","hexamod:HexaLevel","hexamod:SearingWound+1","hexamod:EmpoweredFlame","hexamod:RetreatToShadows+1","hexamod:Incineration","hexamod:Hexaguard+1","hexamod:ShieldOfDarkness+1","hexamod:RadiantFlame","hexamod:GhostOfSpireFuture","hexamod:Hexaguard+1","hexamod:HeatMetal","hexamod:UnlimitedPower+1","hexamod:GhostOfSpireFuture","hexamod:GiftsFromTheDead","hexamod:GhostOfSpireFuture+1","hexamod:FlamesFromBeyond+1","hexamod:ShieldOfDarkness+1"],"relics":["hexamod:SpiritBrand","Calipers","Odd Mushroom","hexamod:SoulOfChaos","Membership Card","Strawberry","Snecko Eye","hexamod:CandleOfCauterizing","Toxic Egg 2","downfall:GremlinSack","MawBank","downfall:HeartBlessingGreen","downfall:HeartBlessingRed","Ancient Tea Set","Cursed Key","ClockworkSouvenir","Centennial Puzzle","hexamod:RecyclingMachine","Pen Nib","Torii"],"acts_visited":["Exordium","TheCity","TheBeyond"],"potions_floor_usage":[39,49,50],"damage_taken":[{"damage":0.0,"enemies":"Jaw Worm","floor":2.0,"turns":2.0},{"damage":0.0,"enemies":"Cultist","floor":3.0,"turns":3.0},{"damage":0.0,"enemies":"2 Louse","floor":4.0,"turns":4.0},{"damage":17.0,"enemies":"Gremlin Gang","floor":5.0,"turns":5.0},{"damage":0.0,"enemies":"Large Slime","floor":8.0,"turns":4.0},{"damage":0.0,"enemies":"Red Slaver","floor":9.0,"turns":3.0},{"damage":0.0,"enemies":"The Mushroom Lair","floor":11.0,"turns":3.0},{"damage":35.0,"enemies":"3 Sentries","floor":12.0,"turns":8.0},{"damage":0.0,"enemies":"downfall:FleeingMerchant","floor":13.0,"turns":4.0},{"damage":3.0,"enemies":"Lagavulin","floor":14.0,"turns":7.0},{"damage":7.0,"enemies":"2 Fungi Beasts","floor":15.0,"turns":3.0},{"damage":29.0,"enemies":"DF_ARCHETYPE_STREAMLINE","floor":16.0,"turns":12.0},{"damage":2.0,"enemies":"Shell Parasite","floor":19.0,"turns":3.0},{"damage":7.0,"enemies":"Chosen","floor":20.0,"turns":3.0},{"damage":2.0,"enemies":"Sentry and Sphere","floor":21.0,"turns":5.0},{"damage":5.0,"enemies":"downfall:FleeingMerchant","floor":22.0,"turns":4.0},{"damage":3.0,"enemies":"Centurion and Healer","floor":23.0,"turns":3.0},{"damage":0.0,"enemies":"Centurion and Healer","floor":25.0,"turns":3.0},{"damage":8.0,"enemies":"Book of Stabbing","floor":26.0,"turns":4.0},{"damage":2.0,"enemies":"Cultist and Chosen","floor":27.0,"turns":3.0},{"damage":8.0,"enemies":"Snake Plant","floor":29.0,"turns":2.0},{"damage":39.0,"enemies":"Gremlin Leader","floor":31.0,"turns":4.0},{"damage":0.0,"enemies":"Snecko","floor":32.0,"turns":3.0},{"damage":32.0,"enemies":"WA_ARCHETYPE_CALM","floor":33.0,"turns":8.0},{"damage":0.0,"enemies":"Orb Walker","floor":36.0,"turns":2.0},{"damage":7.0,"enemies":"3 Darklings","floor":37.0,"turns":3.0},{"damage":30.0,"enemies":"Sphere and 2 Shapes","floor":38.0,"turns":6.0},{"damage":3,"enemies":"Jaw Worm Horde","floor":39,"turns":3},{"damage":8,"enemies":"downfall:FleeingMerchant","floor":40,"turns":4},{"damage":23,"enemies":"3 Darklings","floor":44,"turns":4},{"damage":0,"enemies":"Sphere and 2 Shapes","floor":45,"turns":3},{"damage":0,"enemies":"Transient","floor":46,"turns":5},{"damage":3,"enemies":"Transient","floor":48,"turns":3},{"damage":0,"enemies":"Spire Growth","floor":49,"turns":4},{"damage":0,"enemies":"SI_POISON_ARCHETYPE","floor":50,"turns":9}],"seed_played":"5648188360947574267","potions_obtained":[{"floor":5.0,"key":"DistilledChaos"},{"floor":8.0,"key":"SteroidPotion"},{"floor":9.0,"key":"Guardian:BlockOnCardUsePotion"},{"floor":12.0,"key":"Fire Potion"},{"floor":15.0,"key":"Regen Potion"},{"floor":16.0,"key":"LiquidMemories"},{"floor":19.0,"key":"ColorlessPotion"},{"floor":21.0,"key":"hexamod:SoulburnPotion"},{"floor":25.0,"key":"Slimebound:ThreeZeroPotion"},{"floor":26.0,"key":"champ:CounterPotion"},{"floor":29.0,"key":"FairyPotion"},{"floor":31.0,"key":"Guardian:BlockOnCardUsePotion"},{"floor":37.0,"key":"LiquidMemories"},{"floor":38.0,"key":"SkillPotion"},{"floor":39,"key":"EssenceOfSteel"}],"is_trial":false,"path_per_floor":["R","M","M","M","M","R","T","M","M","R","?","E","$","E","M","B",null,"R","M","M","M","$","M","T","?","E","M","R","M","R","E","M","B",null,"R","M","M","M","M","$","T","R","?","M","M","M","R","?","M","B",null],"character_chosen":"THE_SPIRIT","items_purchased":["Membership Card","hexamod:GhostOfSpireFuture","hexamod:AdvancingGuard","hexamod:CandleOfCauterizing","ClockworkSouvenir","Centennial Puzzle","hexamod:RecyclingMachine","hexamod:GhostOfSpireFuture","hexamod:Hexaguard+1","hexamod:HeatMetal","DuplicationPotion","Pen Nib"],"campfire_rested":2,"item_purchase_floors":[13,13,13,22,40,40,40,40,40,40,40,40],"current_hp_per_floor":[63,63,63,63,53,53,53,60,67,67,67,32,39,50,50,43,69,69,74,74,77,77,77,77,77,76,74,74,66,66,34,34,2,58,58,58,58,35,39,38,38,61,61,45,45,52,75,77,77,77],"gold":350,"neow_bonus":"TRANSFORM_CARD","is_daily":false,"chose_seed":false,"campfire_upgraded":6,"win_rate":0.0,"timestamp":1611848783,"path_taken":["R","M","M","M","M","R","T","M","M","R","?","E","$","E","M","BOSS","R","M","M","M","$","M","T","?","E","M","R","M","R","E","M","BOSS","R","M","M","M","?","$","T","R","?","M","?","M","R","?","M","BOSS"],"items_purchased_type":["Relic","Card","Card","Relic","Relic","Relic","Relic","Card","Card","Card","Potion","Relic"],"build_version":"2020-12-22","purchased_purges":2,"victory":true,"max_hp_per_floor":[70,70,70,70,70,70,70,70,70,70,70,70,70,77,77,77,77,77,77,77,77,77,77,77,77,77,77,77,77,77,77,77,77,77,77,77,77,77,77,77,77,77,77,77,77,77,77,77,77,77],"relic_stats":{"Centennial Puzzle":[5],"Torii":0,"counters":[35,149],"Snecko Eye":[152,148,145,160],"Pen Nib":[3],"MawBank":168,"Cursed Key":0,"obtain_stats":[{"hexamod:CandleOfCauterizing":22,"Calipers":7,"downfall:HeartBlessingRed":30,"Torii":48,"downfall:HeartBlessingGreen":30,"Pen Nib":40,"Odd Mushroom":11,"MawBank":26,"Ancient Tea Set":31,"Cursed Key":34,"ClockworkSouvenir":40,"Centennial Puzzle":40,"downfall:GremlinSack":25,"hexamod:SoulOfChaos":12,"Strawberry":14,"Snecko Eye":17,"Membership Card":13,"hexamod:RecyclingMachine":40,"Toxic Egg 2":24,"hexamod:SpiritBrand":0},{"hexamod:CandleOfCauterizing":16,"Calipers":4,"downfall:HeartBlessingRed":21,"Torii":33,"downfall:HeartBlessingGreen":21,"Pen Nib":29,"Odd Mushroom":7,"MawBank":19,"Ancient Tea Set":22,"Cursed Key":24,"ClockworkSouvenir":29,"Centennial Puzzle":29,"downfall:GremlinSack":18,"hexamod:SoulOfChaos":8,"Strawberry":10,"Snecko Eye":12,"Membership Card":9,"hexamod:RecyclingMachine":29,"Toxic Egg 2":17,"hexamod:SpiritBrand":0},{"hexamod:CandleOfCauterizing":73,"Calipers":14,"downfall:HeartBlessingRed":88,"Torii":136,"downfall:HeartBlessingGreen":88,"Pen Nib":121,"Odd Mushroom":24,"MawBank":83,"Ancient Tea Set":92,"Cursed Key":103,"ClockworkSouvenir":121,"Centennial Puzzle":121,"downfall:GremlinSack":79,"hexamod:SoulOfChaos":32,"Strawberry":43,"Snecko Eye":58,"Membership Card":36,"hexamod:RecyclingMachine":121,"Toxic Egg 2":76,"hexamod:SpiritBrand":0}]},"card_choices":[{"not_picked":["hexamod:Hexaguard","hexamod:FastForward"],"picked":"hexamod:HauntingEcho","floor":2.0},{"not_picked":["hexamod:SwordOfDarkness","hexamod:NightmareGuise"],"picked":"hexamod:EmpoweredFlame","floor":3.0},{"not_picked":["hexamod:ShieldOfDarkness","hexamod:GhostShield"],"picked":"hexamod:FirstSeal","floor":4.0},{"not_picked":["hexamod:SwordOfDarkness","hexamod:BurningTouch"],"picked":"hexamod:HeatMetal","floor":5.0},{"not_picked":["hexamod:Firestarter","hexamod:GhostLash"],"picked":"hexamod:PhantomFireball","floor":8.0},{"not_picked":["hexamod:NightmareGuise","hexamod:SpectralAdrenaline"],"picked":"hexamod:UnlimitedPower","floor":9.0},{"not_picked":["hexamod:UnleashSpirits","hexamod:InspiringFlames"],"picked":"hexamod:NightmareGuise","floor":12.0},{"not_picked":["hexamod:SpectralAdrenaline","hexamod:GhostShield","hexamod:BacktrackSmack"],"picked":"SKIP","floor":13.0},{"not_picked":["hexamod:PowerFromBeyond","hexamod:ThirdSeal"],"picked":"hexamod:SpectersWail","floor":14.0},{"not_picked":["hexamod:CatchUp","hexamod:HeatMetal"],"picked":"hexamod:FlamesFromBeyond","floor":15.0},{"not_picked":["hexamod:ForkedFlame","hexamod:Toasty"],"picked":"hexamod:ApocalypseNow","floor":16.0},{"not_picked":["hexamod:BurningTouch","hexamod:Hexaguard","hexamod:CatchUp"],"picked":"SKIP","floor":19.0},{"not_picked":["hexamod:GhostLash","hexamod:SkipABeat+1","hexamod:ThermalTransfer"],"picked":"SKIP","floor":20.0},{"not_picked":["hexamod:FirstSeal","hexamod:GhostLash"],"picked":"hexamod:SwordOfDarkness","floor":21.0},{"not_picked":["hexamod:PhantomFireball+1","hexamod:FourthSeal","hexamod:BurningTouch"],"picked":"SKIP","floor":22.0},{"not_picked":["hexamod:SuperheatedStrike","hexamod:RainOfEmbers","hexamod:InspiringFlames"],"picked":"SKIP","floor":23.0},{"not_picked":["hexamod:SuperheatedStrike+1","hexamod:Rewind+1"],"picked":"hexamod:HeatCrush","floor":26.0},{"not_picked":["hexamod:Haunt+1","hexamod:SuperheatedStrike","hexamod:HeatMetal"],"picked":"SKIP","floor":27.0},{"not_picked":["hexamod:GhostShield+1","hexamod:AdvancingGuard+1"],"picked":"hexamod:ThirdSeal","floor":29.0},{"not_picked":["hexamod:ExtraCrispy","hexamod:InspiringFlames+1"],"picked":"hexamod:HexaLevel","floor":31.0},{"not_picked":["hexamod:HeatMetal","hexamod:SuperheatedStrike","hexamod:SpectralAdrenaline+1"],"picked":"SKIP","floor":32.0},{"not_picked":["hexamod:VolcanoVisage","hexamod:WildfireWeapon"],"picked":"hexamod:SearingWound+1","floor":33.0},{"not_picked":["hexamod:ThirdSeal","hexamod:SoulSteal+1"],"picked":"hexamod:EmpoweredFlame","floor":36.0},{"not_picked":["hexamod:Again+1","hexamod:SuperheatedStrike"],"picked":"hexamod:RetreatToShadows+1","floor":37.0},{"not_picked":["hexamod:BurningTouch+1","hexamod:AdvancingGuard+1","hexamod:SuperheatedStrike+1"],"picked":"SKIP","floor":38.0},{"not_picked":["hexamod:SpectralSpark+1","hexamod:HauntingEcho","hexamod:GhostLash+1"],"picked":"SKIP","floor":38.0},{"not_picked":["hexamod:SuperheatedStrike","hexamod:SpectersWail+1"],"picked":"hexamod:Incineration","floor":39},{"not_picked":["hexamod:HauntingEcho","hexamod:HeatMetal"],"picked":"hexamod:Hexaguard+1","floor":39},{"not_picked":["hexamod:AdvancingGuard+1","hexamod:ChargedBarrage+1"],"picked":"hexamod:ShieldOfDarkness+1","floor":40},{"not_picked":["hexamod:Haunt+1","hexamod:SpectersWail"],"picked":"hexamod:RadiantFlame","floor":40},{"not_picked":["hexamod:GhostShield+1","hexamod:InspiringFlames+1"],"picked":"hexamod:GhostOfSpireFuture","floor":44},{"not_picked":["hexamod:Firestarter","hexamod:GhostShield+1"],"picked":"hexamod:GiftsFromTheDead","floor":44},{"not_picked":["hexamod:GhostOfSpirePast","hexamod:FastForward+1","hexamod:GhostShield+1"],"picked":"SKIP","floor":45},{"not_picked":["hexamod:AdvancingGuard+1","hexamod:FastForward+1"],"picked":"hexamod:GhostOfSpireFuture+1","floor":46},{"not_picked":["hexamod:GhostOfSpirePast","hexamod:HeatMetal"],"picked":"hexamod:FlamesFromBeyond+1","floor":46},{"not_picked":["hexamod:SpectersWail","hexamod:FastForward+1"],"picked":"hexamod:ShieldOfDarkness+1","floor":48},{"not_picked":["hexamod:HauntingEcho","hexamod:RainOfEmbers+1","hexamod:GhostShield+1"],"picked":"SKIP","floor":49},{"not_picked":["hexamod:PhantomFireball+1","hexamod:BacktrackSmack+1","hexamod:GhostShield+1"],"picked":"SKIP","floor":49},{"not_picked":["hexamod:HauntingEcho","hexamod:RainOfEmbers+1","hexamod:GhostShield+1"],"picked":"SKIP","floor":49},{"not_picked":["hexamod:PhantomFireball+1","hexamod:BacktrackSmack+1","hexamod:GhostShield+1"],"picked":"SKIP","floor":49}],"player_experience":1795108,"relics_obtained":[{"floor":7.0,"key":"Calipers"},{"floor":11.0,"key":"Odd Mushroom"},{"floor":12.0,"key":"hexamod:SoulOfChaos"},{"floor":14.0,"key":"Strawberry"},{"floor":24.0,"key":"Toxic Egg 2"},{"floor":25.0,"key":"downfall:GremlinSack"},{"floor":26.0,"key":"MawBank"},{"floor":31.0,"key":"Ancient Tea Set"},{"floor":48,"key":"Torii"}],"event_choices":[{"damage_healed":0.0,"max_hp_gain":0.0,"max_hp_loss":0.0,"gold_gain":0.0,"event_name":"Mushrooms","player_choice":"Fought Mushrooms","floor":11.0,"gold_loss":0.0,"damage_taken":0.0}],"is_beta":false,"boss_relics":[{"not_picked":["SlaversCollar","Empty Cage"],"picked":"Snecko Eye"},{"not_picked":["Sozu","sneckomod:SneckoTalon"],"picked":"Cursed Key"}],"items_purged_floors":[22,40],"is_endless":false,"potions_floor_spawned":[5,8,9,12,15,16,19,21,25,26,29,31,37,38,39,44],"ascension_level":7}}