{"host":"8pcehwtvb3b6plng","time":1611828375,"event":{"mods":["BaseMod","Minty Spire (QoL Compilation)","Replay The Spire","StSLib"],"gold_per_floor":[112,112,112,112,1,41,41,61,109,149,172,196,196,196,196,327,327,373,373,388,388,444,456,468,480,480],"floor_reached":25,"language":"ZHS","playtime":571,"items_purged":[],"score":281,"play_id":"7f3b4aa8-a6b2-4da4-9ba1-005aed61fbcb","local_time":"20210128180615","is_ascension_mode":true,"campfire_choices":[{"floor":7,"key":"REST"},{"floor":13,"key":"REST"},{"floor":15,"key":"REST"},{"data":"Wish","floor":23,"key":"SMITH"}],"circlet_count":0,"master_deck":["Strike_P+1","Strike_P+1","Strike_P","Defend_P+1","Defend_P","Defend_P+1","Eruption+1","Vigilance+1","CarveReality+1","LessonLearned+1","Wallop+1","Perseverance+1","FlurryOfBlows","FlurryOfBlows+1","MentalFortress+1","ForeignInfluence","Steam","Wish+1","ClearTheMind+1","Perseverance"],"relics":["PureWater","Ring of Panic","Ring of Fury","Gremlin Food","Golden Idol","Nunchaku","War Paint","Damaru","Coffee Dripper","MawBank"],"acts_visited":["Exordium","TheCity"],"potions_floor_usage":[],"damage_taken":[{"damage":4,"enemies":"Jaw Worm","floor":1,"turns":3},{"damage":12,"enemies":"3 Sentries","floor":6,"turns":4},{"damage":0,"enemies":"2 Louse","floor":8,"turns":2},{"damage":0,"enemies":"Gremlin Nob","floor":10,"turns":2},{"damage":0,"enemies":"Cultist","floor":11,"turns":2},{"damage":9,"enemies":"Blue Slaver","floor":12,"turns":2},{"damage":38,"enemies":"The Guardian","floor":16,"turns":7},{"damage":17,"enemies":"Shell Parasite","floor":18,"turns":3},{"damage":0,"enemies":"Chosen","floor":20,"turns":4},{"damage":18,"enemies":"Centurion and Healer","floor":22,"turns":4},{"damage":12,"enemies":"Slavers","floor":25,"turns":2}],"seed_played":"493279860004350890","potions_obtained":[{"floor":6,"key":"FearPotion"},{"floor":10,"key":"SteroidPotion"},{"floor":16,"key":"Regen Potion"},{"floor":18,"key":"LiquidMemories"}],"is_trial":false,"path_per_floor":["M","?","?","?","$","E","R","M","T","E","M","M","R","?","R","B",null,"M","?","M","?","M","R","?","E"],"character_chosen":"WATCHER","items_purchased":["LessonLearned+1"],"campfire_rested":3,"item_purchase_floors":[5],"current_hp_per_floor":[61,61,43,22,22,10,35,35,35,35,35,26,51,51,76,38,86,69,61,61,61,43,43,43,31,31],"gold":480,"neow_bonus":"TWENTY_PERCENT_HP_BONUS","is_daily":false,"chose_seed":false,"campfire_upgraded":1,"win_rate":0.0,"timestamp":1611828375,"path_taken":["M","?","?","?","?","E","R","M","T","E","M","?","R","?","R","BOSS","M","?","?","?","M","R","?","E"],"items_purchased_type":["Card"],"build_version":"2020-12-22","purchased_purges":0,"victory":false,"max_hp_per_floor":[86,86,86,86,86,86,86,86,86,86,86,86,86,86,86,86,86,86,86,86,86,86,86,86,86,86],"card_choices":[{"not_picked":["PathToVictory","FlyingSleeves"],"picked":"CarveReality","floor":1},{"not_picked":["ClearTheMind","ThirdEye"],"picked":"Wallop","floor":6},{"not_picked":["Replay:ManipulateFuture","Replay:Anticipation"],"picked":"Perseverance","floor":8},{"not_picked":["FollowUp","EmptyBody"],"picked":"FlurryOfBlows","floor":10},{"not_picked":["ThirdEye","WreathOfFlame"],"picked":"FlurryOfBlows","floor":11},{"not_picked":["Crescendo","InnerPeace"],"picked":"MentalFortress","floor":12},{"not_picked":["LessonLearned","Judgement"],"picked":"Wish","floor":16},{"not_picked":["Replay:BluntJabs+1","Replay:Anticipation","InnerPeace"],"picked":"SKIP","floor":18},{"not_picked":["JustLucky","BowlingBash+1"],"picked":"ClearTheMind+1","floor":20},{"not_picked":["Halt","CrushJoints"],"picked":"Perseverance","floor":22}],"player_experience":163976,"relics_obtained":[{"floor":2,"key":"Ring of Panic"},{"floor":2,"key":"Ring of Fury"},{"floor":6,"key":"Nunchaku"},{"floor":9,"key":"War Paint"},{"floor":10,"key":"Damaru"}],"event_choices":[{"damage_healed":0,"gold_gain":0,"player_choice":"Success","damage_taken":18,"relics_obtained":["Gremlin Food"],"max_hp_gain":0,"max_hp_loss":0,"event_name":"Scrap Ooze","floor":3,"gold_loss":0},{"damage_healed":0,"gold_gain":0,"player_choice":"Take Damage","damage_taken":21,"relics_obtained":["Golden Idol"],"max_hp_gain":0,"max_hp_loss":0,"event_name":"Golden Idol","floor":4,"gold_loss":0},{"damage_healed":0,"gold_gain":0,"player_choice":"Damaged","damage_taken":8,"max_hp_gain":0,"max_hp_loss":0,"event_name":"Wheel of Change","floor":19,"gold_loss":0},{"cards_removed":["Pain","Sickly"],"damage_healed":0,"gold_gain":0,"player_choice":"Removed Curses","damage_taken":0,"max_hp_gain":0,"max_hp_loss":0,"event_name":"Fountain of Cleansing","floor":24,"gold_loss":0}],"is_beta":false,"boss_relics":[{"not_picked":["Ectoplasm","ChewingGum"],"picked":"Coffee Dripper"}],"items_purged_floors":[],"is_endless":false,"potions_floor_spawned":[6,10,16,18,22],"killed_by":"Slavers","ascension_level":4}}