{"host":"e52c7hvho6xny3hd","time":1611818576,"event":{"mods":["AchievementEnabler","BaseMod","Colored Map","DeckTracker","Minty Spire (QoL Compilation)","Permanent Neow","StSLib"],"gold_per_floor":[109,126,146,162,181,181,201,219,219,233,233,233,233,253,253,253,253],"floor_reached":16,"language":"KOR","playtime":797,"items_purged":[],"score":191,"play_id":"a7daf433-1d33-4da0-90f7-61c13d9985b3","local_time":"20210128162256","is_ascension_mode":true,"campfire_choices":[{"data":"True Grit","floor":6,"key":"SMITH"},{"floor":12,"key":"REST"},{"data":"Body Slam","floor":15,"key":"SMITH"}],"circlet_count":0,"master_deck":["AscendersBane","Strike_R","Strike_R","Strike_R","Strike_R","Strike_R","Defend_R+1","Defend_R","Defend_R","Defend_R","Bash","Impatience","True Grit+1","Rage+1","Carnage","Shrug It Off","Feed","Clash","Body Slam+1","Injury"],"relics":["Burning Blood","Blood Vial","Golden Idol"],"acts_visited":["Exordium"],"potions_floor_usage":[4,5,16,16,16,16],"damage_taken":[{"damage":14,"enemies":"Jaw Worm","floor":1,"turns":4},{"damage":13,"enemies":"Small Slimes","floor":2,"turns":5},{"damage":0,"enemies":"2 Louse","floor":3,"turns":2},{"damage":15,"enemies":"Large Slime","floor":4,"turns":6},{"damage":14,"enemies":"Exordium Wildlife","floor":5,"turns":5},{"damage":10,"enemies":"3 Louse","floor":7,"turns":5},{"damage":6,"enemies":"Looter","floor":8,"turns":3},{"damage":4,"enemies":"Lots of Slimes","floor":10,"turns":5},{"damage":10,"enemies":"3 Louse","floor":14,"turns":4},{"damage":38,"enemies":"The Guardian","floor":16,"turns":12}],"seed_played":"525792466876422902","potions_obtained":[{"floor":1,"key":"SpeedPotion"},{"floor":4,"key":"ColorlessPotion"},{"floor":8,"key":"BloodPotion"},{"floor":10,"key":"EntropicBrew"}],"is_trial":false,"path_per_floor":["M","M","M","M","M","R","M","M","T","M","?","R","?","M","R","B"],"character_chosen":"IRONCLAD","items_purchased":[],"campfire_rested":1,"item_purchase_floors":[],"current_hp_per_floor":[60,53,59,50,42,42,38,38,38,45,22,45,45,46,46,26,26],"gold":253,"neow_bonus":"RANDOM_COLORLESS","is_daily":false,"chose_seed":false,"campfire_upgraded":2,"win_rate":0.0,"timestamp":1611818576,"path_taken":["M","M","M","M","M","R","M","M","T","M","?","R","?","M","R","BOSS"],"items_purchased_type":[],"build_version":"2020-12-22","purchased_purges":0,"victory":false,"max_hp_per_floor":[75,75,75,75,75,75,75,75,75,78,78,78,78,81,81,81,81],"card_choices":[{"not_picked":["Purity","Deep Breath"],"picked":"Impatience","floor":0.0},{"not_picked":["Thunderclap","Iron Wave"],"picked":"True Grit","floor":1},{"not_picked":["Headbutt","True Grit"],"picked":"Rage","floor":2},{"not_picked":["Anger","Pommel Strike"],"picked":"Carnage","floor":3},{"not_picked":["Warcry","Pommel Strike"],"picked":"Shrug It Off","floor":4},{"not_picked":["Heavy Blade","Sword Boomerang","Sever Soul"],"picked":"SKIP","floor":5},{"not_picked":["Cleave","Thunderclap"],"picked":"Feed","floor":7},{"not_picked":["Anger","Havoc"],"picked":"Clash","floor":8},{"not_picked":["Iron Wave","Anger"],"picked":"Body Slam","floor":10},{"not_picked":["Wild Strike","Hemokinesis","Corruption"],"picked":"SKIP","floor":14}],"player_experience":697395,"relics_obtained":[{"floor":9,"key":"Blood Vial"}],"event_choices":[{"damage_healed":0,"gold_gain":0,"player_choice":"Entered Light","damage_taken":23,"max_hp_gain":0,"max_hp_loss":0,"event_name":"Shining Light","floor":11,"gold_loss":0,"cards_upgraded":["Rage","Defend_R"]},{"damage_healed":0,"gold_gain":0,"player_choice":"Take Wound","damage_taken":0,"relics_obtained":["Golden Idol"],"max_hp_gain":0,"max_hp_loss":0,"event_name":"Golden Idol","floor":13,"gold_loss":0,"cards_obtained":["Injury"]}],"is_beta":false,"boss_relics":[],"items_purged_floors":[],"is_endless":false,"potions_floor_spawned":[1,4,8,10],"killed_by":"The Guardian","ascension_level":19}}