{"host":"rpu0b34yn88n8zeb","time":1611812367,"event":{"mods":["Act Like it!","BaseMod","CapriCore","Colored Powertips","Defuse TimeMaze Blight","Gensokyo","Koishi","Marisa£®ÏF”Í°°ƒß¿Ì…≥£©","Minty Spire (QoL Compilation)","Quick Restart","Reimu£®≤©¿ˆ¡È√Œ£©","Shop Mod","Spicy Shops","StSLib","The Immortal","The Servant 0.9.4","Yakumo Yukari mod","Youmu£®ªÍ∆«—˝√Œ£©"],"gold_per_floor":[210,210,170,95,95,111,145,21,21,38,55,55,80,99,99,203,203,222,137,42,51,51,83,83,110,110,149,168,192,192,192,192,297,297,323,344,344,403,421,448,112,152,152,152,186,228,228,237,237,237,237,237,10,51,51],"floor_reached":56,"language":"ZHS","playtime":3381,"items_purged":[],"score":1453,"play_id":"fd80dfc9-c239-4b71-8f81-699974a7043d","local_time":"20210127223927","is_ascension_mode":true,"campfire_choices":[{"data":"HumanKnowledgeSword","floor":12.0,"key":"SMITH"},{"data":"CrescentMoonSlash","floor":15.0,"key":"SMITH"},{"data":"CherryBlossomFlashing","floor":24.0,"key":"SMITH"},{"data":"HellFireSword","floor":30.0,"key":"SMITH"},{"floor":32.0,"key":"REST"},{"data":"HellRealmSword","floor":44.0,"key":"SMITH"},{"floor":49.0,"key":"RECALL"},{"floor":52.0,"key":"REST"}],"circlet_count":0,"master_deck":["Strike_YM+1","Strike_YM+1","Strike_YM+1","Strike_YM+1","Defend_YM+1","Defend_YM+1","Defend_YM+1","Defend_YM+1","SlashOfPresentWorld+1","WheelOfPainOfLivingAndDead+1","CrescentMoonSlash+1","HellFireSword+1","SwordExtraction+1","HumanGodSword+1","HumanKnowledgeSword+1","LotusPostureSlash+1","PhosphoricSlash+1","FastingOfTheYoungPreta+1","SlashOfMeditation+1","CherryBlossomFlashing+1","LowerRealmReflectionSlash+1","ConstancyOfTheConventionalTruth+1","ThreeKonsSevenHakus+1","HellRealmSword+1","HumanGodSword+1","DoubleWheelOfPain+1","Madness+1","Madness+1","SwordExtraction+1","SlashOfAscensionToBuddhahood+1","SuddenPhantomFormationSlashOfKarmicWind+1","SlashClearingTheSixSenses+1","FantasyOfEnteringEnlightenment+1","DispleasureOfTheSevenHakus+1","HumanRealmSword+1"],"relics":["MiniYoumu","PaintedHorse:ReiMu","Chemical X","Bag of Marbles","Frozen Egg 2","Question Card","Anchor","Calling Bell","ChestCloth","CeramicFish","Dead Branch","Tea:ReiMu","Shuriken","Akabeko","WingedGreaves","Mango","Toxic Egg 2","Turnip","RuthlessExorcism:ReiMu","Boot","Kunai","Thread and Needle","Happy Flower","Roukanken","Bird Faced Urn"],"acts_visited":["Exordium","TheCity","TheBeyond","TheEnding"],"potions_floor_usage":[55,55,55],"damage_taken":[{"damage":1.0,"enemies":"Jaw Worm","floor":1.0,"turns":3.0},{"damage":1.0,"enemies":"Small Slimes","floor":6.0,"turns":3.0},{"damage":17.0,"enemies":"Lagavulin","floor":7.0,"turns":8.0},{"damage":0.0,"enemies":"2 Louse","floor":10.0,"turns":3.0},{"damage":1.0,"enemies":"Looter","floor":11.0,"turns":3.0},{"damage":1.0,"enemies":"3 Sentries","floor":13.0,"turns":6.0},{"damage":0.0,"enemies":"2 Fungi Beasts","floor":14.0,"turns":2.0},{"damage":19.0,"enemies":"The Guardian","floor":16.0,"turns":8.0},{"damage":2.0,"enemies":"Shell Parasite","floor":18.0,"turns":3.0},{"damage":9.0,"enemies":"Gremlin Leader","floor":23.0,"turns":4.0},{"damage":43.0,"enemies":"Slavers","floor":25.0,"turns":4.0},{"damage":5.0,"enemies":"Book of Stabbing","floor":27.0,"turns":5.0},{"damage":0.0,"enemies":"Spheric Guardian","floor":28.0,"turns":3.0},{"damage":6.0,"enemies":"Snake Plant","floor":29.0,"turns":3.0},{"damage":43.0,"enemies":"Champ","floor":33.0,"turns":12.0},{"damage":0.0,"enemies":"Orb Walker","floor":35.0,"turns":3.0},{"damage":0.0,"enemies":"3 Darklings","floor":36.0,"turns":3.0},{"damage":0.0,"enemies":"Mind Bloom Boss Battle","floor":38.0,"turns":3.0},{"damage":5.0,"enemies":"Reptomancer","floor":40.0,"turns":5.0},{"damage":1.0,"enemies":"Giant Head","floor":42.0,"turns":6.0},{"damage":4.0,"enemies":"Reptomancer","floor":45.0,"turns":3.0},{"damage":0.0,"enemies":"Nemesis","floor":46.0,"turns":3.0},{"damage":0.0,"enemies":"Nemesis","floor":48.0,"turns":10.0},{"damage":25.0,"enemies":"Donu and Deca","floor":50.0,"turns":6.0},{"damage":14.0,"enemies":"Shield and Spear","floor":54.0,"turns":3.0},{"damage":42,"enemies":"The Heart","floor":55,"turns":7}],"seed_played":"-1822467130055715360","potions_obtained":[{"floor":7.0,"key":"DuplicationPotion"},{"floor":11.0,"key":"SkillPotion"},{"floor":13.0,"key":"LiquidBronze"},{"floor":16.0,"key":"PowerPotion"},{"floor":23.0,"key":"Swift Potion"},{"floor":25.0,"key":"Swift Potion"},{"floor":33.0,"key":"DuplicationPotion"},{"floor":38.0,"key":"Energy Potion"}],"is_trial":false,"path_per_floor":["M","?","?","$","?","M","E","$","T","M","M","R","E","M","R","B",null,"M","?","$","?","$","E","R","E","T","E","M","M","R","?","R","B",null,"M","M","?","?","?","E","$","E","T","R","E","E","?","?","R","B",null,"R","$","E","B",null],"character_chosen":"YOUMU","items_purchased":["Chemical X","Frozen Egg 2","Shuriken","EntropicBrew","Boot","Roukanken","FantasyOfEnteringEnlightenment+1","DispleasureOfTheSevenHakus+1"],"campfire_rested":2,"item_purchase_floors":[4,8,20,41,41,53,53,53],"current_hp_per_floor":[74,59,59,59,59,58,41,41,41,41,40,40,39,39,39,20,75,73,73,73,73,73,64,64,21,35,30,30,24,24,18,44,1,89,89,89,89,89,78,73,73,72,72,72,83,83,83,89,89,64,89,89,89,75,43],"gold":51,"neow_bonus":"HUNDRED_GOLD","is_daily":false,"chose_seed":false,"campfire_upgraded":5,"win_rate":0.0,"timestamp":1611812367,"path_taken":["M","?","?","$","?","M","E","$","T","M","M","R","E","M","R","BOSS","M","?","$","?","$","E","R","E","T","E","M","M","R","?","R","BOSS","M","?","?","?","?","E","$","E","T","R","E","E","?","?","R","BOSS","R","$","E","BOSS"],"items_purchased_type":["Relic","Relic","Relic","Potion","Relic","Relic","Card","Card"],"build_version":"2020-12-22","purchased_purges":0,"victory":true,"max_hp_per_floor":[75,75,75,75,75,75,75,75,75,75,75,75,75,75,75,75,75,75,75,75,75,75,75,75,75,89,89,89,89,89,89,89,89,89,89,89,89,89,89,89,89,89,89,89,89,89,89,89,89,89,89,89,89,89,89],"card_choices":[{"not_picked":["RapidSlash","SwordExtraction"],"picked":"CrescentMoonSlash","floor":1.0},{"not_picked":["LifeCuttingSword","CrescentMoonSlash"],"picked":"HellFireSword","floor":6.0},{"not_picked":["LowerRealmReflectionSlash","BloodOfAsura"],"picked":"SwordExtraction","floor":7.0},{"not_picked":["LotusPostureSlash","BizarrenessOfSixRealms","SpiritMediumsBind"],"picked":"HumanGodSword+1","floor":10.0},{"not_picked":["ObsessionWithThePresentWorld","LifeCuttingSword","HeavenlyHaloSlash"],"picked":"HumanKnowledgeSword","floor":11.0},{"not_picked":["TwoHundredYojanaInOneSlash","HellGodSword","HumanKnowledgeSword"],"picked":"LotusPostureSlash","floor":13.0},{"not_picked":["FourBirthsSword","EchoesOfTheInclemencyOfAllBeings","SlashOfMeditation"],"picked":"PhosphoricSlash","floor":14.0},{"not_picked":["CherryBlossomSword+1","ASingleThoughtAndInfiniteKalpas","AsuraSword+1"],"picked":"FastingOfTheYoungPreta","floor":16.0},{"not_picked":["FantasyOfEnteringEnlightenment","ThreeKonsSevenHakus","ConstancyOfTheConventionalTruth+1"],"picked":"SlashOfMeditation+1","floor":18.0},{"not_picked":["SwordExtraction","WickedSoul","LotusPostureSlash","SwordOfBindingDesires"],"picked":"SKIP","floor":23.0},{"not_picked":["TwoHundredYojanaInOneSlash","CherryBlossomFlashing","FourBirthsSword","HesitationCuttingSword"],"picked":"SKIP","floor":25.0},{"not_picked":["SwordOfBindingDesires+1","EchoesOfTheInclemencyOfAllBeings+1","ThreeKonsSevenHakus+1"],"picked":"LowerRealmReflectionSlash+1","floor":27.0},{"not_picked":["HumanKnowledgeSword","TwoHundredYojanaInOneSlash+1","SwordOfBindingDesires+1"],"picked":"ConstancyOfTheConventionalTruth+1","floor":28.0},{"not_picked":["LifeCuttingSword","LowerRealmReflectionSlash","ObsessionSword+1"],"picked":"ThreeKonsSevenHakus+1","floor":29.0},{"not_picked":["CelestialStarSword+1","GreatEnlightenmentAppearingAndDisappearing+1","HeavenSword+1"],"picked":"HellRealmSword","floor":33.0},{"not_picked":["TwoHundredYojanaInOneSlash","HeartExcerptSlash","SpiritCuttingSword+1"],"picked":"HumanGodSword+1","floor":35.0},{"not_picked":["SlashOfMeditation","SanzenSekai","ObsessionWithThePresentWorld+1"],"picked":"DispleasureOfTheSevenHakus+1","floor":36.0},{"not_picked":["LowerRealmReflectionSlash","SlashOfDelusionalInnerEye","CrescentMoonSlash"],"picked":"DoubleWheelOfPain+1","floor":38.0},{"not_picked":["SwordOfBindingDesires+1","KarmicPunishmentOfTheIdleAndUnfocused+1","DispleasureOfTheSevenHakus+1","SlashOfDepartureFromHesitation"],"picked":"SKIP","floor":40.0},{"not_picked":["HiganSword+1","ConstancyOfTheConventionalTruth+1","HeavenGodSword"],"picked":"SwordExtraction+1","floor":42.0},{"not_picked":["HumanGodSword+1","HellGodSword","SpiritCuttingSword+1"],"picked":"SlashOfAscensionToBuddhahood+1","floor":45.0},{"not_picked":["TransmigrationSlash","HumanRealmSword+1","PhosphoricSlash+1"],"picked":"SuddenPhantomFormationSlashOfKarmicWind+1","floor":46.0},{"not_picked":["BloodOfAsura+1","PhosphoricSlash","SpiritCuttingSword+1"],"picked":"SlashClearingTheSixSenses+1","floor":48.0},{"not_picked":["SuddenPhantomFormationSlashOfKarmicWind+1","SlashClearingTheSixSenses","PhosphoricSlash+1"],"picked":"HumanRealmSword+1","floor":54.0}],"player_experience":567130,"relics_obtained":[{"floor":7.0,"key":"Bag of Marbles"},{"floor":9.0,"key":"Question Card"},{"floor":13.0,"key":"Anchor"},{"floor":17.0,"key":"ChestCloth"},{"floor":17.0,"key":"CeramicFish"},{"floor":17.0,"key":"Dead Branch"},{"floor":23.0,"key":"Akabeko"},{"floor":25.0,"key":"WingedGreaves"},{"floor":26.0,"key":"Mango"},{"floor":27.0,"key":"Toxic Egg 2"},{"floor":38.0,"key":"Turnip"},{"floor":40.0,"key":"RuthlessExorcism:ReiMu"},{"floor":42.0,"key":"Kunai"},{"floor":45.0,"key":"Thread and Needle"},{"floor":46.0,"key":"Happy Flower"},{"floor":54.0,"key":"Bird Faced Urn"}],"event_choices":[{"damage_healed":0.0,"max_hp_gain":0.0,"max_hp_loss":0.0,"gold_gain":0.0,"event_name":"Shining Light","player_choice":"Entered Light","floor":2.0,"gold_loss":0.0,"damage_taken":15.0,"cards_upgraded":["Defend_YM","Strike_YM"]},{"damage_healed":0.0,"max_hp_gain":0.0,"max_hp_loss":0.0,"gold_gain":0.0,"event_name":"yidonshenshe","player_choice":"»˚«Æ","floor":3.0,"gold_loss":40.0,"damage_taken":0.0,"relics_obtained":["PaintedHorse:ReiMu"]},{"damage_healed":0.0,"max_hp_gain":0.0,"max_hp_loss":0.0,"gold_gain":0.0,"event_name":"Golden Wing","player_choice":"Ignored","floor":5.0,"gold_loss":0.0,"damage_taken":0.0},{"damage_healed":0.0,"max_hp_gain":0.0,"max_hp_loss":0.0,"gold_gain":0.0,"event_name":"Addict","player_choice":"Obtained Relic","floor":19.0,"gold_loss":85.0,"damage_taken":0.0,"relics_obtained":["Tea:ReiMu"]},{"damage_healed":0.0,"max_hp_gain":0.0,"max_hp_loss":0.0,"gold_gain":0.0,"event_name":"The Library","player_choice":"Read","floor":21.0,"gold_loss":0.0,"damage_taken":0.0,"cards_obtained":["CherryBlossomFlashing"]},{"damage_healed":0.0,"max_hp_gain":0.0,"max_hp_loss":0.0,"gold_gain":0.0,"event_name":"Knowing Skull","player_choice":"","floor":31.0,"potions_obtained":[],"gold_loss":0.0,"damage_taken":6.0,"cards_obtained":[]},{"cards_removed":["DispleasureOfTheSevenHakus"],"damage_healed":0.0,"max_hp_gain":0.0,"max_hp_loss":0.0,"gold_gain":0.0,"event_name":"Falling","player_choice":"Removed Skill","floor":37.0,"gold_loss":0.0,"damage_taken":0.0},{"damage_healed":0.0,"max_hp_gain":0.0,"max_hp_loss":0.0,"gold_gain":0.0,"event_name":"MindBloom","player_choice":"Fight","floor":38.0,"gold_loss":0.0,"damage_taken":0.0},{"damage_healed":0.0,"max_hp_gain":0.0,"max_hp_loss":0.0,"gold_gain":0.0,"event_name":"Winding Halls","player_choice":"Embrace Madness","floor":39.0,"gold_loss":0.0,"damage_taken":11.0,"cards_obtained":["Madness","Madness"]},{"damage_healed":0.0,"max_hp_gain":0.0,"max_hp_loss":0.0,"gold_gain":0.0,"event_name":"Tomb of Lord Red Mask","player_choice":"Ignored","floor":47.0,"gold_loss":0.0,"damage_taken":0.0}],"is_beta":false,"boss_relics":[{"not_picked":["Pandora\u0027s Box","SacredBark"],"picked":"Calling Bell"},{"not_picked":["Busted Crown","Coffee Dripper"],"picked":"MiniYoumu"}],"items_purged_floors":[],"is_endless":false,"potions_floor_spawned":[7,11,13,16,18,23,25,33,38,42,45,46],"ascension_level":1}}