{"host":"8d3fefv2347kqkpz","time":1611806839,"event":{"mods":["AchievementEnabler","Act Like it!","Aspiration","BaseMod","Better Vampires","Colored Map","Colored Powertips","Conspire","GifTheSpireLib","Hermit","Highlight Path","Hubris","Marisa£®ÏF”Í°°ƒß¿Ì…≥£©","Mimic Mod","Minty Spire (QoL Compilation)","Quick Restart","Rare Cards Sparkle","Reimu£®≤©¿ˆ¡È√Œ£©","Relic Stats","Remilia£®¿Ÿ√◊¿Ú—«£©","Replay The Spire","Spicy Shops","StSLib","The Cursed","The Jungle","The Servant 0.9.4","Waifu the Spire","Youmu£®ªÍ∆«—˝√Œ£©"],"gold_per_floor":[109,122,47,66,16,16,33,63,63,80,93,121,121,136,136,239,239,249,87,87,87,87,120,120,133,133,133,144,144,154,5,5,5,5],"floor_reached":33,"language":"ZHS","playtime":1151,"items_purged":["Strike_B","Defend_B"],"score":257,"play_id":"2ff36832-2404-4d9b-97c6-f54a158de5d2","local_time":"20210128120719","is_ascension_mode":false,"campfire_choices":[{"data":"Zap","floor":6.0,"key":"SMITH"},{"floor":13.0,"key":"REST"},{"floor":15.0,"key":"REST"},{"floor":24.0,"key":"REST"},{"floor":27.0,"key":"REST"},{"floor":29.0,"key":"REST"},{"floor":32.0,"key":"REST"}],"circlet_count":0,"master_deck":["Strike_B","Strike_B","Defend_B","Defend_B","Defend_B","Zap+1","Dualcast","Loop","Consume","Creative AI","White Noise+1","Redo","Biased Cognition","Conserve Battery","Defragment"],"relics":["Cracked Core","NeowsBlessing","Odd Mushroom","Garlic","Replay:Multitool","Inserter","Molten Egg 2","Replay:Bottled Flurry","BargainBundle"],"acts_visited":["Exordium","TheCity"],"potions_floor_usage":[33,33,33],"damage_taken":[{"damage":0.0,"enemies":"2 Louse","floor":1.0,"turns":1.0},{"damage":0.0,"enemies":"Small Slimes","floor":2.0,"turns":1.0},{"damage":0.0,"enemies":"Cultist","floor":4.0,"turns":1.0},{"damage":0.0,"enemies":"3 Louse","floor":7.0,"turns":3.0},{"damage":27.0,"enemies":"The Mushroom Lair","floor":8.0,"turns":5.0},{"damage":0.0,"enemies":"Looter","floor":10.0,"turns":3.0},{"damage":7.0,"enemies":"Blue Slaver","floor":11.0,"turns":3.0},{"damage":4.0,"enemies":"Gremlin Gang","floor":14.0,"turns":6.0},{"damage":25.0,"enemies":"Hexaghost","floor":16.0,"turns":8.0},{"damage":20.0,"enemies":"Shell Parasite","floor":18.0,"turns":6.0},{"damage":36.0,"enemies":"conspire:SneckoGhost","floor":23.0,"turns":4.0},{"damage":19.0,"enemies":"Chosen","floor":25.0,"turns":5.0},{"damage":12.0,"enemies":"3 Cultists","floor":28.0,"turns":3.0},{"damage":37.0,"enemies":"Snake Plant","floor":30.0,"turns":6.0},{"damage":64,"enemies":"Champ","floor":33,"turns":10}],"seed_played":"-4815022867088860209","potions_obtained":[{"floor":4.0,"key":"conspire:TimeTravelPotion"},{"floor":10.0,"key":"PowerPotion"},{"floor":14.0,"key":"Swift Potion"},{"floor":16.0,"key":"Energy Potion"},{"floor":18.0,"key":"PowerPotion"},{"floor":25.0,"key":"EssenceOfDarkness"},{"floor":30.0,"key":"SkillPotion"}],"is_trial":false,"path_per_floor":["M","M","$","M","?","R","M","?","T","M","M","?","R","M","R","B",null,"M","$","$","?","?","E","R","M","T","R","M","R","M","$","R","B"],"character_chosen":"DEFECT","items_purchased":["White Noise+1","BargainBundle","Defragment","LifebloodPotion"],"campfire_rested":6,"item_purchase_floors":[19,31,31,31],"current_hp_per_floor":[75,75,75,75,75,75,75,48,48,48,41,23,45,41,63,38,75,55,55,55,55,55,19,41,37,37,59,47,69,32,32,54,0,0],"gold":5,"neow_bonus":"THREE_ENEMY_KILL","is_daily":false,"chose_seed":false,"campfire_upgraded":1,"win_rate":0.0,"timestamp":1611806839,"path_taken":["M","M","$","M","?","R","M","?","T","M","M","?","R","M","R","BOSS","M","?","$","?","?","E","R","M","T","R","M","R","M","$","R","BOSS"],"items_purchased_type":["Card","Relic","Card","Potion"],"build_version":"2020-12-22","purchased_purges":2,"victory":false,"max_hp_per_floor":[75,75,75,75,75,75,75,75,75,75,75,75,75,75,75,75,75,75,75,75,75,75,75,75,75,75,75,75,75,75,75,75,75,75],"relic_stats":{"Inserter":[17],"counters":[15,65],"obtain_stats":[{"BargainBundle":31,"Inserter":17,"NeowsBlessing":0,"Molten Egg 2":23,"Garlic":9,"Replay:Multitool":12,"Replay:Bottled Flurry":26,"Odd Mushroom":8,"Cracked Core":0},{"BargainBundle":14,"Inserter":9,"NeowsBlessing":0,"Molten Egg 2":11,"Garlic":5,"Replay:Multitool":7,"Replay:Bottled Flurry":12,"Odd Mushroom":5,"Cracked Core":0},{"BargainBundle":55,"Inserter":31,"NeowsBlessing":0,"Molten Egg 2":41,"Garlic":11,"Replay:Multitool":17,"Replay:Bottled Flurry":46,"Odd Mushroom":11,"Cracked Core":0}]},"card_choices":[{"not_picked":["Rebound","Coolheaded","Stack"],"picked":"SKIP","floor":1.0},{"not_picked":["Cold Snap","Hologram","Go for the Eyes"],"picked":"SKIP","floor":2.0},{"not_picked":["Coolheaded","Panic Button","Sweeping Beam"],"picked":"SKIP","floor":4.0},{"not_picked":["Steam","Rebound","Beam Cell"],"picked":"SKIP","floor":7.0},{"not_picked":["Streamline","BasicCrystalCard","Rebound"],"picked":"SKIP","floor":10.0},{"not_picked":["Gash","Hologram"],"picked":"Loop","floor":11.0},{"not_picked":["Fusion","Streamline"],"picked":"Consume","floor":14.0},{"not_picked":["Electrodynamics","Seek"],"picked":"Creative AI","floor":16.0},{"not_picked":["Turbo","Panic Button","Coolheaded"],"picked":"SKIP","floor":18.0},{"not_picked":["Go for the Eyes+1","ReplayTheSpireMod:System Scan+1"],"picked":"Conserve Battery","floor":23.0},{"not_picked":["Beam Cell+1","Rebound+1","Stack"],"picked":"SKIP","floor":25.0},{"not_picked":["FIFO Queue","hubris:PowerSurge","Turbo+1"],"picked":"SKIP","floor":28.0},{"not_picked":["hubris:PowerSurge","Go for the Eyes+1","Steam"],"picked":"SKIP","floor":30.0}],"player_experience":228057,"relics_obtained":[{"floor":8.0,"key":"Odd Mushroom"},{"floor":9.0,"key":"Garlic"},{"floor":12.0,"key":"Replay:Multitool"},{"floor":23.0,"key":"Molten Egg 2"},{"floor":26.0,"key":"Replay:Bottled Flurry"}],"event_choices":[{"cards_removed":["Strike_B"],"damage_healed":0.0,"max_hp_gain":0.0,"max_hp_loss":0.0,"gold_gain":0.0,"event_name":"The Cleric","player_choice":"Card Removal","floor":5.0,"gold_loss":50.0,"damage_taken":0.0},{"damage_healed":0.0,"max_hp_gain":0.0,"max_hp_loss":0.0,"gold_gain":0.0,"event_name":"Mushrooms","player_choice":"Fought Mushrooms","floor":8.0,"gold_loss":0.0,"damage_taken":0.0},{"damage_healed":0.0,"max_hp_gain":0.0,"max_hp_loss":0.0,"gold_gain":0.0,"event_name":"Match and Keep!","player_choice":"2 cards matched","floor":22.0,"gold_loss":0.0,"damage_taken":0.0,"cards_obtained":["Redo","Biased Cognition"]}],"is_beta":false,"boss_relics":[{"not_picked":["aspiration:RitualDagger","hubris:Backtick"],"picked":"Inserter"}],"items_purged_floors":[3,31],"is_endless":false,"potions_floor_spawned":[4,10,14,16,18,25,30],"killed_by":"Champ","ascension_level":0}}