{"host":"dlqcqir7p8cpkknl","time":1611865477,"event":{"mods":["BaseMod","Colored Map","Downfall","Minty Spire (QoL Compilation)","StSLib"],"gold_per_floor":[99,117,117,117,117,217,217,230,259,278,178,197,197,36,49,49,49,49],"floor_reached":16,"language":"ENG","playtime":819,"items_purged":["downfall:Malfunctioning"],"score":125,"play_id":"36cae30e-611a-40a1-a8fc-65057e7f8674","local_time":"20210128202437","is_ascension_mode":false,"campfire_choices":[],"circlet_count":0,"master_deck":["sneckomod:Strike","sneckomod:Defend","sneckomod:Defend","sneckomod:Defend","sneckomod:TailWhip","sneckomod:SnekBite","sneckomod:Unknown","Carnage","downfall:Aged","sneckomod:SerpentMind","Parasite","downfall:Aged","sneckomod:TrashToTreasure","sneckomod:MasterEye","sneckomod:UnendingSupply","Guardian:FloatingOrbs","sneckomod:DefensiveFlair","sneckomod:UnknownExhaust","sneckomod:UnknownRareAttack","sneckomod:ImprovisedGuard"],"relics":["sneckomod:SneckoSoul","sneckomod:ConfusingCodex","downfall:ExtraCursedKey","Omamori","downfall:HeartBlessingBlue","downfall:ShatteredFragment"],"acts_visited":["Exordium"],"potions_floor_usage":[16],"damage_taken":[{"damage":4,"enemies":"Cultist","floor":2,"turns":3},{"damage":10,"enemies":"Small Slimes","floor":8,"turns":4},{"damage":43,"enemies":"3 Sentries","floor":9,"turns":8},{"damage":0,"enemies":"2 Louse","floor":10,"turns":4},{"damage":0,"enemies":"Large Slime","floor":12,"turns":6},{"damage":5,"enemies":"downfall:FleeingMerchant","floor":14,"turns":4},{"damage":0,"enemies":"Exordium Wildlife","floor":15,"turns":4},{"damage":30,"enemies":"SI_SHIV_ARCHETYPE","floor":16,"turns":5}],"seed_played":"238873150908241064","potions_obtained":[{"floor":9,"key":"sneckomod:MuddlingPotion"},{"floor":12,"key":"Strength Potion"}],"is_trial":false,"path_per_floor":["R","M","?","?","?","?","T","M","E","M","R","M","?","$","M","B"],"character_chosen":"THE_SNECKO","items_purchased":["sneckomod:UnknownRareAttack"],"campfire_rested":0,"item_purchase_floors":[14],"current_hp_per_floor":[99,95,95,95,88,88,88,78,35,35,45,45,24,19,26,0,0,0],"gold":49,"neow_bonus":"TEN_PERCENT_HP_BONUS","is_daily":false,"chose_seed":false,"campfire_upgraded":0,"win_rate":0.0,"timestamp":1611865477,"path_taken":["R","M","?","?","?","?","T","M","E","M","R","M","?","?","M","BOSS"],"items_purchased_type":["Card"],"build_version":"2020-12-22","purchased_purges":1,"victory":false,"max_hp_per_floor":[99,99,99,99,99,99,99,99,99,99,109,109,109,109,109,109,109,109],"card_choices":[{"not_picked":["sneckomod:RainOfDice","sneckomod:Unknown1Cost"],"picked":"sneckomod:UnknownUncommonPower","floor":2},{"not_picked":["sneckomod:DiceCrush","sneckomod:UnknownDraw"],"picked":"sneckomod:TrashToTreasure","floor":8},{"not_picked":["sneckomod:WideSting","sneckomod:SoulRoll"],"picked":"sneckomod:MasterEye","floor":9},{"not_picked":["sneckomod:UnknownDraw","sneckomod:DiceCrush"],"picked":"sneckomod:UnendingSupply","floor":10},{"not_picked":["sneckomod:UnknownVulnerable","sneckomod:UnknownCommonSkill"],"picked":"sneckomod:DefensiveFlair","floor":12},{"not_picked":["sneckomod:SnakeSap","sneckomod:RainOfDice"],"picked":"sneckomod:UnknownExhaust","floor":14},{"not_picked":["sneckomod:UnknownCommonSkill","sneckomod:UnknownCommonAttack"],"picked":"sneckomod:ImprovisedGuard","floor":15}],"player_experience":298616,"relics_obtained":[{"floor":9,"key":"Omamori"}],"event_choices":[{"cards_removed":["sneckomod:Strike"],"damage_healed":0,"gold_gain":0,"player_choice":"Card Removal","damage_taken":0,"max_hp_gain":0,"max_hp_loss":0,"event_name":"The Cleric","floor":3,"gold_loss":0},{"damage_healed":0,"gold_gain":0,"player_choice":"Success","damage_taken":7,"relics_obtained":["sneckomod:ConfusingCodex"],"max_hp_gain":0,"max_hp_loss":0,"event_name":"Scrap Ooze","floor":5,"gold_loss":0}],"is_beta":false,"boss_relics":[],"items_purged_floors":[14],"is_endless":false,"potions_floor_spawned":[9,12],"killed_by":"SI_SHIV_ARCHETYPE","ascension_level":0}}