{"host":"8pcehwtvb3b6plng","time":1611817007,"event":{"mods":["BaseMod","Minty Spire (QoL Compilation)","Replay The Spire","StSLib"],"gold_per_floor":[116,168,181,191,201,231,244,273,297,322,340,12,12,42,42,42,42],"floor_reached":16,"language":"ZHS","playtime":615,"items_purged":["Strike_P"],"score":188,"play_id":"6f483506-d3dd-4672-a082-4f51f4352878","local_time":"20210128145647","is_ascension_mode":true,"campfire_choices":[{"data":"Ragnarok","floor":15,"key":"SMITH"}],"circlet_count":0,"master_deck":["Strike_P","Strike_P","Strike_P","Defend_P","Defend_P","Defend_P","Defend_P","Eruption","Vigilance","FlurryOfBlows","Fasting2","Conclude","CrushJoints","FollowUp","SandsOfTime","FollowUp","FlurryOfBlows","Ragnarok+1","Sanctity+1","Adaptation"],"relics":["PureWater","Omamori","Letter Opener","Replay:Bottled Steam","Akabeko","Pocketwatch","Molten Egg 2","Ice Cream"],"acts_visited":["Exordium"],"potions_floor_usage":[10,14,14],"damage_taken":[{"damage":0,"enemies":"Cultist","floor":1,"turns":2},{"damage":0,"enemies":"2 Louse","floor":3,"turns":4},{"damage":4,"enemies":"Jaw Worm","floor":4,"turns":4},{"damage":16,"enemies":"Blue Slaver","floor":5,"turns":3},{"damage":19,"enemies":"Replay:BlueRogue","floor":6,"turns":7},{"damage":9,"enemies":"Looter","floor":7,"turns":3},{"damage":13,"enemies":"Lagavulin","floor":8,"turns":6},{"damage":4,"enemies":"3 Sentries","floor":10,"turns":4},{"damage":4,"enemies":"2 Fungi Beasts","floor":11,"turns":3},{"damage":0,"enemies":"Gremlin Nob","floor":14,"turns":2},{"damage":10,"enemies":"The Guardian","floor":16,"turns":3}],"seed_played":"-2475568332130508122","potions_obtained":[{"floor":4,"key":"PowerPotion"},{"floor":5,"key":"ColorlessPotion"},{"floor":10,"key":"Swift Potion"},{"floor":11,"key":"GamblersBrew"},{"floor":14,"key":"Block Potion"}],"is_trial":false,"path_per_floor":["M","T","M","M","M","E","M","E","T","E","M","$","?","E","R","B"],"character_chosen":"WATCHER","items_purchased":["Molten Egg 2"],"campfire_rested":0,"item_purchase_floors":[12],"current_hp_per_floor":[72,72,72,68,52,33,24,11,11,7,3,3,3,3,3,0,0],"gold":42,"neow_bonus":"THREE_CARDS","is_daily":false,"chose_seed":false,"campfire_upgraded":1,"win_rate":0.0,"timestamp":1611817007,"path_taken":["M","?","M","?","M","E","M","E","T","E","?","$","?","E","R","BOSS"],"items_purchased_type":["Relic"],"build_version":"2020-12-22","purchased_purges":1,"victory":false,"max_hp_per_floor":[72,72,72,72,72,72,72,72,72,72,72,72,72,72,72,72,72],"card_choices":[{"not_picked":["MentalFortress","Vengeance"],"picked":"FlurryOfBlows","floor":0},{"not_picked":["Replay:AtTheReady","JustLucky"],"picked":"Fasting2","floor":1},{"not_picked":["Replay:ManipulateFuture","Worship"],"picked":"Conclude","floor":3},{"not_picked":["InnerPeace","Fasting2"],"picked":"CrushJoints","floor":4},{"not_picked":["Replay:DivineShield","Replay:AtTheReady"],"picked":"FollowUp","floor":5},{"not_picked":["WaveOfTheHand","EmptyBody"],"picked":"SandsOfTime","floor":6},{"not_picked":["SashWhip","PathToVictory"],"picked":"FollowUp","floor":7},{"not_picked":["WreathOfFlame","ClearTheMind"],"picked":"FlurryOfBlows","floor":8},{"not_picked":["EmptyFist","Fasting2"],"picked":"Ragnarok","floor":10},{"not_picked":["Replay:AtTheReady","InnerPeace"],"picked":"Sanctity","floor":11},{"not_picked":["Conclude+1","SpiritShield"],"picked":"Adaptation","floor":14}],"player_experience":152944,"relics_obtained":[{"floor":2,"key":"Omamori"},{"floor":6,"key":"Letter Opener"},{"floor":8,"key":"Replay:Bottled Steam"},{"floor":9,"key":"Akabeko"},{"floor":10,"key":"Pocketwatch"},{"floor":14,"key":"Ice Cream"}],"event_choices":[],"is_beta":false,"boss_relics":[],"items_purged_floors":[12],"is_endless":false,"potions_floor_spawned":[4,5,10,11,14],"killed_by":"The Guardian","ascension_level":4}}