{"host":"mnlj73t2ynwgq04b","time":1611839789,"event":{"mods":["100% Spire Juice","Act Like it!","AlwaysNeverKeys","BaseMod","BetterRewards","CapriCore","Colored Map","Colored Powertips","DeckTracker","FoggyMod","Gensokyo","GifTheSpireLib","Googly Eyes","GungeonMod","HexUI Lib","KinomotoSakuraMod(ƒæ÷Æ±æ”£)","Luminous","Marisa£®ÏF”Í°°ƒß¿Ì…≥£©","Minty Spire (QoL Compilation)","MostiFishMod","Permanent Neow","Quick Restart","Rare Cards Sparkle","Red Circlet Mod","Reimu£®≤©¿ˆ¡È√Œ£©","Remilia_Scarlet Moed£®¿Ÿ√◊¿Ú—«°§Àπø®¿◊Ãÿ£©3.3.5","Shop Mod","Spicy Shops","StSLib","The Immortal","The Saiyan","The Senshi","TheWitcher","Yakumo Yukari mod","noobMod","°æπ¶ƒ‹Mod°øªÏ„Á÷Æª∑–ﬁ∏¥≤π∂°","ÛÙª÷∏ƒœ"],"gold_per_floor":[88,88,88,100,100,131,210,242,242,274,274,300,300,300,300,398,398,912,912,912,922,1172,1500,1500,1530,1530,1530,181,181,196,196,196,300,300,319,319,387,403,403,403,428,428,428,477,477,488,398,398,398,398,398,398,128,154,154],"floor_reached":56,"language":"ZHS","playtime":2511,"items_purged":["Saiyan:DragonFist","Gensokyo:FourOfAKind","Gensokyo:FourOfAKind"],"score":1580,"play_id":"c33e0059-0ff2-49e2-a214-383aa691055c","local_time":"20210128211629","is_ascension_mode":true,"campfire_choices":[{"floor":15,"key":"REST"},{"data":"Saiyan:MindBoom","floor":24,"key":"SMITH"},{"data":"Shame","floor":32,"key":"PURGE"},{"data":"Saiyan:SuperSaiyanForm","floor":40,"key":"SMITH"},{"data":"Saiyan:Makankosappo","floor":49,"key":"SMITH"},{"data":"Saiyan:Rekindle","floor":52,"key":"SMITH"}],"circlet_count":0,"master_deck":["Saiyan:EnergyBlast+1","Saiyan:KaioKen","Saiyan:RuthlessBlow","Saiyan:Flurry","Saiyan:FingerParry","Saiyan:ExpandingShockwave","Saiyan:DragonRadar","Saiyan:TurtleShell","Saiyan:MindBoom+1","Saiyan:SaiyanHubris","Saiyan:Endure","Saiyan:Afterimage","Saiyan:AugmentedBlast","Saiyan:PowerUp+1","Saiyan:Twize+1","Saiyan:MeteorDash","Saiyan:CCCapsule","Gensokyo:FourOfAKind","Gensokyo:FourOfAKind+1","Saiyan:Teleport","Saiyan:MajinSeal","Saiyan:MonkeyTail","Master of Strategy","Flash of Steel","Saiyan:MindBoom","Saiyan:TurtleShell","Saiyan:Makankosappo+1","Saiyan:SuperSaiyanForm+1","Saiyan:Rekindle+1","Saiyan:MonkeyTail+1","Saiyan:MajinSeal+1","Saiyan:SuperSaiyanForm+1","Gensokyo:CustomPotion","Saiyan:BackAttack+1"],"relics":["SaiyanSoul","SaiyanHeart","ice","DaveBox","HereWithMe","SynthV:TestCard","Gensokyo:NagashiBinaDoll","Tiny Chest","Strawberry","Happy Flower","DemoMod:SerJunkan","DemoMod:Junk","Peace Pipe","Gensokyo:OccultBall","Pandora\u0027s Box","DemoMod:GoldJunk","Potion Belt","Ginger","Dream Catcher","DemoMod:MemoryAlloy","MerchantsRug","Strawberry","Sling","DemoMod:DecoyRelic","Eternal Feather","Coffee Dripper","CombinedTypeHook","Frozen Egg 2","theSenshi:FeatherClipsRelic","Toxic Egg 2","Ancient Tea Set","DemoMod:BlueGuonStone","Mastiff:ReiMu","PureWhite:ReiMu"],"acts_visited":["Gensokyo:Gensokyo","Gensokyo:Gensokyoer","Gensokyo:Gensokyoest","TheEnding"],"potions_floor_usage":[55,55,55],"damage_taken":[{"damage":0,"enemies":"Gensokyo:3_Fairies","floor":1,"turns":4},{"damage":0,"enemies":"Gensokyo:Python","floor":4,"turns":2},{"damage":13,"enemies":"Gensokyo:Cirno","floor":6,"turns":6},{"damage":4,"enemies":"Gensokyo:Aya","floor":8,"turns":6},{"damage":0,"enemies":"Gensokyo:Cirno","floor":10,"turns":5},{"damage":0,"enemies":"Gensokyo:Mamizou","floor":12,"turns":7},{"damage":0,"enemies":"Gensokyo:Yukari","floor":16,"turns":7},{"damage":0,"enemies":"Gensokyo:AngelMirror","floor":18,"turns":2},{"damage":0,"enemies":"Gensokyo:3_Dogs","floor":21,"turns":1},{"damage":34,"enemies":"Gensokyo:Koishi","floor":23,"turns":4},{"damage":0,"enemies":"Gensokyo:Tenshi","floor":25,"turns":3},{"damage":5,"enemies":"Gensokyo:3_Gloops","floor":30,"turns":3},{"damage":78,"enemies":"Gensokyo:Eternal_Rivals","floor":33,"turns":9},{"damage":0,"enemies":"Gensokyo:3_Bats","floor":35,"turns":2},{"damage":0,"enemies":"Gensokyo:AncientGuardian","floor":38,"turns":3},{"damage":5,"enemies":"Gensokyo:Kasen","floor":41,"turns":3},{"damage":19,"enemies":"Gensokyo:Sharpion","floor":46,"turns":2},{"damage":2,"enemies":"Gensokyo:Scarlet_Devils","floor":50,"turns":4},{"damage":27,"enemies":"Shield and Spear","floor":54,"turns":2},{"damage":29,"enemies":"The Heart","floor":55,"turns":4}],"seed_played":"8408971913895052597","potions_obtained":[{"floor":4,"key":"CultistPotion"},{"floor":6,"key":"LiquidBronze"},{"floor":16,"key":"GamblersBrew"},{"floor":23,"key":"Ancient Potion"},{"floor":30,"key":"SteroidPotion"},{"floor":33,"key":"ZuzhouPotion:ReiMu"},{"floor":41,"key":"SneckoOil"}],"is_trial":false,"path_per_floor":["M","?","?","M","?","E","T","E","T","E","T","E","?","?","R","B",null,"M","?","T","M","?","E","R","E","T","?","$","T","M","?","R","B",null,"M","?","T","M","?","R","E","?","T","T","?","M","?","T","R","B",null,"R","$","E","B",null],"character_chosen":"SAIYAJIN","items_purchased":["MerchantsRug","Master of Strategy","Flash of Steel","Strawberry","Sling","Saiyan:MindBoom","Saiyan:TurtleShell","Saiyan:Makankosappo","DemoMod:DecoyRelic","Mastiff:ReiMu"],"campfire_rested":1,"item_purchase_floors":[28,28,28,28,28,28,28,28,28,53],"current_hp_per_floor":[43,43,43,45,42,29,29,27,27,31,31,33,33,18,41,49,86,88,62,62,63,60,27,27,28,28,28,35,35,32,32,50,73,73,74,45,45,47,36,54,50,50,50,50,50,37,37,37,58,64,82,82,82,61,90],"gold":154,"neow_bonus":"THREE_RARE_CARDS","is_daily":false,"chose_seed":false,"campfire_upgraded":4,"win_rate":0.0,"timestamp":1611839789,"path_taken":["M","?","?","?","?","E","?","E","T","E","?","E","?","?","R","BOSS","M","?","?","?","?","E","R","E","T","?","$","?","?","?","R","BOSS","M","?","?","?","?","R","E","?","T","?","?","?","?","?","R","BOSS","R","$","E","BOSS"],"items_purchased_type":["Relic","Card","Card","Relic","Relic","Card","Card","Card","Relic","Relic"],"build_version":"2020-12-22","purchased_purges":3,"victory":true,"max_hp_per_floor":[61,61,61,63,70,70,70,72,72,76,76,78,78,78,78,86,86,88,62,62,63,60,61,61,62,62,62,69,69,71,71,71,73,73,74,74,74,77,77,77,79,79,79,79,79,80,80,80,80,82,82,82,82,83,124],"card_choices":[{"not_picked":["Saiyan:GenkiDama","Saiyan:SuperSaiyanThree"],"picked":"Saiyan:MindBoom","floor":0},{"not_picked":["Saiyan:PowerUp","Saiyan:KameHameHa"],"picked":"Saiyan:Flurry","floor":1},{"not_picked":["Saiyan:Quickening","Saiyan:KameHameHa","Saiyan:GenkiDama","Saiyan:UltraInstinct"],"picked":"Saiyan:RemoveWeights","floor":4},{"not_picked":["Saiyan:DoubleMasenko","Saiyan:Flurry","Saiyan:Twize","Saiyan:ExpandingShockwave"],"picked":"Saiyan:FingerParry","floor":6},{"not_picked":["Saiyan:KameHameHa","Saiyan:CCCapsule","Saiyan:BackAttack","Saiyan:PowerUp"],"picked":"Saiyan:ExpandingShockwave","floor":8},{"not_picked":["Saiyan:FingerParry","Saiyan:FinalFlash","Saiyan:MeteorDash","Saiyan:Kienzan"],"picked":"Saiyan:DragonRadar","floor":10},{"not_picked":["Saiyan:BigBangAttack","Saiyan:Fly","Saiyan:KiExplosion","Saiyan:DrainingStrike"],"picked":"Saiyan:TurtleShell","floor":12},{"not_picked":["Saiyan:HyperTimeChamber","Saiyan:SuperSaiyanThree","Saiyan:MonkeyTail","Saiyan:GhostAttack"],"picked":"Saiyan:MindBoom","floor":16},{"not_picked":["Saiyan:ExpandingShockwave","Saiyan:PowerStance+1","Saiyan:MeteorDash+1","Saiyan:Twize"],"picked":"Saiyan:CCCapsule","floor":18},{"not_picked":["Saiyan:KameHameHa","Saiyan:BackAttack","Saiyan:KiExplosion","Saiyan:FingerParry","Saiyan:Flurry"],"picked":"SKIP","floor":21},{"not_picked":["Saiyan:ExpandingShockwave+1","Saiyan:DragonRadar","Saiyan:DoubleMasenko","Saiyan:TurtleShell"],"picked":"Saiyan:Teleport","floor":23},{"not_picked":["Saiyan:PlotArmor","Saiyan:DragonRadar","Saiyan:MeteorDash","Saiyan:Expend"],"picked":"Saiyan:MajinSeal","floor":25},{"not_picked":["Saiyan:RemoveWeights","Saiyan:BigBangAttack+1","Saiyan:KiExplosion+1","Saiyan:Overexert+1"],"picked":"Saiyan:SuperSaiyanForm","floor":30},{"not_picked":["Saiyan:TheBomb","Saiyan:HyperTimeChamber","Saiyan:TransfigurationBeam","Saiyan:SuperSaiyanThree"],"picked":"Saiyan:Rekindle","floor":33},{"not_picked":["Saiyan:FingerParry+1","Saiyan:KiExplosion","Saiyan:SpiritSword","Saiyan:Quickening","Saiyan:MeteorDash+1"],"picked":"SKIP","floor":35},{"not_picked":["Saiyan:AugmentedBlast","Saiyan:BigBangAttack","Saiyan:PressOn","Saiyan:Twize"],"picked":"Saiyan:MonkeyTail+1","floor":38},{"not_picked":["Saiyan:LastResort+1","Saiyan:FinalFlash","Saiyan:TurtleShell+1","Saiyan:Pacing"],"picked":"Saiyan:MajinSeal+1","floor":41},{"not_picked":["Saiyan:RemoveWeights+1","Saiyan:Kienzan+1","Saiyan:ExtremeSpeed+1","Saiyan:FinalFlash"],"picked":"Saiyan:SuperSaiyanForm+1","floor":46},{"not_picked":["Saiyan:DoubleMasenko+1","Saiyan:Reset+1","Saiyan:TurtleShell+1","Saiyan:Planning+1"],"picked":"Saiyan:BackAttack+1","floor":54}],"player_experience":63426,"relics_obtained":[{"floor":1,"key":"SynthV:TestCard"},{"floor":6,"key":"Happy Flower"},{"floor":7,"key":"DemoMod:SerJunkan"},{"floor":8,"key":"DemoMod:Junk"},{"floor":9,"key":"DemoMod:Junk"},{"floor":10,"key":"DemoMod:Junk"},{"floor":11,"key":"DemoMod:Junk"},{"floor":12,"key":"Peace Pipe"},{"floor":16,"key":"Gensokyo:OccultBall"},{"floor":18,"key":"DemoMod:Junk"},{"floor":20,"key":"Potion Belt"},{"floor":23,"key":"Ginger"},{"floor":25,"key":"Dream Catcher"},{"floor":26,"key":"DemoMod:MemoryAlloy"},{"floor":29,"key":"Eternal Feather"},{"floor":30,"key":"Gensokyo:OccultBall"},{"floor":33,"key":"Gensokyo:OccultBall"},{"floor":37,"key":"Frozen Egg 2"},{"floor":41,"key":"theSenshi:FeatherClipsRelic"},{"floor":43,"key":"Toxic Egg 2"},{"floor":44,"key":"Ancient Tea Set"},{"floor":48,"key":"DemoMod:BlueGuonStone"},{"floor":54,"key":"PureWhite:ReiMu"}],"event_choices":[],"is_beta":false,"boss_relics":[{"not_picked":["OneHitWonderSystem","Runic Pyramid"],"picked":"Pandora\u0027s Box"},{"not_picked":["Runic Dome","TakeMeEscape"],"picked":"Coffee Dripper"}],"items_purged_floors":[28,28,53],"is_endless":false,"potions_floor_spawned":[4,6,16,23,30,33,41],"ascension_level":1}}