{"host":"9kesdg97wkrx2bva","time":1611872198,"event":{"mods":["AchievementEnabler","BaseMod","Colored Map","GifTheSpireLib","Infinite Spire","Minty Spire (QoL Compilation)","Replay The Spire","StSLib"],"gold_per_floor":[16,16,16,32,32,32,42,42,92,282,282,282],"floor_reached":11,"language":"ENG","playtime":181,"items_purged":[],"score":116,"play_id":"a4b60427-ca1a-4615-b1a1-203dfb75f160","local_time":"20210128161638","is_ascension_mode":true,"campfire_choices":[{"data":"Gash","floor":6,"key":"SMITH"},{"data":"Gash","floor":8,"key":"SMITH"}],"circlet_count":0,"master_deck":["AscendersBane","Strike_B","Strike_B","Strike_B","Strike_B","Defend_B","Defend_B","Defend_B","Defend_B","Zap","Dualcast","ReplayGash","Gash+1","Gash+1","FIFO Queue+1","Rebound","FTL","Genetic Algorithm"],"relics":["Cracked Core","Prayer Wheel","ReplayTheSpireMod:Ring of Collecting","ReplayTheSpireMod:Ring of Challenge","Toy Ornithopter"],"acts_visited":["Exordium"],"potions_floor_usage":[],"damage_taken":[{"damage":7,"enemies":"Jaw Worm","floor":1,"turns":4},{"damage":0,"enemies":"2 Louse","floor":4,"turns":1},{"damage":7,"enemies":"Small Slimes","floor":7,"turns":3},{"damage":25,"enemies":"3 Sentries","floor":11,"turns":4}],"seed_played":"8542007361342493452","potions_obtained":[],"is_trial":false,"path_per_floor":["M","$","?","M","?","R","M","R","T","?","E"],"character_chosen":"DEFECT","items_purchased":[],"campfire_rested":0,"item_purchase_floors":[],"current_hp_per_floor":[57,57,57,57,57,57,50,50,50,27,2,2],"gold":282,"neow_bonus":"ONE_RARE_RELIC","is_daily":false,"chose_seed":false,"campfire_upgraded":2,"win_rate":0.0,"timestamp":1611872198,"path_taken":["M","$","?","M","?","R","M","R","T","?","E"],"items_purchased_type":[],"build_version":"2020-12-22","purchased_purges":0,"victory":false,"max_hp_per_floor":[71,71,71,71,71,71,71,71,71,71,71,71],"card_choices":[{"not_picked":["Compile Driver","FTL"],"picked":"ReplayGash","floor":1},{"not_picked":["FTL","Cold Snap"],"picked":"Lockon","floor":1},{"not_picked":["Beam Cell","Coolheaded"],"picked":"Gash","floor":4},{"not_picked":["Sweeping Beam","Streamline"],"picked":"Gash","floor":4},{"not_picked":["Turbo","ReplaySort"],"picked":"Rebound","floor":7},{"not_picked":["ReplaySort","Static Discharge"],"picked":"FTL","floor":7},{"not_picked":["Cold Snap","Coolheaded"],"picked":"Genetic Algorithm","floor":10}],"player_experience":981656,"relics_obtained":[{"floor":3,"key":"ReplayTheSpireMod:Ring of Collecting"},{"floor":9,"key":"ReplayTheSpireMod:Ring of Challenge"},{"floor":9,"key":"Toy Ornithopter"}],"event_choices":[],"is_beta":false,"boss_relics":[],"items_purged_floors":[],"is_endless":false,"potions_floor_spawned":[],"killed_by":"3 Sentries","ascension_level":18}}