{"host":"Jedit","time":1611795803,"event":{"mods":["BaseMod","Minty Spire (QoL Compilation)","Relic Stats","StSLib"],"gold_per_floor":[114,264,264,20,37,66,66,101,172,189,189,207,207,207],"floor_reached":13,"language":"ENG","playtime":334,"items_purged":[],"score":236,"play_id":"0801476c-c4e6-49e1-ad63-7fdaf149eeaa","local_time":"20210128010323","is_ascension_mode":true,"campfire_choices":[{"data":"Catalyst","floor":7,"key":"SMITH"},{"floor":11,"key":"REST"}],"circlet_count":0,"master_deck":["AscendersBane","Strike_G","Strike_G","Strike_G","Strike_G","Strike_G","Defend_G","Defend_G","Defend_G","Defend_G","Defend_G","Survivor","Neutralize","Footwork","Deadly Poison","Dagger Spray","Catalyst+1","Skewer","Calculated Gamble","PiercingWail","Deflect"],"relics":["Ring of the Snake","NeowsBlessing","Centennial Puzzle","Snake Skull","Letter Opener","InkBottle"],"acts_visited":["Exordium"],"potions_floor_usage":[8,12],"damage_taken":[{"damage":0,"enemies":"Jaw Worm","floor":1,"turns":1},{"damage":0,"enemies":"Cultist","floor":5,"turns":1},{"damage":0,"enemies":"3 Sentries","floor":6,"turns":1},{"damage":39,"enemies":"Gremlin Nob","floor":8,"turns":4},{"damage":0,"enemies":"Small Slimes","floor":10,"turns":3},{"damage":15,"enemies":"Exordium Thugs","floor":12,"turns":5},{"damage":18,"enemies":"3 Sentries","floor":13,"turns":6}],"seed_played":"-8426015031207424883","potions_obtained":[{"floor":1,"key":"Poison Potion"},{"floor":10,"key":"BlessingOfTheForge"}],"is_trial":false,"path_per_floor":["M","?","?","$","M","E","R","E","T","M","R","M","E"],"character_chosen":"THE_SILENT","items_purchased":["Centennial Puzzle","Deadly Poison","Dagger Spray"],"campfire_rested":1,"item_purchase_floors":[4,4,4],"current_hp_per_floor":[59,59,52,52,52,52,52,13,13,13,32,17,0,0],"gold":207,"neow_bonus":"THREE_ENEMY_KILL","is_daily":false,"chose_seed":false,"campfire_upgraded":1,"win_rate":0.0,"timestamp":1611795803,"path_taken":["M","?","?","$","M","E","R","E","T","M","R","?","E"],"items_purchased_type":["Relic","Card","Card"],"build_version":"2020-12-18","purchased_purges":0,"victory":false,"max_hp_per_floor":[66,66,66,66,66,66,66,66,66,66,66,66,66,66],"relic_stats":{"Centennial Puzzle":[9],"counters":[7,21],"Snake Skull":[11],"Letter Opener":[97],"obtain_stats":[{"Centennial Puzzle":4,"NeowsBlessing":0,"Snake Skull":6,"Letter Opener":8,"InkBottle":9,"Ring of the Snake":0},{"Centennial Puzzle":1,"NeowsBlessing":0,"Snake Skull":3,"Letter Opener":4,"InkBottle":4,"Ring of the Snake":0},{"Centennial Puzzle":1,"NeowsBlessing":0,"Snake Skull":3,"Letter Opener":7,"InkBottle":7,"Ring of the Snake":0}],"InkBottle":[5],"Ring of the Snake":[14]},"card_choices":[{"not_picked":["PiercingWail","Flying Knee"],"picked":"Footwork","floor":1},{"not_picked":["Sucker Punch","Dagger Throw"],"picked":"Catalyst","floor":5},{"not_picked":["Outmaneuver","Dagger Throw"],"picked":"Skewer","floor":6},{"not_picked":["Slice","Dagger Spray"],"picked":"Calculated Gamble","floor":8},{"not_picked":["Dagger Spray","Outmaneuver"],"picked":"PiercingWail","floor":10},{"not_picked":["Doppelganger","Terror"],"picked":"Deflect","floor":12}],"player_experience":3455255,"relics_obtained":[{"floor":6,"key":"Snake Skull"},{"floor":8,"key":"Letter Opener"},{"floor":9,"key":"InkBottle"}],"event_choices":[{"damage_healed":0,"gold_gain":150,"player_choice":"AGREE","damage_taken":0,"max_hp_gain":0,"max_hp_loss":0,"event_name":"Liars Game","floor":2,"gold_loss":0,"cards_obtained":["Doubt"]},{"cards_removed":["Doubt"],"damage_healed":0,"gold_gain":0,"player_choice":"Card Removal","damage_taken":7,"max_hp_gain":0,"max_hp_loss":0,"event_name":"Golden Wing","floor":3,"gold_loss":0}],"is_beta":true,"boss_relics":[],"items_purged_floors":[],"is_endless":false,"potions_floor_spawned":[1,10],"killed_by":"3 Sentries","ascension_level":20}}