{"host":"1qhzi8r9ejho5yph","time":1611825434,"event":{"mods":["AchievementEnabler","BaseMod","Colored Map","Colored Powertips","Highlight Path","Minty Spire (QoL Compilation)","Permanent Neow","Quick Restart","Random Character Button","StSLib","SuperFastMode"],"gold_per_floor":[117,129,32,46,46,46,10,39,65,88,104,104,54,66,66,166,166,181,17,0,0,20,33,53,53,76,76,88,101,26,46,46,46,46],"floor_reached":33,"language":"ENG","playtime":1385,"items_purged":[],"score":249,"play_id":"f197cf3d-9bc8-4832-830b-ae50bb261bad","local_time":"20210128171714","is_ascension_mode":false,"campfire_choices":[{"data":"CutThroughFate","floor":6.0,"key":"SMITH"},{"floor":15.0,"key":"REST"},{"data":"TalkToTheHand","floor":25,"key":"SMITH"},{"floor":27,"key":"REST"},{"floor":32,"key":"REST"}],"circlet_count":0,"master_deck":["Strike_P","Strike_P","Strike_P","Defend_P","Defend_P","Eruption+1","Vigilance","CutThroughFate+1","Nirvana","Flash of Steel+1","SandsOfTime","TalkToTheHand+1","CarveReality","FlurryOfBlows","Tantrum","Conclude","Wish+1","JustLucky","LessonLearned","Flash of Steel+1","FlurryOfBlows","FearNoEvil","Consecrate","WreathOfFlame+1","CutThroughFate+1","Protect+1"],"relics":["PureWater"],"acts_visited":["Exordium","TheCity"],"potions_floor_usage":[23,33,33],"damage_taken":[{"damage":7.0,"enemies":"Jaw Worm","floor":1.0,"turns":5.0},{"damage":0.0,"enemies":"2 Louse","floor":2.0,"turns":3.0},{"damage":1.0,"enemies":"Small Slimes","floor":4.0,"turns":3.0},{"damage":7.0,"enemies":"Gremlin Nob","floor":8.0,"turns":3.0},{"damage":19.0,"enemies":"The Mushroom Lair","floor":10.0,"turns":4.0},{"damage":4.0,"enemies":"2 Fungi Beasts","floor":11.0,"turns":4.0},{"damage":0.0,"enemies":"Large Slime","floor":14.0,"turns":3.0},{"damage":8.0,"enemies":"The Guardian","floor":16.0,"turns":8.0},{"damage":0.0,"enemies":"Spheric Guardian","floor":18.0,"turns":2.0},{"damage":0.0,"enemies":"3 Byrds","floor":22.0,"turns":4.0},{"damage":14,"enemies":"Shelled Parasite and Fungi","floor":23,"turns":4},{"damage":18,"enemies":"3 Cultists","floor":24,"turns":4},{"damage":22,"enemies":"Centurion and Healer","floor":28,"turns":3},{"damage":7,"enemies":"Shelled Parasite and Fungi","floor":29,"turns":6},{"damage":19,"enemies":"Snake Plant","floor":31,"turns":2},{"damage":42,"enemies":"Champ","floor":33,"turns":9}],"seed_played":"-2148869536939386187","potions_obtained":[{"floor":2.0,"key":"ColorlessPotion"},{"floor":4.0,"key":"Block Potion"},{"floor":14.0,"key":"AttackPotion"},{"floor":22.0,"key":"Fire Potion"},{"floor":28,"key":"SpeedPotion"},{"floor":31,"key":"Dexterity Potion"}],"is_trial":false,"path_per_floor":["M","M","$","M","?","R","$","E","T","?","M","?","?","M","R","B",null,"M","$","?","?","M","M","M","R","T","R","M","M","?","M","R","B"],"character_chosen":"WATCHER","items_purchased":["Flash of Steel","TalkToTheHand","LessonLearned","Flash of Steel"],"campfire_rested":3,"item_purchase_floors":[3,7,19,19],"current_hp_per_floor":[65,65,65,64,64,64,64,57,57,38,34,34,34,34,55,47,72,72,72,72,72,72,58,40,40,40,61,39,32,32,13,34,0,0],"gold":46,"neow_bonus":"UPGRADE_CARD","is_daily":false,"chose_seed":false,"campfire_upgraded":2,"win_rate":0.0,"timestamp":1611825434,"path_taken":["M","M","$","M","?","R","$","E","T","?","M","?","?","M","R","BOSS","M","$","?","?","M","M","M","R","T","R","M","M","?","M","R","BOSS"],"items_purchased_type":["Card","Card","Card","Card"],"build_version":"2020-12-22","purchased_purges":0,"victory":false,"max_hp_per_floor":[72,72,72,72,72,72,72,72,72,72,72,72,72,72,72,72,72,72,72,72,72,72,72,72,72,72,72,72,72,72,72,72,72,72],"card_choices":[{"not_picked":["Evaluate","WaveOfTheHand"],"picked":"CutThroughFate","floor":1.0},{"not_picked":["InnerPeace","Pray"],"picked":"Nirvana","floor":2.0},{"not_picked":["Protect","Halt"],"picked":"SandsOfTime","floor":4.0},{"not_picked":["Halt","CrushJoints"],"picked":"CarveReality","floor":8.0},{"not_picked":["PathToVictory","Crescendo"],"picked":"FlurryOfBlows","floor":10.0},{"not_picked":["FollowUp","Protect"],"picked":"Tantrum","floor":11.0},{"not_picked":["TalkToTheHand","SashWhip"],"picked":"Conclude","floor":14.0},{"not_picked":["Omniscience","Vault"],"picked":"Wish","floor":16.0},{"not_picked":["CrushJoints+1","EmptyFist"],"picked":"JustLucky","floor":18.0},{"not_picked":["SashWhip","WaveOfTheHand"],"picked":"FlurryOfBlows","floor":22.0},{"not_picked":["WindmillStrike","Judgement"],"picked":"FearNoEvil","floor":23},{"not_picked":["Collect","WheelKick+1"],"picked":"Consecrate","floor":24},{"not_picked":["Prostrate","Sanctity+1"],"picked":"WreathOfFlame+1","floor":28},{"not_picked":["Fasting2","CrushJoints"],"picked":"CutThroughFate+1","floor":29},{"not_picked":["ThirdEye","Vengeance"],"picked":"Protect+1","floor":31}],"player_experience":344254,"relics_obtained":[],"event_choices":[{"damage_healed":0.0,"max_hp_gain":0.0,"max_hp_loss":0.0,"gold_gain":0.0,"event_name":"Liars Game","player_choice":"Ignored","floor":5.0,"gold_loss":0.0,"damage_taken":0.0},{"damage_healed":0.0,"max_hp_gain":0.0,"max_hp_loss":0.0,"gold_gain":0.0,"event_name":"Mushrooms","player_choice":"Fought Mushrooms","floor":10.0,"gold_loss":0.0,"damage_taken":0.0},{"cards_removed":["Defend_P"],"damage_healed":0.0,"max_hp_gain":0.0,"max_hp_loss":0.0,"gold_gain":0.0,"event_name":"Living Wall","player_choice":"Forget","floor":12.0,"gold_loss":0.0,"damage_taken":0.0},{"cards_removed":["Strike_P"],"damage_healed":0.0,"max_hp_gain":0.0,"max_hp_loss":0.0,"gold_gain":0.0,"event_name":"The Cleric","player_choice":"Card Removal","floor":13.0,"gold_loss":50.0,"damage_taken":0.0},{"damage_healed":0.0,"max_hp_gain":0.0,"max_hp_loss":0.0,"gold_gain":0.0,"event_name":"Masked Bandits","player_choice":"Paid Fearfully","floor":20.0,"gold_loss":17.0,"damage_taken":0.0},{"damage_healed":0.0,"max_hp_gain":0.0,"max_hp_loss":0.0,"gold_gain":0.0,"event_name":"Cursed Tome","player_choice":"Ignored","floor":21.0,"gold_loss":0.0,"damage_taken":0.0},{"cards_removed":["Defend_P"],"damage_healed":0,"gold_gain":0,"player_choice":"Gave Gold","damage_taken":0,"max_hp_gain":0,"max_hp_loss":0,"event_name":"Beggar","floor":30,"gold_loss":75}],"is_beta":false,"boss_relics":[{"not_picked":["Fusion Hammer","Velvet Choker","Calling Bell"]}],"items_purged_floors":[],"is_endless":false,"potions_floor_spawned":[2,4,14,22,28,31],"killed_by":"Champ","ascension_level":0}}