{"host":"3hht5vm6iswgqu4y","time":1611871031,"event":{"mods":["BaseMod","Curses Come First","Hermit","Minty Spire (QoL Compilation)","Relic Stats","StSLib"],"gold_per_floor":[114,129,144,144,144,144,209,224,224,266,278,351,378,390,402,514,576,603,630,642,744,771,813,840,852,852],"floor_reached":25,"language":"ENG","playtime":7598,"items_purged":[],"score":258,"play_id":"fc6e827d-56e9-45f3-95e3-180e1bdc3a55","local_time":"20210128165711","daily_mods":["Heirloom","ControlledChaos","Elite Swarm"],"is_ascension_mode":false,"campfire_choices":[{"data":"hermit:Quickdraw","floor":6.0,"key":"SMITH"},{"data":"hermit:EternalForm","floor":15.0,"key":"SMITH"}],"circlet_count":0,"master_deck":["hermit:Strike_Hermit","hermit:Strike_Hermit","hermit:Strike_Hermit","hermit:Strike_Hermit","hermit:Defend_Hermit","hermit:Defend_Hermit","hermit:Defend_Hermit","hermit:Defend_Hermit","hermit:Snapshot","hermit:Covet","hermit:Spite","hermit:Quickdraw+1","hermit:Deadeye+1","hermit:EternalForm+1","hermit:Roulette+1","hermit:Determination","hermit:Grudge","hermit:Roughhouse","hermit:GhostlyPresence","hermit:Headshot+1","hermit:BodyArmor+1","Dramatic Entrance","hermit:Coalescence+1","hermit:Adapt","hermit:Vantage+1"],"relics":["hermit:Momento","Frozen Eye","CaptainsWheel","Girya","MawBank","Centennial Puzzle","Bottled Flame","Tiny House","Dream Catcher","Nunchaku"],"acts_visited":["Exordium","TheCity"],"potions_floor_usage":[24,24,25],"damage_taken":[{"damage":0.0,"enemies":"2 Louse","floor":1.0,"turns":2.0},{"damage":6.0,"enemies":"Cultist","floor":2.0,"turns":3.0},{"damage":0.0,"enemies":"Small Slimes","floor":3.0,"turns":3.0},{"damage":15.0,"enemies":"3 Sentries","floor":7.0,"turns":6.0},{"damage":1.0,"enemies":"Red Slaver","floor":8.0,"turns":3.0},{"damage":10.0,"enemies":"Gremlin Nob","floor":10.0,"turns":4.0},{"damage":0.0,"enemies":"Gremlin Nob","floor":12.0,"turns":2.0},{"damage":0.0,"enemies":"Large Slime","floor":13.0,"turns":4.0},{"damage":32.0,"enemies":"Hexaghost","floor":16.0,"turns":8.0},{"damage":1.0,"enemies":"Shell Parasite","floor":18.0,"turns":3.0},{"damage":12.0,"enemies":"3 Byrds","floor":19.0,"turns":5.0},{"damage":18.0,"enemies":"Sentry and Sphere","floor":22.0,"turns":6.0},{"damage":20.0,"enemies":"Slavers","floor":23.0,"turns":5.0},{"damage":18,"enemies":"Centurion and Healer","floor":24,"turns":3},{"damage":14,"enemies":"Gremlin Leader","floor":25,"turns":4}],"seed_played":"-8653540479942029245","potions_obtained":[{"floor":1.0,"key":"SteroidPotion"},{"floor":3.0,"key":"CultistPotion"},{"floor":8.0,"key":"PowerPotion"},{"floor":12.0,"key":"Dexterity Potion"},{"floor":16.0,"key":"Dexterity Potion"},{"floor":24,"key":"hermit:Eclipse"}],"is_trial":false,"path_per_floor":["M","M","M","?","?","R","E","M","T","E","?","?","M","?","R","B",null,"M","M","T","?","M","E","M","E"],"character_chosen":"HERMIT","items_purchased":[],"campfire_rested":0,"item_purchase_floors":[],"current_hp_per_floor":[75,69,69,69,69,69,54,53,53,43,48,48,48,90,90,58,95,94,82,82,64,46,26,8,0,0],"gold":852,"neow_bonus":"","is_daily":true,"chose_seed":false,"campfire_upgraded":2,"win_rate":0.0,"timestamp":1611871031,"path_taken":["M","M","M","?","?","R","E","?","T","E","?","?","M","?","R","BOSS","M","M","?","?","?","E","M","E"],"items_purchased_type":[],"build_version":"2020-12-22","purchased_purges":0,"victory":false,"max_hp_per_floor":[75,75,75,75,75,75,75,75,75,75,80,80,80,90,90,90,95,95,95,95,95,95,95,95,95,95],"relic_stats":{"Centennial Puzzle":[21],"Dream Catcher":0,"Nunchaku":[2],"counters":[15,61],"MawBank":192,"obtain_stats":[{"Frozen Eye":0,"Girya":7,"CaptainsWheel":0,"Centennial Puzzle":10,"Bottled Flame":12,"Dream Catcher":20,"Nunchaku":23,"Tiny House":17,"MawBank":9,"hermit:Momento":0},{"Frozen Eye":0,"Girya":4,"CaptainsWheel":0,"Centennial Puzzle":6,"Bottled Flame":7,"Dream Catcher":11,"Nunchaku":13,"Tiny House":9,"MawBank":5,"hermit:Momento":0},{"Frozen Eye":0,"Girya":14,"CaptainsWheel":0,"Centennial Puzzle":21,"Bottled Flame":23,"Dream Catcher":43,"Nunchaku":54,"Tiny House":35,"MawBank":17,"hermit:Momento":0}]},"card_choices":[{"not_picked":["hermit:Horror","hermit:HighCaliber"],"picked":"hermit:Spite","floor":1.0},{"not_picked":["hermit:EyeOfTheStorm","hermit:HoleUp"],"picked":"hermit:Quickdraw","floor":2.0},{"not_picked":["hermit:Showdown","hermit:CalledShot"],"picked":"hermit:Deadeye","floor":3.0},{"not_picked":["hermit:OverwhelmingPower","hermit:DeadOrAlive"],"picked":"hermit:EternalForm","floor":7.0},{"not_picked":["hermit:TakeCover","hermit:Coalescence"],"picked":"hermit:Roulette","floor":8.0},{"not_picked":["hermit:OverwhelmingPower","hermit:EternalForm"],"picked":"hermit:DeadOrAlive","floor":10.0},{"not_picked":["hermit:SprayPray","hermit:Spite"],"picked":"hermit:Determination","floor":12.0},{"not_picked":["hermit:Desperado","hermit:HighCaliber"],"picked":"hermit:Grudge","floor":13.0},{"not_picked":["hermit:Purgatory","hermit:Reprieve"],"picked":"hermit:Roughhouse","floor":16.0},{"not_picked":["hermit:Snipe","hermit:Desperado"],"picked":"hermit:GhostlyPresence","floor":17.0},{"not_picked":["hermit:Shortfuse","hermit:SprayPray"],"picked":"hermit:Headshot+1","floor":18.0},{"not_picked":["hermit:Malice","hermit:Cheat"],"picked":"hermit:BodyArmor+1","floor":19.0},{"not_picked":["hermit:SprayPray","hermit:Manifest+1"],"picked":"hermit:Coalescence+1","floor":22.0},{"not_picked":["hermit:Reprieve","hermit:RoundhouseKick"],"picked":"hermit:Adapt","floor":23.0},{"not_picked":["hermit:CalledShot","hermit:Malice"],"picked":"hermit:Vantage+1","floor":24}],"player_experience":872448,"relics_obtained":[{"floor":7.0,"key":"Girya"},{"floor":9.0,"key":"MawBank"},{"floor":10.0,"key":"Centennial Puzzle"},{"floor":12.0,"key":"Bottled Flame"},{"floor":20.0,"key":"Dream Catcher"},{"floor":23.0,"key":"Nunchaku"}],"event_choices":[{"damage_healed":0.0,"max_hp_gain":0.0,"max_hp_loss":0.0,"gold_gain":0.0,"event_name":"The Cleric","player_choice":"Leave","floor":4.0,"gold_loss":0.0,"damage_taken":0.0},{"damage_healed":0.0,"max_hp_gain":0.0,"max_hp_loss":0.0,"gold_gain":0.0,"event_name":"Upgrade Shrine","player_choice":"Upgraded","floor":5.0,"gold_loss":0.0,"damage_taken":0.0,"cards_upgraded":["hermit:Deadeye"]},{"damage_healed":0.0,"max_hp_gain":5.0,"max_hp_loss":0.0,"gold_gain":0.0,"event_name":"Big Fish","player_choice":"Donut","floor":11.0,"gold_loss":0.0,"damage_taken":0.0},{"damage_healed":0.0,"max_hp_gain":0.0,"max_hp_loss":0.0,"gold_gain":30.0,"event_name":"Dead Adventurer","player_choice":"Searched \u00272\u0027 times","floor":12.0,"gold_loss":0.0,"damage_taken":0.0},{"cards_removed":["hermit:DeadOrAlive"],"damage_healed":32.0,"max_hp_gain":10.0,"max_hp_loss":0.0,"gold_gain":0.0,"event_name":"Bonfire Elementals","player_choice":"Offered Rare","floor":14.0,"gold_loss":0.0,"damage_taken":0.0},{"damage_healed":0.0,"max_hp_gain":0.0,"max_hp_loss":0.0,"gold_gain":90.0,"event_name":"Knowing Skull","player_choice":"CARD GOLD ","floor":21.0,"potions_obtained":[],"gold_loss":0.0,"damage_taken":18.0,"cards_obtained":["Dramatic Entrance"]}],"is_beta":false,"boss_relics":[{"not_picked":["Velvet Choker","Snecko Eye"],"picked":"Tiny House"}],"items_purged_floors":[],"is_endless":false,"potions_floor_spawned":[1,3,8,12,16,24],"killed_by":"Gremlin Leader","ascension_level":0}}