{"host":"vrsxkkch9ccrec7k","time":1611805444,"event":{"mods":["Act Like it!","BaseMod","Bestiary","Better Altar","Better Match","Better Note","Better Sensory Stone","Better Skull","Better Third Choice","Better Vampires","Downfall","Minty Spire (QoL Compilation)","Permanent Neow","Relic Stats","Spicy Shops","StSLib"],"gold_per_floor":[99,117,129,143,143,159,159,171,171,206,216,246,246,10,24,120,120,120,133,147,158,174,209,258,269,283,299,330,330,230,230,248,345,345,345,345,356,369,379,379,379,413,4,36,36,36,68,82,97,97],"floor_reached":51,"language":"ENG","playtime":6296,"items_purged":["Guardian:Strike_Guardian","Guardian:Strike_Guardian"],"score":1124,"play_id":"c6ecfbe9-adff-43be-b0ea-952e3e817ff9","local_time":"20210127224404","is_ascension_mode":true,"campfire_choices":[{"data":"Guardian:TwinSlam","floor":1,"key":"SMITH"},{"data":"1","floor":13,"key":"LIFT"},{"data":"2","floor":18,"key":"LIFT"},{"data":"3","floor":30,"key":"LIFT"},{"data":"Guardian:ConstructionForm","floor":35,"key":"SMITH"},{"data":"Guardian:WalkerClaw","floor":40,"key":"SMITH"},{"floor":46,"key":"REST"}],"circlet_count":0,"master_deck":["Guardian:Defend_Guardian","Guardian:Defend_Guardian","Guardian:Defend_Guardian","Guardian:Defend_Guardian","Guardian:CurlUp","Guardian:TwinSlam+1","Guardian:WalkerClaw+1","Guardian:SentryBeam","Guardian:StasisField","Guardian:Recover","Guardian:Clone","Guardian:TimeCapacitor+1","Guardian:TimeSifter","Guardian:Planning+1","Guardian:Reroute","Guardian:ArmoredProtocol","Guardian:TimeBomb","Guardian:Emergency+1","Guardian:Preprogram","Guardian:ArmoredProtocol+1","Guardian:BronzeArmor+1","Guardian:ConstructionForm+1","Guardian:ShieldCharger+1","Guardian:PiercingHide+1","Guardian:TemporalShield+1","Guardian:Recover+1","Guardian:TimeCapacitor+1","Guardian:TemporalShield+1"],"relics":["Guardian:ModeShifter","Meat on the Bone","Girya","Mercury Hourglass","Guardian:BottledAnomaly","Empty Cage","Art of War","Toxic Egg 2","MutagenicStrength","downfall:HeartBlessingBlue","sneckomod:SneckoTalon","Calipers","PreservedInsect","Lantern","bronze:DonusWashers","Pear","Pantograph"],"acts_visited":["Exordium","TheCity","TheBeyond"],"potions_floor_usage":[8,10,20,21,21,25,13032,32,33,38,38,42,49,50],"damage_taken":[{"damage":3,"enemies":"2 Louse","floor":2,"turns":3},{"damage":1,"enemies":"Cultist","floor":3,"turns":3},{"damage":0,"enemies":"Small Slimes","floor":4,"turns":4},{"damage":8,"enemies":"3 Louse","floor":6,"turns":3},{"damage":0,"enemies":"Lots of Slimes","floor":8,"turns":2},{"damage":18,"enemies":"3 Sentries","floor":10,"turns":9},{"damage":3,"enemies":"Exordium Wildlife","floor":11,"turns":3},{"damage":3,"enemies":"Lagavulin","floor":12,"turns":9},{"damage":0,"enemies":"downfall:FleeingMerchant","floor":14,"turns":4},{"damage":0,"enemies":"Gremlin Gang","floor":15,"turns":3},{"damage":13,"enemies":"DF_ARCHETYPE_STREAMLINE","floor":16,"turns":11},{"damage":0,"enemies":"Shell Parasite","floor":19,"turns":5},{"damage":11,"enemies":"Snake Plant","floor":20,"turns":5},{"damage":4,"enemies":"Shelled Parasite and Fungi","floor":21,"turns":4},{"damage":12,"enemies":"Cultist and Chosen","floor":22,"turns":5},{"damage":23,"enemies":"Gremlin Leader","floor":23,"turns":6},{"damage":13,"enemies":"Chosen and Byrds","floor":25,"turns":4},{"damage":4,"enemies":"Shelled Parasite and Fungi","floor":26,"turns":6},{"damage":19,"enemies":"Snake Plant","floor":27,"turns":3},{"damage":7,"enemies":"Book of Stabbing","floor":28,"turns":7},{"damage":0,"enemies":"Centurion and Healer","floor":32,"turns":5},{"damage":33,"enemies":"SI_MIRROR_ARCHETYPE","floor":33,"turns":21},{"damage":6,"enemies":"Orb Walker","floor":37,"turns":3},{"damage":0,"enemies":"3 Shapes","floor":38,"turns":4},{"damage":6,"enemies":"3 Darklings","floor":39,"turns":7},{"damage":21,"enemies":"Reptomancer","floor":42,"turns":7},{"damage":0,"enemies":"downfall:FleeingMerchant","floor":43,"turns":4},{"damage":0,"enemies":"Nemesis","floor":44,"turns":5},{"damage":0,"enemies":"Giant Head","floor":47,"turns":9},{"damage":3,"enemies":"Spire Growth","floor":48,"turns":5},{"damage":0,"enemies":"Writhing Mass","floor":49,"turns":10},{"damage":0,"enemies":"WA_ARCHETYPE_DIVINITY","floor":50,"turns":25}],"seed_played":"-4837943011569881364","potions_obtained":[{"floor":4,"key":"SpeedPotion"},{"floor":5,"key":"Dexterity Potion"},{"floor":5,"key":"Explosive Potion"},{"floor":10,"key":"DuplicationPotion"},{"floor":11,"key":"Swift Potion"},{"floor":15,"key":"Guardian:BlockOnCardUsePotion"},{"floor":22,"key":"Guardian:AcceleratePotion"},{"floor":25,"key":"SpeedPotion"},{"floor":27,"key":"SneckoOil"},{"floor":33,"key":"SneckoOil"},{"floor":37,"key":"Energy Potion"},{"floor":44,"key":"Guardian:AcceleratePotion"},{"floor":47,"key":"Guardian:AcceleratePotion"},{"floor":49,"key":"LiquidMemories"}],"is_trial":false,"path_per_floor":["R","M","M","M","?","M","T","M","?","E","M","E","R","$","M","B",null,"R","M","M","M","M","E","T","M","M","M","E","?","R","?","M","B",null,"R","?","M","M","M","R","T","E","$","E","?","R","E","M","M","B",null],"character_chosen":"GUARDIAN","items_purchased":["Guardian:BottledAnomaly","Lantern","bronze:DonusWashers","Dexterity Potion","Guardian:Recover+1"],"campfire_rested":1,"item_purchase_floors":[14,43,43,43,43],"current_hp_per_floor":[80,77,76,76,76,68,68,68,68,50,47,56,56,56,56,55,80,80,80,69,65,53,42,42,41,49,42,47,47,57,33,61,40,84,84,84,78,78,72,72,72,51,51,61,61,93,93,90,90,108],"gold":97,"neow_bonus":"TEN_PERCENT_HP_BONUS","is_daily":false,"chose_seed":false,"campfire_upgraded":3,"win_rate":0.0,"timestamp":1611805444,"path_taken":["R","M","M","M","?","?","T","M","?","E","M","E","R","$","M","BOSS","R","M","M","M","M","E","T","M","M","M","E","?","R","?","M","BOSS","R","?","M","M","M","R","T","E","$","E","?","R","E","?","M","BOSS"],"items_purchased_type":["Relic","Relic","Relic","Potion","Card"],"build_version":"2020-12-22","purchased_purges":2,"victory":true,"max_hp_per_floor":[88,88,88,88,88,88,88,88,88,88,88,88,88,88,88,88,88,88,88,88,88,88,88,88,88,88,88,88,88,98,98,98,98,98,98,98,98,98,98,98,98,98,98,108,108,108,108,108,108,108],"relic_stats":{"counters":[32,204],"Pantograph":18,"PreservedInsect":203,"Art of War":[38],"obtain_stats":[{"Girya":10,"Lantern":43,"bronze:DonusWashers":43,"Calipers":41,"Pear":44,"Guardian:ModeShifter":0,"PreservedInsect":42,"Empty Cage":17,"sneckomod:SneckoTalon":34,"Mercury Hourglass":12,"downfall:HeartBlessingBlue":30,"MutagenicStrength":29,"Pantograph":47,"Art of War":24,"Guardian:BottledAnomaly":14,"Toxic Egg 2":28,"Meat on the Bone":9},{"Girya":6,"Lantern":27,"bronze:DonusWashers":27,"Calipers":25,"Pear":28,"Guardian:ModeShifter":0,"PreservedInsect":26,"Empty Cage":11,"sneckomod:SneckoTalon":22,"Mercury Hourglass":8,"downfall:HeartBlessingBlue":20,"MutagenicStrength":20,"Pantograph":29,"Art of War":16,"Guardian:BottledAnomaly":9,"Toxic Egg 2":20,"Meat on the Bone":5},{"Girya":24,"Lantern":150,"bronze:DonusWashers":150,"Calipers":139,"Pear":155,"Guardian:ModeShifter":0,"PreservedInsect":146,"Empty Cage":54,"sneckomod:SneckoTalon":125,"Mercury Hourglass":36,"downfall:HeartBlessingBlue":99,"MutagenicStrength":99,"Pantograph":164,"Art of War":79,"Guardian:BottledAnomaly":40,"Toxic Egg 2":99,"Meat on the Bone":15}],"Meat on the Bone":96,"Mercury Hourglass":[402]},"card_choices":[{"not_picked":["Guardian:VentSteam","Guardian:PiercingHide"],"picked":"Guardian:WalkerClaw","floor":2},{"not_picked":["Guardian:PiercingHide","Guardian:Gem_Lightblue"],"picked":"Guardian:Gem_Green","floor":3},{"not_picked":["Guardian:RollAttack","Guardian:Recover"],"picked":"Guardian:Gem_Red","floor":4},{"not_picked":["Guardian:TemporalShield","Guardian:ShieldSpikes"],"picked":"Guardian:SentryBeam","floor":6},{"not_picked":["Guardian:PrismaticBeam","Guardian:TemporalShield"],"picked":"Guardian:Gem_Cyan","floor":8},{"not_picked":["Guardian:TimeBomb","Guardian:TimeCapacitor"],"picked":"Guardian:StasisField","floor":10},{"not_picked":["Guardian:PiercingHide","Guardian:WalkerClaw"],"picked":"Guardian:Recover","floor":11},{"not_picked":["Guardian:Orbwalk","Guardian:StasisField"],"picked":"Guardian:Clone","floor":12},{"not_picked":["Guardian:ChargeCore","Guardian:Gem_Lightblue"],"picked":"Guardian:Gem_Blue","floor":14},{"not_picked":["Guardian:SentryBeam","Guardian:Preprogram"],"picked":"Guardian:TimeCapacitor","floor":15},{"not_picked":["Guardian:GemFire","Guardian:Gem_Orange"],"picked":"Guardian:TimeSifter","floor":16},{"not_picked":["Guardian:Reroute+1","Guardian:BronzeOrb+1"],"picked":"Guardian:Planning+1","floor":19},{"not_picked":["Guardian:Gem_Red","Guardian:RollAttack"],"picked":"Guardian:Reroute","floor":20},{"not_picked":["Guardian:Gem_Lightblue","Guardian:Harden"],"picked":"Guardian:ArmoredProtocol","floor":21},{"not_picked":["Guardian:TimeCapacitor","Guardian:ChargeCore+1"],"picked":"Guardian:TimeBomb","floor":22},{"not_picked":["Guardian:WalkerClaw","Guardian:Recover"],"picked":"Guardian:Gem_Green","floor":23},{"not_picked":["Guardian:MultiBeam","Guardian:ChargeUp"],"picked":"Guardian:Emergency+1","floor":25},{"not_picked":["Guardian:WalkerClaw","Guardian:Planning"],"picked":"Guardian:Preprogram","floor":26},{"not_picked":["Guardian:Planning+1","Guardian:Recover"],"picked":"Guardian:ArmoredProtocol+1","floor":27},{"not_picked":["Guardian:Gem_Red","Guardian:CrystalBeam+1"],"picked":"Guardian:BronzeArmor+1","floor":28},{"not_picked":["Guardian:Gem_Fragmented","Guardian:GuardianWhirl"],"picked":"Guardian:Gem_Yellow","floor":32},{"not_picked":["Guardian:CompilePackage+1","Guardian:RevengeProtocol"],"picked":"Guardian:ConstructionForm","floor":33},{"not_picked":["Guardian:VentSteam+1","Guardian:ChargeCore"],"picked":"Guardian:ShieldCharger+1","floor":37},{"not_picked":["Guardian:ChargeCore","Guardian:StasisStrike","Guardian:PrimingBeam"],"picked":"SKIP","floor":38},{"not_picked":["Guardian:VentSteam+1","Guardian:CrystalBeam+1"],"picked":"Guardian:PiercingHide+1","floor":39},{"not_picked":["Guardian:Gem_Yellow","Guardian:Clone+1"],"picked":"Guardian:TemporalShield+1","floor":42},{"not_picked":["Guardian:TemporalStrike","Guardian:Planning+1"],"picked":"Guardian:Gem_White","floor":43},{"not_picked":["Guardian:Recover+1","Guardian:Suspension+1","Guardian:Preprogram+1"],"picked":"SKIP","floor":44},{"not_picked":["Guardian:TemporalShield+1","Guardian:Gem_Orange"],"picked":"Guardian:TimeCapacitor+1","floor":47},{"not_picked":["Guardian:TemporalStrike","Guardian:VentSteam+1","Guardian:ChargeCore+1"],"picked":"SKIP","floor":48},{"not_picked":["Guardian:CrystalBeam+1","Guardian:PrismaticBarrier+1"],"picked":"Guardian:TemporalShield+1","floor":49}],"player_experience":1776525,"relics_obtained":[{"floor":10,"key":"Girya"},{"floor":12,"key":"Mercury Hourglass"},{"floor":24,"key":"Art of War"},{"floor":28,"key":"Toxic Egg 2"},{"floor":41,"key":"Calipers"},{"floor":42,"key":"PreservedInsect"},{"floor":44,"key":"Pear"},{"floor":47,"key":"Pantograph"}],"event_choices":[{"damage_healed":0,"gold_gain":0,"player_choice":"Got Potions","damage_taken":0,"max_hp_gain":0,"max_hp_loss":0,"event_name":"Lab","floor":5,"gold_loss":0},{"damage_healed":0,"gold_gain":0,"player_choice":"Inject Mutagens","damage_taken":0,"relics_obtained":["MutagenicStrength"],"max_hp_gain":0,"max_hp_loss":0,"event_name":"Drug Dealer","floor":29,"gold_loss":0},{"damage_healed":0,"gold_gain":0,"player_choice":" Potion ","damage_taken":24,"relics_obtained":[],"max_hp_gain":57,"max_hp_loss":33,"event_name":"betterAltar:BetterAltar","floor":31,"potions_obtained":["betterAltar:AltarPotion"],"relics_lost":[],"gold_loss":0}],"is_beta":false,"boss_relics":[{"not_picked":["Tiny House","expansioncontent:StudyCardRelic"],"picked":"Empty Cage"},{"not_picked":["Runic Pyramid","Fusion Hammer"],"picked":"sneckomod:SneckoTalon"}],"items_purged_floors":[14,43],"is_endless":false,"potions_floor_spawned":[4,10,11,15,16,19,22,25,27,33,37,44,47,48,49],"ascension_level":6}}