{"host":"rupmf8lnk599ormj","time":1611800127,"event":{"mods":["2.2 Compatiblity","AchievementEnabler","BaseMod","Better Match","Better Third Choice","BetterRewards","Colored Map","Colored Powertips","Conspire","Downfall","Evolution","Gold Saver","Googly Eyes","Hubris","Minty Spire (QoL Compilation)","Quick Restart","Rare Cards Sparkle","Shade Mod","Spicy Shops","StSLib","The Cursed"],"gold_per_floor":[1126,1145,1164,1149,1149,1162,1213,1239,1252,1052,1062,1095,1095,317,335,446,446,446,470,506,506,525,76,154,154,189,225,241,274,39,65,93,199,199,199,213,234,234,69,86,109,136,36,68,35,35,35,35,50,50,50,50],"floor_reached":50,"language":"ENG","playtime":3607,"items_purged":[],"score":656,"play_id":"d225fbca-83ce-4692-a4a2-2f625426646d","local_time":"20210127211527","daily_mods":["Heirloom","ControlledChaos","Elite Swarm"],"is_ascension_mode":false,"campfire_choices":[{"floor":1.0,"key":"RECALL"},{"floor":10,"key":"REST"},{"data":"hexamod:FlamesFromBeyond","floor":18,"key":"SMITH"},{"floor":25,"key":"REST"},{"data":"hexamod:HexaLevel","floor":35,"key":"SMITH"},{"floor":43,"key":"REST"},{"floor":47,"key":"REST"}],"circlet_count":0,"master_deck":["hexamod:ThermalTransfer","hexamod:ThermalTransfer","hexamod:ThermalTransfer","hexamod:Strike","hexamod:Defend","hexamod:Defend","hexamod:Defend","hexamod:Defend","hexamod:Sear","hexamod:Float","hexamod:RainOfEmbers","hexamod:FirstSeal","hexamod:GhostOfSpireFuture","hexamod:HauntingEcho","hexamod:SixthSeal","hexamod:FirstSeal","hexamod:FlamesFromBeyond+1","hexamod:ForkedFlame","Pain","hexamod:SecondSeal","hexamod:SecondSeal","hexamod:BurningTouch","expansioncontent:QuickStudy","expansioncontent:InvincibleStrength+1","hexamod:SpectralSpark","hexamod:ApocalypseNow+1","hexamod:ExtraCrispy+1","hexamod:HauntingEcho+1","hexamod:SwordOfDarkness+1","Jack Of All Trades","hexamod:HeatShield","hexamod:FifthSeal","hexamod:FourthSeal","hexamod:EtherealExpedition","hexamod:FastForward","expansioncontent:StudyTheSpire","hexamod:SkipABeat","hexamod:SuperheatedStrike+1","hexamod:HexaLevel+1","hexamod:ApocalypseNow","hexamod:NightmareStrike"],"relics":["hexamod:SpiritBrand","Frozen Eye","EVO:Axolotl","conspire:InfiniteJournal","Lantern","hubris:AstralHammer","downfall:HeartBlessingGreen","Strawberry","WarpedTongs","hubris:DisguiseKit","hubris:ScarierMask","Nloth\u0027s Gift","Art of War","hubris:EmptyBottle","White Beast Statue","Oddly Smooth Stone","hubris:Spice","hubris:Metronome","Orrery","downfall:HeartBlessingBlue","hubris:Towel","hubris:Icosahedron"],"acts_visited":["Exordium","TheCity","TheBeyond"],"potions_floor_usage":[14,14,16,26,33,33,33,33,50,50,50,50],"damage_taken":[{"damage":0.0,"enemies":"Small Slimes","floor":2.0,"turns":3.0},{"damage":0,"enemies":"2 Louse","floor":3,"turns":2},{"damage":0,"enemies":"downfall:FleeingMerchant","floor":4,"turns":4},{"damage":8,"enemies":"Jaw Worm","floor":6,"turns":3},{"damage":24,"enemies":"3 Sentries","floor":8,"turns":6},{"damage":6,"enemies":"Lots of Slimes","floor":9,"turns":3},{"damage":7,"enemies":"conspire:2 RoseBushes","floor":11,"turns":3},{"damage":25,"enemies":"Lagavulin","floor":12,"turns":6},{"damage":4,"enemies":"downfall:FleeingMerchant","floor":14,"turns":4},{"damage":3,"enemies":"2 Fungi Beasts","floor":15,"turns":2},{"damage":9,"enemies":"Slime Boss","floor":16,"turns":7},{"damage":4,"enemies":"Chosen","floor":19,"turns":4},{"damage":14,"enemies":"Snecko","floor":20,"turns":5},{"damage":16,"enemies":"Snake Plant","floor":22,"turns":3},{"damage":3,"enemies":"downfall:FleeingMerchant","floor":23,"turns":4},{"damage":2,"enemies":"conspire:Head Lice","floor":26,"turns":5},{"damage":12,"enemies":"conspire:HollyBat","floor":27,"turns":7},{"damage":3,"enemies":"Cultist and Chosen","floor":28,"turns":3},{"damage":23,"enemies":"conspire:MimicChest","floor":29,"turns":6},{"damage":3,"enemies":"downfall:FleeingMerchant","floor":30,"turns":3},{"damage":6,"enemies":"Sentry and Sphere","floor":31,"turns":4},{"damage":3,"enemies":"Snecko","floor":32,"turns":3},{"damage":31,"enemies":"DF_ARCHETYPE_CLAW","floor":33,"turns":7},{"damage":8,"enemies":"3 Darklings","floor":36,"turns":5},{"damage":0,"enemies":"Orb Walker","floor":37,"turns":3},{"damage":15,"enemies":"Writhing Mass","floor":40,"turns":4},{"damage":45,"enemies":"Transient","floor":42,"turns":5},{"damage":35,"enemies":"Giant Head","floor":44,"turns":7},{"damage":8,"enemies":"Maw","floor":49,"turns":6},{"damage":115,"enemies":"SI_POISON_ARCHETYPE","floor":50,"turns":7}],"seed_played":"-9028355109115747112","potions_obtained":[{"floor":2,"key":"DistilledChaos"},{"floor":6,"key":"DistilledChaos"},{"floor":9,"key":"bronze:BurnAndBuffPotion"},{"floor":22,"key":"Swift Potion"},{"floor":26,"key":"Energy Potion"},{"floor":28,"key":"hexamod:DoubleChargePotion"},{"floor":33,"key":"Guardian:BlockOnCardUsePotion"},{"floor":36,"key":"SkillPotion"},{"floor":36,"key":"hexamod:SoulburnPotion"},{"floor":38,"key":"downfall:CursedFountainPotion"}],"is_trial":true,"path_per_floor":["R","M","M","$","?","M","T","E","M","R","M","E","?","$","M","B",null,"R","M","M","?","M","$","T","R","E","M","M","?","$","M","M","B",null,"R","M","M","?","$","M","T","M","R","E","$","?","R","?","M","B"],"character_chosen":"THE_SPIRIT","items_purchased":["hubris:DisguiseKit","Fruit Juice","LiquidMemories","hexamod:SecondSeal","hexamod:BurningTouch","expansioncontent:QuickStudy","expansioncontent:InvincibleStrength","Art of War","hubris:EmptyBottle","Jack Of All Trades","hexamod:HeatShield","hubris:Metronome","expansioncontent:StudyTheSpire","hexamod:SkipABeat","Orrery","hubris:Spice","hexamod:NightmareStrike"],"campfire_rested":4,"item_purchase_floors":[14,14,14,14,14,14,14,23,23,23,23,30,30,30,39,39,45],"current_hp_per_floor":[70,70,70,70,70,69,69,52,46,67,67,63,63,73,70,73,82,82,82,82,82,66,63,63,82,80,82,82,67,64,65,62,38,98,98,97,98,98,90,82,82,44,79,44,44,44,66,66,68,0,0,0],"gold":50,"neow_bonus":"","is_daily":false,"chose_seed":false,"campfire_upgraded":2,"win_rate":0.0,"timestamp":1611800127,"path_taken":["R","M","M","$","?","?","T","E","M","R","M","E","?","?","M","BOSS","R","M","M","?","?","$","T","R","E","M","M","?","$","M","M","BOSS","R","M","M","?","?","?","T","M","R","E","$","?","R","?","M","BOSS"],"items_purchased_type":["Relic","Potion","Potion","Card","Card","Card","Card","Relic","Relic","Card","Card","Relic","Card","Card","Relic","Relic","Card"],"build_version":"2020-12-22","purchased_purges":0,"victory":false,"max_hp_per_floor":[70,70,70,70,70,70,70,70,70,70,70,77,77,77,77,82,82,82,82,82,82,82,82,82,82,82,82,82,90,90,90,90,90,98,98,98,98,98,90,82,82,74,84,76,76,76,76,76,68,68,68,68],"card_choices":[{"not_picked":["hexamod:BurningTouch","hexamod:EtherealExpedition"],"picked":"hexamod:RainOfEmbers","floor":2},{"not_picked":["hexamod:Hexaguard","hexamod:ChargedBarrage"],"picked":"hexamod:FirstSeal","floor":3},{"not_picked":["hexamod:SkipABeat","hexamod:HeatCrush"],"picked":"hexamod:GhostOfSpireFuture","floor":4},{"not_picked":["hexamod:FirstSeal","hexamod:BacktrackSmack"],"picked":"hexamod:HauntingEcho","floor":6},{"not_picked":["hexamod:GhostflameInferno","hexamod:SearingWound"],"picked":"hexamod:SixthSeal","floor":8},{"not_picked":["hexamod:HeatShield","hexamod:ShieldOfDarkness"],"picked":"hexamod:FirstSeal","floor":9},{"not_picked":["hexamod:HeatMetal","hexamod:Incineration"],"picked":"hexamod:FlamesFromBeyond","floor":11},{"not_picked":["hexamod:ParanormalForm","hexamod:GhostOfSpirePresent"],"picked":"hexamod:ForkedFlame","floor":12},{"not_picked":["hexamod:NecessarySacrifice","hexamod:ThermalTransfer"],"picked":"hexamod:SecondSeal","floor":14},{"not_picked":["hexamod:GhostShield","hexamod:FastForward","Guardian:Emergency"],"picked":"hexamod:SpectralSpark","floor":15},{"not_picked":["hexamod:TimeOfNeed","hexamod:SixthSeal","Guardian:ExploitGems"],"picked":"hexamod:ApocalypseNow","floor":16},{"not_picked":["hexamod:AdvancingGuard","hexamod:GhostLash+1","Guardian:Gem_Crimson"],"picked":"hexamod:ExtraCrispy+1","floor":19},{"not_picked":["hexamod:Firestarter","hexamod:SpectersWail","hexamod:ThermalTransfer","Guardian:Gem_Fragmented"],"picked":"SKIP","floor":20},{"not_picked":["hexamod:SpectersWail","hexamod:StepThrough","Guardian:Gem_Lightblue"],"picked":"hexamod:HauntingEcho+1","floor":22},{"not_picked":["hexamod:Firestarter","hexamod:CatchUp","Guardian:ShieldSpikes"],"picked":"hexamod:SwordOfDarkness+1","floor":23},{"not_picked":["hexamod:GhostflameInferno","hexamod:SearingWound","Guardian:RevengeProtocol"],"picked":"hexamod:FifthSeal","floor":26},{"not_picked":["hexamod:SecondSeal","hexamod:FirstSeal"],"picked":"hexamod:FourthSeal","floor":27},{"not_picked":["hexamod:Haunt","hexamod:SwordOfDarkness","Guardian:CrystalBeam"],"picked":"hexamod:EtherealExpedition","floor":27},{"not_picked":["hexamod:HauntingEcho","hexamod:CatchUp","hexamod:NightmareGuise","Guardian:CrystalBeam"],"picked":"SKIP","floor":28},{"not_picked":["hexamod:SpectralAdrenaline","hexamod:SpectralSpark","Guardian:GemFinder"],"picked":"hexamod:FastForward","floor":30},{"not_picked":["hexamod:Haunt+1","hexamod:FastForward","Guardian:TimeCapacitor"],"picked":"hexamod:SuperheatedStrike+1","floor":31},{"not_picked":["hexamod:Incineration","hexamod:HeatShield","hexamod:FourthSeal","Guardian:FierceBash"],"picked":"SKIP","floor":32},{"not_picked":["hexamod:GhostflameInferno","hexamod:VolcanoVisage","Guardian:ExploitGems"],"picked":"hexamod:HexaLevel","floor":33},{"not_picked":["hubris:SpiceAddiction","hexamod:GhostShield","hexamod:Hexaguard","Guardian:WalkerClaw"],"picked":"SKIP","floor":36},{"not_picked":["hexamod:FourthSeal","hexamod:Firestarter","hexamod:ThermalTransfer","Guardian:PolyBeam"],"picked":"SKIP","floor":37},{"not_picked":["hexamod:HeatCrush","hexamod:AdvancingGuard","Guardian:RollAttack"],"picked":"hubris:SpiceAddiction","floor":40},{"not_picked":["hexamod:SwordOfDarkness","hexamod:ThirdSeal","Guardian:PrismaticBarrier"],"picked":"hubris:SpiceAddiction","floor":42},{"not_picked":["hexamod:WildfireWeapon","hexamod:ApocalypticArmor","Guardian:TimeSifter"],"picked":"hexamod:ApocalypseNow","floor":44},{"not_picked":["hexamod:ShieldOfDarkness","hexamod:ThermalTransfer","Guardian:ShieldSpikes"],"picked":"hubris:SpiceAddiction","floor":49}],"player_experience":239988,"relics_obtained":[{"floor":7,"key":"Lantern"},{"floor":8,"key":"hubris:AstralHammer"},{"floor":12,"key":"Strawberry"},{"floor":24,"key":"White Beast Statue"},{"floor":26,"key":"Oddly Smooth Stone"},{"floor":29,"key":"hubris:Spice"},{"floor":44,"key":"hubris:Spice"}],"event_choices":[{"damage_healed":0,"gold_gain":0,"player_choice":"Ignored","damage_taken":0,"max_hp_gain":0,"max_hp_loss":0,"event_name":"NoteForYourself","floor":5,"gold_loss":0},{"damage_healed":0,"gold_gain":0,"player_choice":"Rummage","damage_taken":0,"relics_obtained":["WarpedTongs"],"max_hp_gain":0,"max_hp_loss":0,"event_name":"Accursed Blacksmith","floor":13,"gold_loss":0,"cards_obtained":["Pain"]}],"is_beta":false,"boss_relics":[{"not_picked":["Runic Dome","conspire:RunicOctahedron"],"picked":"hubris:ScarierMask"},{"not_picked":["Empty Cage","Tiny House"],"picked":"hubris:Spice"}],"items_purged_floors":[],"is_endless":false,"potions_floor_spawned":[2,6,9,12,15,22,26,27,28,29,30,31,32,33,36,37,40,42,44,49],"killed_by":"SI_POISON_ARCHETYPE","ascension_level":0}}