{"host":"0ueeacaatm8t6jyh","time":1611855798,"event":{"mods":["AchievementEnabler","BaseMod","Colored Powertips","Minty Spire (QoL Compilation)","Quick Restart","Rare Cards Sparkle","Shop Mod","StSLib"],"gold_per_floor":[117,117,117,42,55,55,86,86,132,132,152,152,167,196,196,33,33,33,110,110,121,131,56,76,76,90,118,133,133,133,151,151,66,66,80,80,80,151,151,165,58,73,23,0,18,18,18,18,34,59,127,127,138,167,167,177,177,177,177,177,177,177,17,43,43],"floor_reached":66,"language":"ZHS","playtime":2389,"items_purged":["Regret","Bash"],"score":3033,"play_id":"3f4240bd-a868-4cf3-ab21-5318d2e65c70","local_time":"20210129014318","is_ascension_mode":true,"campfire_choices":[{"data":"Strike_R","floor":6.0,"key":"PURGE"},{"data":"Strike_R","floor":8.0,"key":"PURGE"},{"data":"Strike_R","floor":10.0,"key":"PURGE"},{"data":"Armaments","floor":17.0,"key":"SMITH"},{"data":"Strike_R","floor":18.0,"key":"PURGE"},{"floor":34.0,"key":"REST"},{"floor":37.0,"key":"REST"},{"data":"Anger","floor":46.0,"key":"PURGE"},{"floor":52.0,"key":"RECALL"},{"data":"Sword Boomerang+1","floor":55.0,"key":"PURGE"},{"data":"Demon Form","floor":57.0,"key":"PURGE"},{"data":"Pummel","floor":58.0,"key":"PURGE"},{"data":"Burning Pact","floor":62.0,"key":"PURGE"}],"circlet_count":0,"master_deck":["AscendersBane","Second Wind","Body Slam","Feel No Pain","Armaments+1","Offering","Dark Embrace","Entrench","Impervious","Metallicize","Barricade","Entrench","Feel No Pain","Brutality","Power Through","Armaments+1"],"relics":["Burning Blood","NeowsBlessing","Mummified Hand","Peace Pipe","Omamori","Akabeko","Dream Catcher","Calling Bell","Strawberry","Sundial","Girya","Bird Faced Urn","Happy Flower","Pandora\u0027s Box","Smiling Mask","Red Mask","Bronze Scales","Pear","Bag of Preparation","Art of War","Magic Flower"],"acts_visited":["Exordium","TheCity","TheBeyond","TheEnding"],"potions_floor_usage":[65],"damage_taken":[{"damage":0.0,"enemies":"2 Louse","floor":1.0,"turns":1.0},{"damage":0.0,"enemies":"Cultist","floor":5.0,"turns":1.0},{"damage":0.0,"enemies":"3 Sentries","floor":7.0,"turns":2.0},{"damage":7.0,"enemies":"Small Slimes","floor":11.0,"turns":4.0},{"damage":11.0,"enemies":"3 Louse","floor":13.0,"turns":5.0},{"damage":8.0,"enemies":"Gremlin Nob","floor":14.0,"turns":3.0},{"damage":32.0,"enemies":"Hexaghost","floor":19.0,"turns":9.0},{"damage":6.0,"enemies":"Spheric Guardian","floor":21.0,"turns":3.0},{"damage":17.0,"enemies":"Shell Parasite","floor":22.0,"turns":4.0},{"damage":13.0,"enemies":"Sentry and Sphere","floor":24.0,"turns":4.0},{"damage":11.0,"enemies":"3 Cultists","floor":26.0,"turns":4.0},{"damage":30.0,"enemies":"Slavers","floor":27.0,"turns":3.0},{"damage":11.0,"enemies":"Shelled Parasite and Fungi","floor":28.0,"turns":3.0},{"damage":0.0,"enemies":"Gremlin Leader","floor":29.0,"turns":2.0},{"damage":19.0,"enemies":"Snecko","floor":31.0,"turns":5.0},{"damage":27.0,"enemies":"Sentry and Sphere","floor":35.0,"turns":8.0},{"damage":38.0,"enemies":"Champ","floor":38.0,"turns":9.0},{"damage":1.0,"enemies":"Orb Walker","floor":40.0,"turns":2.0},{"damage":7.0,"enemies":"3 Shapes","floor":42.0,"turns":4.0},{"damage":45.0,"enemies":"Transient","floor":45.0,"turns":6.0},{"damage":32.0,"enemies":"Writhing Mass","floor":49.0,"turns":3.0},{"damage":18.0,"enemies":"Sphere and 2 Shapes","floor":53.0,"turns":4.0},{"damage":19.0,"enemies":"Reptomancer","floor":54.0,"turns":5.0},{"damage":22.0,"enemies":"Maw","floor":56.0,"turns":4.0},{"damage":10.0,"enemies":"Time Eater","floor":59.0,"turns":5.0},{"damage":9.0,"enemies":"Awakened One","floor":60.0,"turns":4.0},{"damage":55,"enemies":"Shield and Spear","floor":64,"turns":5},{"damage":54,"enemies":"The Heart","floor":65,"turns":7}],"seed_played":"-6222609846903949083","potions_obtained":[{"floor":5.0,"key":"Energy Potion"},{"floor":12.0,"key":"Strength Potion"},{"floor":19.0,"key":"Ancient Potion"},{"floor":21.0,"key":"GamblersBrew"},{"floor":28.0,"key":"SmokeBomb"},{"floor":31.0,"key":"Weak Potion"},{"floor":35.0,"key":"Swift Potion"},{"floor":45.0,"key":"EssenceOfSteel"},{"floor":49.0,"key":"SmokeBomb"},{"floor":54.0,"key":"SteroidPotion"}],"is_trial":false,"path_per_floor":["M","?","?","$","M","R","E","R","T","R","M","?","M","E","?","$","R","R","B",null,"M","M","$","M","?","M","E","M","E","T","M","?","?","R","M","?","R","B",null,"M","?","M","$","?","M","R","?","$","M","T","T","R","M","E","R","M","R","R","B","B",null,"R","$","E","B",null],"character_chosen":"IRONCLAD","items_purchased":["Body Slam","Feel No Pain","Armaments","Dark Embrace","Art of War"],"campfire_rested":2,"item_purchase_floors":[16,16,16,23,63],"current_hp_per_floor":[74,56,56,56,62,62,68,68,68,68,67,67,62,60,56,56,56,56,30,71,71,60,60,53,53,48,24,23,31,31,26,26,26,50,33,33,57,33,70,77,77,81,81,81,52,52,52,52,38,38,48,48,44,45,45,43,43,43,51,60,84,84,84,47,20],"gold":43,"neow_bonus":"THREE_ENEMY_KILL","is_daily":false,"chose_seed":false,"campfire_upgraded":1,"win_rate":0.0,"timestamp":1611855798,"path_taken":["M","?","?","$","M","R","E","R","T","R","M","?","?","E","?","$","R","R","BOSS","M","M","$","?","?","M","E","M","E","T","M","?","?","R","?","?","R","BOSS","M","?","?","$","?","M","R","?","$","?","T","T","R","M","E","R","M","R","R","BOSS","BOSS","R","$","E","BOSS"],"items_purchased_type":["Card","Card","Card","Card","Relic"],"build_version":"2020-12-22","purchased_purges":2,"victory":true,"max_hp_per_floor":[75,75,75,75,75,75,75,75,75,75,75,75,75,75,75,75,75,75,75,82,82,82,82,82,82,82,82,82,82,82,82,82,82,82,82,82,82,82,82,82,82,82,82,82,82,82,82,82,82,82,92,92,92,92,92,92,92,92,92,92,92,92,92,92,92],"card_choices":[{"not_picked":["Flex","Wild Strike"],"picked":"Pummel","floor":1.0},{"not_picked":["Havoc","Wild Strike"],"picked":"Second Wind","floor":5.0},{"not_picked":["Twin Strike","Fire Breathing"],"picked":"Demon Form","floor":7.0},{"not_picked":["Searing Blow","Wild Strike"],"picked":"Dual Wield","floor":13.0},{"not_picked":["Wild Strike","Dual Wield","Iron Wave"],"picked":"SKIP","floor":14.0},{"not_picked":["Double Tap","Juggernaut"],"picked":"Offering","floor":19.0},{"not_picked":["Havoc","Perfected Strike","Second Wind"],"picked":"SKIP","floor":21.0},{"not_picked":["Wild Strike","Rampage"],"picked":"Sword Boomerang+1","floor":22.0},{"not_picked":["Pommel Strike","Headbutt","Clash"],"picked":"SKIP","floor":24.0},{"not_picked":["Warcry","True Grit","Thunderclap"],"picked":"SKIP","floor":26.0},{"not_picked":["Havoc","Shrug It Off"],"picked":"Impervious","floor":27.0},{"not_picked":["Shrug It Off","Cleave"],"picked":"Metallicize","floor":28.0},{"not_picked":["Wild Strike","True Grit","Thunderclap"],"picked":"SKIP","floor":31.0},{"not_picked":["Pommel Strike","Headbutt","Intimidate"],"picked":"SKIP","floor":35.0},{"not_picked":["Reaper","Corruption"],"picked":"Barricade","floor":38.0},{"not_picked":["Warcry","Wild Strike"],"picked":"Power Through","floor":40.0},{"not_picked":["Blood for Blood","Entrench+1","Power Through+1"],"picked":"SKIP","floor":42.0},{"not_picked":["Anger","Fire Breathing","Spot Weakness"],"picked":"SKIP","floor":45.0},{"not_picked":["Dual Wield","Clothesline","Entrench"],"picked":"SKIP","floor":49.0},{"not_picked":["Infernal Blade","Whirlwind","Dropkick+1"],"picked":"SKIP","floor":53.0},{"not_picked":["Dropkick","Cleave","Exhume"],"picked":"SKIP","floor":54.0},{"not_picked":["Intimidate","Cleave+1","Twin Strike"],"picked":"SKIP","floor":56.0},{"not_picked":["Rage","Perfected Strike","Flex+1"],"picked":"SKIP","floor":64}],"player_experience":483345,"relics_obtained":[{"floor":7.0,"key":"Omamori"},{"floor":9.0,"key":"Akabeko"},{"floor":14.0,"key":"Dream Catcher"},{"floor":20.0,"key":"Strawberry"},{"floor":20.0,"key":"Sundial"},{"floor":20.0,"key":"Girya"},{"floor":27.0,"key":"Bird Faced Urn"},{"floor":50.0,"key":"Bronze Scales"},{"floor":51.0,"key":"Pear"},{"floor":54.0,"key":"Bag of Preparation"},{"floor":64,"key":"Magic Flower"}],"event_choices":[{"damage_healed":0.0,"max_hp_gain":0.0,"max_hp_loss":0.0,"gold_gain":0.0,"event_name":"Scrap Ooze","player_choice":"Success","floor":2.0,"gold_loss":0.0,"damage_taken":18.0,"relics_obtained":["Mummified Hand"]},{"damage_healed":0.0,"max_hp_gain":0.0,"max_hp_loss":0.0,"gold_gain":0.0,"event_name":"Big Fish","player_choice":"Box","floor":3.0,"gold_loss":0.0,"damage_taken":0.0,"relics_obtained":["Peace Pipe"],"cards_obtained":["Regret"]},{"damage_healed":0.0,"max_hp_gain":0.0,"max_hp_loss":0.0,"gold_gain":0.0,"event_name":"Lab","player_choice":"Got Potions","floor":12.0,"gold_loss":0.0,"damage_taken":0.0},{"damage_healed":0.0,"max_hp_gain":0.0,"max_hp_loss":0.0,"gold_gain":0.0,"event_name":"The Woman in Blue","player_choice":"Bought 0 Potions","floor":15.0,"gold_loss":0.0,"damage_taken":0.0},{"damage_healed":0.0,"max_hp_gain":0.0,"max_hp_loss":0.0,"gold_gain":0.0,"cards_transformed":["Dual Wield","Strike_R"],"event_name":"Drug Dealer","player_choice":"Became Test Subject","floor":25.0,"gold_loss":0.0,"damage_taken":0.0,"cards_obtained":["Entrench","Anger"]},{"damage_healed":0.0,"max_hp_gain":0.0,"max_hp_loss":0.0,"gold_gain":0.0,"event_name":"Ghosts","player_choice":"Ignored","floor":32.0,"gold_loss":0.0,"damage_taken":0.0},{"damage_healed":0.0,"max_hp_gain":0.0,"max_hp_loss":0.0,"gold_gain":0.0,"event_name":"Addict","player_choice":"Obtained Relic","floor":33.0,"gold_loss":85.0,"damage_taken":0.0,"relics_obtained":["Happy Flower"]},{"damage_healed":0.0,"max_hp_gain":0.0,"max_hp_loss":0.0,"gold_gain":0.0,"event_name":"Vampires","player_choice":"Ignored","floor":36.0,"gold_loss":0.0,"damage_taken":0.0},{"damage_healed":0.0,"max_hp_gain":0.0,"max_hp_loss":0.0,"gold_gain":0.0,"event_name":"WeMeetAgain","player_choice":"Paid Gold","floor":41.0,"gold_loss":107.0,"damage_taken":0.0,"relics_obtained":["Smiling Mask"]},{"damage_healed":0.0,"max_hp_gain":0.0,"max_hp_loss":0.0,"gold_gain":0.0,"event_name":"Tomb of Lord Red Mask","player_choice":"Paid","floor":44.0,"gold_loss":23.0,"damage_taken":0.0,"relics_obtained":["Red Mask"]},{"damage_healed":0.0,"max_hp_gain":0.0,"max_hp_loss":0.0,"gold_gain":0.0,"event_name":"Duplicator","player_choice":"Copied","floor":47.0,"gold_loss":0.0,"damage_taken":0.0,"cards_obtained":["Armaments"]}],"is_beta":false,"boss_relics":[{"not_picked":["Tiny House","Mark of Pain"],"picked":"Calling Bell"},{"not_picked":["Philosopher\u0027s Stone","Snecko Eye"],"picked":"Pandora\u0027s Box"}],"items_purged_floors":[4,43],"is_endless":false,"potions_floor_spawned":[5,13,19,21,24,26,28,31,35,45,49,53,54],"ascension_level":20}}