{"host":"z9grmtg2w0nmz8n1","time":1611839946,"event":{"mods":["Aspiration","BaseMod","Better Altar","Better Match","Better Note","Better Sensory Stone","Better Skull","Better Third Choice","BetterRewards","CCEM2","Clawfect","Colored Map","Conspire","GifTheSpireLib","Halation","Highlight Path","Hubris","Hunter ??","Jedi Mod","Minty Spire (QoL Compilation)","Permanent Neow","Reliquary","Replay The Spire","Shop Mod","Spicy Shops","StSLib","Stuff the Spire","The Administrix","The Blackbeard","The Runesmith","The Servant 0.9.4"],"gold_per_floor":[119,119,50,67,67,142,142,173,173,173,203,221,221,221,221,236,236],"floor_reached":16,"language":"ENG","playtime":800,"items_purged":[],"score":122,"play_id":"ed4e2686-a36b-4601-9533-5ace1dbf5ebe","local_time":"20210128111906","is_ascension_mode":true,"campfire_choices":[{"floor":7,"key":"REST"},{"floor":10,"key":"REST"},{"floor":13,"key":"REST"},{"floor":15,"key":"RECALL"}],"circlet_count":0,"master_deck":["Runesmith:Strike_RS","Runesmith:Strike_RS","Runesmith:Defend_RS","Runesmith:Defend_RS","Runesmith:Defend_RS","Runesmith:Defend_RS","Runesmith:CraftFirestone","Runesmith:Fortify","Runesmith:ChiselStab","Runesmith:Firestorm","Languid","Runesmith:PoweredAnvil","Runesmith:Grindstone","Runesmith:EarthShield"],"relics":["Runesmith:BrokenRuby","ReplayTheSpireMod:Ring of Challenge","halation:TwoAmDonut","Runesmith:EmergencyProvisions","Lantern","Letter Opener"],"acts_visited":["Exordium"],"potions_floor_usage":[6,8],"damage_taken":[{"damage":0,"enemies":"Jaw Worm","floor":1,"turns":4},{"damage":0,"enemies":"2 Louse","floor":4,"turns":3},{"damage":24,"enemies":"Lagavulin","floor":6,"turns":10},{"damage":33,"enemies":"Gremlin Nob","floor":8,"turns":6},{"damage":36,"enemies":"Lagavulin","floor":11,"turns":8},{"damage":3,"enemies":"Small Slimes","floor":12,"turns":5},{"damage":30,"enemies":"Hexaghost","floor":16,"turns":12}],"seed_played":"-7052614190266954555","potions_obtained":[{"floor":1,"key":"Elixir"},{"floor":6,"key":"Adrenaline Potion"},{"floor":12,"key":"Explosive Potion"}],"is_trial":false,"path_per_floor":["M","?","$","M","?","E","R","E","T","R","E","M","R","T","R","B"],"character_chosen":"RUNESMITH_CLASS","items_purchased":["Runesmith:Firestorm"],"campfire_rested":3,"item_purchase_floors":[3],"current_hp_per_floor":[70,63,63,63,63,39,60,27,27,48,12,9,30,30,30,0,0],"gold":236,"neow_bonus":"REMOVE_CARD","is_daily":false,"chose_seed":false,"campfire_upgraded":0,"win_rate":0.0,"timestamp":1611839946,"path_taken":["M","?","$","M","?","E","R","E","T","R","E","M","R","?","R","BOSS"],"items_purchased_type":["Card"],"build_version":"2020-12-22","purchased_purges":0,"victory":false,"max_hp_per_floor":[70,70,70,70,70,70,70,70,70,70,70,70,70,70,70,70,70],"card_choices":[{"not_picked":["Runesmith:ElementalConversion","Runesmith:HammerTime"],"picked":"Runesmith:ChiselStab","floor":1},{"not_picked":["Runesmith:Augment","Runesmith:Overpower","Runesmith:HeatedChisel"],"picked":"SKIP","floor":4},{"not_picked":["Runesmith:NegativeSpace","Runesmith:CraftSpiculum"],"picked":"Runesmith:PoweredAnvil","floor":6},{"not_picked":["Runesmith:Electrocute","Runesmith:UnstableHammer","Runesmith:Repurpose"],"picked":"SKIP","floor":8},{"not_picked":["Runesmith:Attraction","Runesmith:StaticCage"],"picked":"Runesmith:Grindstone","floor":11},{"not_picked":["Runesmith:Retool","Runesmith:ShiftingStrike"],"picked":"Runesmith:EarthShield","floor":12}],"player_experience":858737,"relics_obtained":[{"floor":5,"key":"ReplayTheSpireMod:Ring of Challenge"},{"floor":6,"key":"halation:TwoAmDonut"},{"floor":8,"key":"Runesmith:EmergencyProvisions"},{"floor":11,"key":"Lantern"},{"floor":14,"key":"Letter Opener"}],"event_choices":[{"cards_removed":["Runesmith:Strike_RS"],"damage_healed":0,"gold_gain":0,"player_choice":"Card Removal","damage_taken":7,"max_hp_gain":0,"max_hp_loss":0,"event_name":"Golden Wing","floor":2,"gold_loss":0}],"is_beta":false,"boss_relics":[],"items_purged_floors":[],"is_endless":false,"potions_floor_spawned":[1,6,12],"killed_by":"Hexaghost","ascension_level":1}}