{"host":"emut9mh212kd9b86","time":1611805629,"event":{"mods":["ATMod(°¢èªMod)","Act Like it!","Arknights The Spire","BaseMod","Lobotomy","Minty Spire (QoL Compilation)","MostiFishMod","Shop Mod","Spicy Shops","StSLib","TestMod","¡¾ÒÅÎï¿¨ÅÆ¡¿REMEMod"],"gold_per_floor":[112,130,142,156,167,196,196,231,285,299,316,341,357,387,387,484,484,502,601,56,456,371,400,400,413,436,467,479,496,538,344,344,449,449,476,476,220,237,252,284,284,318,318,318,335,362,272,300,300,300,300,300,2,36,61],"floor_reached":56,"language":"ZHS","playtime":2460,"items_purged":["ats:Strike V+1","ats:Strike C+1","ats:Defend+1","ats:Defend+1"],"score":3686,"play_id":"dcfb79ce-8866-4dcb-8f22-f7eec6d91a6f","local_time":"20210128114709","is_ascension_mode":true,"campfire_choices":[{"floor":7,"key":"RECALL"},{"floor":15,"key":"REST"},{"data":"ats:Wolf Pack","floor":24,"key":"SMITH"},{"data":"ats:Durian","floor":32,"key":"SMITH"},{"floor":41,"key":"DIG"},{"floor":44,"key":"DIG"},{"floor":49,"key":"DIG"},{"floor":52,"key":"DIG"}],"circlet_count":0,"master_deck":["ats:Armor Crushing Shot+1","ats:Defend+1","ats:Emotion Absorption+1","Glass Knife+1","AT_FocusSwordFire+1","ats:Blood Oath+1","ats:Blood Oath+1","ats:Wolf Pack+1","ats:Wolf Pack+1","ats:Sashimi Platter+1","ats:Durian+1","ats:Wolf Pack+1","REME_FirmDetermination+1","ats:Wolf Pack+1","ats:Overload+1","AT_EmpoweredMortalDraw+1","ats:Part Time Job+1"],"relics":["ats:Sanity","DaveBox","AT_ATBox","REME_ComplimentaryCards","DSteel32","testmod-Prudence","CogitoBucket","SynthV:TestCard","ats:Originium","REME_LimitBreaker","InkBottle","testmod-LifeArmor","Theresia","testmod-ArcanaOfDestiny","Vajra","ShadowXiaoBlade","LuminousBracelet","MerchantsRug","Bag of Marbles","MostiFishMod:AdaptiveDefenses","Ornamental Fan","ImprovedEquipment","AtMidnight","ChangeAnything","Shuriken","REME_CardOfGreed","Lantern","Shovel","testmod-Fortitude","Smiling Mask","Mercury Hourglass","Gremlin Horn","Molten Egg 2","Art of War","Bronze Scales","AT_SilvercatRing","AT_TimeSand","AT_MibuBalloonWealth"],"acts_visited":["Exordium","TheCity","TheBeyond","TheEnding"],"potions_floor_usage":[6,12,12,20],"damage_taken":[{"damage":1,"enemies":"Cultist","floor":1,"turns":3},{"damage":2,"enemies":"Jaw Worm","floor":2,"turns":3},{"damage":0,"enemies":"Small Slimes","floor":3,"turns":3},{"damage":7,"enemies":"Looter","floor":4,"turns":3},{"damage":8,"enemies":"Blue Slaver","floor":5,"turns":3},{"damage":20,"enemies":"Lagavulin","floor":6,"turns":3},{"damage":32,"enemies":"3 Sentries","floor":8,"turns":8},{"damage":2,"enemies":"Large Slime","floor":10,"turns":7},{"damage":0,"enemies":"3 Louse","floor":11,"turns":5},{"damage":16,"enemies":"Lagavulin","floor":12,"turns":5},{"damage":0,"enemies":"2 Fungi Beasts","floor":13,"turns":2},{"damage":0,"enemies":"Slime Boss","floor":16,"turns":2},{"damage":34,"enemies":"2 Thieves","floor":18,"turns":4},{"damage":0,"enemies":"Slavers","floor":23,"turns":3},{"damage":0,"enemies":"Chosen","floor":25,"turns":1},{"damage":0,"enemies":"Book of Stabbing","floor":27,"turns":3},{"damage":0,"enemies":"Centurion and Healer","floor":28,"turns":2},{"damage":0,"enemies":"Cultist and Chosen","floor":29,"turns":3},{"damage":1,"enemies":"Gremlin Leader","floor":30,"turns":2},{"damage":16,"enemies":"Automaton","floor":33,"turns":2},{"damage":16,"enemies":"Orb Walker","floor":35,"turns":2},{"damage":0,"enemies":"3 Shapes","floor":38,"turns":2},{"damage":15,"enemies":"Sphere and 2 Shapes","floor":39,"turns":2},{"damage":15,"enemies":"Nemesis","floor":40,"turns":3},{"damage":0,"enemies":"Giant Head","floor":42,"turns":3},{"damage":15,"enemies":"Maw","floor":45,"turns":2},{"damage":0,"enemies":"Nemesis","floor":46,"turns":2},{"damage":5,"enemies":"Giant Head","floor":48,"turns":1},{"damage":5,"enemies":"Awakened One","floor":50,"turns":2},{"damage":0,"enemies":"Shield and Spear","floor":54,"turns":2},{"damage":10,"enemies":"The Heart","floor":55,"turns":4}],"seed_played":"-1149315441797717620","potions_obtained":[{"floor":1,"key":"Energy Potion"},{"floor":6,"key":"SneckoOil"},{"floor":10,"key":"EssenceOfSteel"},{"floor":11,"key":"Regen Potion"},{"floor":13,"key":"SkillPotion"},{"floor":16,"key":"EntropicBrew"},{"floor":23,"key":"Explosive Potion"},{"floor":29,"key":"LiquidBronze"},{"floor":30,"key":"SteroidPotion"},{"floor":39,"key":"LiquidBronze"},{"floor":45,"key":"Fire Potion"},{"floor":54,"key":"Block Potion"}],"is_trial":false,"path_per_floor":["M","M","M","M","M","E","R","E","T","M","M","E","M","?","R","B",null,"M","?","$","?","?","E","R","M","T","E","M","M","E","$","R","B",null,"M","?","$","M","M","E","R","E","T","R","M","E","?","E","R","B",null,"R","$","E","B",null],"character_chosen":"DOCTOR_CLASS","items_purchased":["MerchantsRug","Bag of Marbles","MostiFishMod:AdaptiveDefenses","Fruit Juice","REME_CardOfGreed","Lantern","Shovel","REME_FirmDetermination","AT_EmpoweredMortalDraw+1"],"campfire_rested":1,"item_purchase_floors":[20,20,20,20,31,37,37,37,53],"current_hp_per_floor":[64,62,62,55,50,33,33,7,7,20,33,44,44,44,65,68,71,60,60,65,65,65,75,75,75,75,80,80,82,82,82,82,77,81,67,57,57,81,66,65,65,82,82,82,82,82,82,82,82,77,81,81,81,82,82],"gold":61,"neow_bonus":"","is_daily":false,"chose_seed":false,"campfire_upgraded":2,"win_rate":0.0,"timestamp":1611805629,"path_taken":["M","M","M","?","?","E","R","E","T","M","M","E","M","?","R","BOSS","M","?","$","?","?","E","R","M","T","E","M","M","E","$","R","BOSS","M","?","$","M","M","E","R","E","T","R","M","E","?","E","R","BOSS","R","$","E","BOSS"],"items_purchased_type":["Relic","Relic","Relic","Potion","Relic","Card","Relic","Card","Card"],"build_version":"2020-12-22","purchased_purges":4,"victory":true,"max_hp_per_floor":[72,72,72,72,72,72,72,72,72,72,72,72,72,72,72,72,72,87,87,92,92,92,92,92,92,92,92,92,82,82,82,82,82,82,82,82,82,82,82,82,82,82,82,82,82,82,82,82,82,82,82,82,82,82,82],"card_choices":[{"not_picked":["ats:Flexible Camouflage","ats:Closed Bolt Burst Fire","ats:Poison Spread"],"picked":"SKIP","floor":1},{"not_picked":["ats:Echo Reverb","ats:Closed Bolt Burst Fire","ats:Sword Rain","ats:Defend Order","ats:Absolute Focus"],"picked":"SKIP","floor":2},{"not_picked":["ats:Closed Bolt Burst Fire","ats:Consecutive Shot Auto","ats:Sunburst","ats:Apocalypse","ats:Very Hot Blade"],"picked":"SKIP","floor":3},{"not_picked":["ats:Revitalization","ats:Sword Rain","ats:Guardian Obelisk","ats:Neurotoxin"],"picked":"ats:Blood Oath","floor":4},{"not_picked":["ats:Ignite","ats:Leaping Hammer","ats:Sword Rain","ats:Shadow Raid","ats:Soul Absorption"],"picked":"SKIP","floor":5},{"not_picked":["ats:Literary Storm","ats:Red Shift","ats:Revitalization","ats:Curse Doll","ats:Thermite Blade"],"picked":"SKIP","floor":6},{"not_picked":["ats:Closed Bolt Burst Fire","ats:Flexible Camouflage","ats:Leaping Hammer","ats:Shell Defense"],"picked":"ats:Blood Oath","floor":8},{"not_picked":["ats:Chain Hook","ats:Flexible Camouflage","ats:Roar Of Ursus","ats:Absolute Focus","ats:Curse Doll"],"picked":"SKIP","floor":10},{"not_picked":["ats:Burning Ground","ats:Fractured Body","ats:Poison Spread","ats:Composite Medical Shells"],"picked":"ats:Hammer On","floor":11},{"not_picked":["ats:Composite Medical Shells","ats:Absolute Focus","ats:Apocalypse","ats:Sword Rain","ats:Healing Strengthening"],"picked":"SKIP","floor":12},{"not_picked":["ats:Absolute Focus","ats:Phantom","ats:Thermite Blade","ats:Leaping Hammer","ats:Cat Scratch"],"picked":"SKIP","floor":13},{"not_picked":["ats:Dogmatic Field","ats:Nebulous Foxfire","ats:Calcification","ats:Roar Of Ursus"],"picked":"ats:Wolf Pack","floor":16},{"not_picked":["ats:Cat Scratch","ats:Hook Shot+1","ats:Leaping Hammer","ats:Very Hot Blade","ats:Mental Burst+1"],"picked":"SKIP","floor":18},{"not_picked":["ats:Shell Defense","ats:Flexible Camouflage+1","ats:Hammer On","ats:Consecutive Shot Auto","ats:Directed Diagnosis+1"],"picked":"SKIP","floor":23},{"not_picked":["ats:Overload","ats:Healing Drone","ats:Revitalization+1","ats:Defend Order+1"],"picked":"ats:Wolf Pack","floor":25},{"not_picked":["ats:Fractured Body","ats:Hammer On","ats:Roar Of Ursus","ats:Red Shift+1","ats:Assault Order+1"],"picked":"SKIP","floor":27},{"not_picked":["ats:Absolute Focus","ats:Healing Drone","ats:Apocalypse","ats:Blood Oath"],"picked":"ats:Sashimi Platter","floor":28},{"not_picked":["ats:Ignite+1","ats:Defend Order+1","ats:Explosion Area Strengthen","ats:Blood Oath","ats:Very Hot Blade+1"],"picked":"SKIP","floor":29},{"not_picked":["ats:Ignite","ats:Hammer On","ats:Absolute Focus","ats:Part Time Job"],"picked":"ats:Durian","floor":30},{"not_picked":["ats:Shadow Assault","ats:Calcification","ats:True Silver Slash","ats:Ambush"],"picked":"ats:Wolf Pack","floor":33},{"not_picked":["ats:Cat Scratch","ats:Blood Oath","ats:Consecutive Shot Auto","ats:Poison Spread+1","ats:Leaping Hammer+1"],"picked":"SKIP","floor":35},{"not_picked":["PunishingBird","HeroicMonk","BeautyBeast"],"picked":"Singing Bowl","floor":38},{"not_picked":["ats:Sashimi Platter+1","ats:Burning Ground","ats:Apocalypse+1","ats:Blood Oath"],"picked":"ats:Wolf Pack","floor":38},{"not_picked":["ats:Ignite+1","ats:Shell Defense+1","ats:Steam Pump","ats:Red Shift+1","ats:Hook Shot"],"picked":"SKIP","floor":39},{"not_picked":["ats:Explosion Area Strengthen","ats:Consecutive Shot Auto+1","ats:Assault Order+1","ats:Cat Scratch","ats:Leaping Hammer"],"picked":"SKIP","floor":40},{"not_picked":["ats:Part Time Job","ats:Magnetic Hammer","ats:Apocalypse+1","ats:Guard Mode","ats:Closed Bolt Burst Fire+1"],"picked":"SKIP","floor":42},{"not_picked":["ats:Revitalization","ats:Guardian Obelisk+1","ats:Encircling Forest","ats:Sword Rain+1"],"picked":"ats:Overload+1","floor":45},{"not_picked":["ats:Assault Order","ats:Cat Scratch+1","ats:Ambush","ats:Poison Spread+1","ats:Literary Storm+1"],"picked":"SKIP","floor":46},{"not_picked":["ats:Guard Mode","ats:Durian","ats:Hammer On+1","ats:Phantom+1","ats:Serious Mode+1"],"picked":"SKIP","floor":48},{"not_picked":["ats:Ambush","ats:Charging Defense+1","ats:Shell Defense","ats:Echo Reverb"],"picked":"ats:Part Time Job+1","floor":54}],"player_experience":345418,"relics_obtained":[{"floor":1,"key":"SynthV:TestCard"},{"floor":6,"key":"ats:Originium"},{"floor":6,"key":"REME_LimitBreaker"},{"floor":8,"key":"ats:Originium"},{"floor":8,"key":"InkBottle"},{"floor":9,"key":"testmod-LifeArmor"},{"floor":12,"key":"testmod-ArcanaOfDestiny"},{"floor":12,"key":"ats:Originium"},{"floor":23,"key":"ats:Originium"},{"floor":23,"key":"Ornamental Fan"},{"floor":27,"key":"ImprovedEquipment"},{"floor":29,"key":"AtMidnight"},{"floor":30,"key":"Shuriken"},{"floor":40,"key":"testmod-Fortitude"},{"floor":41,"key":"Smiling Mask"},{"floor":42,"key":"Mercury Hourglass"},{"floor":43,"key":"Gremlin Horn"},{"floor":44,"key":"Molten Egg 2"},{"floor":46,"key":"Art of War"},{"floor":48,"key":"Bronze Scales"},{"floor":49,"key":"AT_SilvercatRing"},{"floor":52,"key":"AT_TimeSand"},{"floor":54,"key":"AT_MibuBalloonWealth"}],"event_choices":[{"damage_healed":0,"gold_gain":30,"player_choice":"Searched \u00273\u0027 times","damage_taken":0,"relics_obtained":["Vajra"],"max_hp_gain":0,"max_hp_loss":0,"event_name":"Dead Adventurer","floor":14,"gold_loss":0},{"damage_healed":0,"gold_gain":99,"player_choice":"Stole From Cult","damage_taken":0,"max_hp_gain":0,"max_hp_loss":0,"event_name":"Nest","floor":19,"gold_loss":0},{"damage_healed":0,"gold_gain":400,"player_choice":"Sell","damage_taken":0,"max_hp_gain":0,"max_hp_loss":0,"event_name":"¶÷ÂåË¹µÄÅÌ×Ó","floor":21,"relics_lost":["testmod-TestBox"],"gold_loss":0},{"damage_healed":0,"gold_gain":0,"player_choice":"Obtained Relic","damage_taken":0,"relics_obtained":["Pocketwatch"],"max_hp_gain":0,"max_hp_loss":0,"event_name":"Addict","floor":22,"gold_loss":85},{"damage_healed":0,"gold_gain":0,"player_choice":"Memory 3","damage_taken":10,"max_hp_gain":0,"max_hp_loss":0,"event_name":"SensoryStone","floor":36,"gold_loss":0},{"cards_removed":["ats:Defend"],"damage_healed":0,"gold_gain":0,"player_choice":"Removal","damage_taken":0,"max_hp_gain":0,"max_hp_loss":0,"event_name":"Designer","floor":47,"gold_loss":90}],"is_beta":false,"boss_relics":[{"not_picked":["HereWithMe","testmod-Fanaticism"],"picked":"ShadowXiaoBlade"},{"not_picked":["HaiYi:Twilight","testmod-StringDisintegrator"],"picked":"testmod-KeyOfTheVoid"}],"items_purged_floors":[20,31,37,53],"is_endless":false,"potions_floor_spawned":[1,6,10,11,13,16,23,29,30,39,45,48,54],"ascension_level":8}}