{"host":"0lnbgkridwifzojt","time":1611823005,"event":{"mods":["BaseMod","Minty Spire (QoL Compilation)","StSLib","The Bug Knight"],"gold_per_floor":[111,127,127,137,147,177,193,193,220,252,252,266,266,366,366,467,467,480,500,517,38,38,38,63,63,63,13,28,28,48,59,59,154,154,169,179,192,42,42,42,70,87,87,87,115,115,165,15,15,15,15],"floor_reached":50,"language":"ENG","playtime":16050,"items_purged":["HollowMod:QuickDashStart","HollowMod:NailStrikeStart"],"score":504,"play_id":"fd24803b-b52a-43c3-8cb1-06d495bed91b","local_time":"20210128003645","is_ascension_mode":false,"campfire_choices":[{"data":"HollowMod:SoulStrike","floor":11.0,"key":"SMITH"},{"data":"HollowMod:SoulShaman","floor":13.0,"key":"SMITH"},{"data":"HollowMod:AwokenDreamNail","floor":15.0,"key":"SMITH"},{"data":"HollowMod:DashSlash","floor":23.0,"key":"SMITH"},{"data":"HollowMod:ChannelNail","floor":25.0,"key":"SMITH"},{"data":"HollowMod:PureNailStrike","floor":32.0,"key":"SMITH"},{"data":"HollowMod:HornetsHelp","floor":40,"key":"SMITH"},{"floor":44,"key":"RECALL"},{"floor":46,"key":"REST"},{"data":"HollowMod:CrystalDash","floor":49,"key":"SMITH"}],"circlet_count":0,"master_deck":["HollowMod:NailStrikeStart","HollowMod:NailStrikeStart","HollowMod:QuickDashStart","HollowMod:FocusHealStart+1","HollowMod:PogoStrike","HollowMod:AwokenDreamNail+1","HollowMod:DesolateDive+1","HollowMod:NewJinnsSoul","Flying Knee","HollowMod:PureNailStrike+1","HollowMod:SoulStrike+1","HollowMod:SoulShaman+1","HollowMod:ChannelNail+1","HollowMod:DashSlash+1","HollowMod:AwokenDreamNail","HollowMod:CrystalDash+1","HollowMod:LifebloodCocoon+1","HollowMod:ShapeofUnn+1","HollowMod:ChannelNail+1","HollowMod:SoulSplash+1","HollowMod:HornetsHelp+1","HollowMod:DoubleDash+1","HollowMod:SoulSplash+1","HollowMod:CornifersMapStart+1"],"relics":["HollowMod:VesselMask","Centennial Puzzle","Strawberry","Busted Crown","Oddly Smooth Stone","Toxic Egg 2","Akabeko","Blood Vial","Empty Cage","Mercury Hourglass","CeramicFish","TungstenRod","HollowMod:StagPassRelic"],"acts_visited":["Exordium","TheCity","TheBeyond"],"potions_floor_usage":[37,50,50,50,50],"damage_taken":[{"damage":5.0,"enemies":"Small Slimes","floor":1.0,"turns":4.0},{"damage":0.0,"enemies":"Cultist","floor":2.0,"turns":4.0},{"damage":1.0,"enemies":"2 Louse","floor":4.0,"turns":4.0},{"damage":0.0,"enemies":"Looter","floor":5.0,"turns":3.0},{"damage":14.0,"enemies":"Gremlin Nob","floor":6.0,"turns":3.0},{"damage":9.0,"enemies":"Gremlin Gang","floor":7.0,"turns":4.0},{"damage":18.0,"enemies":"HollowMod:MossKnight","floor":10.0,"turns":7.0},{"damage":2.0,"enemies":"Blue Slaver","floor":12.0,"turns":3.0},{"damage":43.0,"enemies":"The Guardian","floor":16.0,"turns":8.0},{"damage":0.0,"enemies":"3 Byrds","floor":18.0,"turns":3.0},{"damage":11.0,"enemies":"Chosen","floor":19.0,"turns":5.0},{"damage":3.0,"enemies":"Sentry and Sphere","floor":20.0,"turns":4.0},{"damage":38.0,"enemies":"HollowMod:Nosk","floor":24.0,"turns":6.0},{"damage":0.0,"enemies":"Cultist and Chosen","floor":28.0,"turns":5.0},{"damage":1.0,"enemies":"Snake Plant","floor":30.0,"turns":3.0},{"damage":8.0,"enemies":"Centurion and Healer","floor":31.0,"turns":4.0},{"damage":35.0,"enemies":"Automaton","floor":33.0,"turns":9.0},{"damage":2,"enemies":"3 Shapes","floor":35,"turns":3},{"damage":9,"enemies":"Orb Walker","floor":36,"turns":4},{"damage":17,"enemies":"Transient","floor":37,"turns":5},{"damage":43,"enemies":"Reptomancer","floor":41,"turns":16},{"damage":1,"enemies":"3 Darklings","floor":42,"turns":3},{"damage":17,"enemies":"Writhing Mass","floor":45,"turns":5},{"damage":5,"enemies":"Mind Bloom Boss Battle","floor":47,"turns":6},{"damage":72,"enemies":"Donu and Deca","floor":50,"turns":10}],"seed_played":"-7350145500244013746","potions_obtained":[{"floor":2.0,"key":"SpeedPotion"},{"floor":4.0,"key":"Swift Potion"},{"floor":7.0,"key":"CultistPotion"},{"floor":16.0,"key":"Fire Potion"},{"floor":18.0,"key":"SkillPotion"},{"floor":24.0,"key":"LiquidMemories"},{"floor":31.0,"key":"Ancient Potion"},{"floor":36,"key":"AttackPotion"},{"floor":41,"key":"Strength Potion"},{"floor":47,"key":"EntropicBrew"}],"is_trial":false,"path_per_floor":["M","M","?","M","M","E","M","?","T","E","R","M","R","?","R","B",null,"M","M","M","$","?","R","E","R","T","$","M","$","M","M","R","B",null,"M","M","M","$","?","R","E","M","T","R","M","R","?","?","R","B"],"character_chosen":"THE_BUGKNIGHT","items_purchased":["Oddly Smooth Stone","Toxic Egg 2","HollowMod:SoulSplash+1","HollowMod:DoubleDash+1"],"campfire_rested":1,"item_purchase_floors":[21,21,27,38],"current_hp_per_floor":[75,75,75,75,75,61,58,43,43,44,44,52,52,52,52,19,82,82,77,79,79,79,79,47,47,47,47,55,55,62,66,66,33,82,80,79,65,65,65,65,34,41,41,41,32,56,59,59,59,0,0],"gold":15,"neow_bonus":"ONE_RANDOM_RARE_CARD","is_daily":false,"chose_seed":false,"campfire_upgraded":8,"win_rate":0.0,"timestamp":1611823005,"path_taken":["M","M","?","M","M","E","?","?","T","E","R","M","R","?","R","BOSS","M","M","?","$","?","R","E","R","T","$","M","$","?","M","R","BOSS","M","M","M","$","?","R","E","M","T","R","M","R","?","?","R","BOSS"],"items_purchased_type":["Relic","Relic","Card","Card"],"build_version":"2020-12-22","purchased_purges":2,"victory":false,"max_hp_per_floor":[75,75,75,75,75,75,75,75,75,82,82,82,82,82,82,82,82,82,82,82,82,82,82,82,82,82,82,82,82,82,82,82,82,82,82,82,82,82,82,82,82,82,82,82,82,82,82,82,82,82,82],"card_choices":[{"not_picked":["HollowMod:CloakDash","HollowMod:CycloneSlash"],"picked":"HollowMod:DesolateDive","floor":1.0},{"not_picked":["HollowMod:DescendingDark","HollowMod:InfectedCysts"],"picked":"HollowMod:NewJinnsSoul","floor":2.0},{"not_picked":["HollowMod:NewJinnsSoul","HollowMod:HuntersJournal"],"picked":"HollowMod:PureNailStrike","floor":4.0},{"not_picked":["HollowMod:TaintedHusks","HollowMod:DesolateDive"],"picked":"HollowMod:SoulStrike","floor":5.0},{"not_picked":["HollowMod:AbyssShriek","HollowMod:DoubleDash"],"picked":"HollowMod:SoulShaman","floor":6.0},{"not_picked":["HollowMod:DescendingDark","HollowMod:BlackTendrils"],"picked":"HollowMod:ChannelNail","floor":7.0},{"not_picked":["HollowMod:HeavyBlow","HollowMod:SharpenedNail","HollowMod:TaintedHusks"],"picked":"SKIP","floor":10.0},{"not_picked":["HollowMod:HeavyBlow","HollowMod:NewJinnsSoul"],"picked":"HollowMod:DashSlash","floor":12.0},{"not_picked":["HollowMod:MidwifesHunger","HollowMod:theNailsmith"],"picked":"HollowMod:AwokenDreamNail","floor":16.0},{"not_picked":[],"picked":"HollowMod:CrystalDash","floor":18.0},{"not_picked":[],"picked":"HollowMod:LifebloodCocoon+1","floor":19.0},{"not_picked":[],"picked":"HollowMod:ShapeofUnn","floor":20.0},{"not_picked":[],"picked":"HollowMod:ChannelNail+1","floor":24.0},{"not_picked":[],"picked":"HollowMod:DoubleDash+1","floor":28.0},{"not_picked":["HollowMod:SharpenedShadows"],"picked":"SKIP","floor":30.0},{"not_picked":["HollowMod:HowlingWraiths"],"picked":"SKIP","floor":31.0},{"not_picked":[],"picked":"HollowMod:HornetsHelp","floor":33.0},{"not_picked":["HollowMod:VengefulVoid"],"picked":"SKIP","floor":35},{"not_picked":["HollowMod:MawleksShell+1"],"picked":"SKIP","floor":36},{"not_picked":["HollowMod:BlackTendrils+1"],"picked":"SKIP","floor":37},{"not_picked":["HollowMod:HeavyBlow"],"picked":"SKIP","floor":41},{"not_picked":[],"picked":"HollowMod:SoulSplash+1","floor":42},{"not_picked":[],"picked":"HollowMod:CornifersMapStart+1","floor":45}],"player_experience":302462,"relics_obtained":[{"floor":6.0,"key":"Centennial Puzzle"},{"floor":10.0,"key":"Strawberry"},{"floor":24.0,"key":"Akabeko"},{"floor":26.0,"key":"Blood Vial"},{"floor":41,"key":"Mercury Hourglass"},{"floor":43,"key":"CeramicFish"},{"floor":47,"key":"TungstenRod"}],"event_choices":[{"cards_removed":["HollowMod:NailStrikeStart"],"damage_healed":0.0,"max_hp_gain":0.0,"max_hp_loss":0.0,"gold_gain":0.0,"event_name":"NoteForYourself","player_choice":"Took Card","floor":3.0,"gold_loss":0.0,"damage_taken":0.0,"cards_obtained":["Flying Knee"]},{"damage_healed":0.0,"max_hp_gain":0.0,"max_hp_loss":0.0,"gold_gain":0.0,"event_name":"Shining Light","player_choice":"Entered Light","floor":8.0,"gold_loss":0.0,"damage_taken":15.0,"cards_upgraded":["HollowMod:DesolateDive","HollowMod:FocusHealStart"]},{"damage_healed":0.0,"max_hp_gain":0.0,"max_hp_loss":0.0,"gold_gain":100.0,"event_name":"Wheel of Change","player_choice":"Gold","floor":14.0,"gold_loss":0.0,"damage_taken":0.0},{"damage_healed":0.0,"max_hp_gain":0.0,"max_hp_loss":0.0,"gold_gain":0.0,"event_name":"Accursed Blacksmith","player_choice":"Forge","floor":22.0,"gold_loss":0.0,"damage_taken":0.0,"cards_upgraded":["HollowMod:ShapeofUnn"]},{"cards_removed":["HollowMod:DoubleDash"],"damage_healed":0,"gold_gain":0,"player_choice":"Removed Skill","damage_taken":0,"max_hp_gain":0,"max_hp_loss":0,"event_name":"Falling","floor":39,"gold_loss":0},{"damage_healed":0,"gold_gain":0,"player_choice":"Fight","damage_taken":0,"max_hp_gain":0,"max_hp_loss":0,"event_name":"MindBloom","floor":47,"gold_loss":0}],"is_beta":false,"boss_relics":[{"not_picked":["Fusion Hammer","Tiny House"],"picked":"Busted Crown"},{"not_picked":["Astrolabe","SacredBark"],"picked":"Empty Cage"}],"items_purged_floors":[21,38],"is_endless":false,"potions_floor_spawned":[2,4,7,16,18,24,31,36,41,47],"killed_by":"Donu and Deca","ascension_level":0}}