{"host":"jmumkimrafwvkspb","time":1611864003,"event":{"mods":["AchievementEnabler","BaseMod","Colored Map","Minty Spire (QoL Compilation)","Replay The Spire","StSLib"],"gold_per_floor":[116,143,155,11,11,11,45,65,91,91,111,111,150,177,177,265,265,285,285,285,4,18,18,37,37,90,90,112,138,138,138,156,156,156],"floor_reached":33,"language":"ENG","playtime":3612,"items_purged":["Strike_B"],"score":546,"play_id":"42302a1e-caec-443d-880d-9c89809feb1d","local_time":"20210128210003","is_ascension_mode":true,"campfire_choices":[{"data":"Beam Cell","floor":6.0,"key":"SMITH"},{"data":"Blizzard","floor":10.0,"key":"SMITH"},{"data":"Genetic Algorithm","floor":15.0,"key":"SMITH"},{"data":"Blizzard","floor":23.0,"key":"SMITH"},{"floor":25.0,"key":"REST"},{"floor":27.0,"key":"REST"},{"floor":30.0,"key":"REST"}],"circlet_count":0,"master_deck":["AscendersBane","Strike_B","Defend_B","Defend_B","Defend_B","Defend_B+1","Zap","Dualcast","Glacier+1","ReplaySolidLightProjector+1","Beam Cell+1","Rip and Tear+1","Coolheaded","Chill","Blizzard+1","Blizzard+1","Genetic Algorithm+1","Mirror Shield","FIFO Queue+1","Time Bomb","BasicCrystalCard","Buffer"],"relics":["Cracked Core","Gremlin Food","MealTicket","CaptainsWheel","CeramicFish","Regal Pillow","Black Star","BargainBundle","Potion Belt","Bronze Scales","Nunchaku","Meat on the Bone"],"acts_visited":["Exordium","TheCity"],"potions_floor_usage":[],"damage_taken":[{"damage":7.0,"enemies":"Cultist","floor":1.0,"turns":4.0},{"damage":0.0,"enemies":"2 Louse","floor":3.0,"turns":2.0},{"damage":19.0,"enemies":"3 Sentries","floor":7.0,"turns":8.0},{"damage":5.0,"enemies":"Jaw Worm","floor":8.0,"turns":4.0},{"damage":6.0,"enemies":"3 Louse","floor":11.0,"turns":4.0},{"damage":6.0,"enemies":"Gremlin Nob","floor":13.0,"turns":4.0},{"damage":0.0,"enemies":"Red Slaver","floor":14.0,"turns":4.0},{"damage":17.0,"enemies":"The Guardian","floor":16.0,"turns":14.0},{"damage":7.0,"enemies":"Shell Parasite","floor":18.0,"turns":7.0},{"damage":2.0,"enemies":"Chosen","floor":22.0,"turns":6.0},{"damage":38.0,"enemies":"3 Cultists","floor":24.0,"turns":6.0},{"damage":22.0,"enemies":"Sentry and Sphere","floor":28.0,"turns":8.0},{"damage":35.0,"enemies":"Slavers","floor":29.0,"turns":6.0},{"damage":98,"enemies":"Champ","floor":33,"turns":22}],"seed_played":"7121263606716628876","potions_obtained":[{"floor":1.0,"key":"Explosive Potion"},{"floor":7.0,"key":"Block Potion"},{"floor":11.0,"key":"Weak Potion"},{"floor":22.0,"key":"PowerPotion"},{"floor":28.0,"key":"Strength Potion"}],"is_trial":false,"path_per_floor":["M","T","M","$","?","R","E","M","T","R","M","?","E","M","R","B",null,"M","?","?","$","M","R","M","R","T","R","M","E","R","T","R_BF","B"],"character_chosen":"DEFECT","items_purchased":["Beam Cell","Rip and Tear","Coolheaded","Adrenaline Potion","BargainBundle","Dexterity Potion"],"campfire_rested":3,"item_purchase_floors":[4,4,4,21,21,21],"current_hp_per_floor":[57,57,57,71,76,76,57,52,52,52,46,46,40,40,40,23,63,56,34,34,49,47,47,9,48,48,81,59,24,63,63,63,0,0],"gold":156,"neow_bonus":"RANDOM_COMMON_RELIC","is_daily":false,"chose_seed":false,"campfire_upgraded":4,"win_rate":0.0,"timestamp":1611864003,"path_taken":["M","?","M","$","?","R","E","M","T","R","?","?","E","?","R","BOSS","M","?","?","?","M","R","M","R","T","R","M","E","R","?","R_BF","BOSS"],"items_purchased_type":["Card","Card","Card","Potion","Relic","Potion"],"build_version":"2020-12-22","purchased_purges":1,"victory":false,"max_hp_per_floor":[71,71,71,71,76,76,76,76,76,76,76,76,76,76,76,76,76,76,81,81,81,81,81,81,81,81,81,81,81,81,81,81,81,81],"card_choices":[{"not_picked":["Conserve Battery","Barrage"],"picked":"Glacier","floor":1.0},{"not_picked":["Sweeping Beam","ReplayTheSpireMod:Reroute Power"],"picked":"ReplaySolidLightProjector","floor":3.0},{"not_picked":["Cold Snap","Doom and Gloom"],"picked":"Chill","floor":7.0},{"not_picked":["FTL","Compile Driver"],"picked":"Blizzard","floor":8.0},{"not_picked":["Streamline","Gash","Beam Cell"],"picked":"SKIP","floor":11.0},{"not_picked":["Rebound","Static Discharge"],"picked":"Blizzard","floor":13.0},{"not_picked":["Conserve Battery","Steam"],"picked":"Genetic Algorithm","floor":14.0},{"not_picked":["Meteor Strike","Hyperbeam"],"picked":"Mirror Shield","floor":16.0},{"not_picked":["Rebound","Doom and Gloom+1","Conserve Battery"],"picked":"SKIP","floor":18.0},{"not_picked":["Rebound","Doom and Gloom+1","Conserve Battery"],"picked":"SKIP","floor":18.0},{"not_picked":["Storm","Rebound","Gash"],"picked":"SKIP","floor":22.0},{"not_picked":["Aggregate","Fusion"],"picked":"FIFO Queue+1","floor":24.0},{"not_picked":["Leap","FTL"],"picked":"Time Bomb","floor":28.0},{"not_picked":["ReplaySort","Scrape","Redo"],"picked":"SKIP","floor":29.0}],"player_experience":1620735,"relics_obtained":[{"floor":2.0,"key":"MealTicket"},{"floor":7.0,"key":"CaptainsWheel"},{"floor":9.0,"key":"CeramicFish"},{"floor":13.0,"key":"Regal Pillow"},{"floor":26.0,"key":"Potion Belt"},{"floor":29.0,"key":"Bronze Scales"},{"floor":29.0,"key":"Nunchaku"},{"floor":31.0,"key":"Meat on the Bone"}],"event_choices":[{"damage_healed":0.0,"max_hp_gain":5.0,"max_hp_loss":0.0,"gold_gain":0.0,"event_name":"Big Fish","player_choice":"Donut","floor":5.0,"gold_loss":0.0,"damage_taken":0.0},{"damage_healed":0.0,"max_hp_gain":0.0,"max_hp_loss":0.0,"gold_gain":0.0,"event_name":"Accursed Blacksmith","player_choice":"Forge","floor":12.0,"gold_loss":0.0,"damage_taken":0.0,"cards_upgraded":["Rip and Tear"]},{"damage_healed":0.0,"max_hp_gain":5.0,"max_hp_loss":0.0,"gold_gain":0.0,"event_name":"Forgotten Altar","player_choice":"Shed Blood","floor":19.0,"gold_loss":0.0,"damage_taken":27.0},{"damage_healed":0.0,"max_hp_gain":0.0,"max_hp_loss":0.0,"gold_gain":0.0,"event_name":"Vampires","player_choice":"Ignored","floor":20.0,"gold_loss":0.0,"damage_taken":0.0},{"damage_healed":0.0,"max_hp_gain":0.0,"max_hp_loss":0.0,"gold_gain":0.0,"cards_transformed":["Strike_B","Strike_B"],"event_name":"Drug Dealer","player_choice":"Became Test Subject","floor":32.0,"gold_loss":0.0,"damage_taken":0.0,"cards_obtained":["BasicCrystalCard","Buffer"]}],"is_beta":false,"boss_relics":[{"not_picked":["Cursed Key","Sozu"],"picked":"Black Star"}],"items_purged_floors":[21],"is_endless":false,"potions_floor_spawned":[1,7,11,22,28],"killed_by":"Champ","ascension_level":20}}