{"host":"dlqcqir7p8cpkknl","time":1611870823,"event":{"mods":["BaseMod","Colored Map","Downfall","Minty Spire (QoL Compilation)","StSLib"],"gold_per_floor":[99,109,119,137,437,457,531,431,431,431,431],"floor_reached":9,"language":"ENG","playtime":408,"items_purged":[],"score":53,"play_id":"31b371ea-da84-4220-9af6-6850b73adb52","local_time":"20210128215343","is_ascension_mode":false,"campfire_choices":[{"floor":1,"key":"RECALL"},{"data":"champ:Taunt","floor":8,"key":"SMITH"}],"circlet_count":0,"master_deck":["champ:Strike","champ:Strike","champ:Strike","champ:Defend","champ:Defend","champ:Defend","champ:Defend","champ:Execute","champ:Taunt+1","champ:DefensiveShout","champ:DefensiveShout","downfall:Icky","downfall:Icky","champ:PreciseThrust"],"relics":["champ:ChampionCrown","Shuriken","downfall:HeartBlessingRed"],"acts_visited":["Exordium"],"potions_floor_usage":[9],"damage_taken":[{"damage":14,"enemies":"Cultist","floor":2,"turns":4},{"damage":20,"enemies":"Jaw Worm","floor":3,"turns":3},{"damage":15,"enemies":"Small Slimes","floor":4,"turns":3},{"damage":19,"enemies":"2 Fungi Beasts","floor":6,"turns":5},{"damage":69,"enemies":"3 Sentries","floor":9,"turns":12}],"seed_played":"-700569618618784397","potions_obtained":[{"floor":2,"key":"DuplicationPotion"},{"floor":3,"key":"SteroidPotion"}],"is_trial":false,"path_per_floor":["R","M","M","M","?","M","T","R","E"],"character_chosen":"THE_CHAMP","items_purchased":[],"campfire_rested":0,"item_purchase_floors":[],"current_hp_per_floor":[90,86,86,86,86,67,67,67,0,0,0],"gold":431,"neow_bonus":"REMOVE_CARD","is_daily":false,"chose_seed":false,"campfire_upgraded":1,"win_rate":0.0,"timestamp":1611870823,"path_taken":["R","M","M","?","?","M","T","R","E"],"items_purchased_type":[],"build_version":"2020-12-22","purchased_purges":0,"victory":false,"max_hp_per_floor":[90,90,90,90,90,90,90,90,90,90,90],"card_choices":[{"not_picked":["champ:Parry","champ:PreciseThrust"],"picked":"champ:DefensiveShout","floor":2},{"not_picked":["champ:Shatter","champ:EnragedBash"],"picked":"champ:DefensiveShout","floor":3},{"not_picked":["champ:BringItOn","champ:FaceSlap","champ:Encircle"],"picked":"SKIP","floor":4},{"not_picked":["champ:BringItOn","champ:Haymaker"],"picked":"champ:PreciseThrust","floor":6}],"player_experience":304261,"relics_obtained":[{"floor":7,"key":"Shuriken"}],"event_choices":[],"is_beta":false,"boss_relics":[],"items_purged_floors":[],"is_endless":false,"potions_floor_spawned":[2,3],"killed_by":"3 Sentries","ascension_level":0}}