{"host":"rc0y5s0pznrxft0n","time":1611869526,"event":{"mods":["BaseMod","Downfall","Hermit","Minty Spire (QoL Compilation)","StSLib"],"gold_per_floor":[0,10,28,47,64,94,94,94,119,19,49,49,82,94,106,203,203,203,213,229,229,229,129,205,232,255,44,44,29,41,66,83,178,228,128,144,157,207,37,37,37,52,79,79,98,98,128,128,146,146,146,146,146,146],"floor_reached":52,"language":"ENG","playtime":4575,"items_purged":[],"score":974,"play_id":"5cffb332-f975-4637-ac87-fac84659d53f","local_time":"20210128163205","is_ascension_mode":true,"campfire_choices":[{"data":"champ:MurderStrike","floor":1.0,"key":"SMITH"},{"floor":8.0,"key":"REST"},{"data":"champ:Taunt","floor":10.0,"key":"SMITH"},{"floor":12.0,"key":"REST"},{"floor":18.0,"key":"RECALL"},{"floor":23.0,"key":"REST"},{"floor":28.0,"key":"REST"},{"floor":35.0,"key":"REST"},{"floor":44,"key":"DIG"},{"floor":46,"key":"DIG"}],"circlet_count":0,"master_deck":["champ:Defend","champ:Defend","champ:Defend","champ:Defend","champ:Execute","champ:Taunt+1","champ:MurderStrike+1","champ:FlashCut","champ:EnGarde","champ:Parry","champ:FocusedBerserking","champ:RisingSlash","champ:RapidStrikes+1","champ:Haymaker","champ:FanOfKnives","champ:PreciseThrust","champ:LastStand","champ:Haymaker+1","champ:Circumvent","Bite","Bite+1","Bite","Bite+1","Bite","champ:BringItOn+1","champ:Shatter","champ:StrikeOfGenius","champ:Backstep","champ:Lariat+1","champ:VampiricStrike","champ:Backstep+1","champ:BerserkersShout+1","champ:DeathBlow+1","champ:GladiatorStyle+1","champ:Taunt+1","champ:ShieldSlam","champ:FancyFootwork+1"],"relics":["champ:ChampionCrown","Kunai","Blue Candle","Strawberry","downfall:HeartBlessingGreen","Orichalcum","Art of War","Fusion Hammer","downfall:HeartBlessingRed","Slimebound:PreparedRelic","Blood Vial","Whetstone","Frozen Egg 2","Tiny House","downfall:HeartBlessingBlue","Shovel","Bag of Preparation","Bottled Tornado","Girya","Juzu Bracelet","hexamod:CandleOfCauterizing","Torii"],"acts_visited":["Exordium","TheCity","TheBeyond","TheEnding"],"potions_floor_usage":[38,38,43,47,50],"damage_taken":[{"damage":40.0,"enemies":"Jaw Worm","floor":2.0,"turns":6.0},{"damage":5.0,"enemies":"Small Slimes","floor":3.0,"turns":3.0},{"damage":11.0,"enemies":"Cultist","floor":4.0,"turns":3.0},{"damage":32.0,"enemies":"Gremlin Gang","floor":5.0,"turns":6.0},{"damage":41.0,"enemies":"Lagavulin","floor":6.0,"turns":8.0},{"damage":32.0,"enemies":"Gremlin Nob","floor":9.0,"turns":5.0},{"damage":27.0,"enemies":"Lagavulin","floor":11.0,"turns":5.0},{"damage":20.0,"enemies":"3 Sentries","floor":13.0,"turns":6.0},{"damage":15.0,"enemies":"Large Slime","floor":14.0,"turns":5.0},{"damage":3.0,"enemies":"Blue Slaver","floor":15.0,"turns":3.0},{"damage":76.0,"enemies":"DF_ARCHETYPE_STREAMLINE","floor":16.0,"turns":8.0},{"damage":30.0,"enemies":"Shell Parasite","floor":19.0,"turns":4.0},{"damage":12.0,"enemies":"Chosen","floor":20.0,"turns":4.0},{"damage":41.0,"enemies":"Slavers","floor":25.0,"turns":6.0},{"damage":6.0,"enemies":"downfall:FleeingMerchant","floor":27.0,"turns":4.0},{"damage":15.0,"enemies":"downfall:FleeingMerchant","floor":29.0,"turns":4.0},{"damage":38.0,"enemies":"Snake Plant","floor":30.0,"turns":4.0},{"damage":78.0,"enemies":"Gremlin Leader","floor":31.0,"turns":7.0},{"damage":7.0,"enemies":"Chosen and Byrds","floor":32.0,"turns":3.0},{"damage":6.0,"enemies":"IC_MUSHROOM_ARCHETYPE","floor":33.0,"turns":5.0},{"damage":10,"enemies":"3 Darklings","floor":36,"turns":5},{"damage":20,"enemies":"3 Shapes","floor":37,"turns":4},{"damage":35,"enemies":"3 Shapes","floor":38,"turns":8},{"damage":10,"enemies":"downfall:FleeingMerchant","floor":39,"turns":4},{"damage":57,"enemies":"3 Darklings","floor":42,"turns":7},{"damage":69,"enemies":"Reptomancer","floor":43,"turns":5},{"damage":12,"enemies":"4 Shapes","floor":45,"turns":4},{"damage":35,"enemies":"Giant Head","floor":47,"turns":6},{"damage":33,"enemies":"Writhing Mass","floor":49,"turns":7},{"damage":31,"enemies":"SI_POISON_ARCHETYPE","floor":50,"turns":7},{"damage":177,"enemies":"downfall:CharBossMerchant","floor":52,"turns":8}],"seed_played":"-5728922848601680878","potions_obtained":[{"floor":3.0,"key":"Dexterity Potion"},{"floor":5.0,"key":"Block Potion"},{"floor":13.0,"key":"Strength Potion"},{"floor":16.0,"key":"SteroidPotion"},{"floor":19.0,"key":"champ:TechniquePotion"},{"floor":30.0,"key":"Fire Potion"},{"floor":31.0,"key":"champ:CounterPotion"},{"floor":32.0,"key":"Slimebound:ThreeZeroPotion"},{"floor":34.0,"key":"SneckoOil"},{"floor":36,"key":"hexamod:SoulburnPotion"},{"floor":42,"key":"CultistPotion"},{"floor":43,"key":"Regen Potion"},{"floor":45,"key":"SteroidPotion"},{"floor":47,"key":"FairyPotion"}],"is_trial":false,"path_per_floor":["R","M","M","M","M","E","T","R","E","R","E","R","E","M","M","B",null,"R","M","M","?","?","R","T","E","T","$","R","$","M","E","M","B",null,"R","M","M","?","$","?","T","M","E","R","M","R","E","?","M","B",null,"E"],"character_chosen":"THE_CHAMP","items_purchased":["Whetstone","BlessingOfTheForge","Bag of Preparation"],"campfire_rested":5,"item_purchase_floors":[27,27,39],"current_hp_per_floor":[90,70,65,64,52,36,36,63,63,63,56,85,85,85,82,46,97,97,87,85,85,67,67,67,52,52,61,67,67,47,6,5,7,72,82,82,72,82,82,82,82,74,57,57,61,61,82,82,82,73,82,0,0,0],"gold":146,"neow_bonus":"THREE_RARE_CARDS","is_daily":false,"chose_seed":false,"campfire_upgraded":2,"win_rate":0.0,"timestamp":1611869525,"path_taken":["R","M","M","M","M","E","T","R","E","R","E","R","E","M","M","BOSS","R","M","M","?","?","R","T","E","?","$","R","$","M","E","M","BOSS","R","M","M","?","$","?","T","?","E","R","M","R","E","?","M","BOSS","E"],"items_purchased_type":["Relic","Potion","Relic"],"build_version":"2020-12-22","purchased_purges":0,"victory":false,"max_hp_per_floor":[90,90,90,90,90,90,90,90,97,97,97,97,97,97,97,97,97,97,97,97,97,67,67,67,67,67,67,67,67,67,67,67,67,72,82,82,82,82,82,82,82,82,82,82,82,82,82,82,82,82,82,82,82,82],"card_choices":[{"not_picked":["champ:SwordThrow","champ:HoldFirm"],"picked":"champ:MurderStrike","floor":0.0},{"not_picked":["champ:IronFortress","champ:CrookedStrike"],"picked":"champ:FlashCut","floor":2.0},{"not_picked":["champ:GutPunch","champ:DefensiveShout"],"picked":"champ:EnGarde","floor":3.0},{"not_picked":["champ:Circumvent","champ:Shatter"],"picked":"champ:Parry","floor":4.0},{"not_picked":["champ:BladeFlurry","champ:Backstep"],"picked":"champ:FocusedBerserking","floor":5.0},{"not_picked":["champ:StrikeOfGenius","champ:EnGarde"],"picked":"champ:RisingSlash","floor":6.0},{"not_picked":["champ:EnragedBash","champ:BerserkersShout"],"picked":"champ:RapidStrikes","floor":9.0},{"not_picked":["champ:FocusedBerserking","champ:EndlessRage"],"picked":"champ:FocusedDefense","floor":11.0},{"not_picked":["champ:CrookedStrike","champ:RisingSlash"],"picked":"champ:Haymaker","floor":13.0},{"not_picked":["champ:GutPunch","champ:FaceSlap"],"picked":"champ:FanOfKnives","floor":14.0},{"not_picked":["champ:AdrenalArmor","champ:DefensiveShout"],"picked":"champ:PreciseThrust","floor":15.0},{"not_picked":["champ:UltimateStance","champ:TripleStrike"],"picked":"champ:LastStand","floor":16.0},{"not_picked":["champ:PerfectedStrike","champ:EnGarde"],"picked":"champ:Haymaker+1","floor":19.0},{"not_picked":["champ:AdrenalArmor","champ:Encircle"],"picked":"champ:Circumvent","floor":20.0},{"not_picked":["champ:Circumvent","champ:BerserkerStyle"],"picked":"champ:BringItOn+1","floor":25.0},{"not_picked":["champ:StrikeOfGenius","champ:Backstep"],"picked":"champ:Shatter","floor":27.0},{"not_picked":["champ:Backstep","champ:ShieldSlam"],"picked":"champ:StrikeOfGenius","floor":29.0},{"not_picked":["champ:BerserkerStyle+1","champ:FlashCut+1","champ:Parry"],"picked":"SKIP","floor":30.0},{"not_picked":["champ:Circumvent","champ:CrownThrow"],"picked":"champ:Backstep","floor":31.0},{"not_picked":["champ:PreciseThrust","champ:BerserkerStyle+1"],"picked":"champ:Lariat+1","floor":32.0},{"not_picked":["champ:CheapShot","champ:StrikeOfGenius+1"],"picked":"champ:VampiricStrike","floor":33.0},{"not_picked":["champ:AdrenalArmor","champ:Circumvent+1"],"picked":"champ:Backstep+1","floor":36},{"not_picked":["champ:GutPunch+1","champ:PreciseThrust+1"],"picked":"champ:BerserkersShout+1","floor":37},{"not_picked":["champ:Haymaker","champ:PerfectedStrike"],"picked":"champ:DeathBlow+1","floor":38},{"not_picked":["champ:Haymaker","champ:CrookedStrike+1"],"picked":"champ:GladiatorStyle+1","floor":39},{"not_picked":["champ:LastStand+1","champ:Circumvent"],"picked":"champ:ShieldSlam","floor":42},{"not_picked":["champ:FaceSlap","champ:LastStand+1"],"picked":"champ:FancyFootwork+1","floor":43},{"not_picked":["champ:BerserkersShout","champ:PreemptiveStrike","champ:Lariat"],"picked":"SKIP","floor":45},{"not_picked":["champ:EndlessRage+1","champ:RapidStrikes","champ:CheapShot"],"picked":"SKIP","floor":47},{"not_picked":["champ:BringItOn+1","champ:FanOfKnives+1","champ:CrownThrow+1"],"picked":"SKIP","floor":49}],"player_experience":843104,"relics_obtained":[{"floor":6.0,"key":"Kunai"},{"floor":7.0,"key":"Blue Candle"},{"floor":9.0,"key":"Strawberry"},{"floor":11.0,"key":"Orichalcum"},{"floor":13.0,"key":"Art of War"},{"floor":24.0,"key":"Slimebound:PreparedRelic"},{"floor":25.0,"key":"Blood Vial"},{"floor":31.0,"key":"Frozen Egg 2"},{"floor":38,"key":"Shovel"},{"floor":41,"key":"Bottled Tornado"},{"floor":43,"key":"Girya"},{"floor":44,"key":"Juzu Bracelet"},{"floor":46,"key":"hexamod:CandleOfCauterizing"},{"floor":47,"key":"Torii"}],"event_choices":[{"damage_healed":0.0,"max_hp_gain":0.0,"max_hp_loss":30.0,"gold_gain":0.0,"event_name":"Vampires","player_choice":"Became a vampire","floor":22.0,"gold_loss":0.0,"damage_taken":0.0,"cards_obtained":["Bite","Bite","Bite","Bite","Bite"]},{"cards_removed":["champ:FocusedDefense"],"damage_healed":0,"gold_gain":0,"player_choice":"Removed Skill","damage_taken":0,"max_hp_gain":0,"max_hp_loss":0,"event_name":"Falling","floor":48,"gold_loss":0}],"is_beta":false,"boss_relics":[{"not_picked":["SacredBark","Busted Crown"],"picked":"Fusion Hammer"},{"not_picked":["bronze:MakeshiftBattery","Astrolabe"],"picked":"Tiny House"}],"items_purged_floors":[],"is_endless":false,"potions_floor_spawned":[3,5,13,16,19,30,31,32,36,42,43,45,47],"killed_by":"downfall:CharBossMerchant","ascension_level":1}}