{"host":"6ayekdpky30mcb5q","time":1611810664,"event":{"mods":["Act Like it!","BaseMod","Colored Map","GifTheSpireLib","Hero for Fun","Highlight Path","Minty Spire (QoL Compilation)","StSLib","Waifu the Spire"],"gold_per_floor":[13,24,24,24,34,34,62,62,62,94,104,29,29,63,63,165,165,181,195,195,195,195,224,238,267,293,306,206,206,50,50,50,153,153,170,517,529,213,250,250,303,303,303,343,379,434,133,176,176,201,201,201,26,106,106],"floor_reached":56,"language":"ENG","playtime":648,"items_purged":["Defend_Y","Defend_Y","Strike_Y+1","Strike_Y+1","Acrobatics+1"],"score":1924,"play_id":"ae8dc995-fd86-4c42-b6c4-ca70f434c7e9","local_time":"20210127231104","is_ascension_mode":true,"campfire_choices":[{"floor":6.0,"key":"RECALL"},{"data":"Strike_Y","floor":8.0,"key":"SMITH"},{"data":"Strike_Y","floor":13.0,"key":"SMITH"},{"data":"Strike_Y","floor":15.0,"key":"SMITH"},{"data":"Serious_Punch","floor":29,"key":"SMITH"},{"data":"Defend_Y","floor":32,"key":"SMITH"},{"data":"HandOfGreed","floor":40,"key":"SMITH"},{"data":"Defend_Y","floor":42,"key":"SMITH"},{"data":"Acrobatics","floor":49,"key":"SMITH"}],"circlet_count":0,"master_deck":["Strike_Y+1","Strike_Y+1","Defend_Y+1","Defend_Y+1","Serious_Punch+1","CurseOfTheBell","HandOfGreed+1"],"relics":["Cape","Mercury Hourglass","Orichalcum","Calipers","Coffee Dripper","Darkstone Periapt","Question Card","Kunai","Bag of Preparation","PrismaticShard","Calling Bell","Potion Belt","StrikeDummy","Bird Faced Urn","Old Coin","Regal Pillow","Centennial Puzzle","Whetstone","Anchor","Dead Branch"],"acts_visited":["Exordium","TheCity","TheBeyond","TheEnding"],"potions_floor_usage":[],"damage_taken":[{"damage":0.0,"enemies":"Jaw Worm","floor":1.0,"turns":1.0},{"damage":0.0,"enemies":"2 Louse","floor":2.0,"turns":1.0},{"damage":0.0,"enemies":"Cultist","floor":5.0,"turns":1.0},{"damage":0.0,"enemies":"3 Sentries","floor":7.0,"turns":1.0},{"damage":0.0,"enemies":"Gremlin Nob","floor":10.0,"turns":1.0},{"damage":0.0,"enemies":"Exordium Wildlife","floor":11.0,"turns":2.0},{"damage":0.0,"enemies":"Lagavulin","floor":14.0,"turns":1.0},{"damage":0.0,"enemies":"Slime Boss","floor":16.0,"turns":1.0},{"damage":0.0,"enemies":"2 Thieves","floor":18.0,"turns":1.0},{"damage":0.0,"enemies":"Spheric Guardian","floor":19.0,"turns":1.0},{"damage":0,"enemies":"Gremlin Leader","floor":23,"turns":1},{"damage":0,"enemies":"Cultist and Chosen","floor":24,"turns":1},{"damage":0,"enemies":"Slavers","floor":25,"turns":1},{"damage":0,"enemies":"Snecko","floor":27,"turns":1},{"damage":0,"enemies":"Collector","floor":33,"turns":1},{"damage":0,"enemies":"3 Shapes","floor":35,"turns":1},{"damage":0,"enemies":"2 Orb Walkers","floor":36,"turns":1},{"damage":0,"enemies":"3 Darklings","floor":37,"turns":1},{"damage":0,"enemies":"Spire Growth","floor":39,"turns":1},{"damage":0,"enemies":"Reptomancer","floor":41,"turns":1},{"damage":0,"enemies":"Writhing Mass","floor":44,"turns":1},{"damage":0,"enemies":"Sphere and 2 Shapes","floor":45,"turns":2},{"damage":0,"enemies":"Nemesis","floor":46,"turns":1},{"damage":0,"enemies":"Transient","floor":48,"turns":1},{"damage":0,"enemies":"Time Eater","floor":50,"turns":1},{"damage":0,"enemies":"Shield and Spear","floor":54,"turns":3},{"damage":0,"enemies":"The Heart","floor":55,"turns":1}],"seed_played":"-8459788158931938276","potions_obtained":[{"floor":1.0,"key":"SkillPotion"},{"floor":5.0,"key":"SmokeBomb"},{"floor":10.0,"key":"PowerPotion"},{"floor":37,"key":"DuplicationPotion"},{"floor":41,"key":"Block Potion"}],"is_trial":false,"path_per_floor":["M","M","?","$","M","R","E","R","T","E","M","$","R","E","R","B",null,"M","M","?","?","?","E","M","E","T","M","$","R","$","?","R","B",null,"M","?","M","$","M","R","E","R","T","M","M","E","$","M","R","B",null,"R","$","E","B",null],"character_chosen":"OPM","items_purchased":["PrismaticShard","HandOfGreed","Anchor"],"campfire_rested":0,"item_purchase_floors":[30,38,47],"current_hp_per_floor":[999,999,999,999,999,999,999,999,999,999,999,999,999,999,999,999,999,999,999,999,999,999,999,999,999,999,999,999,999,999,999,999,999,1005,1005,1005,1005,1005,1005,1005,1005,1005,1005,1005,1005,1005,1005,1005,1005,1005,1005,1005,1005,1005,1005],"gold":106,"neow_bonus":"UPGRADE_CARD","is_daily":false,"chose_seed":false,"campfire_upgraded":8,"win_rate":0.0,"timestamp":1611810664,"path_taken":["M","M","?","$","M","R","E","R","T","E","M","$","R","E","R","BOSS","M","M","?","?","?","E","?","E","T","M","$","R","$","?","R","BOSS","M","?","M","$","M","R","E","R","T","M","M","E","$","M","R","BOSS","R","$","E","BOSS"],"items_purchased_type":["Relic","Card","Relic"],"build_version":"2020-12-22","purchased_purges":5,"victory":true,"max_hp_per_floor":[999,999,999,999,999,999,999,999,999,999,999,999,999,999,999,999,999,999,999,999,999,999,999,999,999,999,999,999,999,999,999,999,999,1005,1005,1005,1005,1005,1005,1005,1005,1005,1005,1005,1005,1005,1005,1005,1005,1005,1005,1005,1005,1005,1005],"card_choices":[{"not_picked":["Consecutive_Normal_Punch","Yawn","Slap"],"picked":"SKIP","floor":1.0},{"not_picked":["Hop","Yawn","Consecutive_Normal_Punch"],"picked":"SKIP","floor":2.0},{"not_picked":["Wear_Disguise","Slap","Yawn"],"picked":"SKIP","floor":5.0},{"not_picked":["Yawn","Do_Nothing","Consecutive_Normal_Punch"],"picked":"SKIP","floor":7.0},{"not_picked":["Consecutive_Normal_Punch","Slap","Normal_Punch"],"picked":"SKIP","floor":10.0},{"not_picked":["Ignore","Slap","Do_Nothing"],"picked":"SKIP","floor":11.0},{"not_picked":["Slap","Normal_Punch","Hip_Strike"],"picked":"SKIP","floor":14.0},{"not_picked":["Get_Hopes_Up","Serious_Side_Hops"],"picked":"Serious_Punch","floor":16.0},{"not_picked":["Ignore","Hop","Yawn"],"picked":"SKIP","floor":18.0},{"not_picked":["Wear_Disguise","Yawn","Toss_Stone"],"picked":"SKIP","floor":19.0},{"not_picked":["Side_Hop+1","Yawn","Slap"],"picked":"SKIP","floor":23},{"not_picked":["Slap","Side_Hop","Ignore+1","Wear_Disguise"],"picked":"SKIP","floor":24},{"not_picked":["Side_Hop","Toss_Stone","Normal_Punch","Serious_Side_Hops"],"picked":"SKIP","floor":25},{"not_picked":["Slap","Ignore","Hop","Do_Nothing"],"picked":"SKIP","floor":27},{"not_picked":["Uppercut","Headbutt+1","Rage","Dodge and Roll"],"picked":"SKIP","floor":35},{"not_picked":["Echo Form","Gash","Inflame+1"],"picked":"Acrobatics","floor":37},{"not_picked":["Compile Driver","Trip","BattleHymn","Infinite Blades+1"],"picked":"SKIP","floor":39},{"not_picked":["EmptyBody+1","Streamline","Yawn+1","Prepared"],"picked":"SKIP","floor":41},{"not_picked":["Deflect","Leg Sweep","Ignore","Chaos"],"picked":"SKIP","floor":44},{"not_picked":["Bane+1","EmptyFist+1","Backflip","Feel No Pain+1"],"picked":"SKIP","floor":45},{"not_picked":["LikeWater","Recycle","Body Slam","Chrysalis"],"picked":"SKIP","floor":46},{"not_picked":["Quick Slash","Collect","Sucker Punch+1","Deflect+1"],"picked":"SKIP","floor":48},{"not_picked":["Fusion+1","Protect","Distraction","Rage+1"],"picked":"SKIP","floor":54}],"player_experience":578046,"relics_obtained":[{"floor":7.0,"key":"Mercury Hourglass"},{"floor":10.0,"key":"Orichalcum"},{"floor":14.0,"key":"Calipers"},{"floor":23,"key":"Question Card"},{"floor":25,"key":"Kunai"},{"floor":26,"key":"Bag of Preparation"},{"floor":34,"key":"Potion Belt"},{"floor":34,"key":"StrikeDummy"},{"floor":34,"key":"Bird Faced Urn"},{"floor":36,"key":"Old Coin"},{"floor":41,"key":"Regal Pillow"},{"floor":43,"key":"Centennial Puzzle"},{"floor":46,"key":"Whetstone"},{"floor":54,"key":"Dead Branch"}],"event_choices":[{"cards_removed":["Defend_Y"],"damage_healed":0.0,"max_hp_gain":0.0,"max_hp_loss":0.0,"gold_gain":0.0,"event_name":"Golden Wing","player_choice":"Card Removal","floor":3.0,"gold_loss":0.0,"damage_taken":7.0},{"damage_healed":330,"gold_gain":0,"player_choice":"Heal","damage_taken":0,"max_hp_gain":0,"max_hp_loss":0,"event_name":"The Library","floor":20,"gold_loss":0},{"damage_healed":0,"gold_gain":0,"player_choice":"Opened","damage_taken":0,"relics_obtained":["Darkstone Periapt"],"max_hp_gain":0,"max_hp_loss":0,"event_name":"The Mausoleum","floor":21,"gold_loss":0},{"cards_removed":["Strike_Y"],"damage_healed":0,"gold_gain":0,"player_choice":"Purged","damage_taken":0,"max_hp_gain":0,"max_hp_loss":0,"event_name":"Purifier","floor":22,"gold_loss":0},{"damage_healed":0,"gold_gain":0,"player_choice":"Ignored","damage_taken":0,"max_hp_gain":0,"max_hp_loss":0,"event_name":"Vampires","floor":31,"gold_loss":0},{"damage_healed":0,"gold_gain":0,"player_choice":"Fight","damage_taken":0,"max_hp_gain":0,"max_hp_loss":0,"event_name":"Mysterious Sphere","floor":36,"gold_loss":0}],"is_beta":false,"boss_relics":[{"not_picked":["Philosopher\u0027s Stone","Fusion Hammer"],"picked":"Coffee Dripper"},{"not_picked":["Astrolabe","Cursed Key"],"picked":"Calling Bell"}],"items_purged_floors":[12,28,38,47,53],"is_endless":false,"potions_floor_spawned":[1,5,10,11,19,23,25,37,41,44,48],"ascension_level":2}}