{"host":"56d873i5r3uhle0q","time":1611809498,"event":{"mods":["100% Spire Juice","Act Like it!","Aspiration","BaseMod","Block Reminder","Conspire","Dota2Spire","Downfall","Gensokyo","Hermit","Hubris","Infinite Spire","Jedi Mod","Lobotomy","LobotomyExtend","Marisa????????","Marked Mod","Minty Spire (QoL Compilation)","Reliquary","Replay The Spire","StSLib","The Animator","The Bug Knight","The Cursed","The Marked","The Servant 0.9.4","everything is the same but u backflip on backflip","??????REMEMod"],"gold_per_floor":[109,121,140,180,19,19,38,9,9,9,20,20,20,35,35,332,332,349,349,349],"floor_reached":19,"language":"ENG","playtime":954,"items_purged":[],"score":159,"play_id":"67c5472d-124f-4bbd-a7a4-4fa9b9385ac1","local_time":"20210127215138","is_ascension_mode":false,"campfire_choices":[{"floor":6.0,"key":"REST"},{"floor":10.0,"key":"REST"},{"floor":15.0,"key":"REST"}],"circlet_count":0,"master_deck":["theMarked:Strike","theMarked:Strike","theMarked:Strike","theMarked:Strike","theMarked:Strike","theMarked:Defend","theMarked:Defend","theMarked:Defend","theMarked:Defend","theMarked:SoldierOfQuellstein","theMarked:Abjuration","theMarked:EmpowerWeapon","theMarked:MuscleMemory","theMarked:BindingBlade","theMarked:SuspiciousRaven","theMarked:MuscleMemory"],"relics":["theMarked:ArtifactOfAir","REME_ComplimentaryCards","Mirror","Darkstone Periapt","reliquary:IridiumChain","LetterFromLob","Astrolabe","Gaze_r"],"acts_visited":["Gensokyo:Gensokyo","Gensokyo:Gensokyoer"],"potions_floor_usage":[19],"damage_taken":[{"damage":0.0,"enemies":"Gensokyo:Python","floor":1.0,"turns":4.0},{"damage":0.0,"enemies":"Gensokyo:2_Kodama","floor":2.0,"turns":3.0},{"damage":6.0,"enemies":"Gensokyo:Gryphon","floor":3.0,"turns":4.0},{"damage":18.0,"enemies":"conspire:MimicChest","floor":4.0,"turns":5.0},{"damage":13.0,"enemies":"Gensokyo:3_Kodama","floor":7.0,"turns":3.0},{"damage":15.0,"enemies":"Gensokyo:Kitsune","floor":11.0,"turns":4.0},{"damage":8.0,"enemies":"Gensokyo:VengefulSpirit","floor":14.0,"turns":5.0},{"damage":45.0,"enemies":"Gensokyo:Kokoro","floor":16.0,"turns":11.0},{"damage":60,"enemies":"Gensokyo:3_Dogs","floor":18,"turns":7},{"damage":20,"enemies":"Gensokyo:CosmicMonolith","floor":19,"turns":4}],"seed_played":"-8019005387285338230","potions_obtained":[{"floor":2.0,"key":"Guardian:BlockOnCardUsePotion"},{"floor":11.0,"key":"Dota2Spire:Clarity"}],"is_trial":false,"path_per_floor":["M","M","M","?","$","R","M","COS","T","R","M","T","$","M","R","B",null,"M","M"],"character_chosen":"THE_DEFAULT","items_purchased":["theMarked:BindingBlade"],"campfire_rested":3,"item_purchase_floors":[5],"current_hp_per_floor":[63,63,57,39,39,57,44,44,44,62,47,47,47,39,57,12,63,3,0,0],"gold":349,"neow_bonus":"THREE_RARE_CARDS","is_daily":false,"chose_seed":false,"campfire_upgraded":0,"win_rate":0.0,"timestamp":1611809498,"path_taken":["M","?","M","?","$","R","?","COS","T","R","M","?","?","M","R","BOSS","M","M"],"items_purchased_type":["Card"],"build_version":"2020-12-22","purchased_purges":0,"victory":false,"max_hp_per_floor":[63,63,63,63,63,63,63,63,63,63,63,63,63,63,63,63,63,63,63,63],"card_choices":[{"not_picked":["theMarked:TurnInvisible","theMarked:FavorableWinds"],"picked":"theMarked:Abjuration","floor":0.0},{"not_picked":["theMarked:SwordAndMagic","theMarked:WardOff"],"picked":"theMarked:EmpowerWeapon","floor":1.0},{"not_picked":["theMarked:ChainLightning","theMarked:RepellingDischarge"],"picked":"theMarked:MuscleMemory","floor":2.0},{"not_picked":["theMarked:Determination","theMarked:Memento","theMarked:StartUp"],"picked":"SKIP","floor":3.0},{"not_picked":["theMarked:Parry","theMarked:TakeCover","theMarked:SwordAndMagic"],"picked":"SKIP","floor":7.0},{"not_picked":["theMarked:Pokerface","theMarked:MysticalArsenal","theMarked:Maelstrom"],"picked":"SKIP","floor":11.0},{"not_picked":["theMarked:AttractMetal","theMarked:Polarize","theMarked:SwordAndMagic"],"picked":"SKIP","floor":14.0},{"not_picked":["theMarked:Levitate","theMarked:ThrowWeapon"],"picked":"theMarked:SuspiciousRaven","floor":16.0},{"not_picked":["theMarked:Reabsorb","theMarked:ContemptForTheProud","theMarked:WardOff"],"picked":"SKIP","floor":18}],"player_experience":675523,"relics_obtained":[{"floor":4.0,"key":"Mirror"},{"floor":9.0,"key":"Darkstone Periapt"},{"floor":12.0,"key":"reliquary:IridiumChain"},{"floor":14.0,"key":"LetterFromLob"}],"event_choices":[],"is_beta":false,"boss_relics":[{"not_picked":["hubris:BlackHole","conspire:RoyalGoblet"],"picked":"Astrolabe"}],"items_purged_floors":[],"is_endless":false,"potions_floor_spawned":[2,11,19],"killed_by":"Gensokyo:CosmicMonolith","ascension_level":0}}