{"host":"mmro3auxcbu5pwad","time":1611875953,"event":{"mods":["Aspiration","BaseMod","Conspire","Energized Spire","Halation","Hubris","Infinite Spire","Minty Spire (QoL Compilation)","Permanent Neow","Replay The Spire","StSLib"],"gold_per_floor":[18,29,29,48,48,48,60,60,60,60,78,95,95,20,20,115,115,132,41,41,55,55,80,80,0,0,20,20,35,47,47,47,47,47],"floor_reached":33,"language":"ENG","playtime":1738,"items_purged":["Strike_P"],"score":338,"play_id":"93830889-6736-4ef5-97a8-11688695cc63","local_time":"20210129001913","is_ascension_mode":true,"campfire_choices":[{"data":"Eruption","floor":6,"key":"SMITH"},{"data":"Defend_P","floor":8,"key":"SMITH"},{"data":"Vigilance","floor":10,"key":"SMITH"},{"data":"Evaluate","floor":13,"key":"SMITH"},{"floor":15,"key":"REST"},{"data":"Evaluate","floor":24,"key":"SMITH"},{"data":"ThirdEye","floor":28,"key":"SMITH"},{"data":"Panacea","floor":32,"key":"SMITH"}],"circlet_count":0,"master_deck":["Defend_P+1","Defend_P+1","Eruption+1","Vigilance+1","EmptyFist","FollowUp","Evaluate+1","Tantrum","Replay:Cycle+1","CutThroughFate+1","Vault+1","Evaluate+1","Panacea+1","FollowUp","ThirdEye+1","Consecrate+1","infinitespire:Fortify"],"relics":["PureWater","hubris:Icosahedron","PreservedInsect","Astrolabe","hubris:Towel","Du-Vu Doll","Ornamental Fan","Pantograph","hubris:ScarierMask"],"acts_visited":["Exordium","TheCity"],"potions_floor_usage":[23,27,29,33],"damage_taken":[{"damage":4,"enemies":"conspire:RoseBush","floor":1,"turns":2},{"damage":4,"enemies":"2 Louse","floor":2,"turns":3},{"damage":4,"enemies":"Small Slimes","floor":4,"turns":3},{"damage":2,"enemies":"Exordium Wildlife","floor":7,"turns":3},{"damage":0,"enemies":"2 Fungi Beasts","floor":11,"turns":2},{"damage":2,"enemies":"3 Louse","floor":12,"turns":3},{"damage":0,"enemies":"Slime Boss","floor":16,"turns":5},{"damage":0,"enemies":"Chosen","floor":18,"turns":3},{"damage":5,"enemies":"2 Thieves","floor":21,"turns":3},{"damage":5,"enemies":"Slavers","floor":23,"turns":4},{"damage":13,"enemies":"Centurion and Healer","floor":27,"turns":4},{"damage":0,"enemies":"Cultist and Chosen","floor":29,"turns":5},{"damage":0,"enemies":"Snecko","floor":30,"turns":3},{"damage":74,"enemies":"hubris:MusketHawk","floor":33,"turns":9}],"seed_played":"7078007834434341431","potions_obtained":[{"floor":2,"key":"Elixir"},{"floor":4,"key":"EssenceOfSteel"},{"floor":12,"key":"SpeedPotion"},{"floor":16,"key":"DistilledChaos"},{"floor":21,"key":"LiquidBronze"},{"floor":23,"key":"FearPotion"},{"floor":30,"key":"FearPotion"}],"is_trial":false,"path_per_floor":["M","M","?","M","?","R","M","R","T","R","M","M","R","$","R","B",null,"M","$","?","M","?","E","R","?","T","M","R","M","M","AVR","R","B"],"character_chosen":"WATCHER","items_purchased":["Panacea"],"campfire_rested":1,"item_purchase_floors":[19],"current_hp_per_floor":[68,64,50,46,46,46,44,44,44,44,44,42,42,42,63,63,72,72,72,72,67,67,62,62,62,62,49,49,49,49,49,49,0,0],"gold":47,"neow_bonus":"REMOVE_TWO","is_daily":false,"chose_seed":false,"campfire_upgraded":7,"win_rate":0.0,"timestamp":1611875953,"path_taken":["M","?","?","M","?","R","M","R","T","R","M","?","R","$","R","BOSS","M","$","?","M","?","E","R","?","T","M","R","?","M","AVR","R","BOSS"],"items_purchased_type":["Card"],"build_version":"2020-12-22","purchased_purges":1,"victory":false,"max_hp_per_floor":[72,72,72,72,72,72,72,72,72,72,72,72,72,72,72,72,72,72,72,72,72,72,72,72,72,72,72,72,72,72,72,72,72,72],"card_choices":[{"not_picked":["PathToVictory","EmptyBody"],"picked":"EmptyFist","floor":1},{"not_picked":["Prostrate","Protect","ForeignInfluence"],"picked":"SKIP","floor":2},{"not_picked":["Blasphemy","PathToVictory","Replay:AtTheReady"],"picked":"SKIP","floor":4},{"not_picked":["Blasphemy","PathToVictory","Replay:AtTheReady"],"picked":"SKIP","floor":4},{"not_picked":["BowlingBash","Indignation"],"picked":"FollowUp","floor":7},{"not_picked":["WheelKick","CrushJoints"],"picked":"Evaluate","floor":11},{"not_picked":["FlyingSleeves","SashWhip"],"picked":"Tantrum","floor":12},{"not_picked":["Replay:Hum","Wireheading"],"picked":"Evaluate","floor":18},{"not_picked":["Prostrate","BowlingBash+1"],"picked":"FollowUp","floor":21},{"not_picked":["Wish","Meditate","WheelKick"],"picked":"SKIP","floor":23},{"not_picked":["Prostrate","MasterReality"],"picked":"ThirdEye","floor":27},{"not_picked":["FlyingSleeves","Wallop+1"],"picked":"Consecrate+1","floor":29},{"not_picked":["BattleHymn","CrushJoints","InnerPeace"],"picked":"SKIP","floor":30}],"player_experience":81727,"relics_obtained":[{"floor":9,"key":"PreservedInsect"},{"floor":23,"key":"Du-Vu Doll"},{"floor":26,"key":"Ornamental Fan"}],"event_choices":[{"damage_healed":0,"gold_gain":0,"player_choice":"Entered Light","damage_taken":14,"max_hp_gain":0,"max_hp_loss":0,"event_name":"Shining Light","floor":3,"gold_loss":0,"cards_upgraded":["Strike_P","Defend_P"]},{"damage_healed":0,"gold_gain":0,"player_choice":"Paid Fearfully","damage_taken":0,"max_hp_gain":0,"max_hp_loss":0,"event_name":"Masked Bandits","floor":25,"gold_loss":80}],"is_beta":false,"boss_relics":[{"not_picked":["hubris:TerracottaHorce","halation:Prosthetics"],"picked":"Astrolabe"}],"items_purged_floors":[14],"is_endless":false,"potions_floor_spawned":[2,4,12,16,21,23,30],"killed_by":"hubris:MusketHawk","ascension_level":2}}