{"host":"r4aerl4ckfvw1dw3","time":1611873664,"event":{"mods":["BaseMod","BetterRewards","Minty Spire (QoL Compilation)","Quick Restart","StSLib"],"gold_per_floor":[115,130,150,161,91,91,120,137,189,219,219,234,254,254,254,359,359,326,326,338,348,348,348],"floor_reached":22,"language":"ENG","playtime":1119,"items_purged":[],"score":210,"play_id":"7db9fcb2-89b1-4479-a423-ca7101df6be6","local_time":"20210128144104","is_ascension_mode":true,"campfire_choices":[{"data":"Infernal Blade","floor":6,"key":"SMITH"},{"floor":11,"key":"RECALL"},{"floor":15,"key":"REST"}],"circlet_count":0,"master_deck":["Strike_R","Strike_R+1","Strike_R","Strike_R","Strike_R+1","Defend_R","Defend_R","Defend_R","Defend_R","Bash","Armaments","Infernal Blade+1","Disarm","Sever Soul","Metallicize","Metallicize","Flex","Rampage","Impervious","Iron Wave+1","Seeing Red","Shrug It Off+1"],"relics":["Burning Blood","NeowsBlessing","Kunai","Regal Pillow","Singing Bowl","SlaversCollar"],"acts_visited":["Exordium","TheCity"],"potions_floor_usage":[16,21,22],"damage_taken":[{"damage":0,"enemies":"2 Louse","floor":1,"turns":1},{"damage":0,"enemies":"Small Slimes","floor":2,"turns":1},{"damage":0,"enemies":"Cultist","floor":3,"turns":1},{"damage":9,"enemies":"Exordium Wildlife","floor":4,"turns":4},{"damage":26,"enemies":"3 Sentries","floor":7,"turns":7},{"damage":0,"enemies":"2 Fungi Beasts","floor":8,"turns":4},{"damage":17,"enemies":"Lagavulin","floor":10,"turns":9},{"damage":9,"enemies":"Lots of Slimes","floor":12,"turns":5},{"damage":8,"enemies":"Large Slime","floor":13,"turns":6},{"damage":38,"enemies":"Hexaghost","floor":16,"turns":12},{"damage":44,"enemies":"2 Thieves","floor":18,"turns":5},{"damage":4,"enemies":"Chosen","floor":20,"turns":7},{"damage":32,"enemies":"Snecko","floor":21,"turns":8},{"damage":39,"enemies":"3 Cultists","floor":22,"turns":6}],"seed_played":"2420505516784628535","potions_obtained":[{"floor":1,"key":"LiquidBronze"},{"floor":3,"key":"Swift Potion"},{"floor":4,"key":"SteroidPotion"},{"floor":8,"key":"ColorlessPotion"},{"floor":20,"key":"Regen Potion"},{"floor":21,"key":"GamblersBrew"}],"is_trial":false,"path_per_floor":["M","M","M","M","$","R","E","M","T","E","R","M","M","?","R","B",null,"M","?","M","M","M"],"character_chosen":"IRONCLAD","items_purchased":["Metallicize"],"campfire_rested":1,"item_purchase_floors":[5],"current_hp_per_floor":[80,80,80,77,77,77,57,63,63,54,54,51,51,34,74,42,84,46,46,48,37,0,0],"gold":348,"neow_bonus":"THREE_ENEMY_KILL","is_daily":false,"chose_seed":false,"campfire_upgraded":1,"win_rate":0.0,"timestamp":1611873664,"path_taken":["M","M","M","M","$","R","E","M","T","E","R","M","M","?","R","BOSS","M","?","M","M","M"],"items_purchased_type":["Card"],"build_version":"2020-12-22","purchased_purges":0,"victory":false,"max_hp_per_floor":[80,80,80,80,80,80,80,80,80,82,82,82,84,84,84,84,84,84,84,84,84,84,84],"card_choices":[{"not_picked":["Body Slam","Power Through"],"picked":"Armaments","floor":1},{"not_picked":["Body Slam","Heavy Blade"],"picked":"Infernal Blade","floor":2},{"not_picked":["Armaments","Shrug It Off"],"picked":"Disarm","floor":3},{"not_picked":["Flex","Wild Strike"],"picked":"Sever Soul","floor":4},{"not_picked":["Perfected Strike","Battle Trance"],"picked":"Metallicize","floor":7},{"not_picked":["True Grit","Havoc"],"picked":"Flex","floor":8},{"not_picked":["Reckless Charge","Burning Pact","Sentinel"],"picked":"Singing Bowl","floor":10},{"not_picked":["Uppercut","Warcry"],"picked":"Rampage","floor":12},{"not_picked":["Carnage","Clash","Intimidate"],"picked":"Singing Bowl","floor":13},{"not_picked":["Offering","Corruption"],"picked":"Impervious","floor":16},{"not_picked":["True Grit+1","Headbutt"],"picked":"Iron Wave+1","floor":18},{"not_picked":["Dropkick","Pommel Strike"],"picked":"Seeing Red","floor":20},{"not_picked":["Armaments","Flex"],"picked":"Shrug It Off+1","floor":21}],"player_experience":440570,"relics_obtained":[{"floor":7,"key":"Kunai"},{"floor":9,"key":"Regal Pillow"},{"floor":10,"key":"Singing Bowl"}],"event_choices":[{"damage_healed":0,"gold_gain":0,"player_choice":"Entered Light","damage_taken":17,"max_hp_gain":0,"max_hp_loss":0,"event_name":"Shining Light","floor":14,"gold_loss":0,"cards_upgraded":["Strike_R","Strike_R"]},{"damage_healed":0,"gold_gain":0,"player_choice":"Ignored","damage_taken":0,"max_hp_gain":0,"max_hp_loss":0,"event_name":"Beggar","floor":19,"gold_loss":0}],"is_beta":false,"boss_relics":[{"not_picked":["Empty Cage","Astrolabe"],"picked":"SlaversCollar"}],"items_purged_floors":[],"is_endless":false,"potions_floor_spawned":[1,3,4,8,12,20,21],"killed_by":"3 Cultists","ascension_level":1}}