{"host":"phy652c7lim9lcu2","time":1611834340,"event":{"mods":["BaseMod","BetterRewards","Colored Powertips","Downfall","Googly Eyes","Hubris","Minty Spire (QoL Compilation)","Relic Stats","Spicy Shops","StSLib","everything is the same but u backflip on backflip"],"gold_per_floor":[112,112,125,142,154,154,154],"floor_reached":6,"language":"ENG","playtime":274,"items_purged":["Regret"],"score":55,"play_id":"812ab964-1ff6-486c-9086-27cfe6c86ec3","local_time":"20210128214540","is_ascension_mode":true,"campfire_choices":[],"circlet_count":0,"master_deck":["Strike_B+1","Strike_B","Strike_B","Strike_B","Defend_B","Defend_B","Defend_B","Defend_B","Zap","Dualcast","Defragment","Melter","Gash+1","Chill","Undo"],"relics":["Cracked Core","Chemical X","PreservedInsect"],"acts_visited":["Exordium"],"potions_floor_usage":[],"damage_taken":[{"damage":16,"enemies":"Small Slimes","floor":1,"turns":3},{"damage":7,"enemies":"Jaw Worm","floor":3,"turns":2},{"damage":1,"enemies":"Cultist","floor":4,"turns":3},{"damage":11,"enemies":"Exordium Thugs","floor":5,"turns":4},{"damage":2,"enemies":"3 Sentries","floor":6,"turns":1}],"seed_played":"3903165795657020841","potions_obtained":[{"floor":4,"key":"LiquidBronze"}],"is_trial":false,"path_per_floor":["M","?","M","M","M","E"],"character_chosen":"DEFECT","items_purchased":["Chemical X","PreservedInsect","Defragment","Melter","Gash"],"campfire_rested":0,"item_purchase_floors":[0,0,0,0,0],"current_hp_per_floor":[36,21,14,13,2,0,0],"gold":154,"neow_bonus":"","is_daily":false,"chose_seed":false,"campfire_upgraded":0,"win_rate":0.0,"timestamp":1611834340,"path_taken":["M","?","M","M","M","E"],"items_purchased_type":["Relic","Relic","Card","Card","Card"],"build_version":"2020-12-22","purchased_purges":1,"victory":false,"max_hp_per_floor":[75,75,75,75,75,75,75],"relic_stats":{"counters":[5,13],"PreservedInsect":34,"Chemical X":[1],"obtain_stats":[{"PreservedInsect":0,"Red Mask":0,"Chemical X":0,"Cracked Core":0,"TungstenRod":0},{"PreservedInsect":0,"Red Mask":0,"Chemical X":0,"Cracked Core":0,"TungstenRod":0},{"PreservedInsect":0,"Red Mask":0,"Chemical X":0,"Cracked Core":0,"TungstenRod":0}]},"card_choices":[{"not_picked":["Storm","Sweeping Beam","Static Discharge"],"picked":"SKIP","floor":1},{"not_picked":["Lockon","Force Field","Redo"],"picked":"SKIP","floor":3},{"not_picked":["Steam","Heatsinks"],"picked":"Chill","floor":4},{"not_picked":["BootSequence","Darkness"],"picked":"Undo","floor":5}],"player_experience":269374,"relics_obtained":[],"event_choices":[{"damage_healed":0,"gold_gain":0,"player_choice":"Entered Light","damage_taken":15,"max_hp_gain":0,"max_hp_loss":0,"event_name":"Shining Light","floor":2,"gold_loss":0,"cards_upgraded":["Gash","Strike_B"]}],"is_beta":false,"boss_relics":[],"items_purged_floors":[0],"is_endless":false,"potions_floor_spawned":[4],"killed_by":"3 Sentries","ascension_level":9}}