{"host":"y2kfqdipa4rrljwb","time":1611834458,"event":{"mods":["ATMod(阿瑾Mod)","AchievementEnabler","Act Like it!","Aspiration","BaseMod","Energized Spire","Friendly Minions","Infinite Spire","Minty Spire (QoL Compilation)","Pale of the Ancients","Random Character Button","Random Character Mod","Relic Stats","Reliquary","Replay The Spire","RumiaBox-露米娅的神秘盒子","StSLib","TestMod","【功能Mod】混沌之环修复补丁","【遗物卡牌】REMEMod"],"gold_per_floor":[112,122,132,57,57,57,91,102,102,102,137,137,171,186,186,289,289,308,308,321,332,732,732,749,749,775,789,789,823,823,823,823,918,918,998,998,594,594,650,721,721,788,788,788,867,867,867,955,288,335,335,335,335,335,83,114,114],"floor_reached":58,"language":"ZHS","playtime":3967,"items_purged":["Strike_G","Strike_G","Defend_G","Defend_G","Deadly Poison"],"score":1595,"play_id":"121e1899-6d9a-4f6b-820c-e3cce4e20cf6","local_time":"20210128194738","is_ascension_mode":true,"campfire_choices":[{"data":"Neutralize","floor":6.0,"key":"SMITH"},{"data":"Blade Dance","floor":12.0,"key":"SMITH"},{"data":"Cloak And Dagger","floor":23.0,"key":"SMITH"},{"data":"Hidden Blade","floor":25.0,"key":"SMITH"},{"data":"PiercingWail","floor":30.0,"key":"SMITH"},{"floor":32.0,"key":"REST"},{"data":"Hidden Blade","floor":41.0,"key":"SMITH"},{"floor":51.0,"key":"RECALL"},{"data":"Survivor","floor":54.0,"key":"SMITH"}],"circlet_count":0,"master_deck":["Strike_G","Strike_G","Defend_G","Defend_G","Survivor+1","Neutralize+1","Backflip+1","Blade Dance+1","Cloak And Dagger+1","Blade Dance+1","Hidden Blade+1","PiercingWail+1","Hidden Blade+1","Cloak And Dagger+1","Backflip"],"relics":["REME_ComplimentaryCards","AT_ATBox","testmod-DreamHouse","Happy Flower","Lantern","testmod-OneHitWonder","Singing Bowl","aspiration:BabyByrd","SSSystem","testmod-InjuryResistance","energizedSpire:SpiderWeb","Tiny Chest","Tiny Chest","infinitespire:EvilPickle","EasyGame_NEW","StrikeDummy","reliquary:PurpleTingedLeaf","Mummified Hand","LastBattle","Snack Pack","Darkstone Periapt","aspiration:FetidBarrel","AT_PhaseBoots","AT_ImmortalShieldbow","Medical Kit","AT_SilverBalance","Blood Vial"],"acts_visited":["Exordium","TheCity","TheBeyond","TheEnding"],"potions_floor_usage":[57,57,57],"damage_taken":[{"damage":0.0,"enemies":"2 Louse","floor":1.0,"turns":3.0},{"damage":0.0,"enemies":"Cultist","floor":2.0,"turns":4.0},{"damage":2.0,"enemies":"Jaw Worm","floor":3.0,"turns":4.0},{"damage":40.0,"enemies":"Gremlin Nob","floor":7.0,"turns":5.0},{"damage":0.0,"enemies":"2 Fungi Beasts","floor":8.0,"turns":4.0},{"damage":24.0,"enemies":"3 Sentries","floor":11.0,"turns":12.0},{"damage":5.0,"enemies":"Gremlin Nob","floor":13.0,"turns":4.0},{"damage":0.0,"enemies":"Lots of Slimes","floor":14.0,"turns":3.0},{"damage":22.0,"enemies":"Slime Boss","floor":16.0,"turns":9.0},{"damage":0.0,"enemies":"Chosen","floor":18.0,"turns":6.0},{"damage":0.0,"enemies":"Shell Parasite","floor":20.0,"turns":4.0},{"damage":17.0,"enemies":"Snecko","floor":21.0,"turns":6.0},{"damage":2.0,"enemies":"Shelled Parasite and Fungi","floor":24.0,"turns":4.0},{"damage":20.0,"enemies":"Centurion and Healer","floor":27.0,"turns":6.0},{"damage":9.0,"enemies":"REME_1_Revenger","floor":29.0,"turns":6.0},{"damage":14.0,"enemies":"Pondfish","floor":33.0,"turns":11.0},{"damage":0.0,"enemies":"3 Darklings","floor":35.0,"turns":5.0},{"damage":1.0,"enemies":"Orb Walker","floor":39.0,"turns":4.0},{"damage":33.0,"enemies":"Nightmare","floor":40.0,"turns":7.0},{"damage":20.0,"enemies":"Jaw Worm Horde","floor":42.0,"turns":4.0},{"damage":9.0,"enemies":"Reptomancer","floor":48.0,"turns":6.0},{"damage":12.0,"enemies":"R_Hoarder","floor":50.0,"turns":7.0},{"damage":22.0,"enemies":"Replay:Hell Engine","floor":52.0,"turns":7.0},{"damage":26.0,"enemies":"Shield and Spear","floor":56.0,"turns":5.0},{"damage":43,"enemies":"The Heart","floor":57,"turns":4}],"seed_played":"-5719762587742565378","potions_obtained":[{"floor":11.0,"key":"SkillPotion"},{"floor":14.0,"key":"Fire Potion"},{"floor":16.0,"key":"Energy Potion"},{"floor":21.0,"key":"AttackPotion"},{"floor":27.0,"key":"SkillPotion"},{"floor":29.0,"key":"BlessingOfTheForge"},{"floor":31.0,"key":"Venom Potion"},{"floor":31.0,"key":"Block Potion"},{"floor":42.0,"key":"Poison Potion"},{"floor":48.0,"key":"Adrenaline Potion"},{"floor":50.0,"key":"Explosive Potion"}],"is_trial":false,"path_per_floor":["M","M","M","$","?","R","E","M","T","?","E","R","E","M","R","B",null,"M","?","M","M","?","R","M","R","T","M","AVR","E","R","?","R","B",null,"M","T","$","?","M","NM","R","M","PTL","PTL","T","T","T","E","$","E","R","B",null,"R","$","E","B",null],"character_chosen":"THE_SILENT","items_purchased":["Hidden Blade","reliquary:PurpleTingedLeaf","AT_SpeedBoots","AT_ImmortalShieldbow","Medical Kit","PowerPotion","FearPotion"],"campfire_rested":1,"item_purchase_floors":[37,37,49,49,49,55,55],"current_hp_per_floor":[70,70,68,68,68,68,28,28,28,28,6,6,3,3,25,5,58,58,58,60,43,43,43,41,41,41,23,23,16,16,16,40,28,70,72,72,72,72,74,47,47,28,28,28,28,28,28,42,42,45,45,57,85,85,85,34,38],"gold":114,"neow_bonus":"BOSS_RELIC","is_daily":false,"chose_seed":false,"campfire_upgraded":7,"win_rate":0.0,"timestamp":1611834458,"path_taken":["M","M","M","$","?","R","E","?","T","?","E","R","E","M","R","BOSS","M","?","M","?","?","R","M","R","T","M","AVR","E","R","?","R","BOSS","M","?","$","?","M","NM","R","M","PTL","PTL","T","?","?","E","$","E","R","BOSS","R","$","E","BOSS"],"items_purchased_type":["Card","Relic","Relic","Relic","Relic","Potion","Potion"],"build_version":"2020-12-22","purchased_purges":5,"victory":true,"max_hp_per_floor":[70,70,70,70,70,70,70,70,70,70,72,72,74,74,74,76,76,76,76,78,78,78,78,78,78,78,80,80,82,82,82,82,84,84,86,86,86,86,88,90,90,90,90,90,90,90,90,92,92,94,94,94,94,94,94,94,94],"relic_stats":{"Darkstone Periapt":0,"Blood Vial":2,"Happy Flower":[46],"Singing Bowl":24,"counters":[25,140],"Mummified Hand":[3],"Tiny Chest":1,"Medical Kit":[10],"obtain_stats":[{"Darkstone Periapt":47,"Lantern":0,"AT_ATBox":0,"Singing Bowl":9,"SSSystem":11,"Blood Vial":56,"testmod-InjuryResistance":13,"aspiration:BabyByrd":10,"Mummified Hand":40,"testmod-DreamHouse":0,"Tiny Chest":28,"Ring of the Snake":0,"testmod-TestBox":0,"Happy Flower":0,"aspiration:FetidBarrel":48,"AT_SilverBalance":50,"AT_PhaseBoots":57,"energizedSpire:SpiderWeb":17,"LastBattle":45,"Medical Kit":49,"infinitespire:EvilPickle":33,"AT_ImmortalShieldbow":49,"AT_SpeedBoots":49,"Snack Pack":46,"StrikeDummy":36,"testmod-OneHitWonder":7,"EasyGame_NEW":34,"reliquary:PurpleTingedLeaf":37,"REME_ComplimentaryCards":0},{"Darkstone Periapt":20,"Lantern":0,"AT_ATBox":0,"Singing Bowl":5,"SSSystem":6,"Blood Vial":24,"testmod-InjuryResistance":7,"aspiration:BabyByrd":5,"Mummified Hand":19,"testmod-DreamHouse":0,"Tiny Chest":14,"Ring of the Snake":0,"testmod-TestBox":0,"Happy Flower":0,"aspiration:FetidBarrel":21,"AT_SilverBalance":22,"AT_PhaseBoots":25,"energizedSpire:SpiderWeb":9,"LastBattle":20,"Medical Kit":21,"infinitespire:EvilPickle":16,"AT_ImmortalShieldbow":21,"AT_SpeedBoots":21,"Snack Pack":20,"StrikeDummy":17,"testmod-OneHitWonder":4,"EasyGame_NEW":16,"reliquary:PurpleTingedLeaf":17,"REME_ComplimentaryCards":0},{"Darkstone Periapt":111,"Lantern":0,"AT_ATBox":0,"Singing Bowl":20,"SSSystem":32,"Blood Vial":136,"testmod-InjuryResistance":36,"aspiration:BabyByrd":20,"Mummified Hand":107,"testmod-DreamHouse":0,"Tiny Chest":74,"Ring of the Snake":0,"testmod-TestBox":0,"Happy Flower":0,"aspiration:FetidBarrel":117,"AT_SilverBalance":124,"AT_PhaseBoots":138,"energizedSpire:SpiderWeb":48,"LastBattle":111,"Medical Kit":117,"infinitespire:EvilPickle":91,"AT_ImmortalShieldbow":117,"AT_SpeedBoots":117,"Snack Pack":111,"StrikeDummy":96,"testmod-OneHitWonder":16,"EasyGame_NEW":91,"reliquary:PurpleTingedLeaf":96,"REME_ComplimentaryCards":0}]},"card_choices":[{"not_picked":["Acrobatics","ReplayTheSpireMod:Scrap Shanks"],"picked":"Deadly Poison","floor":1.0},{"not_picked":["AT_WindRun","AT_Desolate"],"picked":"Backflip","floor":2.0},{"not_picked":["Outmaneuver","Dagger Spray"],"picked":"Blade Dance","floor":3.0},{"not_picked":["Choke","Quick Slash","Concentrate"],"picked":"SKIP","floor":7.0},{"not_picked":["ReplayTheSpireMod:The Works","AT_WomanClash","Outmaneuver"],"picked":"SKIP","floor":8.0},{"not_picked":["AT_WomanClash","Eviscerate","Infinite Blades"],"picked":"Singing Bowl","floor":11.0},{"not_picked":["AT_TinkerSharpsword","ReplayTheSpireMod:Scrap Shanks","ReplayTheSpireMod:Speed Training"],"picked":"Singing Bowl","floor":13.0},{"not_picked":["Masterful Stab","AT_TwilightShroud"],"picked":"Cloak And Dagger","floor":14.0},{"not_picked":["REME_GrazeFinale","aspiration:Lunge","Replay:Bag of Tricks"],"picked":"Singing Bowl","floor":16.0},{"not_picked":["AT_WindRun","Quick Slash"],"picked":"Blade Dance+1","floor":18.0},{"not_picked":["AT_ArcaneSupremacy","Finisher","Blade Dance+1"],"picked":"Singing Bowl","floor":20.0},{"not_picked":["Tactician","PiercingWail"],"picked":"Hidden Blade","floor":21.0},{"not_picked":["ReplayTheSpireMod:Scrap Shanks","Sneak Up"],"picked":"PiercingWail","floor":24.0},{"not_picked":["Bane","Slice","Cloak And Dagger"],"picked":"Singing Bowl","floor":27.0},{"not_picked":["Tactician","Underhanded Strike","AT_TwilightShroud"],"picked":"Singing Bowl","floor":29.0},{"not_picked":["Atom Bomb","infinitespire:Neurotoxin","Corpse Explosion"],"picked":"Singing Bowl","floor":33.0},{"not_picked":["Dagger Spray+1","Acrobatics+1","Quick Slash"],"picked":"Singing Bowl","floor":35.0},{"not_picked":["ReplayTheSpireMod:Scrap Shanks+1","Noxious Fumes","Tactician+1"],"picked":"Singing Bowl","floor":39.0},{"not_picked":["Storm of Steel","Distraction+1","Masterful Stab+1"],"picked":"Singing Bowl","floor":40.0},{"not_picked":["Setup","Outmaneuver+1"],"picked":"Cloak And Dagger+1","floor":42.0},{"not_picked":["Predator+1","Dodge and Roll","Unload"],"picked":"Singing Bowl","floor":48.0},{"not_picked":["Underhanded Strike+1","Acrobatics+1","Bane+1"],"picked":"Singing Bowl","floor":50.0},{"not_picked":["Cloak And Dagger","Dodge and Roll+1"],"picked":"Backflip","floor":56.0}],"player_experience":200712,"relics_obtained":[{"floor":7.0,"key":"testmod-OneHitWonder"},{"floor":9.0,"key":"Singing Bowl"},{"floor":11.0,"key":"SSSystem"},{"floor":13.0,"key":"testmod-InjuryResistance"},{"floor":29.0,"key":"Tiny Chest"},{"floor":36.0,"key":"StrikeDummy"},{"floor":40.0,"key":"Mummified Hand"},{"floor":45.0,"key":"LastBattle"},{"floor":46.0,"key":"Snack Pack"},{"floor":47.0,"key":"Darkstone Periapt"},{"floor":48.0,"key":"aspiration:FetidBarrel"},{"floor":50.0,"key":"AT_SilverBalance"},{"floor":56.0,"key":"Blood Vial"}],"event_choices":[{"damage_healed":0.0,"max_hp_gain":0.0,"max_hp_loss":0.0,"gold_gain":0.0,"event_name":"Wheel of Change","player_choice":"Cursed","floor":5.0,"gold_loss":0.0,"damage_taken":0.0,"cards_obtained":["Decay"]},{"cards_removed":["Strike_G"],"damage_healed":0.0,"max_hp_gain":0.0,"max_hp_loss":0.0,"gold_gain":0.0,"event_name":"Bonfire Elementals","player_choice":"Offered Basic","floor":19.0,"gold_loss":0.0,"damage_taken":0.0},{"damage_healed":0.0,"max_hp_gain":0.0,"max_hp_loss":0.0,"gold_gain":400.0,"event_name":"恩洛斯的盘子","player_choice":"Sell","floor":22.0,"relics_lost":["testmod-TestBox"],"gold_loss":0.0,"damage_taken":0.0},{"damage_healed":0.0,"max_hp_gain":0.0,"max_hp_loss":0.0,"gold_gain":0.0,"event_name":"Lab","player_choice":"Got Potions","floor":31.0,"gold_loss":0.0,"damage_taken":0.0},{"cards_removed":["Defend_G"],"damage_healed":0.0,"max_hp_gain":0.0,"max_hp_loss":0.0,"gold_gain":0.0,"event_name":"Purifier","player_choice":"Purged","floor":38.0,"gold_loss":0.0,"damage_taken":0.0}],"is_beta":false,"boss_relics":[{"not_picked":["REME_DuelDisc","aspiration:RunicSpoon"],"picked":"energizedSpire:SpiderWeb"},{"not_picked":["aspiration:FutureDiary","REME_DemonsWealth"],"picked":"EasyGame_NEW"}],"items_purged_floors":[4,28,37,49,55],"is_endless":false,"potions_floor_spawned":[11,14,16,21,27,29,42,48,50,56],"ascension_level":5}}