{"host":"6rz02yiipefhcw4r","time":1611870259,"event":{"mods":["2.2 Compatiblity","BaseMod","Block Reminder","Colored Map","Curses Come First","DeckTracker","Googly Eyes","Minty Spire (QoL Compilation)","Quick Restart","Rare Cards Sparkle","StSLib"],"gold_per_floor":[117,192,204,204,219,262,262,281,281,320,320,73,73,112,112,207,207,226,226,226,249,122,122,156,156,156,156,187,187,211,230,230,326,326,344,360,4,28,28,64,85,118,165,181,181,181,181],"floor_reached":46,"language":"ENG","playtime":1964,"items_purged":["Thunderclap"],"score":1172,"play_id":"59e6e414-63ab-4c44-b577-b12dcd2ec677","local_time":"20210128194419","is_ascension_mode":true,"campfire_choices":[{"data":"Juggernaut","floor":7.0,"key":"SMITH"},{"floor":11.0,"key":"REST"},{"data":"Perfected Strike","floor":15.0,"key":"SMITH"},{"data":"Metallicize","floor":23.0,"key":"SMITH"},{"floor":27.0,"key":"REST"},{"floor":29.0,"key":"REST"},{"data":"Clothesline","floor":32.0,"key":"SMITH"},{"floor":45,"key":"REST"}],"circlet_count":0,"master_deck":["AscendersBane","Strike_R+1","Strike_R+1","Strike_R+1","Strike_R+1","Strike_R+1","Defend_R+1","Defend_R+1","Defend_R+1","Defend_R+1","Bash","Trip","Combust","Perfected Strike+1","Juggernaut+1","Rage+1","Metallicize+1","Metallicize+1","Reaper","Shrug It Off+1","Pommel Strike","Headbutt","Clothesline+1","Battle Trance+1","Dual Wield+1","Feed","CurseOfTheBell","Rupture+1","Metallicize+1","Flame Barrier+1","Body Slam","True Grit+1","Havoc+1","Ghostly Armor+1","Pommel Strike+1"],"relics":["Burning Blood","Golden Idol","Nunchaku","Toxic Egg 2","Pocketwatch","Red Skull","Frozen Egg 2","Potion Belt","Sozu","MutagenicStrength","Mummified Hand","StoneCalendar","Ornamental Fan","Calling Bell","PreservedInsect","Singing Bowl","Mango","Lantern","Toy Ornithopter","Pen Nib"],"acts_visited":["Exordium","TheCity","TheBeyond"],"potions_floor_usage":[],"damage_taken":[{"damage":14.0,"enemies":"Jaw Worm","floor":1.0,"turns":4.0},{"damage":1.0,"enemies":"Small Slimes","floor":3.0,"turns":4.0},{"damage":13.0,"enemies":"2 Louse","floor":5.0,"turns":3.0},{"damage":11.0,"enemies":"Gremlin Nob","floor":6.0,"turns":3.0},{"damage":8.0,"enemies":"Looter","floor":8.0,"turns":3.0},{"damage":29.0,"enemies":"3 Sentries","floor":10.0,"turns":6.0},{"damage":6.0,"enemies":"Gremlin Nob","floor":14.0,"turns":3.0},{"damage":8.0,"enemies":"Slime Boss","floor":16.0,"turns":6.0},{"damage":9.0,"enemies":"Spheric Guardian","floor":18.0,"turns":5.0},{"damage":20.0,"enemies":"3 Byrds","floor":21.0,"turns":5.0},{"damage":49.0,"enemies":"Book of Stabbing","floor":24.0,"turns":5.0},{"damage":24.0,"enemies":"Slavers","floor":28.0,"turns":4.0},{"damage":13.0,"enemies":"Shelled Parasite and Fungi","floor":30.0,"turns":5.0},{"damage":11.0,"enemies":"Cultist and Chosen","floor":31.0,"turns":5.0},{"damage":29.0,"enemies":"Champ","floor":33.0,"turns":8.0},{"damage":14.0,"enemies":"3 Shapes","floor":35.0,"turns":5.0},{"damage":17.0,"enemies":"3 Darklings","floor":36.0,"turns":6.0},{"damage":13.0,"enemies":"Sphere and 2 Shapes","floor":38.0,"turns":6.0},{"damage":46.0,"enemies":"Reptomancer","floor":40.0,"turns":5.0},{"damage":4,"enemies":"Maw","floor":41,"turns":6},{"damage":17,"enemies":"Nemesis","floor":42,"turns":7},{"damage":15,"enemies":"Jaw Worm Horde","floor":44,"turns":5},{"damage":53,"enemies":"Transient","floor":46,"turns":4}],"seed_played":"-158244923663875047","potions_obtained":[{"floor":5.0,"key":"SteroidPotion"},{"floor":6.0,"key":"LiquidMemories"},{"floor":10.0,"key":"Strength Potion"}],"is_trial":false,"path_per_floor":["M","?","M","?","M","E","R","M","T","E","R","$","T","E","R","B",null,"M","?","?","M","$","R","E","?","T","R","E","R","M","M","R","B",null,"M","M","$","M","$","E","M","E","T","M","R","M"],"character_chosen":"IRONCLAD","items_purchased":["Metallicize","Red Skull","Pommel Strike","Metallicize+1","Flame Barrier+1","Body Slam","Lantern"],"campfire_rested":4,"item_purchase_floors":[12,12,22,37,37,37,37],"current_hp_per_floor":[60,49,54,54,47,42,42,40,40,17,37,37,37,37,37,35,60,57,57,57,47,47,47,8,8,8,28,10,30,43,55,55,36,74,79,70,70,66,66,26,36,28,28,24,53,0,0],"gold":181,"neow_bonus":"RANDOM_COLORLESS","is_daily":false,"chose_seed":false,"campfire_upgraded":4,"win_rate":0.0,"timestamp":1611870259,"path_taken":["M","?","M","?","M","E","R","M","T","E","R","$","?","E","R","BOSS","M","?","?","M","$","R","E","?","T","R","E","R","?","M","R","BOSS","M","?","$","M","?","E","M","E","T","M","R","M"],"items_purchased_type":["Card","Relic","Card","Card","Card","Card","Relic"],"build_version":"2020-12-22","purchased_purges":1,"victory":false,"max_hp_per_floor":[75,75,75,68,68,68,68,68,68,68,68,68,68,68,68,68,68,68,68,68,68,68,68,68,68,68,68,68,68,68,68,68,68,82,85,87,87,90,90,90,93,95,95,98,98,98,98],"card_choices":[{"not_picked":["Blind","PanicButton"],"picked":"Trip","floor":0.0},{"not_picked":["Sword Boomerang","Burning Pact"],"picked":"Combust","floor":1.0},{"not_picked":["Second Wind","Clash"],"picked":"Thunderclap","floor":3.0},{"not_picked":["Clothesline","Thunderclap"],"picked":"Perfected Strike","floor":5.0},{"not_picked":["Iron Wave","Blood for Blood"],"picked":"Juggernaut","floor":6.0},{"not_picked":["Burning Pact","Clash","Cleave"],"picked":"SKIP","floor":8.0},{"not_picked":["Carnage","Fiend Fire"],"picked":"Rage+1","floor":10.0},{"not_picked":["Shrug It Off+1","Sever Soul"],"picked":"Metallicize+1","floor":14.0},{"not_picked":["Demon Form+1","Immolate"],"picked":"Reaper","floor":16.0},{"not_picked":["Reckless Charge","Heavy Blade"],"picked":"Shrug It Off+1","floor":18.0},{"not_picked":["Heavy Blade+1","Burning Pact+1","Clash"],"picked":"SKIP","floor":21.0},{"not_picked":["Heavy Blade+1","Burning Pact+1","Clash"],"picked":"SKIP","floor":21.0},{"not_picked":["Dropkick","Bloodletting+1"],"picked":"Headbutt","floor":24.0},{"not_picked":["Reckless Charge","Sword Boomerang"],"picked":"Clothesline","floor":28.0},{"not_picked":["Dark Embrace+1","Feel No Pain+1"],"picked":"Battle Trance+1","floor":30.0},{"not_picked":["Anger","Fire Breathing+1"],"picked":"Dual Wield+1","floor":31.0},{"not_picked":["Reaper","Double Tap+1"],"picked":"Feed","floor":33.0},{"not_picked":["Burning Pact+1","Entrench+1"],"picked":"Rupture+1","floor":35.0},{"not_picked":["Burning Pact+1","Clothesline","Seeing Red+1"],"picked":"Singing Bowl","floor":36.0},{"not_picked":["Anger","Havoc+1"],"picked":"True Grit+1","floor":38.0},{"not_picked":["Heavy Blade","Armaments+1"],"picked":"Havoc+1","floor":40.0},{"not_picked":["Bloodletting+1","Perfected Strike"],"picked":"Ghostly Armor+1","floor":41},{"not_picked":["Armaments+1","Double Tap+1","Ghostly Armor+1"],"picked":"Singing Bowl","floor":42},{"not_picked":["Sentinel+1","Searing Blow"],"picked":"Pommel Strike+1","floor":44}],"player_experience":752314,"relics_obtained":[{"floor":6.0,"key":"Nunchaku"},{"floor":9.0,"key":"Toxic Egg 2"},{"floor":10.0,"key":"Pocketwatch"},{"floor":13.0,"key":"Frozen Egg 2"},{"floor":14.0,"key":"Potion Belt"},{"floor":24.0,"key":"Mummified Hand"},{"floor":26.0,"key":"StoneCalendar"},{"floor":28.0,"key":"Ornamental Fan"},{"floor":34.0,"key":"PreservedInsect"},{"floor":34.0,"key":"Singing Bowl"},{"floor":34.0,"key":"Mango"},{"floor":40.0,"key":"Toy Ornithopter"},{"floor":42,"key":"Pen Nib"}],"event_choices":[{"damage_healed":0.0,"max_hp_gain":0.0,"max_hp_loss":0.0,"gold_gain":75.0,"event_name":"World of Goop","player_choice":"Gather Gold","floor":2.0,"gold_loss":0.0,"damage_taken":11.0},{"damage_healed":0.0,"max_hp_gain":0.0,"max_hp_loss":7.0,"gold_gain":0.0,"event_name":"Golden Idol","player_choice":"Lose Max HP","floor":4.0,"gold_loss":0.0,"damage_taken":0.0,"relics_obtained":["Golden Idol"]},{"damage_healed":0.0,"max_hp_gain":0.0,"max_hp_loss":0.0,"gold_gain":0.0,"event_name":"Back to Basics","player_choice":"Simplicity","floor":19.0,"gold_loss":0.0,"damage_taken":0.0,"cards_upgraded":["Strike_R","Strike_R","Strike_R","Strike_R","Strike_R","Defend_R","Defend_R","Defend_R","Defend_R"]},{"damage_healed":0.0,"max_hp_gain":0.0,"max_hp_loss":0.0,"gold_gain":0.0,"event_name":"Drug Dealer","player_choice":"Inject Mutagens","floor":20.0,"gold_loss":0.0,"damage_taken":0.0,"relics_obtained":["MutagenicStrength"]},{"damage_healed":0.0,"max_hp_gain":0.0,"max_hp_loss":0.0,"gold_gain":0.0,"event_name":"Beggar","player_choice":"Ignored","floor":25.0,"gold_loss":0.0,"damage_taken":0.0}],"is_beta":false,"boss_relics":[{"not_picked":["Black Blood","Busted Crown"],"picked":"Sozu"},{"not_picked":["Coffee Dripper","Snecko Eye"],"picked":"Calling Bell"}],"items_purged_floors":[22],"is_endless":false,"potions_floor_spawned":[5,6,10,24,31,33,40,41,44],"killed_by":"Transient","ascension_level":20}}