{"host":"28bpuzdckreop5i0","time":1611867628,"event":{"mods":["Aspiration","BaseMod","Challenge The Spire","Conspire","Defuse TimeMaze Blight","Downfall","Energized Spire","GifTheSpireLib","Googly Eyes","Minty Spire (QoL Compilation)","Relic Stats","Shop Mod","Spicy Shops","StSLib","Stuff the Spire","The Awakened One except there are too many feathers","The IronCluck","Transform Curses","Wandering Minibosses","slay the spire mod where everything is the same but ironclad has a cowboy hat"],"gold_per_floor":[99,116,216,57,69,85,130,145,61,90,106,119,119,138,155,254,254,254,274,294,244,273,273,273,273,394,427,427,427,427,35,72,197,247,247,287,337,337,364,120,120,120,142,162,162,162,162,202,236,260,260,260],"floor_reached":50,"language":"ENG","playtime":4874,"items_purged":["Guardian:Strike_Guardian","Guardian:Strike_Guardian","Shame"],"score":542,"play_id":"ab8623f9-a083-426e-b851-350e437524a5","local_time":"20210128150028","is_ascension_mode":false,"campfire_choices":[{"data":"Guardian:StasisStrike","floor":1,"key":"SMITH"},{"floor":13,"key":"REST"},{"data":"Guardian:Emergency","floor":18,"key":"SMITH"},{"floor":30,"key":"REST"},{"data":"Guardian:StasisField","floor":35,"key":"SMITH"},{"floor":46,"key":"REST"}],"circlet_count":0,"master_deck":["Guardian:Strike_Guardian","Guardian:Strike_Guardian+1","Guardian:Defend_Guardian","Guardian:Defend_Guardian+1","Guardian:Defend_Guardian","Guardian:Defend_Guardian","Guardian:CurlUp","Guardian:TwinSlam","Guardian:StasisStrike+1","Guardian:SentryBeam","Guardian:TemporalShield+1","Guardian:Emergency+1","Guardian:GemFinder","Guardian:ChargeCore","Guardian:Incinerate","Guardian:TemporalStrike","Guardian:TemporalStrike","Guardian:StasisField+1","conspire:SpireCoStock","Guardian:Suspension+1","Guardian:TemporalShield+1","Guardian:ExploitGems","Guardian:Emergency+1","Guardian:ExploitGems","conspire:Blindness","Guardian:FastForward","Pain","Guardian:Recover+1"],"relics":["Guardian:ModeShifter","Ancient Tea Set","Lizard Tail","energizedSpire:EnergizedDie","conspire:BottledYoYo","Unceasing Top","conspire:Dentures","aspiration:FetidBarrel","Bronze Scales","War Paint","Tiny House","Mango","StuffTheSpire:Expresso","aspiration:HiddenCompartment","Pear"],"acts_visited":["Exordium","TheCity","TheBeyond"],"potions_floor_usage":[12,16,19,23,31,37,40,50,50,50],"damage_taken":[{"damage":8,"enemies":"2 Louse","floor":2,"turns":3},{"damage":10,"enemies":"downfall:FleeingMerchant","floor":4,"turns":7},{"damage":2,"enemies":"Cultist","floor":5,"turns":4},{"damage":0,"enemies":"Small Slimes","floor":6,"turns":3},{"damage":8,"enemies":"Gremlin Gang","floor":8,"turns":6},{"damage":7,"enemies":"downfall:FleeingMerchant","floor":9,"turns":7},{"damage":16,"enemies":"conspire:MimicChest","floor":10,"turns":6},{"damage":1,"enemies":"2 Fungi Beasts","floor":11,"turns":3},{"damage":6,"enemies":"Blue Slaver","floor":12,"turns":3},{"damage":2,"enemies":"3 Louse","floor":14,"turns":3},{"damage":7,"enemies":"2 Fungi Beasts","floor":15,"turns":3},{"damage":10,"enemies":"SI_SHIV_ARCHETYPE","floor":16,"turns":7},{"damage":9,"enemies":"Chosen","floor":19,"turns":6},{"damage":10,"enemies":"Shell Parasite","floor":20,"turns":4},{"damage":12,"enemies":"Sentry and Sphere","floor":22,"turns":6},{"damage":0,"enemies":"conspire:HollyBat","floor":23,"turns":7},{"damage":28,"enemies":"IC_STATUS_ARCHETYPE","floor":26,"turns":12},{"damage":37,"enemies":"Cultist and Chosen","floor":27,"turns":8},{"damage":0,"enemies":"downfall:FleeingMerchant","floor":31,"turns":7},{"damage":0,"enemies":"Centurion and Healer","floor":32,"turns":6},{"damage":26,"enemies":"WA_ARCHETYPE_CALM","floor":33,"turns":10},{"damage":9,"enemies":"3 Darklings","floor":36,"turns":8},{"damage":10,"enemies":"3 Darklings","floor":37,"turns":7},{"damage":9,"enemies":"3 Shapes","floor":39,"turns":3},{"damage":2,"enemies":"downfall:FleeingMerchant","floor":40,"turns":4},{"damage":25,"enemies":"Maw","floor":42,"turns":10},{"damage":35,"enemies":"4 Shapes","floor":43,"turns":7},{"damage":4,"enemies":"Sphere and 2 Shapes","floor":44,"turns":6},{"damage":20,"enemies":"Spire Growth","floor":48,"turns":6},{"damage":16,"enemies":"4 Shapes","floor":49,"turns":5},{"damage":58,"enemies":"IC_BLOCK_ARCHETYPE","floor":50,"turns":4}],"seed_played":"4182406079304552143","potions_obtained":[{"floor":5,"key":"Explosive Potion"},{"floor":6,"key":"Dexterity Potion"},{"floor":10,"key":"Ancient Potion"},{"floor":14,"key":"Fire Potion"},{"floor":15,"key":"Block Potion"},{"floor":25,"key":"CultistPotion"},{"floor":27,"key":"AttackPotion"},{"floor":33,"key":"Guardian:DefensiveModePotion"},{"floor":34,"key":"EssenceOfSteel"},{"floor":42,"key":"sneckomod:MuddlingPotion"},{"floor":43,"key":"Dexterity Potion"},{"floor":44,"key":"CultistPotion"},{"floor":48,"key":"Swift Potion"}],"is_trial":false,"path_per_floor":["R","M","?","$","M","M","T","M","$","?","M","M","R","M","M","B",null,"R","M","M","?","M","M","T","?","?","M","?","T","R","$","M","B",null,"R","M","?","?","M","$","T","M","M","M","T","R","?","M","M","B"],"character_chosen":"GUARDIAN","items_purchased":["Guardian:Emergency","Guardian:TemporalStrike","Bronze Scales","War Paint","StuffTheSpire:Expresso"],"campfire_rested":3,"item_purchase_floors":[4,9,31,31,40],"current_hp_per_floor":[80,72,72,62,60,60,60,52,45,29,28,22,46,44,37,27,80,80,71,61,61,49,49,49,49,21,40,40,40,64,64,64,38,85,85,76,80,80,71,69,69,44,9,5,15,47,63,43,27,0,0,0],"gold":260,"neow_bonus":"ONE_RANDOM_RARE_CARD","is_daily":false,"chose_seed":false,"campfire_upgraded":3,"win_rate":0.0,"timestamp":1611867628,"path_taken":["R","M","?","$","M","M","T","?","?","?","?","M","R","M","M","BOSS","R","M","M","?","M","M","T","?","?","M","?","?","R","$","M","BOSS","R","M","?","?","M","$","T","M","?","?","?","R","?","M","M","BOSS"],"items_purchased_type":["Card","Card","Relic","Relic","Relic"],"build_version":"2020-12-22","purchased_purges":3,"victory":false,"max_hp_per_floor":[80,80,80,80,80,80,80,80,80,80,80,80,80,80,80,80,80,80,80,80,80,80,80,80,80,80,80,80,80,80,80,80,80,85,85,85,99,99,99,99,99,99,99,99,109,109,125,125,125,125,125,125],"relic_stats":{"Lizard Tail":40,"counters":[31,181],"Bronze Scales":[185],"War Paint":["Guardian:TemporalShield","Guardian:Defend_Guardian"],"obtain_stats":[{"conspire:Dentures":26,"Tiny House":34,"Pear":45,"aspiration:FetidBarrel":29,"Guardian:ModeShifter":0,"energizedSpire:EnergizedDie":17,"StuffTheSpire:Expresso":40,"Mango":37,"War Paint":31,"Ancient Tea Set":7,"aspiration:HiddenCompartment":41,"Lizard Tail":10,"Bronze Scales":31,"conspire:BottledYoYo":24,"Unceasing Top":26},{"conspire:Dentures":17,"Tiny House":21,"Pear":28,"aspiration:FetidBarrel":18,"Guardian:ModeShifter":0,"energizedSpire:EnergizedDie":12,"StuffTheSpire:Expresso":25,"Mango":23,"War Paint":19,"Ancient Tea Set":4,"aspiration:HiddenCompartment":25,"Lizard Tail":7,"Bronze Scales":19,"conspire:BottledYoYo":16,"Unceasing Top":17},{"conspire:Dentures":90,"Tiny House":121,"Pear":166,"aspiration:FetidBarrel":98,"Guardian:ModeShifter":0,"energizedSpire:EnergizedDie":55,"StuffTheSpire:Expresso":143,"Mango":136,"War Paint":105,"Ancient Tea Set":17,"aspiration:HiddenCompartment":143,"Lizard Tail":36,"Bronze Scales":105,"conspire:BottledYoYo":78,"Unceasing Top":90}],"Unceasing Top":[20]},"card_choices":[{"not_picked":["Guardian:WalkerClaw","Guardian:Gem_Green"],"picked":"Guardian:SentryBeam","floor":2},{"not_picked":["Guardian:Gem_Green","Guardian:TemporalStrike"],"picked":"Guardian:TemporalShield","floor":4},{"not_picked":["Guardian:Gem_Cyan","Guardian:Recover"],"picked":"Guardian:GemFinder","floor":5},{"not_picked":["Guardian:ShieldCharger","Guardian:Gem_Red"],"picked":"Guardian:ChargeCore","floor":6},{"not_picked":["Guardian:Gem_Red","Guardian:Gem_Lightblue"],"picked":"Guardian:Gem_Cyan","floor":8},{"not_picked":["Guardian:PiercingHide","Guardian:CrystalBeam"],"picked":"Guardian:Gem_Yellow","floor":8},{"not_picked":["Guardian:Planning","Guardian:Gem_Red"],"picked":"Guardian:Incinerate","floor":9},{"not_picked":["Guardian:TemporalStrike","Guardian:Harden"],"picked":"Guardian:Gem_White","floor":10},{"not_picked":["Guardian:Gem_Green","Guardian:Gem_Red"],"picked":"Guardian:Gem_Cyan","floor":11},{"not_picked":["Guardian:Gem_Green","Guardian:RefractedBeam","Guardian:Gem_Red"],"picked":"SKIP","floor":11},{"not_picked":["Guardian:SphericShield","Guardian:Gem_Red"],"picked":"Guardian:Gem_Yellow","floor":12},{"not_picked":["Guardian:Gem_Yellow","Guardian:PiercingHide"],"picked":"Guardian:TemporalStrike","floor":14},{"not_picked":["Guardian:Preprogram","Guardian:PrismaticBeam","Guardian:Gem_Fragmented"],"picked":"SKIP","floor":15},{"not_picked":["Guardian:BaubleBeam","Guardian:GemFinder"],"picked":"Guardian:StasisField","floor":16},{"not_picked":["Guardian:Reroute","Guardian:Gem_Crimson","Guardian:Gem_Green"],"picked":"SKIP","floor":19},{"not_picked":["Guardian:RollAttack","Guardian:Gem_Red","Guardian:WalkerClaw"],"picked":"SKIP","floor":20},{"not_picked":["Guardian:RollAttack","Guardian:WalkerClaw"],"picked":"Guardian:Suspension+1","floor":22},{"not_picked":["Guardian:FuturePlans","Guardian:DecasProtection","Guardian:Reroute"],"picked":"SKIP","floor":23},{"not_picked":["Guardian:ChargeCore","Guardian:Recover"],"picked":"Guardian:TemporalShield+1","floor":26},{"not_picked":["Guardian:Preprogram+1","Guardian:Gem_Cyan","Guardian:BodySlam"],"picked":"SKIP","floor":27},{"not_picked":["Guardian:VentSteam+1","Guardian:PrimingBeam","Guardian:RollAttack+1"],"picked":"SKIP","floor":31},{"not_picked":["Guardian:RollAttack","Guardian:Recover","Guardian:Gem_Crimson"],"picked":"SKIP","floor":32},{"not_picked":["Guardian:HyperBeam_Guardian","Guardian:BaubleBeam"],"picked":"Guardian:ExploitGems","floor":33},{"not_picked":["Guardian:Recover","Guardian:PrimingBeam","Guardian:GuardianWhirl"],"picked":"SKIP","floor":36},{"not_picked":["Guardian:MultiBeam+1","Guardian:BaubleBeam","Guardian:GuardianWhirl"],"picked":"SKIP","floor":39},{"not_picked":["Guardian:DecasProtection+1","Guardian:Recover+1","Guardian:Suspension+1"],"picked":"SKIP","floor":40},{"not_picked":["Guardian:BodySlam","Guardian:CompilePackage","Guardian:ChargeCore+1"],"picked":"SKIP","floor":42},{"not_picked":["Guardian:PiercingHide+1","Guardian:FloatingOrbs+1","Guardian:Clone"],"picked":"SKIP","floor":43},{"not_picked":["Guardian:ChargeCore+1","Guardian:Incinerate"],"picked":"Guardian:FastForward","floor":44},{"not_picked":["Guardian:TemporalStrike+1","Guardian:Emergency"],"picked":"Guardian:Recover+1","floor":48},{"not_picked":["Guardian:TimeBomb","Guardian:PiercingHide","Guardian:PrismaticBarrier"],"picked":"SKIP","floor":49}],"player_experience":916295,"relics_obtained":[{"floor":7,"key":"Ancient Tea Set"},{"floor":10,"key":"Lizard Tail"},{"floor":24,"key":"conspire:BottledYoYo"},{"floor":26,"key":"Unceasing Top"},{"floor":26,"key":"conspire:Dentures"},{"floor":29,"key":"aspiration:FetidBarrel"},{"floor":37,"key":"Mango"},{"floor":41,"key":"aspiration:HiddenCompartment"},{"floor":45,"key":"Pear"}],"event_choices":[{"damage_healed":0,"gold_gain":0,"player_choice":"Invest 1","damage_taken":0,"max_hp_gain":0,"max_hp_loss":0,"event_name":"conspire:Investor","floor":21,"gold_loss":0}],"is_beta":false,"boss_relics":[{"not_picked":["StuffTheSpire:RunicConfusion","aspiration:RitualDagger"],"picked":"energizedSpire:EnergizedDie"},{"not_picked":["aspiration:RunicSpoon","energizedSpire:SpiderWeb"],"picked":"Tiny House"}],"items_purged_floors":[4,31,40],"is_endless":false,"potions_floor_spawned":[5,6,10,14,15,19,22,27,33,42,43,44,48],"killed_by":"IC_BLOCK_ARCHETYPE","ascension_level":0}}