{"host":"jhy70w0yh8dayqay","time":1611812334,"event":{"mods":["AchievementEnabler","BaseMod","Colored Map","Colored Powertips","DeckTracker","Minty Spire (QoL Compilation)","Permanent Neow","SuperFastMode"],"gold_per_floor":[209,219,234,4,19,50,68,68,68,68,95,170,170,196,196,196,196],"floor_reached":16,"language":"KOR","playtime":579,"items_purged":["Strike_R"],"score":186,"play_id":"e65f3d08-86a7-4922-b35e-a459918c42e4","local_time":"20210128143854","is_ascension_mode":true,"campfire_choices":[{"data":"Carnage","floor":8,"key":"SMITH"},{"data":"Hemokinesis","floor":10,"key":"SMITH"},{"data":"Armaments","floor":13,"key":"SMITH"},{"data":"Evolve","floor":15,"key":"SMITH"}],"circlet_count":0,"master_deck":["AscendersBane","Strike_R","Strike_R","Strike_R","Strike_R","Defend_R","Defend_R","Defend_R","Defend_R","Bash","Evolve+1","Hemokinesis+1","Carnage+1","Shrug It Off","Feed","Armaments+1","Power Through","Dual Wield"],"relics":["Burning Blood","Bag of Preparation","Nunchaku","Frozen Egg 2","Bottled Tornado","Kunai"],"acts_visited":["Exordium"],"potions_floor_usage":[6,11,16],"damage_taken":[{"damage":8,"enemies":"Jaw Worm","floor":1,"turns":4},{"damage":0,"enemies":"Small Slimes","floor":2,"turns":3},{"damage":5,"enemies":"Cultist","floor":3,"turns":3},{"damage":10,"enemies":"Exordium Wildlife","floor":5,"turns":3},{"damage":18,"enemies":"Gremlin Nob","floor":6,"turns":4},{"damage":9,"enemies":"3 Louse","floor":7,"turns":5},{"damage":24,"enemies":"Lagavulin","floor":11,"turns":4},{"damage":5,"enemies":"Gremlin Nob","floor":14,"turns":3},{"damage":40,"enemies":"Slime Boss","floor":16,"turns":6}],"seed_played":"5175402580006006395","potions_obtained":[{"floor":1,"key":"SteroidPotion"},{"floor":2,"key":"EssenceOfSteel"},{"floor":6,"key":"SpeedPotion"},{"floor":7,"key":"LiquidMemories"}],"is_trial":false,"path_per_floor":["M","M","M","$","M","E","M","R","T","R","E","?","R","E","R","B"],"character_chosen":"IRONCLAD","items_purchased":["Bag of Preparation"],"campfire_rested":0,"item_purchase_floors":[4],"current_hp_per_floor":[70,76,77,77,73,61,61,61,61,61,43,32,32,33,33,0,0],"gold":196,"neow_bonus":"HUNDRED_GOLD","is_daily":false,"chose_seed":false,"campfire_upgraded":4,"win_rate":0.0,"timestamp":1611812334,"path_taken":["M","M","M","$","M","E","M","R","T","R","E","?","R","E","R","BOSS"],"items_purchased_type":["Relic"],"build_version":"2020-12-22","purchased_purges":1,"victory":false,"max_hp_per_floor":[80,80,80,80,80,80,83,83,83,83,83,83,83,83,83,83,83],"card_choices":[{"not_picked":["Cleave","Anger"],"picked":"Evolve","floor":1},{"not_picked":["Anger","Headbutt"],"picked":"Hemokinesis","floor":2},{"not_picked":["Perfected Strike","Disarm"],"picked":"Carnage","floor":3},{"not_picked":["Heavy Blade","Entrench"],"picked":"Shrug It Off","floor":5},{"not_picked":["Warcry","Shockwave"],"picked":"Feed","floor":6},{"not_picked":["Dark Embrace","Headbutt"],"picked":"Armaments","floor":7},{"not_picked":["Brutality+1","Disarm"],"picked":"Power Through","floor":11},{"not_picked":["Perfected Strike","Twin Strike"],"picked":"Dual Wield","floor":14}],"player_experience":432672,"relics_obtained":[{"floor":6,"key":"Nunchaku"},{"floor":9,"key":"Frozen Egg 2"},{"floor":11,"key":"Bottled Tornado"},{"floor":14,"key":"Kunai"}],"event_choices":[{"damage_healed":0,"gold_gain":75,"player_choice":"Gather Gold","damage_taken":11,"max_hp_gain":0,"max_hp_loss":0,"event_name":"World of Goop","floor":12,"gold_loss":0}],"is_beta":false,"boss_relics":[],"items_purged_floors":[4],"is_endless":false,"potions_floor_spawned":[1,2,6,7],"killed_by":"Slime Boss","ascension_level":11}}