{"host":"oeqgep2lwmjgysjb","time":1611842741,"event":{"mods":["AchievementEnabler","Aspiration","BaseMod","BetterRewards","Colored Powertips","Conspire","Custom Start","Downfall","Hubris","Infinite Spire","Minty Spire (QoL Compilation)","Quick Restart","Replay The Spire","Shop Mod","StSLib","The Hierophant","The Poker Player","The Runesmith"],"gold_per_floor":[191,191,191,191,269,269,314,314,365,460,496,600,325,415,415,455,555,564,581,660,660,660,769,886,907,907,907,352,352,473,473,473,592,592,684,774,774,866,298,414,518,599,622,624,693,693,770,844,844,844,844,844,442,506,470],"floor_reached":56,"language":"ENG","playtime":6312,"items_purged":["hierophant:Defend_Hierophant","hierophant:Defend_Hierophant","hierophant:Strike_Hierophant","hierophant:Strike_Hierophant","hierophant:Strike_Hierophant","hierophant:Strike_Hierophant","hierophant:Defend_Hierophant","hierophant:Defend_Hierophant","Injury","hierophant:Dazzle","Writhe","hierophant:SealAway","hierophant:Remorse","hierophant:Punish"],"score":1208,"play_id":"945cd3be-65d1-4c47-a7a7-79ca7a0ea6e9","local_time":"20210129010541","is_ascension_mode":false,"campfire_choices":[{"floor":6,"key":"REST"},{"data":"hierophant:Community","floor":8,"key":"SMITH"},{"floor":27,"key":"RECALL"},{"data":"Apotheosis","floor":29,"key":"SMITH"},{"data":"hierophant:Refuge","floor":32,"key":"SMITH"},{"floor":49,"key":"DIG"},{"floor":52,"key":"DIG"}],"circlet_count":0,"master_deck":["hierophant:ChurchCoffers","hierophant:Community","hubris:EnhanceAbility","hierophant:HolyVerse","hierophant:Smite","Mayhem","hierophant:Charity","hierophant:Doubloon","hierophant:Refuge+1","hierophant:Doubloon","hierophant:PristineSoul+1","hierophant:Community+1","hierophant:Zeal","hierophant:Refuge","hierophant:Doubloon","hierophant:Doubloon","hierophant:Doubloon+1","hierophant:Smite","hierophant:Doubloon","hierophant:RecallFunds","hierophant:Doubloon","hierophant:Charity","hierophant:Doubloon","hierophant:Repentance+1","hierophant:Zeal","hierophant:Doubloon+1","hierophant:AuricBeam","hierophant:Smite","hierophant:Determination+1","hierophant:Smite+1","hierophant:Doubloon","hierophant:Generosity+1","hierophant:Charity+1","hierophant:Encroach","hierophant:CursedGold+1","hierophant:Doubloon","Apotheosis+1","hierophant:Smite+1","Pot Of Greed","Pot Of Greed","Pot Of Greed","Pot Of Greed","hierophant:Doubloon","hierophant:Refuge+1"],"relics":["hierophant:PropheticMaskRelic","Replay:Bandana","Shovel","hierophant:DonationBoxRelic","hubris:SlimyHat","infinitespire:Golems Mask","hubris:TenFootPole","Replay:Multitool","Runesmith:Locket","Ginger","Turnip","Runesmith:AutoHammer","Replay:WaspNest","hubris:64BitClover","ReplayFunnel","ClockworkSouvenir","hubris:Potato","Letter Opener","conspire:Boomerang","Prayer Wheel","Thread and Needle","hubris:BundleOfHerbs","Frozen Egg 2","aspiration:HiddenCompartment","hubris:ToyBattleship","Replay:Grab Bag","conspire:SlowCooker","Replay:Wanted Poster","conspire:SpecialSausage","Mirror","Blood Vial","Unceasing Top","hubris:Teleporter","hubris:MysteriousPyramids","Ancient Tea Set","SacredBark","StrikeDummy","conspire:BottledYoYo","conspire:TopHat","Grinning Jar","SlaversCollar","Replay:Towering Pillar of Hats","Kunai","Vajra","hubris:PeanutButter","hubris:GlazedTorus"],"acts_visited":["Exordium","TheCity","TheBeyond","TheEnding"],"potions_floor_usage":[12,16,16,24,30,33,41,50,55],"damage_taken":[{"damage":0,"enemies":"Cultist","floor":1,"turns":3},{"damage":0,"enemies":"Small Slimes","floor":5,"turns":4},{"damage":0,"enemies":"Jaw Worm","floor":10,"turns":5},{"damage":0,"enemies":"conspire:2 RoseBushes","floor":11,"turns":2},{"damage":1,"enemies":"Gremlin Gang","floor":12,"turns":2},{"damage":3,"enemies":"3 Louse","floor":14,"turns":2},{"damage":0,"enemies":"Fading Forest","floor":16,"turns":9},{"damage":33,"enemies":"2 Thieves","floor":18,"turns":4},{"damage":12,"enemies":"conspire:FuzzyDice","floor":19,"turns":5},{"damage":16,"enemies":"Centurion and Healer","floor":20,"turns":3},{"damage":8,"enemies":"conspire:Head Lice","floor":23,"turns":7},{"damage":1,"enemies":"Snecko","floor":24,"turns":4},{"damage":2,"enemies":"Replay:Snechameleon","floor":25,"turns":6},{"damage":56,"enemies":"Slavers","floor":30,"turns":4},{"damage":11,"enemies":"conspire:MysteriousRune","floor":33,"turns":6},{"damage":3,"enemies":"3 Shapes","floor":35,"turns":3},{"damage":35,"enemies":"Orb Walker","floor":36,"turns":4},{"damage":5,"enemies":"4 Shapes","floor":38,"turns":4},{"damage":42,"enemies":"Reptomancer","floor":40,"turns":6},{"damage":15,"enemies":"3 Darklings","floor":41,"turns":4},{"damage":8,"enemies":"Writhing Mass","floor":42,"turns":4},{"damage":50,"enemies":"Transient","floor":44,"turns":5},{"damage":5,"enemies":"Sphere and 2 Shapes","floor":45,"turns":2},{"damage":12,"enemies":"Spire Growth","floor":47,"turns":7},{"damage":8,"enemies":"Maw","floor":48,"turns":7},{"damage":11,"enemies":"Time Eater","floor":50,"turns":3},{"damage":36,"enemies":"Shield and Spear","floor":54,"turns":4},{"damage":0,"enemies":"The Heart","floor":55,"turns":5}],"seed_played":"4223874237617832021","potions_obtained":[{"floor":12,"key":"Dexterity Potion"},{"floor":14,"key":"DuplicationPotion"},{"floor":18,"key":"DuplicationPotion"},{"floor":20,"key":"Strength Potion"},{"floor":35,"key":"Elixir"},{"floor":40,"key":"Block Potion"},{"floor":41,"key":"sneckomod:MuddlingPotion"},{"floor":47,"key":"Fire Potion"},{"floor":54,"key":"SpeedPotion"}],"is_trial":false,"path_per_floor":["M","?","?","$","M","R","T","R","T","M","M","M","$","M","R","B",null,"M","M","M","AVR","?","E","M","E","T","R","$","R","E","?","R","B",null,"M","M","?","M","$","E","M","M","T","M","M","AVR","M","M","R","B",null,"R","$","E","B",null],"character_chosen":"HIEROPHANT","items_purchased":["hierophant:Community","Replay:Bandana","hubris:EnhanceAbility","hierophant:DonationBoxRelic","hubris:SlimyHat","hierophant:HolyVerse","hubris:TenFootPole","hierophant:Smite","Mayhem","Runesmith:Locket","AttackPotion","hierophant:Charity","Runesmith:AutoHammer","infinitespire:BlackPotion","Replay:WaspNest","hierophant:Refuge","ReplayFunnel","ClockworkSouvenir","hierophant:PristineSoul+1","hierophant:Community","hierophant:Zeal","DuplicationPotion","Letter Opener","hierophant:RustyCrate","hierophant:Refuge","hierophant:Smite","Prayer Wheel","Thread and Needle","hierophant:Dazzle","hierophant:RecallFunds","hierophant:Charity","hierophant:CursedGold+1","Apotheosis","conspire:BottledYoYo","Swift Potion"],"campfire_rested":1,"item_purchase_floors":[0,0,0,0,0,0,0,0,0,0,0,0,0,0,0,0,0,0,0,0,0,0,0,0,0,0,0,0,0,0,0,28,28,39,53],"current_hp_per_floor":[40,40,40,40,40,62,62,62,62,62,62,61,61,58,75,75,75,42,54,58,58,58,75,74,75,75,75,75,75,66,66,66,60,75,75,67,67,75,75,71,75,67,67,19,16,16,39,75,75,64,75,75,75,75,75],"gold":470,"neow_bonus":"","is_daily":false,"chose_seed":false,"campfire_upgraded":3,"win_rate":0.0,"timestamp":1611842741,"path_taken":["M","?","?","$","M","R","?","R","T","?","?","M","$","M","R","BOSS","M","M","M","AVR","?","E","M","E","T","R","$","R","E","?","R","BOSS","M","M","?","M","$","E","M","M","T","M","M","AVR","M","?","R","BOSS","R","$","E","BOSS"],"items_purchased_type":["Card","Relic","Card","Relic","Relic","Card","Relic","Card","Card","Relic","Potion","Card","Relic","Potion","Relic","Card","Relic","Relic","Card","Card","Card","Potion","Relic","Card","Card","Card","Relic","Relic","Card","Card","Card","Card","Card","Relic","Potion"],"build_version":"2020-12-22","purchased_purges":14,"victory":true,"max_hp_per_floor":[75,75,75,75,75,75,75,75,75,75,75,75,75,75,75,75,75,75,75,75,75,75,75,75,75,75,75,75,75,75,75,75,75,75,75,75,75,75,75,75,75,75,75,75,75,75,75,75,75,75,75,75,75,75,75],"card_choices":[{"not_picked":["hierophant:AuricShield","hierophant:Upheaval"],"picked":"hierophant:Repentance","floor":1},{"not_picked":["hierophant:HammerAndAnvil","hierophant:Martyrdom","hierophant:FieryStrike"],"picked":"SKIP","floor":1},{"not_picked":["hierophant:SealAway","hierophant:TollTheBells","hierophant:Shelter"],"picked":"SKIP","floor":5},{"not_picked":["hierophant:Embezzle","hierophant:MirrorShield","hierophant:SealAway"],"picked":"SKIP","floor":5},{"not_picked":["hierophant:ConvertCurrency","hierophant:RustyCrate"],"picked":"hierophant:Zeal","floor":10},{"not_picked":["hierophant:Mercenaries","hierophant:Shelter","hierophant:Doubloon"],"picked":"SKIP","floor":10},{"not_picked":["hierophant:MintersHammer","hierophant:Upheaval"],"picked":"hierophant:Remorse","floor":11},{"not_picked":["hierophant:FaithHealing","hierophant:Encroach","hierophant:RustyCrate"],"picked":"SKIP","floor":11},{"not_picked":["hierophant:Sermon","hierophant:OrnateBuckler"],"picked":"hierophant:AuricBeam","floor":12},{"not_picked":["hierophant:Bribe","hierophant:RustyCrate","hierophant:ThreeLashes"],"picked":"SKIP","floor":12},{"not_picked":["hierophant:HolyVerse","hierophant:AuricBeam"],"picked":"hierophant:Smite","floor":14},{"not_picked":["hierophant:AuricBeam","hierophant:MirrorShield","hierophant:DisplayOfPower"],"picked":"SKIP","floor":14},{"not_picked":["hierophant:WrathOfGod","hierophant:AuricForm+1"],"picked":"hierophant:Determination+1","floor":16},{"not_picked":["hierophant:Shelter","hierophant:Refuge+1"],"picked":"hierophant:Smite+1","floor":18},{"not_picked":["hierophant:MorningPrayer+1","hierophant:Zeal","hierophant:FieryStrike+1"],"picked":"SKIP","floor":18},{"not_picked":["hierophant:RustyCrate","hierophant:SolarFlare"],"picked":"hierophant:Generosity+1","floor":19},{"not_picked":["hierophant:DisplayOfPower","hierophant:SolarFlare+1","hierophant:MorningPrayer+1"],"picked":"SKIP","floor":19},{"not_picked":["hierophant:Purify","hierophant:Refuge+1","hierophant:Shelter"],"picked":"SKIP","floor":20},{"not_picked":["hierophant:Dazzle","hierophant:Purify","hierophant:Zeal"],"picked":"SKIP","floor":20},{"not_picked":["hierophant:Glossolalia+1","hierophant:ThreeLashes"],"picked":"hierophant:Charity+1","floor":23},{"not_picked":["hierophant:PassingBell","hierophant:Remorse"],"picked":"hierophant:Encroach","floor":24},{"not_picked":["hierophant:TollTheBells","hierophant:CoinFling","hierophant:FlamingChariot+1"],"picked":"SKIP","floor":24},{"not_picked":["hierophant:Shelter+1","hierophant:Doomsaying","hierophant:RustyCrate"],"picked":"SKIP","floor":25},{"not_picked":["hierophant:PassingBell","hierophant:ThreeLashes+1"],"picked":"hierophant:Smite+1","floor":30},{"not_picked":["hierophant:Zeal","hierophant:Remorse+1","hierophant:Endure"],"picked":"SKIP","floor":35},{"not_picked":["hierophant:SealAway","hierophant:PassingBell+1","hierophant:Alms"],"picked":"SKIP","floor":35},{"not_picked":["hierophant:Doomsaying+1","hierophant:FieryStrike","hierophant:Remorse"],"picked":"SKIP","floor":36},{"not_picked":["hierophant:Purify","hierophant:TollTheBells","hierophant:SolarFlare"],"picked":"SKIP","floor":36},{"not_picked":["hierophant:SecretStash+1","hierophant:ArchangelShield+1","hierophant:RepressedViolence"],"picked":"SKIP","floor":38},{"not_picked":["hierophant:FaithHealing+1","hierophant:OrnateBuckler","hierophant:Embezzle+1"],"picked":"SKIP","floor":38},{"not_picked":["hierophant:Shelter","hierophant:Sermon","hierophant:Flagellation"],"picked":"SKIP","floor":40},{"not_picked":["hierophant:AuricBeam+1","hierophant:OrnateBuckler","hierophant:Bribe+1"],"picked":"SKIP","floor":41},{"not_picked":["hierophant:Purify","hierophant:Smite","hierophant:SecretStash"],"picked":"SKIP","floor":41},{"not_picked":["hierophant:Community+1","hierophant:RustyCrate","hierophant:Remorse"],"picked":"SKIP","floor":42},{"not_picked":["hierophant:Martyrdom+1","hierophant:Smite+1","hierophant:Zeal"],"picked":"SKIP","floor":42},{"not_picked":["hierophant:Sermon+1","hierophant:Exaltation","hierophant:AuricBeam+1"],"picked":"SKIP","floor":44},{"not_picked":["hierophant:AuricBeam","hierophant:FieryStrike+1","hierophant:Rebuild"],"picked":"SKIP","floor":44},{"not_picked":["hierophant:DisplayOfPower+1","hierophant:Upheaval","hierophant:MorningPrayer"],"picked":"SKIP","floor":45},{"not_picked":["hierophant:Zeal+1","hierophant:Rebuild","hierophant:Purify+1"],"picked":"SKIP","floor":45},{"not_picked":["hierophant:AuricShield+1","hierophant:Shelter+1","hierophant:Levitation"],"picked":"SKIP","floor":47},{"not_picked":["hierophant:EyeForCoin+1","hierophant:Upheaval+1","hierophant:OrnateBuckler+1"],"picked":"SKIP","floor":47},{"not_picked":["hierophant:Prophecy","hierophant:ConvertCurrency","hierophant:Smite+1"],"picked":"SKIP","floor":48},{"not_picked":["hierophant:Martyrdom+1","hierophant:SecretStash","hierophant:PassingBell"],"picked":"SKIP","floor":48},{"not_picked":["hierophant:Dazzle","hierophant:RepressedViolence+1"],"picked":"hierophant:Refuge+1","floor":54}],"player_experience":372655,"relics_obtained":[{"floor":9,"key":"aspiration:HiddenCompartment"},{"floor":16,"key":"hubris:ToyBattleship"},{"floor":25,"key":"Unceasing Top"},{"floor":26,"key":"hubris:Teleporter"},{"floor":30,"key":"hubris:MysteriousPyramids"},{"floor":36,"key":"StrikeDummy"},{"floor":40,"key":"conspire:TopHat"},{"floor":43,"key":"Grinning Jar"},{"floor":48,"key":"Kunai"},{"floor":49,"key":"Vajra"},{"floor":52,"key":"hubris:PeanutButter"},{"floor":54,"key":"hubris:GlazedTorus"}],"event_choices":[{"damage_healed":0,"gold_gain":0,"player_choice":"Opened","damage_taken":0,"relics_obtained":["Blood Vial"],"max_hp_gain":0,"max_hp_loss":0,"event_name":"The Mausoleum","floor":22,"gold_loss":0,"cards_obtained":["Writhe"]},{"cards_removed":["hierophant:Doubloon"],"damage_healed":0,"gold_gain":0,"player_choice":"Gave Card","damage_taken":0,"relics_obtained":["Ancient Tea Set"],"max_hp_gain":0,"max_hp_loss":0,"event_name":"WeMeetAgain","floor":31,"gold_loss":0},{"damage_healed":0,"gold_gain":0,"cards_transformed":["hierophant:RustyCrate"],"player_choice":"Transformed","damage_taken":0,"max_hp_gain":0,"max_hp_loss":0,"event_name":"Transmorgrifier","floor":37,"gold_loss":0,"cards_obtained":["hierophant:SealAway"]}],"is_beta":false,"boss_relics":[{"not_picked":["Astrolabe","Runic Pyramid"],"picked":"Replay:Grab Bag"},{"not_picked":["infinitespire:Cupcake","Painkiller Herb"],"picked":"conspire:SlowCooker"},{"not_picked":["ReplayTheSpireMod:DimensionalGlitch","Fusion Hammer"],"picked":"Replay:Wanted Poster"},{"not_picked":["Pandora\u0027s Box","Kintsugi"],"picked":"conspire:SpecialSausage"},{"not_picked":["aspiration:PoetsPen_weak","Black Star"],"picked":"SacredBark"}],"items_purged_floors":[0,0,0,0,0,0,0,0,13,21,28,39,46,53],"is_endless":false,"potions_floor_spawned":[11,12,14,18,20,23,35,40,41,47,54],"ascension_level":0}}