{"host":"36nosutyzulbwemu","time":1611839227,"event":{"mods":["BaseMod","Downfall","Minty Spire (QoL Compilation)","Reliquary","Replay The Spire","StSLib"],"gold_per_floor":[99,113,133,2,17,33,33,45,59,59,94,94,94,105,118,118,118,118],"floor_reached":16,"language":"ZHS","playtime":2182,"items_purged":[],"score":106,"play_id":"5f57ee4b-abaa-4163-b138-2acf4cb9d36b","local_time":"20210128210707","is_ascension_mode":false,"campfire_choices":[{"floor":10,"key":"RECALL"},{"data":"Guardian:TimeCapacitor","floor":13,"key":"SMITH"}],"circlet_count":0,"master_deck":["Guardian:Strike_Guardian","Guardian:Strike_Guardian","Guardian:Strike_Guardian","Guardian:Strike_Guardian","Guardian:Defend_Guardian","Guardian:Defend_Guardian","Guardian:Defend_Guardian","Guardian:CurlUp","Survivor","Neutralize","Guardian:Reroute","Guardian:FastForward","Guardian:Planning","Guardian:BronzeArmor","Guardian:Planning","Guardian:Recover","Guardian:ChargeCore","Guardian:TimeCapacitor+1","Defend_B","Guardian:TemporalShield","Guardian:Repulse"],"relics":["Guardian:ModeShifter","reliquary:PurpleTingedLeaf","ReplayTheSpireMod:Shallot"],"acts_visited":["Exordium"],"potions_floor_usage":[16],"damage_taken":[{"damage":10,"enemies":"2 Louse","floor":2,"turns":3},{"damage":0,"enemies":"Cultist","floor":3,"turns":6},{"damage":0,"enemies":"downfall:FleeingMerchant","floor":4,"turns":4},{"damage":2,"enemies":"Small Slimes","floor":5,"turns":5},{"damage":6,"enemies":"Red Slaver","floor":6,"turns":4},{"damage":9,"enemies":"3 Louse","floor":8,"turns":4},{"damage":3,"enemies":"Blue Slaver","floor":9,"turns":4},{"damage":9,"enemies":"Lagavulin","floor":11,"turns":10},{"damage":11,"enemies":"Exordium Thugs","floor":14,"turns":7},{"damage":0,"enemies":"Large Slime","floor":15,"turns":7},{"damage":80,"enemies":"IC_STATUS_ARCHETYPE","floor":16,"turns":23}],"seed_played":"-5055198927925718232","potions_obtained":[{"floor":2,"key":"Dexterity Potion"},{"floor":8,"key":"SkillPotion"},{"floor":9,"key":"Ancient Potion"}],"is_trial":false,"path_per_floor":["R","M","M","$","M","M","T","M","M","R","E","?","R","M","M","B"],"character_chosen":"GUARDIAN","items_purchased":["Guardian:Planning","Guardian:BronzeArmor"],"campfire_rested":0,"item_purchase_floors":[4,4],"current_hp_per_floor":[88,78,78,78,76,70,70,62,60,60,54,54,54,46,48,0,0,0],"gold":118,"neow_bonus":"TEN_PERCENT_HP_BONUS","is_daily":false,"chose_seed":false,"campfire_upgraded":1,"win_rate":0.0,"timestamp":1611839227,"path_taken":["R","M","M","$","M","M","T","M","?","R","E","?","R","M","M","BOSS"],"items_purchased_type":["Card","Card"],"build_version":"2020-12-22","purchased_purges":0,"victory":false,"max_hp_per_floor":[88,88,88,88,88,88,88,88,88,88,88,88,88,88,88,88,88,88],"card_choices":[{"not_picked":["Guardian:BronzeOrb","Guardian:Gem_Green"],"picked":"Guardian:Gem_Cyan","floor":2},{"not_picked":["Guardian:Gem_White","Guardian:Incinerate"],"picked":"Guardian:Reroute","floor":3},{"not_picked":["Guardian:PiercingHide","Guardian:Gem_Cyan"],"picked":"Guardian:FastForward","floor":4},{"not_picked":["Guardian:Gem_Green","Guardian:RefractedBeam"],"picked":"Guardian:Gem_Cyan","floor":5},{"not_picked":["Guardian:ShieldCharger","Guardian:Gem_Red"],"picked":"Guardian:Planning","floor":6},{"not_picked":["Guardian:Gem_Red","Guardian:Gem_Green"],"picked":"Guardian:Recover","floor":8},{"not_picked":["Guardian:ExploitGems","Guardian:BodySlam"],"picked":"Guardian:ChargeCore","floor":9},{"not_picked":["Guardian:VentSteam","Guardian:Gem_Purple"],"picked":"Guardian:TimeCapacitor","floor":11},{"not_picked":["Guardian:Gem_Cyan","Guardian:Recover"],"picked":"Guardian:TemporalShield","floor":14},{"not_picked":["Guardian:PrimingBeam","Guardian:Clone"],"picked":"Guardian:Repulse","floor":15}],"player_experience":471200,"relics_obtained":[{"floor":7,"key":"reliquary:PurpleTingedLeaf"},{"floor":11,"key":"ReplayTheSpireMod:Shallot"}],"event_choices":[{"cards_removed":["Guardian:Defend_Guardian"],"damage_healed":0,"gold_gain":0,"player_choice":"Took Card","damage_taken":0,"max_hp_gain":0,"max_hp_loss":0,"event_name":"NoteForYourself","floor":12,"gold_loss":0,"cards_obtained":["Defend_B"]}],"is_beta":false,"boss_relics":[],"items_purged_floors":[],"is_endless":false,"potions_floor_spawned":[2,8,9,11,15],"killed_by":"IC_STATUS_ARCHETYPE","ascension_level":0}}