{"host":"w01zow3jg16g8jdh","time":1611856604,"event":{"mods":["AchievementEnabler","BaseMod","DeckTracker","Keyboard Shortcuts","Minty Spire (QoL Compilation)","Permanent Neow","StSLib","SuperFastMode"],"gold_per_floor":[110,124,134,59,73,73,73,73,73,123,140,173,173,200,200,274,274,287,143,83,83],"floor_reached":20,"language":"KOR","playtime":517,"items_purged":["Defend_G","Defend_G"],"score":364,"play_id":"2b1ad8e1-905e-40fb-a7c4-bb5eb3a881f4","local_time":"20210129025644","is_ascension_mode":true,"campfire_choices":[{"data":"Tactician","floor":6.0,"key":"SMITH"},{"data":"Neutralize","floor":8.0,"key":"SMITH"},{"floor":13.0,"key":"REST"},{"floor":15.0,"key":"REST"}],"circlet_count":0,"master_deck":["AscendersBane","Strike_G","Strike_G","Strike_G","Defend_G","Defend_G","Survivor","Neutralize+1","Dagger Throw","Tactician+1","Calculated Gamble","Underhanded Strike","Backstab","Prepared","PiercingWail","Backstab"],"relics":["Ring of the Snake","Paper Crane","Bottled Lightning","Smiling Mask","Black Star"],"acts_visited":["Exordium","TheCity"],"potions_floor_usage":[20],"damage_taken":[{"damage":1.0,"enemies":"Cultist","floor":1.0,"turns":5.0},{"damage":0.0,"enemies":"Small Slimes","floor":2.0,"turns":3.0},{"damage":0.0,"enemies":"Jaw Worm","floor":3.0,"turns":4.0},{"damage":16.0,"enemies":"Exordium Thugs","floor":5.0,"turns":7.0},{"damage":0.0,"enemies":"2 Fungi Beasts","floor":11.0,"turns":3.0},{"damage":9.0,"enemies":"3 Sentries","floor":12.0,"turns":7.0},{"damage":21.0,"enemies":"Lagavulin","floor":14.0,"turns":8.0},{"damage":26.0,"enemies":"The Guardian","floor":16.0,"turns":18.0},{"damage":45.0,"enemies":"Spheric Guardian","floor":18.0,"turns":8.0},{"damage":14,"enemies":"2 Thieves","floor":20,"turns":3}],"seed_played":"536429671487334430","potions_obtained":[{"floor":2.0,"key":"DistilledChaos"},{"floor":5.0,"key":"CunningPotion"},{"floor":12.0,"key":"LiquidMemories"},{"floor":14.0,"key":"Block Potion"},{"floor":16.0,"key":"EssenceOfSteel"}],"is_trial":false,"path_per_floor":["M","M","M","$","M","R","?","R","T","?","M","E","R","E","R","B",null,"M","$","M"],"character_chosen":"THE_SILENT","items_purchased":["Strength Potion","Backstab"],"campfire_rested":2,"item_purchase_floors":[19,19],"current_hp_per_floor":[43,43,43,43,27,27,20,20,20,20,20,11,30,9,28,2,50,5,5,0,0],"gold":83,"neow_bonus":"REMOVE_TWO","is_daily":false,"chose_seed":false,"campfire_upgraded":2,"win_rate":0.0,"timestamp":1611856604,"path_taken":["M","M","M","$","?","R","?","R","T","?","?","E","R","E","R","BOSS","M","$","M"],"items_purchased_type":["Potion","Card"],"build_version":"2020-12-22","purchased_purges":2,"victory":false,"max_hp_per_floor":[66,66,66,66,66,66,66,66,66,66,66,66,66,66,66,66,66,66,66,66,66],"card_choices":[{"not_picked":["Blade Dance","Bane"],"picked":"Dagger Throw","floor":1.0},{"not_picked":["Deadly Poison","Endless Agony"],"picked":"Tactician","floor":2.0},{"not_picked":["Finisher","Flying Knee"],"picked":"Calculated Gamble","floor":3.0},{"not_picked":["Catalyst","Dodge and Roll"],"picked":"Underhanded Strike","floor":5.0},{"not_picked":["Choke","Distraction","Setup"],"picked":"SKIP","floor":11.0},{"not_picked":["Poisoned Stab","Infinite Blades"],"picked":"Backstab","floor":12.0},{"not_picked":["Phantasmal Killer","Dagger Spray"],"picked":"Prepared","floor":14.0},{"not_picked":["Footwork","Deflect"],"picked":"PiercingWail","floor":18.0}],"player_experience":334661,"relics_obtained":[{"floor":9.0,"key":"Paper Crane"},{"floor":12.0,"key":"Bottled Lightning"},{"floor":14.0,"key":"Smiling Mask"}],"event_choices":[{"cards_removed":["Strike_G"],"damage_healed":0.0,"max_hp_gain":0.0,"max_hp_loss":0.0,"gold_gain":0.0,"event_name":"Golden Wing","player_choice":"Card Removal","floor":7.0,"gold_loss":0.0,"damage_taken":7.0},{"damage_healed":0.0,"max_hp_gain":0.0,"max_hp_loss":0.0,"gold_gain":50.0,"event_name":"Golden Shrine","player_choice":"Pray","floor":10.0,"gold_loss":0.0,"damage_taken":0.0}],"is_beta":false,"boss_relics":[{"not_picked":["SlaversCollar","Cursed Key"],"picked":"Black Star"}],"items_purged_floors":[4,19],"is_endless":false,"potions_floor_spawned":[2,5,12,14,16],"killed_by":"2 Thieves","ascension_level":20}}