{"host":"5cnm2qapaqj5mmu7","time":1611850161,"event":{"mods":["BaseMod","Bestiary","Colored Map","Filter the Spire","Minty Spire (QoL Compilation)","StSLib"],"gold_per_floor":[116,130,100,115,134,134,165,165,165,197,197,122,141,160,160,259,259,274,274,229,246,256,291,291,316,316,316,348,62,73,38,38,38,38],"floor_reached":33,"language":"ENG","playtime":1388,"items_purged":["Strike_R"],"score":435,"play_id":"1a8881e9-5f9d-499f-be8c-03d70211107b","local_time":"20210128170921","is_ascension_mode":true,"campfire_choices":[{"data":"Bash","floor":6.0,"key":"SMITH"},{"data":"Carnage","floor":8.0,"key":"SMITH"},{"data":"Uppercut","floor":11.0,"key":"SMITH"},{"data":"Iron Wave","floor":15.0,"key":"SMITH"},{"data":"Enlightenment","floor":24,"key":"SMITH"},{"floor":27,"key":"REST"},{"data":"True Grit","floor":32,"key":"SMITH"}],"circlet_count":0,"master_deck":["Strike_R","Strike_R","Strike_R","Strike_R","Defend_R","Defend_R","Defend_R","Defend_R","Bash+1","Carnage+1","Pommel Strike+1","Pummel+1","Iron Wave+1","Uppercut+1","Shrug It Off","Cleave","Offering","Twin Strike","Enlightenment+1","True Grit+1","True Grit+1","Double Tap","Power Through","Injury","Anger","Twin Strike","Body Slam+1","Seeing Red"],"relics":["Burning Blood","Vajra","MealTicket","StrikeDummy","Cursed Key","Calipers","Potion Belt","Tiny Chest","Whetstone","HornCleat"],"acts_visited":["Exordium","TheCity"],"potions_floor_usage":[25,30],"damage_taken":[{"damage":2.0,"enemies":"Jaw Worm","floor":1.0,"turns":3.0},{"damage":1.0,"enemies":"Cultist","floor":2.0,"turns":3.0},{"damage":6.0,"enemies":"2 Louse","floor":4.0,"turns":3.0},{"damage":10.0,"enemies":"Exordium Wildlife","floor":5.0,"turns":4.0},{"damage":35.0,"enemies":"3 Sentries","floor":7.0,"turns":8.0},{"damage":11.0,"enemies":"Gremlin Nob","floor":10.0,"turns":3.0},{"damage":9.0,"enemies":"Red Slaver","floor":13.0,"turns":2.0},{"damage":0.0,"enemies":"Large Slime","floor":14.0,"turns":4.0},{"damage":52.0,"enemies":"The Guardian","floor":16.0,"turns":11.0},{"damage":11,"enemies":"2 Thieves","floor":18,"turns":2},{"damage":6,"enemies":"Spheric Guardian","floor":21,"turns":3},{"damage":11,"enemies":"Cultist and Chosen","floor":22,"turns":3},{"damage":11,"enemies":"Gremlin Leader","floor":23,"turns":4},{"damage":35,"enemies":"Book of Stabbing","floor":25,"turns":4},{"damage":27,"enemies":"Gremlin Leader","floor":28,"turns":4},{"damage":8,"enemies":"Shelled Parasite and Fungi","floor":30,"turns":3},{"damage":79,"enemies":"Collector","floor":33,"turns":10}],"seed_played":"5468403867954771099","potions_obtained":[{"floor":1.0,"key":"Regen Potion"},{"floor":3.0,"key":"SneckoOil"},{"floor":3.0,"key":"ElixirPotion"},{"floor":5.0,"key":"SpeedPotion"},{"floor":7.0,"key":"ColorlessPotion"},{"floor":14.0,"key":"BlessingOfTheForge"},{"floor":16.0,"key":"Weak Potion"},{"floor":18,"key":"Fire Potion"},{"floor":30,"key":"Dexterity Potion"}],"is_trial":false,"path_per_floor":["M","M","?","M","M","R","E","R","T","E","R","$","M","M","R","B",null,"M","?","$","M","M","E","R","E","T","R","E","$","M","$","R","B"],"character_chosen":"IRONCLAD","items_purchased":["True Grit","Twin Strike","HornCleat","Seeing Red"],"campfire_rested":1,"item_purchase_floors":[20,29,29,31],"current_hp_per_floor":[71,76,76,76,72,72,43,43,43,47,47,62,59,65,65,19,77,72,60,75,75,70,65,65,36,36,64,43,58,56,71,71,0,0],"gold":38,"neow_bonus":"TWENTY_PERCENT_HP_BONUS","is_daily":false,"chose_seed":false,"campfire_upgraded":6,"win_rate":0.0,"timestamp":1611850161,"path_taken":["M","M","?","?","M","R","E","R","T","E","R","$","M","M","R","BOSS","M","?","$","?","M","E","R","E","T","R","E","$","M","?","R","BOSS"],"items_purchased_type":["Card","Card","Relic","Card"],"build_version":"2020-12-22","purchased_purges":1,"victory":false,"max_hp_per_floor":[96,96,96,96,96,96,96,96,96,96,96,96,96,96,96,96,96,96,96,96,96,96,96,96,96,96,96,96,96,96,96,96,96,96],"card_choices":[{"not_picked":["Rampage","Clash"],"picked":"Carnage","floor":1.0},{"not_picked":["Clash","Body Slam","Armaments"],"picked":"SKIP","floor":2.0},{"not_picked":["Spot Weakness","Reckless Charge"],"picked":"Pommel Strike","floor":4.0},{"not_picked":["Thunderclap","Sword Boomerang"],"picked":"Pummel","floor":5.0},{"not_picked":["Dark Embrace","Shrug It Off"],"picked":"Iron Wave","floor":7.0},{"not_picked":["Flame Barrier","Fire Breathing"],"picked":"Uppercut","floor":10.0},{"not_picked":["Rupture","Thunderclap"],"picked":"Shrug It Off","floor":13.0},{"not_picked":["Iron Wave","Searing Blow"],"picked":"Cleave","floor":14.0},{"not_picked":["Fiend Fire","Impervious"],"picked":"Offering","floor":16.0},{"not_picked":["Heavy Blade","Iron Wave"],"picked":"Twin Strike","floor":18},{"not_picked":["Blood for Blood","Sword Boomerang+1","Havoc"],"picked":"SKIP","floor":21},{"not_picked":["Fire Breathing","Iron Wave"],"picked":"True Grit+1","floor":22},{"not_picked":["Evolve","Pummel+1"],"picked":"Double Tap","floor":23},{"not_picked":["Warcry","Fire Breathing"],"picked":"Power Through","floor":25},{"not_picked":["Dual Wield+1","Juggernaut"],"picked":"Anger","floor":28},{"not_picked":["Anger+1","Heavy Blade"],"picked":"Body Slam+1","floor":30}],"player_experience":580537,"relics_obtained":[{"floor":7.0,"key":"Vajra"},{"floor":9.0,"key":"MealTicket"},{"floor":10.0,"key":"StrikeDummy"},{"floor":23,"key":"Calipers"},{"floor":25,"key":"Potion Belt"},{"floor":26,"key":"Tiny Chest"},{"floor":28,"key":"Whetstone"}],"event_choices":[{"damage_healed":0.0,"max_hp_gain":0.0,"max_hp_loss":0.0,"gold_gain":0.0,"event_name":"The Woman in Blue","player_choice":"Bought 2 Potions","floor":3.0,"gold_loss":0.0,"damage_taken":0.0},{"damage_healed":0,"gold_gain":0,"player_choice":"CARD ","damage_taken":12,"max_hp_gain":0,"max_hp_loss":0,"event_name":"Knowing Skull","floor":19,"potions_obtained":[],"gold_loss":0,"cards_obtained":["Enlightenment"]}],"is_beta":false,"boss_relics":[{"not_picked":["Tiny House","SacredBark"],"picked":"Cursed Key"}],"items_purged_floors":[12],"is_endless":false,"potions_floor_spawned":[1,5,7,14,16,18,22,30],"killed_by":"Collector","ascension_level":6}}