{"host":"6p0attdrtjqaih7v","time":1611860641,"event":{"mods":["2.2 Compatiblity","AchievementEnabler","Bard","BaseMod","Beaked The Cultist","Better Skull","Better Third Choice","Colored Powertips","Hermit","Highlight Path","Key Reminder","Mad Scientist","Minty Spire (QoL Compilation)","Permanent Neow","Quick Restart","Random Character Button","Relic Stats","Replay The Spire","Robot Space Explorer","StSLib","The Runesmith"],"gold_per_floor":[111,129,3,22,37,37,62,62,62,80,80,110,110,120,120,220,220,240,229,242,259,359,359,391,401,401,104,104,117,38,49,49,49,49],"floor_reached":33,"language":"ENG","playtime":1884,"items_purged":["MadScienceMod:PoweredStrike"],"score":306,"play_id":"623dea6a-3bfd-44cd-89e0-5573d830c92f","local_time":"20210128140401","is_ascension_mode":false,"campfire_choices":[{"data":"MadScienceMod:AutoStrike","floor":8,"key":"SMITH"},{"data":"MadScienceMod:HideBehindJunk","floor":13,"key":"SMITH"},{"data":"MadScienceMod:MechanicalSnecko","floor":15,"key":"SMITH"},{"data":"MadScienceMod:ArtilleryShot","floor":23,"key":"SMITH"},{"floor":28,"key":"REST"},{"floor":32,"key":"REST"}],"circlet_count":0,"master_deck":["MadScienceMod:Defend_MadScience","MadScienceMod:Defend_MadScience","MadScienceMod:Defend_MadScience","MadScienceMod:Defend_MadScience","MadScienceMod:HideBehindJunk+1","MadScienceMod:AutoStrike+1","MadScienceMod:BandageBot","MadScienceMod:NowOrNever","MadScienceMod:RadioactiveSword","MadScienceMod:FlexibleSpear+1","MadScienceMod:Poke","MadScienceMod:RadioactiveSword","MadScienceMod:NowOrNever","MadScienceMod:MechanicalSnecko+1","MadScienceMod:ExtractOil+1","MadScienceMod:LightOnFire+1","MadScienceMod:Postpone+1","MadScienceMod:RadioactiveSword","MadScienceMod:FlammableWall","MadScienceMod:ParticleBeam+1","MadScienceMod:ArtilleryShot+1","MadScienceMod:EnergyBarrier+1","MadScienceMod:ImposingConstruct","MadScienceMod:RecyclingStation+1","MadScienceMod:FumeBlast","MadScienceMod:BandageBot+1","MadScienceMod:TimeDilationField"],"relics":["MadScienceMod:FuelTank","Runesmith:AutoHammer","Happy Flower","Shuriken","beaked:ShinyBauble","Astrolabe","Frozen Egg 2","HornCleat","Strange Spoon"],"acts_visited":["Exordium","TheCity"],"potions_floor_usage":[7,12,24,24,25,29,31],"damage_taken":[{"damage":0,"enemies":"2 Louse","floor":1,"turns":3},{"damage":14,"enemies":"Jaw Worm","floor":2,"turns":4},{"damage":2,"enemies":"Cultist","floor":4,"turns":5},{"damage":1,"enemies":"Exordium Wildlife","floor":5,"turns":4},{"damage":13,"enemies":"Lagavulin","floor":7,"turns":7},{"damage":5,"enemies":"Looter","floor":10,"turns":4},{"damage":0,"enemies":"Gremlin Nob","floor":12,"turns":3},{"damage":0,"enemies":"Blue Slaver","floor":14,"turns":2},{"damage":19,"enemies":"The Guardian","floor":16,"turns":10},{"damage":6,"enemies":"Spheric Guardian","floor":18,"turns":4},{"damage":8,"enemies":"2 Thieves","floor":19,"turns":4},{"damage":16,"enemies":"Snake Plant","floor":20,"turns":3},{"damage":0,"enemies":"Snecko","floor":21,"turns":3},{"damage":40,"enemies":"Gremlin Leader","floor":24,"turns":6},{"damage":3,"enemies":"Centurion and Healer","floor":25,"turns":5},{"damage":17,"enemies":"Cultist and Chosen","floor":29,"turns":7},{"damage":12,"enemies":"Sentry and Sphere","floor":31,"turns":7},{"damage":46,"enemies":"Collector","floor":33,"turns":9}],"seed_played":"4931416667465163601","potions_obtained":[{"floor":7,"key":"Elixir"},{"floor":10,"key":"Weak Potion"},{"floor":12,"key":"GamblersBrew"},{"floor":14,"key":"GamblersBrew"},{"floor":24,"key":"ColorlessPotion"},{"floor":25,"key":"Fire Potion"}],"is_trial":false,"path_per_floor":["M","M","$","M","M","?","E","R","T","M","?","E","R","M","R","B",null,"M","M","M","M","?","R","E","M","T","$","R","M","$","M","R","B"],"character_chosen":"MAD_SCIENTIST","items_purchased":["MadScienceMod:NowOrNever","MadScienceMod:TrinketPotion","MadScienceMod:RecyclingStation+1","Strange Spoon","MadScienceMod:BandageBot+1"],"campfire_rested":2,"item_purchase_floors":[3,3,27,27,30],"current_hp_per_floor":[75,61,61,62,61,61,54,54,54,49,42,42,42,42,42,32,75,69,61,45,45,45,45,5,2,2,2,24,13,13,13,35,0,0],"gold":49,"neow_bonus":"RANDOM_COMMON_RELIC","is_daily":false,"chose_seed":false,"campfire_upgraded":4,"win_rate":0.0,"timestamp":1611860641,"path_taken":["M","M","$","M","M","?","E","R","T","M","?","E","R","M","R","BOSS","M","M","M","M","?","R","E","M","T","?","R","M","$","?","R","BOSS"],"items_purchased_type":["Card","Potion","Card","Relic","Card"],"build_version":"2020-12-22","purchased_purges":1,"victory":false,"max_hp_per_floor":[75,75,75,75,75,75,75,75,75,75,75,75,75,75,75,75,75,75,75,75,75,75,75,75,75,75,75,75,75,75,75,75,75,75],"relic_stats":{"Strange Spoon":[9],"Happy Flower":[22],"counters":[18,90],"Shuriken":[16],"Astrolabe":["MadScienceMod:ExtractOil","MadScienceMod:LightOnFire","MadScienceMod:Postpone"],"obtain_stats":[{"MadScienceMod:FuelTank":0,"Strange Spoon":27,"beaked:ShinyBauble":12,"HornCleat":26,"Happy Flower":7,"Shuriken":9,"Astrolabe":17,"Runesmith:AutoHammer":0,"Frozen Egg 2":24},{"MadScienceMod:FuelTank":0,"Strange Spoon":15,"beaked:ShinyBauble":7,"HornCleat":15,"Happy Flower":5,"Shuriken":5,"Astrolabe":9,"Runesmith:AutoHammer":0,"Frozen Egg 2":14},{"MadScienceMod:FuelTank":0,"Strange Spoon":67,"beaked:ShinyBauble":30,"HornCleat":67,"Happy Flower":23,"Shuriken":23,"Astrolabe":42,"Runesmith:AutoHammer":0,"Frozen Egg 2":62}]},"card_choices":[{"not_picked":["MadScienceMod:FlexibleSpear","MadScienceMod:FlameCannon"],"picked":"MadScienceMod:AutoStrike","floor":1},{"not_picked":["MadScienceMod:CaptureMomentum","MadScienceMod:Assemble"],"picked":"MadScienceMod:BandageBot","floor":2},{"not_picked":["MadScienceMod:Virus","MadScienceMod:ImposingConstruct"],"picked":"MadScienceMod:RadioactiveSword","floor":4},{"not_picked":["MadScienceMod:ShrinkRay","MadScienceMod:Sprocket"],"picked":"MadScienceMod:FlexibleSpear","floor":5},{"not_picked":["MadScienceMod:AssemblyLine","MadScienceMod:Mechanize"],"picked":"MadScienceMod:Poke","floor":7},{"not_picked":["MadScienceMod:ShrinkRay","MadScienceMod:BoxOfScraps"],"picked":"MadScienceMod:RadioactiveSword","floor":10},{"not_picked":["MadScienceMod:SoftenUp","MadScienceMod:Sprocket"],"picked":"MadScienceMod:NowOrNever","floor":12},{"not_picked":["MadScienceMod:AutoStrike","MadScienceMod:Poke"],"picked":"MadScienceMod:MechanicalSnecko","floor":14},{"not_picked":["MadScienceMod:FragmentationGrenade","MadScienceMod:Strafe"],"picked":"MadScienceMod:RadioactiveSword","floor":18},{"not_picked":["MadScienceMod:ExploreOptions","MadScienceMod:Detonate"],"picked":"MadScienceMod:FlammableWall","floor":19},{"not_picked":["MadScienceMod:RadioactiveSword","MadScienceMod:Refuel"],"picked":"MadScienceMod:ParticleBeam+1","floor":20},{"not_picked":["MadScienceMod:LightOnFire+1","MadScienceMod:FlexibleSpear"],"picked":"MadScienceMod:ArtilleryShot","floor":21},{"not_picked":["MadScienceMod:AssemblyLine+1","MadScienceMod:SoftenUp"],"picked":"MadScienceMod:EnergyBarrier+1","floor":24},{"not_picked":["MadScienceMod:LightOnFire+1","MadScienceMod:OilDrum"],"picked":"MadScienceMod:ImposingConstruct","floor":25},{"not_picked":["MadScienceMod:AutoStrike+1","MadScienceMod:Detonate"],"picked":"MadScienceMod:FumeBlast","floor":29},{"not_picked":["MadScienceMod:FragmentationGrenade","MadScienceMod:Reconstitute"],"picked":"MadScienceMod:TimeDilationField","floor":31}],"player_experience":924779,"relics_obtained":[{"floor":7,"key":"Happy Flower"},{"floor":9,"key":"Shuriken"},{"floor":12,"key":"beaked:ShinyBauble"},{"floor":24,"key":"Frozen Egg 2"},{"floor":26,"key":"HornCleat"}],"event_choices":[{"damage_healed":0,"gold_gain":0,"player_choice":"Grow","damage_taken":0,"max_hp_gain":0,"max_hp_loss":0,"event_name":"Living Wall","floor":6,"gold_loss":0,"cards_upgraded":["MadScienceMod:FlexibleSpear"]},{"cards_removed":["MadScienceMod:Strike_MadScience"],"damage_healed":0,"gold_gain":0,"player_choice":"Card Removal","damage_taken":7,"max_hp_gain":0,"max_hp_loss":0,"event_name":"Golden Wing","floor":11,"gold_loss":0},{"damage_healed":0,"gold_gain":100,"player_choice":"Pray","damage_taken":0,"max_hp_gain":0,"max_hp_loss":0,"event_name":"Golden Shrine","floor":22,"gold_loss":0}],"is_beta":false,"boss_relics":[{"not_picked":["Pandora\u0027s Box","beaked:SacredDeck"],"picked":"Astrolabe"}],"items_purged_floors":[27],"is_endless":false,"potions_floor_spawned":[7,10,12,14,24,25],"killed_by":"Collector","ascension_level":0}}