{"host":"8d3fefv2347kqkpz","time":1611800791,"event":{"mods":["AchievementEnabler","Act Like it!","Aspiration","BaseMod","Better Vampires","Colored Map","Colored Powertips","Conspire","GifTheSpireLib","Hermit","Highlight Path","Hubris","Marisa£®ÏF”Í°°ƒß¿Ì…≥£©","Mimic Mod","Minty Spire (QoL Compilation)","Quick Restart","Rare Cards Sparkle","Reimu£®≤©¿ˆ¡È√Œ£©","Relic Stats","Remilia£®¿Ÿ√◊¿Ú—«£©","Replay The Spire","Spicy Shops","StSLib","The Cursed","The Jungle","The Servant 0.9.4","Waifu the Spire","Youmu£®ªÍ∆«—˝√Œ£©"],"gold_per_floor":[112,112,112,124,56,74,74,107,133,143,143,143],"floor_reached":11,"language":"ZHS","playtime":449,"items_purged":[],"score":73,"play_id":"a6e60ce4-9f6e-4297-a7bb-a640463c6ebf","local_time":"20210128102631","is_ascension_mode":false,"campfire_choices":[{"data":"Prostrate","floor":7.0,"key":"SMITH"}],"circlet_count":0,"master_deck":["Strike_P","Strike_P","Strike_P","Strike_P","Defend_P","Defend_P","Defend_P","Defend_P","Eruption","Vigilance","CarveReality","BattleHymn","hubris:Sloth","Evaluate","Prostrate+1","Pray","PathToVictory","Omniscience+1"],"relics":["PureWater","Toxic Egg 2","Damaru"],"acts_visited":["Exordium"],"potions_floor_usage":[],"damage_taken":[{"damage":2.0,"enemies":"Small Slimes","floor":1.0,"turns":3.0},{"damage":10.0,"enemies":"Cultist","floor":4.0,"turns":5.0},{"damage":3.0,"enemies":"2 Louse","floor":6.0,"turns":3.0},{"damage":30.0,"enemies":"3 Sentries","floor":8.0,"turns":8.0},{"damage":6,"enemies":"Blue Slaver","floor":10,"turns":3},{"damage":55,"enemies":"Gremlin Nob","floor":11,"turns":3}],"seed_played":"-6306095978186433376","potions_obtained":[{"floor":1.0,"key":"Strength Potion"},{"floor":4.0,"key":"SkillPotion"},{"floor":8.0,"key":"Ambrosia"}],"is_trial":false,"path_per_floor":["M","?","?","M","$","M","R","E","T","M","E"],"character_chosen":"WATCHER","items_purchased":["Pray"],"campfire_rested":0,"item_purchase_floors":[5],"current_hp_per_floor":[77,77,77,67,67,64,64,34,34,28,0,0],"gold":143,"neow_bonus":"TEN_PERCENT_HP_BONUS","is_daily":false,"chose_seed":false,"campfire_upgraded":1,"win_rate":0.0,"timestamp":1611800791,"path_taken":["M","?","?","M","$","M","R","E","T","?","E"],"items_purchased_type":["Card"],"build_version":"2020-12-22","purchased_purges":0,"victory":false,"max_hp_per_floor":[79,79,79,79,79,79,79,79,79,79,79,79],"relic_stats":{"counters":[6,25],"obtain_stats":[{"Damaru":9,"PureWater":0,"Toxic Egg 2":8},{"Damaru":4,"PureWater":0,"Toxic Egg 2":4},{"Damaru":19,"PureWater":0,"Toxic Egg 2":19}]},"card_choices":[{"not_picked":["Collect","Replay:BluntJabs"],"picked":"CarveReality","floor":1.0},{"not_picked":["Study","Conclude"],"picked":"Prostrate","floor":4.0},{"not_picked":["CutThroughFate","FollowUp"],"picked":"PathToVictory","floor":6.0},{"not_picked":["Sanctity+1","SignatureMove"],"picked":"Omniscience+1","floor":8.0},{"not_picked":["Halt+1","WheelKick","Replay:Cycle+1"],"picked":"SKIP","floor":10}],"player_experience":225251,"relics_obtained":[{"floor":8.0,"key":"Toxic Egg 2"},{"floor":9.0,"key":"Damaru"}],"event_choices":[{"damage_healed":0.0,"max_hp_gain":0.0,"max_hp_loss":0.0,"gold_gain":0.0,"event_name":"Match and Keep!","player_choice":"2 cards matched","floor":3.0,"gold_loss":0.0,"damage_taken":0.0,"cards_obtained":["hubris:Sloth","Evaluate"]}],"is_beta":false,"boss_relics":[],"items_purged_floors":[],"is_endless":false,"potions_floor_spawned":[1,4,8],"killed_by":"Gremlin Nob","ascension_level":0}}