{"host":"o5lch9xvacbb0fa4","time":1611837182,"event":{"mods":["AchievementEnabler","Act Like it!","Aspiration","Bard","BaseMod","Better Altar","Better Match","Better Note","Better Sensory Stone","Better Skull","Better Third Choice","Better Vampires","BetterRewards","CCEM","Colored Map","Conspire","Downfall","GifTheSpireLib","Googly Eyes","GungeonMod","Halation","Hermit","Highlight Path","Hubris","Infinite Spire","Jedi Mod","Jorbs\u0027s Wanderer Trilogy","Marisa????????","Marked Mod","Mimic Mod","Minty Spire (QoL Compilation)","Permanent Neow","Relic Filter","Relic Sorter","Relic Stats","Replay The Spire","Shade Mod","Shop Mod","Small Relic Pack","StSLib","Stuff the Spire","The Administrix","The Blackbeard","The Runesmith","Unceasing Turn Reminder","everything is the same but u backflip on backflip","slay the spire mod where everything is the same but ironclad has a cowboy hat"],"gold_per_floor":[110,122,122,44,44,70,70,70,70,82,82,10,10,49,49,146,146,111,111,131,2,20,20,49,49,49,69,69,69,69,69,69,69,69],"floor_reached":33,"playtime":1216,"items_purged":["Writhe"],"score":272,"play_id":"a35ce9e9-4e7b-4bb1-861e-b5a94c792a92","local_time":"20210128203302","is_ascension_mode":true,"campfire_choices":[{"floor":11,"key":"REST"},{"data":"Infinite Blades","floor":13,"key":"SMITH"},{"data":"Footwork","floor":15,"key":"SMITH"},{"data":"ReplayTheSpireMod:Scrap Shanks","floor":23,"key":"SMITH"},{"floor":28,"key":"REST"},{"data":"expansioncontent:LastStand","floor":32,"key":"SMITH"}],"circlet_count":0,"master_deck":["Strike_G","Strike_G","Strike_G","Strike_G","Strike_G","Defend_G","Defend_G","Defend_G","Defend_G","Defend_G","Neutralize","Survivor","Blur","StuffTheSpire:ReptileScales","Footwork+1","ReplayTheSpireMod:Scrap Shanks+1","expansioncontent:LastStand+1","Infinite Blades+1","Dagger Spray","ReplayTheSpireMod:From All Sides","Runesmith:HammerThrow","Runesmith:DoubleUp","Dagger Spray","Terror","Runesmith:RunicBlueprint+1","CurseOfTheBell"],"relics":["Ring of the Snake","ReplayTheSpireMod:Ring of Addiction","StuffTheSpire:Mouthbags","White Beast Statue","Toy Ornithopter","Ring of Hypnosis","infinitespire:Golems Mask","ReplayFunnel","jedi:rubbersling","Oddly Smooth Stone","aspiration:RunesmithSkillbook","StuffTheSpire:Experiment12","Runesmith:AutoHammer","hubris:Towel","Vampiric Spirits","Orichalcum","StuffTheSpire:Expresso","Calling Bell","Bag of Preparation","StuffTheSpire:RubySignet","CCEMRelics:OrganicArmor","MutagenicStrength"],"acts_visited":["Exordium","TheCity"],"potions_floor_usage":[6,6,14,14,18,20,20,22,24,27,33],"damage_taken":[{"damage":0,"enemies":"2 Louse","floor":1,"turns":4},{"damage":0,"enemies":"Small Slimes","floor":2,"turns":4},{"damage":55,"enemies":"Gremlin Nob","floor":6,"turns":7},{"damage":3,"enemies":"Jaw Worm","floor":10,"turns":4},{"damage":13,"enemies":"conspire:MimicChest","floor":14,"turns":8},{"damage":16,"enemies":"The Guardian","floor":16,"turns":12},{"damage":21,"enemies":"2 Thieves","floor":18,"turns":5},{"damage":3,"enemies":"Chosen","floor":20,"turns":6},{"damage":17,"enemies":"3 Cultists","floor":22,"turns":6},{"damage":46,"enemies":"Slavers","floor":24,"turns":6},{"damage":0,"enemies":"Snake Plant","floor":27,"turns":7},{"damage":0,"enemies":"Pondfish","floor":33,"turns":1}],"seed_played":"-335401872814029039","potions_obtained":[{"floor":5,"key":"Elixir"},{"floor":5,"key":"hexamod:EctoCoolerPotion"},{"floor":5,"key":"SneckoOil"},{"floor":6,"key":"Fire Potion"},{"floor":10,"key":"Adrenaline Potion"},{"floor":14,"key":"Weak Potion"},{"floor":16,"key":"champ:CounterPotion"},{"floor":18,"key":"Adrenaline Potion"},{"floor":20,"key":"Block Potion"},{"floor":22,"key":"sneckomod:MuddlingPotion"},{"floor":24,"key":"Weak Potion"},{"floor":27,"key":"BlessingOfTheForge"}],"is_trial":false,"path_per_floor":["M","M","?","$","?","E","?","T","T","M","R","$","R","?","R_BF","B",null,"M","?","M","$","M","R","E","?","T","M","R","?","AVR","?","R","B"],"character_chosen":"THE_SILENT","items_purchased":["Footwork","Infinite Blades","Dagger Spray"],"campfire_rested":2,"item_purchase_floors":[4,12,21],"current_hp_per_floor":[70,70,70,70,70,24,24,24,24,21,41,41,41,38,38,22,66,48,48,55,55,43,43,2,2,2,9,28,28,28,28,28,33,33],"gold":69,"neow_bonus":"RANDOM_COMMON_RELIC","is_daily":false,"chose_seed":false,"campfire_upgraded":4,"win_rate":0.0,"timestamp":1611837182,"path_taken":["M","M","?","$","?","E","?","?","T","?","R","$","R","?","R_BF","BOSS","M","?","M","$","M","R","E","?","T","M","R","?","AVR","?","R","BOSS"],"items_purchased_type":["Card","Card","Card"],"build_version":"2020-12-13","purchased_purges":1,"victory":false,"max_hp_per_floor":[70,70,70,70,70,70,70,70,70,68,68,68,66,66,66,66,66,64,64,64,64,64,64,64,64,64,64,64,64,64,62,62,62,62],"relic_stats":{"counters":[16,89],"Bag of Preparation":[2],"Orichalcum":[0],"obtain_stats":[{"ReplayFunnel":8,"Vampiric Spirits":26,"DemoMod:GlassGuonStoneRelic":3,"Bag of Preparation":30,"StuffTheSpire:Experiment12":19,"halation:SimulatedSpire":0,"infinitespire:Golems Mask":6,"Ring of the Snake":0,"CCEMRelics:OrganicArmor":30,"Ring of Hypnosis":5,"ReplayTheSpireMod:Ring of Addiction":5,"Oddly Smooth Stone":14,"StuffTheSpire:Expresso":30,"hubris:Towel":25,"Orichalcum":29,"White Beast Statue":5,"relicPack:EdsArm":5,"Calling Bell":30,"StuffTheSpire:Mouthbags":0,"jedi:rubbersling":9,"aspiration:RunesmithSkillbook":17,"MutagenicStrength":31,"StuffTheSpire:RubySignet":30,"Runesmith:AutoHammer":24,"Toy Ornithopter":5},{"ReplayFunnel":7,"Vampiric Spirits":14,"DemoMod:GlassGuonStoneRelic":3,"Bag of Preparation":15,"StuffTheSpire:Experiment12":11,"halation:SimulatedSpire":0,"infinitespire:Golems Mask":7,"Ring of the Snake":0,"CCEMRelics:OrganicArmor":15,"Ring of Hypnosis":6,"ReplayTheSpireMod:Ring of Addiction":6,"Oddly Smooth Stone":9,"StuffTheSpire:Expresso":15,"hubris:Towel":14,"Orichalcum":15,"White Beast Statue":6,"relicPack:EdsArm":3,"Calling Bell":15,"StuffTheSpire:Mouthbags":4,"jedi:rubbersling":7,"aspiration:RunesmithSkillbook":10,"MutagenicStrength":15,"StuffTheSpire:RubySignet":15,"Runesmith:AutoHammer":14,"Toy Ornithopter":6},{"ReplayFunnel":34,"Vampiric Spirits":81,"DemoMod:GlassGuonStoneRelic":14,"Bag of Preparation":88,"StuffTheSpire:Experiment12":63,"halation:SimulatedSpire":0,"infinitespire:Golems Mask":34,"Ring of the Snake":0,"CCEMRelics:OrganicArmor":88,"Ring of Hypnosis":27,"ReplayTheSpireMod:Ring of Addiction":27,"Oddly Smooth Stone":46,"StuffTheSpire:Expresso":88,"hubris:Towel":81,"Orichalcum":88,"White Beast Statue":27,"relicPack:EdsArm":14,"Calling Bell":88,"StuffTheSpire:Mouthbags":19,"jedi:rubbersling":34,"aspiration:RunesmithSkillbook":58,"MutagenicStrength":88,"StuffTheSpire:RubySignet":88,"Runesmith:AutoHammer":81,"Toy Ornithopter":27}],"Toy Ornithopter":54,"Ring of the Snake":[24]},"card_choices":[{"not_picked":["Well Laid Plans","StuffTheSpire:Injection"],"picked":"Blur","floor":1},{"not_picked":["hubris:SlightOfHand","StuffTheSpire:BumpUp"],"picked":"StuffTheSpire:ReptileScales","floor":2},{"not_picked":["StuffTheSpire:ReptileScales","conspire:PoisonWeapons"],"picked":"ReplayTheSpireMod:Scrap Shanks","floor":6},{"not_picked":["Dark Shackles","jedi:cleanse"],"picked":"expansioncontent:LastStand","floor":7},{"not_picked":["PiercingWail","Choke","StuffTheSpire:Python"],"picked":"SKIP","floor":10},{"not_picked":["Dash","Poisoned Stab"],"picked":"Dagger Spray","floor":14},{"not_picked":["Bullet Time","Night Terror"],"picked":"ReplayTheSpireMod:From All Sides","floor":16},{"not_picked":["Bane+1","Runesmith:EarthShield+1","StuffTheSpire:Incursion"],"picked":"Runesmith:HammerThrow","floor":18},{"not_picked":["Runesmith:HammerAndChisel","jedi:pocketpoison+1","Prepared"],"picked":"Runesmith:DoubleUp","floor":20},{"not_picked":["StuffTheSpire:BrimstoneBlast","Runesmith:Augment","Runesmith:Firestorm"],"picked":"Terror","floor":22},{"not_picked":["aspiration:Lunge","Runesmith:HammerTime","Runesmith:MakeshiftArmor+1","Runesmith:DoubleUp+1"],"picked":"SKIP","floor":24},{"not_picked":["Deadly Poison+1","Runesmith:Repurpose","Dodge and Roll"],"picked":"Runesmith:RunicBlueprint+1","floor":27}],"player_experience":19091,"relics_obtained":[{"floor":5,"key":"ReplayTheSpireMod:Ring of Addiction"},{"floor":5,"key":"White Beast Statue"},{"floor":5,"key":"Toy Ornithopter"},{"floor":5,"key":"Ring of Hypnosis"},{"floor":6,"key":"infinitespire:Golems Mask"},{"floor":8,"key":"ReplayFunnel"},{"floor":9,"key":"jedi:rubbersling"},{"floor":14,"key":"Oddly Smooth Stone"},{"floor":24,"key":"Runesmith:AutoHammer"},{"floor":26,"key":"Vampiric Spirits"},{"floor":29,"key":"Orichalcum"},{"floor":30,"key":"Bag of Preparation"},{"floor":30,"key":"StuffTheSpire:RubySignet"},{"floor":30,"key":"CCEMRelics:OrganicArmor"}],"event_choices":[{"damage_healed":0,"gold_gain":1,"player_choice":"1","damage_taken":0,"max_hp_gain":0,"max_hp_loss":0,"event_name":"betterStone:BetterStone","floor":7,"gold_loss":0},{"damage_healed":0,"gold_gain":0,"player_choice":"Opened","damage_taken":0,"relics_obtained":["StuffTheSpire:Experiment12"],"max_hp_gain":0,"max_hp_loss":0,"event_name":"The Mausoleum","floor":19,"gold_loss":0,"cards_obtained":["Writhe"]},{"damage_healed":0,"gold_gain":0,"player_choice":"Inject Mutagens","damage_taken":0,"relics_obtained":["MutagenicStrength"],"max_hp_gain":0,"max_hp_loss":0,"event_name":"Drug Dealer","floor":31,"gold_loss":0}],"is_beta":false,"boss_relics":[{"not_picked":["Cursed Key","Snecko Eye"],"picked":"aspiration:RunesmithSkillbook"}],"items_purged_floors":[21],"is_endless":false,"potions_floor_spawned":[6,10,14,16,18,20,22,24,27],"killed_by":"Pondfish","ascension_level":1}}