{"host":"rl55h36hts1vjtzv","time":1611824455,"event":{"mods":["BaseMod","Colored Powertips","Minty Spire (QoL Compilation)","Relic Stats"],"gold_per_floor":[119,119,119,30,47,74,74,89,116,136,136,166,166,166,166,270,270,282,282,282,298,309,309,343,343,343,357,368,395,395,425,425,425,425],"floor_reached":33,"language":"ZHS","playtime":2399,"items_purged":[],"score":354,"play_id":"62327fbf-ffb2-4271-a0dc-4826ea84f1bc","local_time":"20210128170055","is_ascension_mode":true,"campfire_choices":[{"data":"Blind","floor":7.0,"key":"SMITH"},{"floor":11.0,"key":"REST"},{"data":"Shrug It Off","floor":13.0,"key":"SMITH"},{"data":"Sword Boomerang","floor":15.0,"key":"SMITH"},{"data":"RitualDagger","floor":23.0,"key":"SMITH"},{"floor":25.0,"key":"REST"},{"data":"Sword Boomerang","floor":30.0,"key":"SMITH"},{"floor":32,"key":"REST"}],"circlet_count":0,"master_deck":["Strike_R","Strike_R","Strike_R","Strike_R","Defend_R","Defend_R+1","Defend_R","Bash+1","Shrug It Off+1","Blind+1","Flex","Sword Boomerang+1","Pommel Strike","Sword Boomerang+1","RitualDagger+1","Pommel Strike+1","Shrug It Off"],"relics":["Black Blood","Boot","Centennial Puzzle","Orichalcum","Torii","Toy Ornithopter","Pen Nib"],"acts_visited":["Exordium","TheCity"],"potions_floor_usage":[31,31,33],"damage_taken":[{"damage":15.0,"enemies":"Small Slimes","floor":1.0,"turns":4.0},{"damage":4.0,"enemies":"Jaw Worm","floor":5.0,"turns":4.0},{"damage":24.0,"enemies":"Gremlin Nob","floor":6.0,"turns":5.0},{"damage":0.0,"enemies":"Cultist","floor":8.0,"turns":3.0},{"damage":4.0,"enemies":"Large Slime","floor":10.0,"turns":7.0},{"damage":40.0,"enemies":"The Guardian","floor":16.0,"turns":12.0},{"damage":11.0,"enemies":"Spheric Guardian","floor":18.0,"turns":4.0},{"damage":15.0,"enemies":"Shell Parasite","floor":21.0,"turns":4.0},{"damage":14.0,"enemies":"Chosen and Byrds","floor":22.0,"turns":6.0},{"damage":51.0,"enemies":"Book of Stabbing","floor":24.0,"turns":5.0},{"damage":3.0,"enemies":"3 Cultists","floor":27.0,"turns":6.0},{"damage":1.0,"enemies":"Sentry and Sphere","floor":28.0,"turns":3.0},{"damage":47,"enemies":"Gremlin Leader","floor":31,"turns":8},{"damage":98,"enemies":"Collector","floor":33,"turns":8}],"seed_played":"-6800361581321588492","potions_obtained":[{"floor":5.0,"key":"Block Potion"},{"floor":8.0,"key":"Explosive Potion"},{"floor":16.0,"key":"Dexterity Potion"},{"floor":21.0,"key":"SteroidPotion"},{"floor":24.0,"key":"Energy Potion"},{"floor":27.0,"key":"DistilledChaos"},{"floor":31,"key":"Fire Potion"}],"is_trial":false,"path_per_floor":["M","?","?","$","M","E","R","M","T","M","R","?","R","?","R","B",null,"M","?","?","M","M","R","E","R","T","M","M","T","R","E","R","B"],"character_chosen":"IRONCLAD","items_purchased":["Blind"],"campfire_rested":3,"item_purchase_floors":[4],"current_hp_per_floor":[71,71,55,55,57,39,39,45,45,47,71,71,71,71,71,37,69,70,64,80,77,75,75,36,60,60,69,80,80,80,55,79,0,0],"gold":425,"neow_bonus":"REMOVE_CARD","is_daily":false,"chose_seed":false,"campfire_upgraded":5,"win_rate":0.0,"timestamp":1611824455,"path_taken":["M","?","?","?","?","E","R","M","T","M","R","?","R","?","R","BOSS","M","?","?","M","M","R","E","R","T","?","?","?","R","E","R","BOSS"],"items_purchased_type":["Card"],"build_version":"2020-12-22","purchased_purges":0,"victory":false,"max_hp_per_floor":[80,80,80,80,80,80,80,80,80,80,80,80,80,80,80,80,80,80,80,80,80,80,80,80,80,80,80,80,80,80,80,80,80,80],"relic_stats":{"Centennial Puzzle":[30],"Torii":18,"counters":[14,79],"Black Blood":120,"Pen Nib":[1],"Orichalcum":[54],"Boot":[181],"obtain_stats":[{"Centennial Puzzle":9,"Torii":26,"Black Blood":17,"Pen Nib":31,"Orichalcum":24,"Boot":6,"Burning Blood":0,"Toy Ornithopter":29},{"Centennial Puzzle":4,"Torii":10,"Black Blood":6,"Pen Nib":13,"Orichalcum":10,"Boot":3,"Burning Blood":0,"Toy Ornithopter":12},{"Centennial Puzzle":16,"Torii":54,"Black Blood":35,"Pen Nib":71,"Orichalcum":54,"Boot":13,"Burning Blood":0,"Toy Ornithopter":63}],"Toy Ornithopter":15},"card_choices":[{"not_picked":["Burning Pact","Cleave"],"picked":"Shrug It Off","floor":1.0},{"not_picked":["Combust","Battle Trance"],"picked":"Flex","floor":5.0},{"not_picked":["Body Slam","Heavy Blade"],"picked":"Sword Boomerang","floor":6.0},{"not_picked":["Anger","Metallicize"],"picked":"Pommel Strike","floor":8.0},{"not_picked":["Bludgeon","Twin Strike"],"picked":"Sword Boomerang","floor":10.0},{"not_picked":["Infernal Blade","Flex","True Grit"],"picked":"SKIP","floor":18.0},{"not_picked":["Sever Soul","Clothesline","Carnage"],"picked":"SKIP","floor":21.0},{"not_picked":["Limit Break","Body Slam+1"],"picked":"Pommel Strike+1","floor":22.0},{"not_picked":["Shrug It Off","Bloodletting","Iron Wave"],"picked":"SKIP","floor":24.0},{"not_picked":["Pummel+1","Wild Strike","True Grit"],"picked":"SKIP","floor":27.0},{"not_picked":["Searing Blow+1","Burning Pact","Whirlwind"],"picked":"SKIP","floor":28.0},{"not_picked":["Flex","Fire Breathing"],"picked":"Shrug It Off","floor":31}],"player_experience":101217,"relics_obtained":[{"floor":6.0,"key":"Boot"},{"floor":9.0,"key":"Centennial Puzzle"},{"floor":24.0,"key":"Orichalcum"},{"floor":26.0,"key":"Torii"},{"floor":29.0,"key":"Toy Ornithopter"},{"floor":31,"key":"Pen Nib"}],"event_choices":[{"damage_healed":0.0,"max_hp_gain":0.0,"max_hp_loss":0.0,"gold_gain":0.0,"event_name":"Liars Game","player_choice":"Ignored","floor":2.0,"gold_loss":0.0,"damage_taken":0.0},{"damage_healed":0.0,"max_hp_gain":0.0,"max_hp_loss":0.0,"gold_gain":0.0,"event_name":"Shining Light","player_choice":"Entered Light","floor":3.0,"gold_loss":0.0,"damage_taken":16.0,"cards_upgraded":["Defend_R","Bash"]},{"damage_healed":0.0,"max_hp_gain":0.0,"max_hp_loss":0.0,"gold_gain":30.0,"event_name":"Dead Adventurer","player_choice":"Searched \u00271\u0027 times","floor":12.0,"gold_loss":0.0,"damage_taken":0.0},{"cards_removed":["Defend_R"],"damage_healed":0.0,"max_hp_gain":0.0,"max_hp_loss":0.0,"gold_gain":0.0,"event_name":"Living Wall","player_choice":"Forget","floor":14.0,"gold_loss":0.0,"damage_taken":0.0},{"damage_healed":0.0,"max_hp_gain":0.0,"max_hp_loss":0.0,"gold_gain":0.0,"event_name":"Nest","player_choice":"Joined the Cult","floor":19.0,"gold_loss":0.0,"damage_taken":6.0,"cards_obtained":["RitualDagger"]},{"damage_healed":16.0,"max_hp_gain":0.0,"max_hp_loss":0.0,"gold_gain":0.0,"event_name":"Wheel of Change","player_choice":"Full Heal","floor":20.0,"gold_loss":0.0,"damage_taken":0.0}],"is_beta":false,"boss_relics":[{"not_picked":["Cursed Key","Philosopher\u0027s Stone"],"picked":"Black Blood"}],"items_purged_floors":[],"is_endless":false,"potions_floor_spawned":[5,8,16,21,24,27,31],"killed_by":"Collector","ascension_level":5}}