{"host":"5p9hybygolzp0efr","time":1611833646,"event":{"mods":["AchievementEnabler","BaseMod","Bestiary","Colored Map","Minty Spire (QoL Compilation)","Relic Stats"],"gold_per_floor":[112,129,129,141,141,141,175,175,202,202,202],"floor_reached":10,"language":"ENG","playtime":619,"items_purged":[],"score":83,"play_id":"9044b05c-c476-457b-be53-59d2e6836c84","local_time":"20210128193406","is_ascension_mode":true,"campfire_choices":[{"data":"Neutralize","floor":6,"key":"SMITH"},{"floor":8,"key":"REST"}],"circlet_count":0,"master_deck":["Strike_G","Strike_G","Strike_G","Strike_G","Defend_G","Defend_G","Defend_G","Defend_G","Defend_G","Survivor","Neutralize+1","Dagger Throw","Acrobatics","Footwork","Crippling Poison"],"relics":["Ring of the Snake","CeramicFish","Lantern"],"acts_visited":["Exordium"],"potions_floor_usage":[],"damage_taken":[{"damage":2,"enemies":"Jaw Worm","floor":1,"turns":5},{"damage":0,"enemies":"2 Louse","floor":2,"turns":3},{"damage":9,"enemies":"Small Slimes","floor":4,"turns":3},{"damage":48,"enemies":"3 Sentries","floor":7,"turns":19},{"damage":46,"enemies":"Gremlin Nob","floor":10,"turns":4}],"seed_played":"5703345943263211277","potions_obtained":[{"floor":7,"key":"Dexterity Potion"}],"is_trial":false,"path_per_floor":["M","M","?","M","?","R","E","R","T","E"],"character_chosen":"THE_SILENT","items_purchased":[],"campfire_rested":1,"item_purchase_floors":[],"current_hp_per_floor":[75,75,75,66,59,59,11,34,34,0,0],"gold":202,"neow_bonus":"TEN_PERCENT_HP_BONUS","is_daily":false,"chose_seed":false,"campfire_upgraded":1,"win_rate":0.0,"timestamp":1611833646,"path_taken":["M","M","?","M","?","R","E","R","T","E"],"items_purchased_type":[],"build_version":"2020-12-22","purchased_purges":0,"victory":false,"max_hp_per_floor":[77,77,77,77,77,77,77,77,77,77,77],"relic_stats":{"counters":[5,34],"CeramicFish":9,"obtain_stats":[{"Lantern":9,"CeramicFish":7,"Ring of the Snake":0},{"Lantern":4,"CeramicFish":4,"Ring of the Snake":0},{"Lantern":30,"CeramicFish":30,"Ring of the Snake":0}],"Ring of the Snake":[10]},"card_choices":[{"not_picked":["Prepared","PiercingWail"],"picked":"Dagger Throw","floor":1},{"not_picked":["Bane","Escape Plan"],"picked":"Acrobatics","floor":2},{"not_picked":["Blade Dance","Setup"],"picked":"Footwork","floor":4},{"not_picked":["Dash","Deflect"],"picked":"Crippling Poison","floor":7}],"player_experience":545462,"relics_obtained":[{"floor":7,"key":"CeramicFish"},{"floor":9,"key":"Lantern"}],"event_choices":[{"damage_healed":0,"gold_gain":0,"player_choice":"Ignored","damage_taken":0,"max_hp_gain":0,"max_hp_loss":0,"event_name":"Liars Game","floor":3,"gold_loss":0},{"cards_removed":["Strike_G"],"damage_healed":0,"gold_gain":0,"player_choice":"Card Removal","damage_taken":7,"max_hp_gain":0,"max_hp_loss":0,"event_name":"Golden Wing","floor":5,"gold_loss":0}],"is_beta":false,"boss_relics":[],"items_purged_floors":[],"is_endless":false,"potions_floor_spawned":[7],"killed_by":"Gremlin Nob","ascension_level":5}}