{"host":"w05x4i13f2m9joq1","time":1611795766,"event":{"mods":["Act Like it!","Bard","BaseMod","Better Altar","Better Match","Better Note","Better Sensory Stone","Better Skull","Better Third Choice","BetterRewards","CapriCore","Colored Map","Colored Powertips","Decade(???)","Defective Defect","Duelist Mod","GifTheSpireLib","Googly Eyes","Infinite Spire","Ironclad Rager","Lobotomy","LobotomyExtend","Marisa????????","Melee Mod","Minty Spire (QoL Compilation)","MostiFishMod","Rare Cards Sparkle","Replay The Spire","Spicy Shops","Spire Birthday Party","StSLib","Td1madao Mod","The Construct","The IronCluck","TheBandit","Uncapped","everything is the same but u backflip on backflip","slay the spire mod where everything is the same but ironclad has a cowboy hat"],"gold_per_floor":[111,111,111,162,162,188,206,238,264,264,5,5,20,20,20,124,124,148,2,2,2,30,77,106,106,129,196,196,219,219,251,251,388,388,455,455,511,591,644,739,739,851,900,900,991,1086,1195,1322,1322,1563,1563,1580,1590,1590,854,912,912,938,938,938,941,941],"floor_reached":61,"language":"ENG","playtime":4167,"items_purged":["theDuelist:SummoningCurse"],"score":1063,"play_id":"648ab438-46cc-4b82-9549-eee3ca770329","local_time":"20210127200246","is_ascension_mode":false,"campfire_choices":[{"floor":10.0,"key":"REST"},{"floor":12.0,"key":"REST"},{"data":"KamenRideAgito","floor":15.0,"key":"SMITH"},{"data":"Blade_Metal","floor":25.0,"key":"SMITH"},{"floor":32.0,"key":"DIG"},{"data":"FormRidePegasus","floor":41.0,"key":"SMITH"},{"data":"DenO_Climax","floor":44.0,"key":"SMITH"},{"data":"Kuuga_Rising","floor":49.0,"key":"SMITH"},{"floor":57.0,"key":"DIG"},{"floor":59.0,"key":"DIG"}],"circlet_count":0,"master_deck":["Decade_Attack","Decade_Attack","Decade_Attack","Decade_Attack","KamenRide","Decade_SpecialSkill","Decade_Defend","Decade_Defend","Decade_Defend","Kiva_Bats","UnarmedAttack1","AutoVajin+1","KamenRideHibiki","FormRidePegasus+1","Flash of Steel","Secret Technique","Blade_Metal+1","UnarmedAttack8","Kuuga_Rising+1","Kuuga_Rising+1","UnarmedAttack5","UnarmedAttack8","UnarmedAttack3","UnarmedAttack3","UnarmedAttack4","UnarmedAttack7","Pot Of Greed","Pot Of Greed","Pot Of Greed","UnarmedAttack1","infinitespire:Oblivion","infinitespire:UltimateForm","UnarmedAttack1","AutoVajin+1","DenO_Climax+1","KamenRideKuuga+1","Pot Of Greed","Hibiki_Attack1+1","FormRideDragon+1","UnarmedAttack6","Blade_Metal+1","Hibiki_Attack3+1","DenO_Ax+1","DenO_Ax+1","DecadeViolentEmotion","UnarmedAttack3","AttackRide","KamenRideDecade","Pot Of Greed","UnarmedAttack5"],"relics":["Decadriver","TOEIDeficitBill","DaveBox","Bag of Marbles","ChiXiaoBlade","SynthV:TestCard","LetterFromLob","Nunchaku","infinitespire:Broken Mirror","Replay:Bandana","Blood Vial","ReplayTheSpireMod:CursedCoin","Letter Opener","ExusiaiGun","Happy Flower","infinitespire:Lucky Rock","Grinning Jar","Unceasing Top","War Paint","infinitespire:EvilPickle","GreenFoldingFan","Replay:Mystery Machine","infinitespire:Satchel","Bronze Scales","Replay:Drink Me","Replay:Arrowhead","Eternal Feather","Shovel","ReplayFunnel","Odd Mushroom","Vajra","Replay:Baseball"],"acts_visited":["Exordium","TheCity","TheBeyond","Exordium"],"potions_floor_usage":[],"damage_taken":[{"damage":2.0,"enemies":"Small Slimes","floor":1.0,"turns":4.0},{"damage":4.0,"enemies":"3 Sentries","floor":6.0,"turns":3.0},{"damage":5.0,"enemies":"Jaw Worm","floor":7.0,"turns":2.0},{"damage":24.0,"enemies":"Gremlin Nob","floor":8.0,"turns":4.0},{"damage":1.0,"enemies":"2 Louse","floor":13.0,"turns":2.0},{"damage":39.0,"enemies":"Hexaghost","floor":16.0,"turns":10.0},{"damage":0.0,"enemies":"Chosen","floor":18.0,"turns":1.0},{"damage":0.0,"enemies":"2 Thieves","floor":22.0,"turns":1.0},{"damage":21.0,"enemies":"Nightmare","floor":23.0,"turns":3.0},{"damage":0.0,"enemies":"3 Cultists","floor":24.0,"turns":2.0},{"damage":0.0,"enemies":"Gremlin Leader","floor":27.0,"turns":1.0},{"damage":0.0,"enemies":"Shelled Parasite and Fungi","floor":29.0,"turns":2.0},{"damage":0.0,"enemies":"Snake Plant","floor":31.0,"turns":3.0},{"damage":0.0,"enemies":"Pondfish","floor":33.0,"turns":2.0},{"damage":2.0,"enemies":"Orb Walker","floor":35.0,"turns":1.0},{"damage":11.0,"enemies":"3 Shapes","floor":37.0,"turns":1.0},{"damage":7.0,"enemies":"3 Darklings","floor":38.0,"turns":2.0},{"damage":2.0,"enemies":"4 Shapes","floor":39.0,"turns":1.0},{"damage":4.0,"enemies":"R_Hoarder","floor":40.0,"turns":2.0},{"damage":26.0,"enemies":"Nightmare","floor":42.0,"turns":3.0},{"damage":8.0,"enemies":"Transient","floor":45.0,"turns":5.0},{"damage":2.0,"enemies":"Jaw Worm Horde","floor":46.0,"turns":1.0},{"damage":4.0,"enemies":"Maw","floor":47.0,"turns":2.0},{"damage":14.0,"enemies":"3 Darklings","floor":48.0,"turns":3.0},{"damage":14.0,"enemies":"Donu and Deca","floor":50.0,"turns":2.0},{"damage":2.0,"enemies":"Small Slimes","floor":52.0,"turns":1.0},{"damage":2.0,"enemies":"Cultist","floor":53.0,"turns":1.0},{"damage":6.0,"enemies":"2 Louse","floor":56.0,"turns":2.0},{"damage":2.0,"enemies":"The Mushroom Lair","floor":58.0,"turns":1.0},{"damage":55,"enemies":"Nightmare_Alpha","floor":61,"turns":2}],"seed_played":"2364036951799098168","potions_obtained":[{"floor":4.0,"key":"GamblersBrew"},{"floor":4.0,"key":"Adrenaline Potion"},{"floor":4.0,"key":"Cursed Concoction"},{"floor":6.0,"key":"Adrenaline Potion"},{"floor":7.0,"key":"Venom Potion"},{"floor":8.0,"key":"Swift Potion"},{"floor":13.0,"key":"Dexterity Potion"},{"floor":18.0,"key":"Block Potion"},{"floor":23.0,"key":"LiquidMemories"},{"floor":29.0,"key":"SneckoOil"},{"floor":35.0,"key":"Elixir"},{"floor":36.0,"key":"DuplicationPotion"},{"floor":36.0,"key":"DuplicationPotion"},{"floor":36.0,"key":"EntropicBrew"},{"floor":56.0,"key":"Regen Potion"}],"is_trial":false,"path_per_floor":["M","?","?","?","?","E","M","E","T","R","$","R","M","T","R","B",null,"M","$","?","?","M","NM","M","R","T","E","AVR","M","?","M","R_BF","B",null,"M","?","M","M","M","E","R","NM","T","R","M","M","M","M","R","B",null,"M","M","?","$","M","R","?","R","T","NM"],"character_chosen":"Decade","items_purchased":["ReplayTheSpireMod:CursedCoin","Flash of Steel","Secret Technique","FormRideDogga","Blade_Metal","Happy Flower","Replay:Arrowhead","Eternal Feather","Shovel","AttackRide"],"campfire_rested":2,"item_purchase_floors":[11,11,11,11,11,19,55,55,55,55],"current_hp_per_floor":[70,52,52,52,52,63,58,34,34,55,55,70,69,69,69,45,70,70,70,70,70,70,49,51,51,51,53,53,55,55,57,57,59,70,70,70,69,70,70,70,70,58,58,58,70,70,70,70,70,68,53,53,53,53,53,53,53,53,53,53,0,0],"gold":941,"neow_bonus":"RANDOM_COMMON_RELIC","is_daily":false,"chose_seed":false,"campfire_upgraded":5,"win_rate":0.0,"timestamp":1611795766,"path_taken":["M","?","?","?","?","E","M","E","T","R","?","R","M","?","R","BOSS","M","$","?","?","M","NM","M","R","T","E","AVR","M","?","M","R_BF","BOSS","M","?","M","M","M","E","R","NM","T","R","?","M","M","M","R","BOSS","M","M","?","$","?","R","?","R","T","NM"],"items_purchased_type":["Relic","Card","Card","Card","Card","Relic","Relic","Relic","Relic","Card"],"build_version":"2020-12-22","purchased_purges":1,"victory":false,"max_hp_per_floor":[70,70,70,70,70,70,70,70,70,70,70,70,70,70,70,70,70,70,70,70,70,70,70,70,70,70,70,70,70,70,70,70,70,70,70,70,70,70,70,70,70,70,70,70,70,70,70,70,70,70,53,53,53,53,53,53,53,53,53,53,53,53],"card_choices":[{"not_picked":["UnarmedAttack7","RideBooker_Skill_3"],"picked":"Kiva_Bats","floor":1.0},{"not_picked":["UnarmedAttack3","FormRideBasshaa","Kiva_Bats","Blade_Beat"],"picked":"UnarmedAttack1","floor":4.0},{"not_picked":["Blade_Kick","UnarmedAttack3","UnarmedAttack8","DenO_Rod"],"picked":"KamenRideAgito","floor":6.0},{"not_picked":["RideBooker_Skill_1","Blade_Metal","FormRideGaruru","Hibiki_Attack2"],"picked":"AutoVajin","floor":7.0},{"not_picked":["Hibiki_Attack3","Blade_Mach","DenO_Ax","Hibiki_Attack1"],"picked":"KamenRideHibiki","floor":8.0},{"not_picked":["UnarmedAttack9","Hibiki_Attack2","FormRideBasshaa","AutoVajin"],"picked":"FormRidePegasus","floor":8.0},{"not_picked":["FormRideBasshaa","KamenRideRyuki","Decade_Dash1","FormRideGaruru"],"picked":"UnarmedAttack8","floor":13.0},{"not_picked":["FormRideAxel","DecadeViolentEmotion","Kiva_Swallow","DenO_Climax"],"picked":"Kuuga_Rising","floor":16.0},{"not_picked":["TimeVent","FormRideAxel","DenO_Climax","NMDAZYYGL"],"picked":"Kuuga_Rising","floor":16.0},{"not_picked":["KamenRideKiva","RideBooker_Skill_1","KamenRideRyuki","KamenRideHibiki"],"picked":"UnarmedAttack5","floor":18.0},{"not_picked":["Decade_Defend2","AutoVajin","FormRideDragon","DenO_Rod"],"picked":"UnarmedAttack3","floor":22.0},{"not_picked":["FormRideBasshaa","FormRideDogga","Blade_Slash","Kabuto_ClockUp"],"picked":"UnarmedAttack3","floor":23.0},{"not_picked":["Kiva_Bats","Decade_Defend3","UnarmedAttack8+1","Hibiki_Attack1+1"],"picked":"UnarmedAttack4","floor":24.0},{"not_picked":["FormRideDragon","FormRideGaruru","FormRidePegasus+1","FormRideFlame"],"picked":"UnarmedAttack7","floor":24.0},{"not_picked":["FormRideStorm+1","DenO_Rod","DenO_Ax","Hibiki_Attack3"],"picked":"UnarmedAttack1","floor":27.0},{"not_picked":["FormRideStorm","KamenRideRyuki+1","KamenRideAgito","Blade_Mach"],"picked":"UnarmedAttack1","floor":29.0},{"not_picked":["UnarmedAttack7","KamenRideKabuto","Blade_Beat","FormRideDragon"],"picked":"AutoVajin+1","floor":31.0},{"not_picked":["NMDAZYYGL","Kabuto_ClockUp","Kiva_Eat","TimeVent"],"picked":"DenO_Climax","floor":33.0},{"not_picked":["DenO_Gun","Blade_Metal+1","Kiva_Frozen","Blade_Slash"],"picked":"KamenRideKuuga+1","floor":35.0},{"not_picked":["FormRideJack","FormRideGaruru","Decade_Dash1+1","Decade_Dash2"],"picked":"Hibiki_Attack1+1","floor":37.0},{"not_picked":["Hibiki_Attack3","UnarmedAttack5","DenO_Gun+1","AutoVajin"],"picked":"FormRideDragon+1","floor":38.0},{"not_picked":["FormRideFlame","DenO_Ax+1","FormRideDogga","AutoVajin"],"picked":"UnarmedAttack6","floor":39.0},{"not_picked":["AutoVajin+1","DenO_Climax","DragShield","MirrorWorld"],"picked":"Blade_Metal+1","floor":40.0},{"not_picked":["MirrorWorld","FormRideBasshaa+1","Kiva_Frozen","UnarmedAttack7"],"picked":"Hibiki_Attack3+1","floor":40.0},{"not_picked":["KamenRideDecade+1","Decade_Invisible","Decade_Dash2+1","Hibiki_Attack2"],"picked":"DenO_Ax+1","floor":42.0},{"not_picked":["KamenRideBlade+1","FormRideFlame","KamenRideRyuki+1","Blade_Slash+1"],"picked":"DenO_Ax+1","floor":48.0},{"not_picked":["Kiva_Eat","Kiva_Swallow","Kuuga_Rising","UnarmedAttack9"],"picked":"DecadeViolentEmotion","floor":50.0},{"not_picked":["Dragreder","PhotonAcceleration","Hibiki_Attack2","FormRideStorm"],"picked":"DenO_Rod","floor":52.0},{"not_picked":["DenO_Rod","KamenRideDecade","FormRideDragon","Blade_Slash"],"picked":"UnarmedAttack3","floor":53.0},{"not_picked":["FormRideGaruru","DenO_Gun","FormRideDogga","UnarmedAttack6"],"picked":"KamenRideDecade","floor":56.0},{"not_picked":["Blade_Beat","Decade_Dash2","UnarmedAttack1","FormRideBasshaa"],"picked":"UnarmedAttack5","floor":58.0}],"player_experience":140803,"relics_obtained":[{"floor":1.0,"key":"SynthV:TestCard"},{"floor":1.0,"key":"LetterFromLob"},{"floor":6.0,"key":"infinitespire:Broken Mirror"},{"floor":8.0,"key":"Replay:Bandana"},{"floor":9.0,"key":"Blood Vial"},{"floor":14.0,"key":"Letter Opener"},{"floor":23.0,"key":"infinitespire:Lucky Rock"},{"floor":26.0,"key":"Grinning Jar"},{"floor":27.0,"key":"Unceasing Top"},{"floor":32.0,"key":"War Paint"},{"floor":40.0,"key":"Replay:Mystery Machine"},{"floor":42.0,"key":"infinitespire:Satchel"},{"floor":43.0,"key":"Bronze Scales"},{"floor":57.0,"key":"ReplayFunnel"},{"floor":58.0,"key":"Odd Mushroom"},{"floor":59.0,"key":"Vajra"},{"floor":60.0,"key":"Replay:Baseball"}],"event_choices":[{"damage_healed":0.0,"max_hp_gain":0.0,"max_hp_loss":0.0,"gold_gain":0.0,"event_name":"betterThird:BetterScrap","player_choice":"Relic ","floor":2.0,"gold_loss":0.0,"damage_taken":18.0,"cards_obtained":["Undo"]},{"damage_healed":0.0,"max_hp_gain":0.0,"max_hp_loss":0.0,"gold_gain":0.0,"event_name":"Duplicator","player_choice":"Copied","floor":20.0,"gold_loss":0.0,"damage_taken":0.0,"cards_obtained":["UnarmedAttack8"]},{"cards_removed":["ReplayTheSpireMod:Splinters"],"damage_healed":0.0,"max_hp_gain":0.0,"max_hp_loss":0.0,"gold_gain":0.0,"event_name":"Fountain of Cleansing","player_choice":"Removed Curses","floor":21.0,"gold_loss":0.0,"damage_taken":0.0},{"cards_removed":["infinitespire:Oblivion"],"damage_healed":0.0,"max_hp_gain":0.0,"max_hp_loss":0.0,"gold_gain":0.0,"event_name":"betterNote:BetterNote","player_choice":"Give","floor":30.0,"gold_loss":0.0,"damage_taken":0.0,"cards_obtained":["theDuelist:CastleWalls"]},{"damage_healed":0.0,"max_hp_gain":0.0,"max_hp_loss":0.0,"gold_gain":0.0,"event_name":"Lab","player_choice":"Got Potions","floor":36.0,"gold_loss":0.0,"damage_taken":0.0},{"cards_removed":["DenO_Rod"],"damage_healed":0.0,"max_hp_gain":0.0,"max_hp_loss":0.0,"gold_gain":0.0,"event_name":"Purifier","player_choice":"Purged","floor":54.0,"gold_loss":0.0,"damage_taken":0.0},{"damage_healed":0.0,"max_hp_gain":0.0,"max_hp_loss":0.0,"gold_gain":0.0,"event_name":"Mushrooms","player_choice":"Fought Mushrooms","floor":58.0,"gold_loss":0.0,"damage_taken":0.0}],"is_beta":false,"boss_relics":[{"not_picked":["construct:WeddingRing","Ring of Chaos"],"picked":"ExusiaiGun"},{"not_picked":["MoonlightInvasionPlan","Runic Pyramid"],"picked":"GreenFoldingFan"},{"not_picked":["infinitespire:Cupcake","TimeKeys"],"picked":"Replay:Drink Me"}],"items_purged_floors":[11],"is_endless":true,"potions_floor_spawned":[6,7,8,13,18,23,29,35,37,45,47,56],"killed_by":"Nightmare_Alpha","ascension_level":0}}