{"host":"r53pw7z744tg3fxg","time":1611866093,"event":{"mods":["AchievementEnabler","BaseMod","Colored Map","Colored Powertips","Highlight Path","Minty Spire (QoL Compilation)","Quick Restart","Transform Curses"],"gold_per_floor":[111,111,111,132,31,31,46,46,46,61,94,109,20,38,38,134,134,149,149,169,74,94,94,94,94],"floor_reached":24,"language":"ENG","playtime":752,"items_purged":["Injury"],"score":366,"play_id":"990c25f6-1570-4de2-84ca-4dda0484f817","local_time":"20210128133453","is_ascension_mode":true,"campfire_choices":[{"data":"Eruption","floor":6,"key":"SMITH"},{"data":"BowlingBash","floor":8,"key":"SMITH"},{"floor":15,"key":"REST"},{"floor":23,"key":"REST"}],"circlet_count":0,"master_deck":["AscendersBane","Strike_P","Strike_P","Strike_P","Strike_P","Defend_P","Defend_P","Defend_P","Eruption+1","Vigilance","SandsOfTime","Consecrate","BowlingBash+1","Halt","FollowUp","Adaptation","Wish","Wallop","WreathOfFlame","DeusExMachina","CurseOfTheBell","Prostrate","WheelKick+1","Prostrate","Tantrum","FlurryOfBlows"],"relics":["PureWater","White Beast Statue","Golden Idol","Letter Opener","Unceasing Top","Calling Bell","Omamori","InkBottle","Girya"],"acts_visited":["Exordium","TheCity"],"potions_floor_usage":[11,12,16,20,22,24],"damage_taken":[{"damage":0,"enemies":"Cultist","floor":1,"turns":2},{"damage":2,"enemies":"Small Slimes","floor":4,"turns":4},{"damage":7,"enemies":"Jaw Worm","floor":7,"turns":4},{"damage":4,"enemies":"Exordium Thugs","floor":10,"turns":2},{"damage":10,"enemies":"Lagavulin","floor":11,"turns":6},{"damage":6,"enemies":"Red Slaver","floor":12,"turns":2},{"damage":6,"enemies":"Exordium Wildlife","floor":14,"turns":3},{"damage":44,"enemies":"The Guardian","floor":16,"turns":10},{"damage":13,"enemies":"Chosen","floor":18,"turns":4},{"damage":16,"enemies":"Spheric Guardian","floor":20,"turns":5},{"damage":14,"enemies":"Snecko","floor":22,"turns":4},{"damage":60,"enemies":"Gremlin Leader","floor":24,"turns":5}],"seed_played":"-2176871716594850860","potions_obtained":[{"floor":4,"key":"DuplicationPotion"},{"floor":7,"key":"Ancient Potion"},{"floor":10,"key":"Ambrosia"},{"floor":11,"key":"Explosive Potion"},{"floor":12,"key":"Strength Potion"},{"floor":16,"key":"SkillPotion"},{"floor":19,"key":"FairyPotion"},{"floor":20,"key":"SteroidPotion"},{"floor":22,"key":"EssenceOfSteel"}],"is_trial":false,"path_per_floor":["M","T","?","M","$","R","M","R","T","M","E","M","$","M","R","B",null,"M","?","M","$","M","R","E"],"character_chosen":"WATCHER","items_purchased":["Halt","Wallop","Prostrate","Tantrum"],"campfire_rested":2,"item_purchase_floors":[5,13,21,21],"current_hp_per_floor":[61,61,61,59,59,59,52,52,52,48,38,32,32,26,46,2,52,39,39,23,23,9,29,0,0],"gold":94,"neow_bonus":"TRANSFORM_CARD","is_daily":false,"chose_seed":false,"campfire_upgraded":2,"win_rate":0.0,"timestamp":1611866093,"path_taken":["M","?","?","M","?","R","M","R","T","?","E","M","$","M","R","BOSS","M","?","?","$","M","R","E"],"items_purchased_type":["Card","Card","Card","Card"],"build_version":"2020-12-22","purchased_purges":1,"victory":false,"max_hp_per_floor":[68,68,68,68,68,68,68,68,68,68,68,68,68,68,68,68,68,68,68,68,68,68,68,68,68],"card_choices":[{"not_picked":["Evaluate","Nirvana"],"picked":"Consecrate","floor":1},{"not_picked":["Protect","ClearTheMind"],"picked":"BowlingBash","floor":4},{"not_picked":["Halt","Weave"],"picked":"FollowUp","floor":7},{"not_picked":["Crescendo","Halt"],"picked":"Adaptation","floor":10},{"not_picked":["Study","Nirvana"],"picked":"Wish","floor":11},{"not_picked":["ClearTheMind","MentalFortress","Halt"],"picked":"SKIP","floor":12},{"not_picked":["Protect","FlyingSleeves"],"picked":"WreathOfFlame","floor":14},{"not_picked":["SpiritShield","Wish"],"picked":"DeusExMachina","floor":16},{"not_picked":["Wallop","Tantrum"],"picked":"Prostrate","floor":18},{"not_picked":["Meditate","ForeignInfluence"],"picked":"WheelKick+1","floor":20},{"not_picked":["Indignation","Collect"],"picked":"FlurryOfBlows","floor":22}],"player_experience":1381200,"relics_obtained":[{"floor":2,"key":"White Beast Statue"},{"floor":9,"key":"Letter Opener"},{"floor":11,"key":"Unceasing Top"},{"floor":17,"key":"Omamori"},{"floor":17,"key":"InkBottle"},{"floor":17,"key":"Girya"}],"event_choices":[{"damage_healed":0,"gold_gain":0,"player_choice":"Take Wound","damage_taken":0,"relics_obtained":["Golden Idol"],"max_hp_gain":0,"max_hp_loss":0,"event_name":"Golden Idol","floor":3,"gold_loss":0,"cards_obtained":["Injury"]},{"damage_healed":0,"gold_gain":0,"player_choice":"Got Potions","damage_taken":0,"max_hp_gain":0,"max_hp_loss":0,"event_name":"Lab","floor":19,"gold_loss":0}],"is_beta":false,"boss_relics":[{"not_picked":["Black Star","SacredBark"],"picked":"Calling Bell"}],"items_purged_floors":[5],"is_endless":false,"potions_floor_spawned":[4,7,10,11,12,14,16,18,20,22],"killed_by":"Gremlin Leader","ascension_level":17}}