{"host":"sz8c8ni79nvzjmmg","time":1611830016,"event":{"mods":["AchievementEnabler","BaseMod","DeckTracker","Keyboard Shortcuts","Minty Spire (QoL Compilation)","SuperFastMode"],"gold_per_floor":[114,114,39,56,56,56,90,90,90,129,157,177,200,224,224,317,317,333,233,256,280,155,155,195,214,260,260,291,291,291,291,291,381,381,394,394,127,127,145,176,176,214,240,240,90,114,175,219,219,219,219,219,219,44,83,83],"floor_reached":57,"language":"KOR","playtime":1939,"items_purged":["Strike_R","Defend_R","Strike_R","Defend_R","Immolate+1"],"score":2778,"play_id":"d241c5f5-fe40-49a3-bc28-3f8115eb0c69","local_time":"20210128193336","is_ascension_mode":true,"campfire_choices":[{"data":"Hemokinesis","floor":6.0,"key":"SMITH"},{"data":"Shockwave","floor":8.0,"key":"SMITH"},{"data":"Shrug It Off","floor":15.0,"key":"SMITH"},{"data":"Body Slam","floor":23.0,"key":"SMITH"},{"data":"Immolate","floor":27.0,"key":"SMITH"},{"data":"Pommel Strike","floor":30.0,"key":"SMITH"},{"data":"Limit Break","floor":32.0,"key":"SMITH"},{"data":"Offering","floor":41,"key":"SMITH"},{"floor":44,"key":"RECALL"},{"data":"Offering","floor":49,"key":"SMITH"},{"data":"Flash of Steel","floor":53,"key":"SMITH"}],"circlet_count":0,"master_deck":["AscendersBane","Defend_R+1","Defend_R+1","Bash","Hemokinesis+1","Shockwave+1","Reaper","Shrug It Off+1","Body Slam+1","Pommel Strike+1","Pommel Strike+1","Spot Weakness+1","Limit Break+1","Offering+1","Flash of Steel+1","Dual Wield+1","Offering+1"],"relics":["Burning Blood","NeowsBlessing","Golden Idol","Singing Bowl","HornCleat","War Paint","Odd Mushroom","Empty Cage","Red Mask","Bag of Preparation","Self Forming Clay","Sozu","Sundial","Pear","Akabeko","Lizard Tail","Pantograph","Bag of Marbles"],"acts_visited":["Exordium","TheCity","TheBeyond","TheEnding"],"potions_floor_usage":[56],"damage_taken":[{"damage":0.0,"enemies":"2 Louse","floor":1.0,"turns":1.0},{"damage":0.0,"enemies":"Small Slimes","floor":4.0,"turns":1.0},{"damage":0.0,"enemies":"Gremlin Nob","floor":7.0,"turns":1.0},{"damage":19.0,"enemies":"3 Sentries","floor":10.0,"turns":9.0},{"damage":2.0,"enemies":"The Mushroom Lair","floor":11.0,"turns":6.0},{"damage":6.0,"enemies":"Jaw Worm","floor":12.0,"turns":3.0},{"damage":2.0,"enemies":"Exordium Wildlife","floor":13.0,"turns":4.0},{"damage":8.0,"enemies":"Blue Slaver","floor":14.0,"turns":6.0},{"damage":33.0,"enemies":"The Guardian","floor":16.0,"turns":14.0},{"damage":0.0,"enemies":"3 Byrds","floor":18.0,"turns":3.0},{"damage":14.0,"enemies":"2 Thieves","floor":20.0,"turns":3.0},{"damage":12.0,"enemies":"Snake Plant","floor":21.0,"turns":4.0},{"damage":14.0,"enemies":"Masked Bandits","floor":24.0,"turns":3.0},{"damage":10.0,"enemies":"Cultist and Chosen","floor":25.0,"turns":4.0},{"damage":22.0,"enemies":"Slavers","floor":28.0,"turns":3.0},{"damage":115.0,"enemies":"Collector","floor":33.0,"turns":11.0},{"damage":8.0,"enemies":"3 Darklings","floor":35.0,"turns":3.0},{"damage":2,"enemies":"3 Shapes","floor":39,"turns":3},{"damage":92,"enemies":"Giant Head","floor":40,"turns":7},{"damage":66,"enemies":"Reptomancer","floor":42,"turns":6},{"damage":6,"enemies":"Maw","floor":46,"turns":6},{"damage":24,"enemies":"2 Orb Walkers","floor":47,"turns":2},{"damage":15,"enemies":"Giant Head","floor":48,"turns":4},{"damage":41,"enemies":"Donu and Deca","floor":50,"turns":5},{"damage":159,"enemies":"Time Eater","floor":51,"turns":10},{"damage":55,"enemies":"Shield and Spear","floor":55,"turns":5},{"damage":167,"enemies":"The Heart","floor":56,"turns":9}],"seed_played":"5240447936398841199","potions_obtained":[{"floor":7.0,"key":"AttackPotion"},{"floor":10.0,"key":"FearPotion"},{"floor":14.0,"key":"Explosive Potion"},{"floor":20.0,"key":"Fruit Juice"},{"floor":25.0,"key":"BloodPotion"},{"floor":33.0,"key":"Swift Potion"}],"is_trial":false,"path_per_floor":["M","?","$","M","?","R","E","R","T","E","?","M","M","M","R","B",null,"M","$","M","M","$","R","?","M","T","R","E","?","R","?","R","B",null,"M","?","$","?","M","E","R","E","T","R","$","M","?","E","R","B","B",null,"R","$","E","B",null],"character_chosen":"IRONCLAD","items_purchased":["Sundial"],"campfire_rested":0,"item_purchase_floors":[37],"current_hp_per_floor":[74,67,67,73,47,47,53,53,53,40,64,72,79,81,81,60,76,81,81,73,67,67,67,61,67,67,67,69,69,69,69,69,28,75,81,81,81,75,79,93,93,70,70,70,70,85,69,109,109,109,104,108,108,108,111,111],"gold":83,"neow_bonus":"THREE_ENEMY_KILL","is_daily":false,"chose_seed":false,"campfire_upgraded":10,"win_rate":0.0,"timestamp":1611830016,"path_taken":["M","?","$","M","?","R","E","R","T","E","?","M","M","?","R","BOSS","M","$","M","M","$","R","?","M","T","R","E","?","R","?","R","BOSS","M","?","?","?","M","E","R","E","T","R","$","M","?","E","R","BOSS","BOSS","R","$","E","BOSS"],"items_purchased_type":["Relic"],"build_version":"2020-12-22","purchased_purges":5,"victory":true,"max_hp_per_floor":[75,75,75,75,75,75,75,75,75,75,77,79,79,81,81,81,81,81,81,81,81,81,81,83,85,85,85,85,85,85,85,85,90,90,92,87,87,91,91,103,103,105,105,105,105,107,109,109,109,109,109,109,109,109,111,111],"card_choices":[{"not_picked":["True Grit","Cleave"],"picked":"Hemokinesis","floor":1.0},{"not_picked":["Sever Soul","Rampage","Twin Strike"],"picked":"SKIP","floor":4.0},{"not_picked":["Warcry","Armaments"],"picked":"Shockwave","floor":7.0},{"not_picked":["Dark Embrace","Rage"],"picked":"Reaper","floor":10.0},{"not_picked":["Headbutt","Anger","Havoc"],"picked":"Singing Bowl","floor":11.0},{"not_picked":["Clothesline","Twin Strike","Shockwave"],"picked":"Singing Bowl","floor":12.0},{"not_picked":["Feel No Pain","Combust"],"picked":"Shrug It Off","floor":13.0},{"not_picked":["Sword Boomerang","Flex","Warcry"],"picked":"Singing Bowl","floor":14.0},{"not_picked":["Impervious","Fiend Fire"],"picked":"Immolate","floor":16.0},{"not_picked":["Infernal Blade","Clash"],"picked":"Body Slam","floor":18.0},{"not_picked":["Shockwave","Iron Wave"],"picked":"Pommel Strike","floor":20.0},{"not_picked":["Headbutt","Havoc"],"picked":"Pommel Strike+1","floor":21.0},{"not_picked":["Clothesline","Headbutt","Spot Weakness"],"picked":"Singing Bowl","floor":24.0},{"not_picked":["Thunderclap","Sword Boomerang","Infernal Blade"],"picked":"Singing Bowl","floor":25.0},{"not_picked":["Disarm","Flex"],"picked":"Spot Weakness+1","floor":28.0},{"not_picked":["Fiend Fire","Reaper"],"picked":"Offering","floor":33.0},{"not_picked":["Feel No Pain","Searing Blow","Uppercut"],"picked":"Singing Bowl","floor":35},{"not_picked":["The Bomb","Chrysalis"],"picked":"Flash of Steel","floor":38},{"not_picked":["Magnetism","Metamorphosis","Mayhem"],"picked":"Singing Bowl","floor":38},{"not_picked":["Dramatic Entrance","Forethought","Metamorphosis"],"picked":"Singing Bowl","floor":38},{"not_picked":["Armaments+1","Twin Strike"],"picked":"Dual Wield+1","floor":39},{"not_picked":["Headbutt+1","Clothesline","Whirlwind"],"picked":"Singing Bowl","floor":40},{"not_picked":["Flame Barrier","Wild Strike","Iron Wave+1"],"picked":"Singing Bowl","floor":42},{"not_picked":["Heavy Blade","Armaments","Havoc"],"picked":"Singing Bowl","floor":46},{"not_picked":["Cleave","Inflame","Power Through"],"picked":"Singing Bowl","floor":47},{"not_picked":["Searing Blow","Anger+1"],"picked":"Offering","floor":48},{"not_picked":["Body Slam+1","True Grit","Rage"],"picked":"Singing Bowl","floor":55}],"player_experience":1239095,"relics_obtained":[{"floor":7.0,"key":"Singing Bowl"},{"floor":9.0,"key":"HornCleat"},{"floor":10.0,"key":"War Paint"},{"floor":11.0,"key":"Odd Mushroom"},{"floor":24.0,"key":"Red Mask"},{"floor":26.0,"key":"Bag of Preparation"},{"floor":28.0,"key":"Self Forming Clay"},{"floor":40,"key":"Pear"},{"floor":42,"key":"Akabeko"},{"floor":47,"key":"Lizard Tail"},{"floor":48,"key":"Pantograph"},{"floor":55,"key":"Bag of Marbles"}],"event_choices":[{"cards_removed":["Strike_R"],"damage_healed":0.0,"max_hp_gain":0.0,"max_hp_loss":0.0,"gold_gain":0.0,"event_name":"Golden Wing","player_choice":"Card Removal","floor":2.0,"gold_loss":0.0,"damage_taken":7.0},{"damage_healed":0.0,"max_hp_gain":0.0,"max_hp_loss":0.0,"gold_gain":0.0,"event_name":"Golden Idol","player_choice":"Take Damage","floor":5.0,"gold_loss":0.0,"damage_taken":26.0,"relics_obtained":["Golden Idol"]},{"damage_healed":0.0,"max_hp_gain":0.0,"max_hp_loss":0.0,"gold_gain":0.0,"event_name":"Mushrooms","player_choice":"Fought Mushrooms","floor":11.0,"gold_loss":0.0,"damage_taken":0.0},{"damage_healed":0.0,"max_hp_gain":0.0,"max_hp_loss":0.0,"gold_gain":0.0,"event_name":"Masked Bandits","player_choice":"Fought Bandits","floor":24.0,"gold_loss":0.0,"damage_taken":0.0},{"damage_healed":0.0,"max_hp_gain":0.0,"max_hp_loss":0.0,"gold_gain":0.0,"event_name":"Vampires","player_choice":"Ignored","floor":29.0,"gold_loss":0.0,"damage_taken":0.0},{"damage_healed":0.0,"max_hp_gain":0.0,"max_hp_loss":0.0,"gold_gain":0.0,"event_name":"The Library","player_choice":"Read","floor":31.0,"gold_loss":0.0,"damage_taken":0.0,"cards_obtained":["Limit Break"]},{"damage_healed":0,"gold_gain":0,"player_choice":"Max HP","damage_taken":0,"max_hp_gain":0,"max_hp_loss":5,"event_name":"Winding Halls","floor":36,"gold_loss":0},{"damage_healed":0,"gold_gain":0,"player_choice":"Memory 3","damage_taken":10,"max_hp_gain":0,"max_hp_loss":0,"event_name":"SensoryStone","floor":38,"gold_loss":0},{"damage_healed":0,"gold_gain":0,"player_choice":"Fight","damage_taken":0,"max_hp_gain":0,"max_hp_loss":0,"event_name":"Mysterious Sphere","floor":47,"gold_loss":0}],"is_beta":false,"boss_relics":[{"not_picked":["Pandora\u0027s Box","Black Star"],"picked":"Empty Cage"},{"not_picked":["Runic Dome","SlaversCollar"],"picked":"Sozu"}],"items_purged_floors":[3,19,22,45,54],"is_endless":false,"potions_floor_spawned":[7,10,14,20,25,33,35,39],"ascension_level":20}}