{"host":"pcbz64t4k17ey4z1","time":1611841776,"event":{"mods":["2.2 Compatiblity","AchievementEnabler","Act Like it!","Aspiration","BaseMod","Beaked The Cultist","Better Match","Better Third Choice","BetterRewards","Card Forge","Colored Map","Colored Powertips","Conspire","Disable Question Mark Monsters","Fireblade Mod","Friendly Minions","Gensokyo","GifTheSpireLib","Glutton Mod","Googly Eyes","Gremlin Mod","Hermit","Hubris","Infinite Spire","Koishi","Marisa????????","Minty Spire (QoL Compilation)","Permanent Neow","Potionbrewer","Quick Restart","Random Character Button","Rare Cards Sparkle","Relic Filter","Replay The Spire","Robot Space Explorer","Shade Mod","Shop Mod","Spicy Shops","StSLib","Stuff the Spire","SuperFastMode","The Cursed","The Druid","The Gatherer","The Hierophant","The IronCluck","The Jungle","The Marked","The Runesmith","Virulent Crown","Waifu the Spire","Wandering Minibosses"],"gold_per_floor":[110,129,129,148,134,167,167,196,221,251,251,251,281,292,292,390,390,403,413,454,454,454,454],"floor_reached":21,"language":"ENG","playtime":1445,"items_purged":[],"score":274,"play_id":"91948e13-f108-4493-8923-0568b02a7113","local_time":"20210128134936","is_ascension_mode":true,"metric_token":3345,"campfire_choices":[{"data":"Gatherer:FlowerWhip+2","floor":7,"key":"SMITH"},{"data":"Gatherer:Herbalism","floor":12,"key":"SMITH"},{"floor":15,"key":"REST"}],"circlet_count":0,"master_deck":["Gatherer:Strike_Gatherer+1","Gatherer:Strike_Gatherer+1","Gatherer:Strike_Gatherer+1","Gatherer:Strike_Gatherer+1","Gatherer:Strike_Gatherer+1","Gatherer:Defend_Gatherer+1","Gatherer:Defend_Gatherer+1","Gatherer:Defend_Gatherer+1","Gatherer:Defend_Gatherer+1","Gatherer:Defend_Gatherer+1","Gatherer:Centralize+1","Gatherer:FlowerWhip+3","Gatherer:SaveValuables+1","Gatherer:Nutrients+1","Gatherer:RecipeChange","Gatherer:AlchemyTrial+1","Gatherer:Herbalism+1","Gatherer:Polymorphism","Gatherer:LuckyClover+1","Gatherer:OddSpoils","Gatherer:Photoscythe","Gatherer:FruitForce","Gatherer:FruitForce"],"relics":["Hammer of Thor","Seething Fire","Anvil of the Gods","aspiration:Nostalgia","RobotSpaceExplorer:RoboCore","hubris:OldNail","Gremlin Food","Torii","infinitespire:PuzzleCube","aspiration:FutureDiary","wanderingMiniBosses:ThiefScarf","Gatherer:AlchemyBag","Question Card","infinitespire:Joker Card","Unceasing Top"],"acts_visited":["Exordium","TheCity"],"potions_floor_usage":[5,8,10,13,16,20],"damage_taken":[{"damage":0,"enemies":"conspire:RoseBush","floor":1,"turns":3},{"damage":0,"enemies":"Small Slimes","floor":2,"turns":2},{"damage":0,"enemies":"infinitespire:Voidling","floor":4,"turns":2},{"damage":1,"enemies":"Red Slaver","floor":5,"turns":7},{"damage":12,"enemies":"3 Sentries","floor":6,"turns":7},{"damage":10,"enemies":"Gremlin Nob","floor":8,"turns":5},{"damage":8,"enemies":"3 Sentries","floor":10,"turns":9},{"damage":21,"enemies":"Gremlin Nob","floor":13,"turns":5},{"damage":1,"enemies":"3 Louse","floor":14,"turns":4},{"damage":14,"enemies":"Hexaghost","floor":16,"turns":12},{"damage":19,"enemies":"Shell Parasite","floor":18,"turns":5},{"damage":12,"enemies":"Chosen","floor":19,"turns":5},{"damage":19,"enemies":"conspire:HollyBat","floor":20,"turns":10},{"damage":45,"enemies":"Cultist and Chosen","floor":21,"turns":6}],"seed_played":"8156955360723459806","potions_obtained":[{"floor":1,"key":"Elixir"},{"floor":2,"key":"potionbrewer:CleansingPotion"},{"floor":4,"key":"Poison Potion"},{"floor":6,"key":"Block Potion"},{"floor":13,"key":"BlessingOfTheForge"},{"floor":19,"key":"potionbrewer:DiscountPotion"}],"is_trial":false,"path_per_floor":["M","M","?","M","M","E","R","E","T","E","?","R","E","M","R","B",null,"M","M","M","M"],"character_chosen":"THE_GATHERER","items_purchased":[],"campfire_rested":1,"item_purchase_floors":[],"current_hp_per_floor":[65,65,65,65,64,52,52,42,42,34,34,34,13,12,33,19,59,44,36,17,0,0,0],"gold":454,"neow_bonus":"NOSTALGIA","is_daily":false,"chose_seed":false,"campfire_upgraded":2,"win_rate":0.0,"timestamp":1611841776,"path_taken":["M","M","?","M","M","E","R","E","T","E","?","R","E","M","R","BOSS","M","M","M","M"],"items_purchased_type":[],"build_version":"2020-12-22","purchased_purges":0,"victory":false,"max_hp_per_floor":[72,72,72,72,72,72,72,72,72,72,72,72,72,72,72,72,72,76,80,80,80,80,80],"card_choices":[{"not_picked":["Gatherer:FlowerShield","Gatherer:CollectorsShot"],"picked":"Gatherer:SaveValuables","floor":1},{"not_picked":["Gatherer:QuickSynthesis","Gatherer:OddSpoils"],"picked":"Gatherer:Nutrients","floor":2},{"not_picked":["Gatherer:Frenzy","Gatherer:CollectorsShot"],"picked":"Gatherer:RecipeChange","floor":4},{"not_picked":["Gatherer:FragileHammer","Gatherer:SmartManeuver","Gatherer:CarefulStrike"],"picked":"SKIP","floor":5},{"not_picked":["Gatherer:FragileHammer","Gatherer:QuickSynthesis"],"picked":"Gatherer:AlchemyTrial","floor":6},{"not_picked":["Gatherer:DrugPower","Gatherer:Duplicator"],"picked":"Gatherer:Herbalism","floor":8},{"not_picked":["Gatherer:FlowerFalling","Gatherer:FinishingStrike","Gatherer:OddSpoils"],"picked":"Gatherer:Polymorphism","floor":10},{"not_picked":["Gatherer:BambuSword","Gatherer:FragileHammer","Gatherer:TacticalStrike"],"picked":"Gatherer:LuckyClover","floor":13},{"not_picked":["Gatherer:BambuSword","Gatherer:PotentialSlash","Gatherer:ScentOfRosmari"],"picked":"Gatherer:OddSpoils","floor":14},{"not_picked":["Gatherer:BomberForm","Gatherer:FlamingBottle","Gatherer:Overflowing"],"picked":"Gatherer:Photoscythe","floor":16},{"not_picked":["Gatherer:SmartManeuver+1","Gatherer:ScherryThrow+1","Gatherer:Convert"],"picked":"Gatherer:FruitForce","floor":18},{"not_picked":["Gatherer:FragileHammer+1","Gatherer:CarefulStrike","Gatherer:BambuSword"],"picked":"Gatherer:FruitForce","floor":19},{"not_picked":["Gatherer:TreeGrowth","Gatherer:SaveValuables+1","Gatherer:GatherMaterial"],"picked":"SKIP","floor":20}],"player_experience":3385769,"relics_obtained":[{"floor":6,"key":"hubris:OldNail"},{"floor":8,"key":"Question Card"},{"floor":9,"key":"Gremlin Food"},{"floor":10,"key":"Torii"},{"floor":13,"key":"infinitespire:PuzzleCube"},{"floor":20,"key":"wanderingMiniBosses:ThiefScarf"},{"floor":20,"key":"Gatherer:AlchemyBag"},{"floor":20,"key":"Question Card"}],"event_choices":[{"damage_healed":0,"gold_gain":0,"player_choice":"3","damage_taken":0,"max_hp_gain":0,"max_hp_loss":0,"event_name":"betterMatch:BetterMatch","floor":11,"gold_loss":0,"cards_obtained":[]}],"is_beta":false,"boss_relics":[{"not_picked":["hubris:Stopwatch","Runic Dome"],"picked":"aspiration:FutureDiary"}],"items_purged_floors":[],"is_endless":false,"potions_floor_spawned":[1,2,4,6,13,19],"killed_by":"Cultist and Chosen","ascension_level":6}}