{"host":"sp1f3sybb350mzsh","time":1611800155,"event":{"mods":["AchievementEnabler","BaseMod","Bestiary","Colored Map","Colored Powertips","Filter the Spire","Minty Spire (QoL Compilation)","Puzzle Mod","Relic Stats","StSLib"],"gold_per_floor":[366,102,102,120,138,138,170,170,194,194,220,251,34,51,51,153,153,170,23,25,124,39,74,74,90,113,113,113],"floor_reached":27,"language":"ENG","playtime":1244,"items_purged":["Strike_B","Strike_B"],"score":241,"play_id":"9d4f6e35-0382-4c33-8f81-5c8b816cfe46","local_time":"20210127201555","is_ascension_mode":false,"campfire_choices":[{"data":"Lockon","floor":6,"key":"SMITH"},{"data":"Rebound","floor":8,"key":"SMITH"},{"data":"Zap","floor":10,"key":"SMITH"},{"floor":15,"key":"REST"}],"circlet_count":0,"master_deck":["Strike_B","Strike_B","Defend_B","Defend_B","Defend_B","Defend_B","Zap+1","Dualcast","Compile Driver","Defragment+1","Lockon+1","Capacitor","Rebound+1","Coolheaded","Cold Snap","Defragment","Stack","Glacier","Core Surge","Darkness","Redo","Loop+1","Reboot","Self Repair","Heatsinks","Stack","Dark Shackles","Glacier+1","Redo+1"],"relics":["Cracked Core","Sling","Strawberry","Omamori","MawBank","Inserter","Orrery","DataDisk","Necronomicon","Dream Catcher"],"acts_visited":["Exordium","TheCity"],"potions_floor_usage":[7,12,23,27,27],"damage_taken":[{"damage":1,"enemies":"Jaw Worm","floor":1,"turns":4},{"damage":0,"enemies":"Small Slimes","floor":4,"turns":2},{"damage":5,"enemies":"2 Louse","floor":5,"turns":3},{"damage":14,"enemies":"Gremlin Nob","floor":7,"turns":3},{"damage":21,"enemies":"Lagavulin","floor":11,"turns":5},{"damage":3,"enemies":"Lots of Slimes","floor":12,"turns":4},{"damage":2,"enemies":"Blue Slaver","floor":14,"turns":4},{"damage":8,"enemies":"Hexaghost","floor":16,"turns":11},{"damage":15,"enemies":"Spheric Guardian","floor":18,"turns":6},{"damage":20,"enemies":"2 Thieves","floor":20,"turns":5},{"damage":31,"enemies":"Gremlin Leader","floor":23,"turns":9},{"damage":0,"enemies":"Chosen and Byrds","floor":25,"turns":6},{"damage":18,"enemies":"Slavers","floor":27,"turns":2}],"seed_played":"-2005256821993901438","potions_obtained":[{"floor":5,"key":"BlessingOfTheForge"},{"floor":7,"key":"Block Potion"},{"floor":12,"key":"SteroidPotion"},{"floor":16,"key":"Weak Potion"},{"floor":23,"key":"DuplicationPotion"}],"is_trial":false,"path_per_floor":["M","$","?","M","M","R","E","R","T","R","E","M","$","M","R","B",null,"M","$","M","?","$","E","?","M","T","E"],"character_chosen":"DEFECT","items_purchased":["Defragment","Sling","Defragment","PowerPotion","Stack","Orrery","Dark Shackles"],"campfire_rested":1,"item_purchase_floors":[2,2,13,13,13,19,22],"current_hp_per_floor":[53,53,53,53,48,48,41,41,41,41,20,17,17,15,39,31,82,67,67,54,54,54,30,14,14,14,0,0],"gold":113,"neow_bonus":"TWO_FIFTY_GOLD","is_daily":false,"chose_seed":false,"campfire_upgraded":3,"win_rate":0.0,"timestamp":1611800155,"path_taken":["M","$","?","M","M","R","E","R","T","R","E","M","$","M","R","BOSS","M","$","M","?","$","E","?","?","T","E"],"items_purchased_type":["Card","Relic","Card","Potion","Card","Relic","Card"],"build_version":"2020-12-22","purchased_purges":2,"victory":false,"max_hp_per_floor":[75,75,75,75,75,75,82,82,82,82,82,82,82,82,82,82,82,82,82,82,82,82,82,82,82,82,82,82],"relic_stats":{"Dream Catcher":0,"Inserter":[14],"counters":[13,64],"Necronomicon":[0],"MawBank":24,"obtain_stats":[{"DataDisk":23,"Dream Catcher":26,"Inserter":17,"Strawberry":7,"Orrery":19,"Omamori":9,"Necronomicon":24,"Cracked Core":0,"Sling":2,"MawBank":11},{"DataDisk":11,"Dream Catcher":12,"Inserter":8,"Strawberry":4,"Orrery":9,"Omamori":4,"Necronomicon":11,"Cracked Core":0,"Sling":1,"MawBank":5},{"DataDisk":56,"Dream Catcher":62,"Inserter":36,"Strawberry":12,"Orrery":42,"Omamori":12,"Necronomicon":56,"Cracked Core":0,"Sling":4,"MawBank":17}]},"card_choices":[{"not_picked":["Ball Lightning","Steam Power"],"picked":"Compile Driver","floor":1},{"not_picked":["Darkness","BootSequence"],"picked":"Lockon","floor":4},{"not_picked":["Chaos","Auto Shields"],"picked":"Capacitor","floor":5},{"not_picked":["Melter","Compile Driver"],"picked":"Rebound","floor":7},{"not_picked":["Blizzard","Defragment"],"picked":"Coolheaded","floor":11},{"not_picked":["Compile Driver","Lockon"],"picked":"Cold Snap","floor":12},{"not_picked":["Rainbow","Rebound"],"picked":"Glacier","floor":14},{"not_picked":["Meteor Strike","All For One"],"picked":"Core Surge","floor":16},{"not_picked":["Steam","Ball Lightning"],"picked":"Darkness","floor":18},{"not_picked":["Storm","Fusion"],"picked":"Redo","floor":19},{"not_picked":["Redo","Coolheaded"],"picked":"Loop+1","floor":19},{"not_picked":["Beam Cell","Scrape"],"picked":"Reboot","floor":19},{"not_picked":["Steam Power","Turbo"],"picked":"Self Repair","floor":19},{"not_picked":["Compile Driver","Lockon"],"picked":"Heatsinks","floor":19},{"not_picked":["Melter+1","Rip and Tear"],"picked":"Stack","floor":20},{"not_picked":["Loop","Gash+1"],"picked":"Glacier+1","floor":23},{"not_picked":["Capacitor","Barrage"],"picked":"Redo+1","floor":25}],"player_experience":134695,"relics_obtained":[{"floor":7,"key":"Strawberry"},{"floor":9,"key":"Omamori"},{"floor":11,"key":"MawBank"},{"floor":23,"key":"DataDisk"},{"floor":24,"key":"Necronomicon"},{"floor":26,"key":"Dream Catcher"}],"event_choices":[{"damage_healed":0,"gold_gain":0,"player_choice":"Grow","damage_taken":0,"max_hp_gain":0,"max_hp_loss":0,"event_name":"Living Wall","floor":3,"gold_loss":0,"cards_upgraded":["Defragment"]},{"damage_healed":0,"gold_gain":99,"player_choice":"Stole From Cult","damage_taken":0,"max_hp_gain":0,"max_hp_loss":0,"event_name":"Nest","floor":21,"gold_loss":0},{"damage_healed":0,"gold_gain":0,"player_choice":"Obtained Book","damage_taken":16,"max_hp_gain":0,"max_hp_loss":0,"event_name":"Cursed Tome","floor":24,"gold_loss":0}],"is_beta":false,"boss_relics":[{"not_picked":["Astrolabe","Nuclear Battery"],"picked":"Inserter"}],"items_purged_floors":[2,13],"is_endless":false,"potions_floor_spawned":[5,7,12,16,20,23],"killed_by":"Slavers","ascension_level":0}}