{"host":"sgot3i7m08vsvri4","time":1611831109,"event":{"mods":["AchievementEnabler","BaseMod","BetterRewards","Clockwork Mod","Colorless Booster Pack","Custom Start","DNKmod","Downfall","Duelist Mod","Friendly Minions","GifTheSpireLib","Gremlin Skip","Grow up Mod","Hubris","Infinite Spire","Mimic Mod","Minty Spire (QoL Compilation)","Relic Sorter","Remove Card Discount Mod","Replay The Spire","Shop Mod","StSLib","The Alterego","The Animator","The Construct","The Runesmith","The Saiyan","The Servant 0.9.4","The Vixen","Treasure Hunter"],"gold_per_floor":[10017,10017,10017,10032,10048,10048,10091,10107,10130,10130,10205,10220,9105,9139,9139,9267,9267,9280,9280,9280,8573,8591,8626,8636,8652,8652,8667,8694,8694,8727,8747,8747,8852,8852,8869,8887,7877,7877,7877,7902,7902,7936,7961,7961,7961,7980,8007,7604,7604,7604,7604,8004,7095,7121,7224],"floor_reached":56,"language":"ENG","playtime":5039,"items_purged":["TH:CopperCoins","CBP: ChaoticOffering","alterego_mod:TrashNCrash","alterego_mod:SakuraLabyrinth"],"score":1398,"play_id":"5cbbcd01-4c5d-4ecf-8293-20d044547fe4","local_time":"20210128045149","is_ascension_mode":true,"campfire_choices":[{"data":"alterego_mod:Pet","floor":6.0,"key":"SMITH"},{"floor":15.0,"key":"RECALL"},{"data":"alterego_mod:AlterEgo","floor":29.0,"key":"SMITH"},{"data":"alterego_mod:Birthday","floor":32.0,"key":"SMITH"},{"data":"alterego_mod:Cooking","floor":41.0,"key":"SMITH"},{"data":"alterego_mod:Jiggle","floor":45.0,"key":"SMITH"},{"data":"alterego_mod:DiscoLights","floor":49.0,"key":"SMITH"},{"data":"alterego_mod:Palingenesis","floor":52.0,"key":"SMITH"}],"circlet_count":0,"master_deck":["alterego_mod:Strike","alterego_mod:Strike","alterego_mod:Strike","alterego_mod:Strike","alterego_mod:Defend","alterego_mod:Defend","alterego_mod:Defend","alterego_mod:Defend+1","alterego_mod:Impale","alterego_mod:BigMeatyClaws","alterego_mod:BrynhildrsRune","alterego_mod:Pet+1","alterego_mod:Cooking+1","alterego_mod:Palingenesis+1","alterego_mod:Birthday+1","alterego_mod:DiscoLights+1","alterego_mod:GachaTicket","alterego_mod:Jiggle+1","alterego_mod:Swimsuit","Apotheosis+1","alterego_mod:Schoolgirl","alterego_mod:SakuraFive","alterego_mod:Valentines","alterego_mod:ChallengeComplete","alterego_mod:Lift","TH:Mimic","alterego_mod:Stockings","TH:CursedSword","alterego_mod:Valkyrie","alterego_mod:Bounce","alterego_mod:DeftHands+1","alterego_mod:SakuraPetals","Bandage Up","alterego_mod:Skirt","TH:Mimic","alterego_mod:BiFurious","alterego_mod:DiscoLights","alterego_mod:SakuraLabyrinth+1","alterego_mod:Smother+1","TH:EnergyPotion","alterego_mod:AlterEgo+1","TH:Mimic","alterego_mod:SakuraFive","alterego_mod:1TonWallop+1","alterego_mod:Lift","alterego_mod:BoobPocket+1","alterego_mod:Birthday+1","alterego_mod:Table+1","alterego_mod:Vow+1","alterego_mod:BreastValley","alterego_mod:Exercise","alterego_mod:Exercise","alterego_mod:Clap+1","alterego_mod:Mirror+1","TH:EnergyPotion","alterego_mod:BusterCard+1","TH:EnergyPotion","alterego_mod:Pet+1","alterego_mod:MagicResistance+1","alterego_mod:Cushion+1","alterego_mod:DiscoLights","alterego_mod:Maid","alterego_mod:1TonWallop","alterego_mod:Cushion+1","TH:EnergyPotion","alterego_mod:TrickOrTreatment"],"relics":["alterego_mod:MasochisticConstitution","NeowsBlessing","hubris:SlimyHat","Kunai","hubris:SphereOfDissonance","infinitespire:Lucky Rock","Orrery","MerchantsRug","Replay:Baseball","SacredBark","hubris:Towel","Nloth\u0027s Gift","Bottled Lightning","StoneCalendar","Mercury Hourglass","Bag of Preparation","Toxic Egg 2","Bronze Scales","hubris:MobiusCoin","Potion Belt","Onion Ring","Frozen Eye","infinitespire:WardingShard","War Paint","Shuriken","Juzu Bracelet","Vajra","ReplayTheSpireMod:TigerMarble","Strawberry","alterego_mod:SistersRibbon","Anchor","Orichalcum","OrangePellets","Gremlin Food"],"acts_visited":["Exordium","TheCity","TheBeyond","TheEnding"],"potions_floor_usage":[55,55,55],"damage_taken":[{"damage":0.0,"enemies":"2 Louse","floor":1.0,"turns":1.0},{"damage":0.0,"enemies":"Small Slimes","floor":4.0,"turns":1.0},{"damage":0.0,"enemies":"Jaw Worm","floor":5.0,"turns":1.0},{"damage":27.0,"enemies":"Gremlin Nob","floor":7.0,"turns":4.0},{"damage":0.0,"enemies":"Looter","floor":8.0,"turns":2.0},{"damage":9.0,"enemies":"Blue Slaver","floor":12.0,"turns":2.0},{"damage":12.0,"enemies":"Lagavulin","floor":14.0,"turns":3.0},{"damage":110.0,"enemies":"Hexaghost","floor":16.0,"turns":4.0},{"damage":0.0,"enemies":"Spheric Guardian","floor":18.0,"turns":1.0},{"damage":20.0,"enemies":"2 Thieves","floor":22.0,"turns":4.0},{"damage":26.0,"enemies":"Book of Stabbing","floor":23.0,"turns":4.0},{"damage":2.0,"enemies":"Snake Plant","floor":24.0,"turns":3.0},{"damage":0.0,"enemies":"Chosen and Byrds","floor":25.0,"turns":2.0},{"damage":1.0,"enemies":"Snecko","floor":27.0,"turns":2.0},{"damage":15.0,"enemies":"Slavers","floor":28.0,"turns":4.0},{"damage":0.0,"enemies":"Nightmare","floor":30.0,"turns":4.0},{"damage":7.0,"enemies":"Snake Plant","floor":31.0,"turns":2.0},{"damage":8.0,"enemies":"hubris:MusketHawk","floor":33.0,"turns":2.0},{"damage":18.0,"enemies":"3 Shapes","floor":35.0,"turns":2.0},{"damage":44.0,"enemies":"3 Darklings","floor":36.0,"turns":4.0},{"damage":15.0,"enemies":"Reptomancer","floor":40.0,"turns":3.0},{"damage":8.0,"enemies":"Giant Head","floor":42.0,"turns":5.0},{"damage":0.0,"enemies":"Sphere and 2 Shapes","floor":46.0,"turns":2.0},{"damage":25.0,"enemies":"Reptomancer","floor":47.0,"turns":5.0},{"damage":52.0,"enemies":"Replay:Hell Engine","floor":50.0,"turns":6.0},{"damage":14.0,"enemies":"Shield and Spear","floor":54.0,"turns":3.0},{"damage":41,"enemies":"The Heart","floor":55,"turns":4}],"seed_played":"4374829219810163986","potions_obtained":[{"floor":5.0,"key":"SneckoOil"},{"floor":7.0,"key":"Dexterity Potion"},{"floor":14.0,"key":"DistilledChaos"},{"floor":16.0,"key":"Languid Potion"},{"floor":25.0,"key":"Block Potion"},{"floor":27.0,"key":"EssenceOfSteel"},{"floor":30.0,"key":"hexamod:SoulburnPotion"},{"floor":31.0,"key":"sneckomod:MuddlingPotion"},{"floor":35.0,"key":"EntropicBrew"},{"floor":40.0,"key":"FearPotion"},{"floor":46.0,"key":"Adrenaline Potion"},{"floor":55,"key":"Elixir"}],"is_trial":false,"path_per_floor":["M","?","?","M","M","R","E","M","T","T","?","M","$","E","R","B",null,"M","?","?","$","M","E","M","M","T","M","E","R","NM","M","R","B",null,"M","M","$","?","AVR","E","R","E","T","?","R","M","E","$","R","B",null,"R","$","E","B",null],"character_chosen":"The_Alterego","items_purchased":["alterego_mod:GachaTicket","alterego_mod:Jiggle","alterego_mod:SakuraLabyrinth","alterego_mod:Swimsuit","Apotheosis","hubris:SphereOfDissonance","infinitespire:Lucky Rock","Orrery","MerchantsRug","Bottled Lightning","CBP: ChaoticOffering","alterego_mod:DeftHands+1","alterego_mod:SakuraPetals","Bandage Up","Slimebound:ThreeZeroPotion","Potion Belt","Onion Ring","Frozen Eye","alterego_mod:Table+1","alterego_mod:Vow+1","alterego_mod:BreastValley","alterego_mod:Exercise","Fruit Juice","ReplayTheSpireMod:TigerMarble","Strawberry","alterego_mod:SistersRibbon","Anchor","Orichalcum","OrangePellets","alterego_mod:MagicResistance+1","alterego_mod:Cushion+1","alterego_mod:DiscoLights","DuplicationPotion","Energy Potion","Reflective Coating","alterego_mod:Maid","alterego_mod:1TonWallop"],"campfire_rested":0,"item_purchase_floors":[13,13,13,13,13,13,13,13,13,21,21,21,21,21,21,37,37,37,37,37,37,37,37,48,48,48,53,53,53,53,53,53,53,53,53,53,53],"current_hp_per_floor":[120,130,108,118,128,138,125,138,148,158,157,159,169,180,190,96,284,294,304,314,324,326,324,342,367,377,388,399,409,419,430,440,447,461,472,443,463,473,483,493,503,515,525,538,548,567,564,581,591,557,626,636,646,644,650],"gold":7224,"neow_bonus":"THREE_ENEMY_KILL","is_daily":false,"chose_seed":false,"campfire_upgraded":7,"win_rate":0.0,"timestamp":1611831109,"path_taken":["M","?","?","M","M","R","E","M","T","?","?","?","$","E","R","BOSS","M","?","?","$","M","E","M","M","T","M","E","R","NM","M","R","BOSS","M","M","$","?","AVR","E","R","E","T","?","R","M","E","$","R","BOSS","R","$","E","BOSS"],"items_purchased_type":["Card","Card","Card","Card","Card","Relic","Relic","Relic","Relic","Relic","Card","Card","Card","Card","Potion","Relic","Relic","Relic","Card","Card","Card","Card","Potion","Relic","Relic","Relic","Relic","Relic","Relic","Card","Card","Card","Potion","Potion","Potion","Card","Card"],"build_version":"2020-12-22","purchased_purges":4,"victory":true,"max_hp_per_floor":[120,130,140,150,160,170,181,191,201,211,221,232,242,253,263,274,284,294,304,314,324,335,346,357,367,377,388,399,409,419,430,440,451,461,472,483,503,513,523,534,544,555,565,547,557,567,578,595,605,616,626,636,646,657,668],"card_choices":[{"not_picked":["alterego_mod:Bloomers","alterego_mod:Mirror"],"picked":"alterego_mod:TrashNCrash","floor":1.0},{"not_picked":["alterego_mod:RocketPunch","alterego_mod:PurpleHair"],"picked":"alterego_mod:Pet","floor":4.0},{"not_picked":["alterego_mod:PresenceConcealment","alterego_mod:TrashNCrash"],"picked":"alterego_mod:Cooking","floor":5.0},{"not_picked":["TH:PixieDust"],"picked":"TH:CopperCoins","floor":7.0},{"not_picked":["alterego_mod:Punishment","alterego_mod:Skirt"],"picked":"alterego_mod:Palingenesis","floor":7.0},{"not_picked":["alterego_mod:Skirt","alterego_mod:SuperDuperMasochism"],"picked":"alterego_mod:Birthday","floor":8.0},{"not_picked":["TH:CursedSword","TH:PixieDust"],"picked":"SKIP","floor":9.0},{"not_picked":["TH:ArmorSpikes","TH:CursedSword"],"picked":"SKIP","floor":10.0},{"not_picked":["alterego_mod:GoddessCore","alterego_mod:Jiggle"],"picked":"alterego_mod:DiscoLights","floor":12.0},{"not_picked":["alterego_mod:Mirror","alterego_mod:MaintainEyeContact"],"picked":"alterego_mod:Schoolgirl","floor":13.0},{"not_picked":["alterego_mod:DeftHands","alterego_mod:GoddessCore"],"picked":"alterego_mod:SakuraFive","floor":13.0},{"not_picked":["alterego_mod:Punishment","alterego_mod:Cushion"],"picked":"alterego_mod:Valentines","floor":13.0},{"not_picked":["alterego_mod:PresenceConcealment","alterego_mod:Santa"],"picked":"alterego_mod:ChallengeComplete","floor":13.0},{"not_picked":["alterego_mod:TrashNCrash","alterego_mod:SakuraLabyrinth"],"picked":"alterego_mod:Lift","floor":13.0},{"not_picked":["TH:ElvenBoots"],"picked":"TH:Mimic","floor":14.0},{"not_picked":["alterego_mod:Pet","alterego_mod:Crossover"],"picked":"alterego_mod:Stockings","floor":14.0},{"not_picked":["TH:EnergyPotion"],"picked":"TH:CursedSword","floor":16.0},{"not_picked":["alterego_mod:Vow","alterego_mod:SideboobHour"],"picked":"alterego_mod:Valkyrie","floor":16.0},{"not_picked":["alterego_mod:GoddessCore","alterego_mod:DiscoLights"],"picked":"alterego_mod:Bounce","floor":18.0},{"not_picked":["alterego_mod:GoddessCore","alterego_mod:RidiculouslyBig"],"picked":"alterego_mod:Skirt","floor":22.0},{"not_picked":["TH:ArmorSpikes"],"picked":"TH:Mimic","floor":23.0},{"not_picked":["alterego_mod:Lift","alterego_mod:Palingenesis"],"picked":"alterego_mod:BiFurious","floor":23.0},{"not_picked":["alterego_mod:Jiggle+1","alterego_mod:DestructionOfProperty"],"picked":"alterego_mod:DiscoLights","floor":24.0},{"not_picked":["alterego_mod:Schoolgirl","alterego_mod:SuperDuperMasochism"],"picked":"alterego_mod:SakuraLabyrinth","floor":25.0},{"not_picked":["TH:Mimic","TH:ElvenBoots"],"picked":"SKIP","floor":26.0},{"not_picked":["alterego_mod:Undulate+1","alterego_mod:Maid+1"],"picked":"alterego_mod:Smother+1","floor":27.0},{"not_picked":["TH:CopperCoins"],"picked":"TH:EnergyPotion","floor":28.0},{"not_picked":["alterego_mod:HighServant+1","alterego_mod:MaintainEyeContact+1"],"picked":"alterego_mod:AlterEgo","floor":28.0},{"not_picked":["TH:ElvenBoots"],"picked":"TH:Mimic","floor":30.0},{"not_picked":["alterego_mod:DiscoLights","alterego_mod:Maid"],"picked":"alterego_mod:SakuraFive","floor":30.0},{"not_picked":["alterego_mod:Birthday+1","alterego_mod:Lingerie"],"picked":"alterego_mod:1TonWallop+1","floor":31.0},{"not_picked":["alterego_mod:VirginLaserPalladion","alterego_mod:Palingenesis"],"picked":"alterego_mod:Lift","floor":33.0},{"not_picked":["alterego_mod:Cushion+1","alterego_mod:Cycle+1"],"picked":"alterego_mod:BoobPocket+1","floor":35.0},{"not_picked":["alterego_mod:Punishment","alterego_mod:Cycle+1"],"picked":"alterego_mod:Birthday+1","floor":36.0},{"not_picked":["alterego_mod:Valkyrie","alterego_mod:Exercise+1"],"picked":"alterego_mod:Clap+1","floor":40.0},{"not_picked":["TH:ArmorSpikes","TH:PixieDust"],"picked":"SKIP","floor":40.0},{"not_picked":["alterego_mod:1TonWallop+1","alterego_mod:PresenceConcealment+1"],"picked":"alterego_mod:Mirror+1","floor":42.0},{"not_picked":["TH:ElvenBoots","TH:CopperCoins"],"picked":"SKIP","floor":42.0},{"not_picked":["TH:BikiniMail"],"picked":"TH:EnergyPotion","floor":43.0},{"not_picked":["alterego_mod:Stockings","alterego_mod:Cooking+1"],"picked":"alterego_mod:BusterCard+1","floor":46.0},{"not_picked":["TH:ArmorSpikes"],"picked":"TH:EnergyPotion","floor":47.0},{"not_picked":["alterego_mod:Antipathy+1","alterego_mod:MaintainEyeContact+1"],"picked":"alterego_mod:Pet+1","floor":47.0},{"not_picked":["alterego_mod:RocketPunch","alterego_mod:Clap+1"],"picked":"alterego_mod:Cushion+1","floor":54.0},{"not_picked":["TH:ElvenBoots","TH:CopperCoins"],"picked":"SKIP","floor":54.0},{"not_picked":["TH:CursedSword"],"picked":"TH:EnergyPotion","floor":55},{"not_picked":["alterego_mod:STier+1","alterego_mod:IdEs+1"],"picked":"alterego_mod:TrickOrTreatment","floor":55}],"player_experience":182021,"relics_obtained":[{"floor":7.0,"key":"hubris:SlimyHat"},{"floor":10.0,"key":"Kunai"},{"floor":14.0,"key":"Replay:Baseball"},{"floor":22.0,"key":"StoneCalendar"},{"floor":23.0,"key":"Mercury Hourglass"},{"floor":24.0,"key":"Bag of Preparation"},{"floor":26.0,"key":"Toxic Egg 2"},{"floor":28.0,"key":"Bronze Scales"},{"floor":30.0,"key":"hubris:MobiusCoin"},{"floor":40.0,"key":"War Paint"},{"floor":42.0,"key":"Shuriken"},{"floor":43.0,"key":"Juzu Bracelet"},{"floor":47.0,"key":"Vajra"},{"floor":54.0,"key":"Gremlin Food"}],"event_choices":[{"damage_healed":0.0,"max_hp_gain":0.0,"max_hp_loss":0.0,"gold_gain":0.0,"event_name":"The Cleric","player_choice":"Leave","floor":2.0,"gold_loss":0.0,"damage_taken":0.0},{"damage_healed":0.0,"max_hp_gain":0.0,"max_hp_loss":0.0,"gold_gain":0.0,"event_name":"Golden Idol","player_choice":"Take Damage","floor":3.0,"gold_loss":0.0,"damage_taken":32.0,"relics_obtained":["Golden Idol"]},{"damage_healed":0.0,"max_hp_gain":0.0,"max_hp_loss":0.0,"gold_gain":75.0,"event_name":"World of Goop","player_choice":"Gather Gold","floor":11.0,"gold_loss":0.0,"damage_taken":11.0},{"damage_healed":0.0,"max_hp_gain":0.0,"max_hp_loss":0.0,"gold_gain":0.0,"event_name":"N\u0027loth","player_choice":"Traded Relic","floor":20.0,"relics_lost":["Golden Idol"],"gold_loss":0.0,"damage_taken":0.0,"relics_obtained":["Nloth\u0027s Gift"]},{"damage_healed":0.0,"max_hp_gain":0.0,"max_hp_loss":28.0,"gold_gain":0.0,"event_name":"Winding Halls","player_choice":"Max HP","floor":44.0,"gold_loss":0.0,"damage_taken":0.0}],"is_beta":false,"boss_relics":[{"not_picked":["bronze:MakeshiftBattery","Empty Cage"],"picked":"SacredBark"},{"not_picked":["ReplayTheSpireMod:Onyx Gauntlets","Abe\u0027s Treasure","Kintsugi"]}],"items_purged_floors":[13,37,48,48],"is_endless":true,"potions_floor_spawned":[5,7,14,16,25,27,30,31,35,40,46,47,55],"ascension_level":1}}