{"host":"bx8ylsmj2ob6hd5u","time":1611851551,"event":{"mods":["AchievementEnabler","Act Like it!","Aspiration","BaseMod","Colored Map","Downfall","Duelist Mod","Friendly Minions","Gensokyo","GifTheSpireLib","Hallownest","Hermit","HololiveMod","Hubris","Infinite Spire","Jorbs\u0027s Wanderer Trilogy","KinomotoSakuraMod(????)","Kiyohime????","Koishi","KomeijiMod","Lobotomy","LobotomyExtend","Marisa????????","Minty Spire (QoL Compilation)","Prisma Mod","Rare Cards Sparkle","Reimu??????","Remilia??????","Replay The Spire","StSLib","Td1madao Mod","The Administrix","The Animator","The Bug Knight","The Construct","The Cursed","The Disciple","The Hierophant","The Necromancer","The Poker Player","The Runesmith","The Senshi","The Servant 0.9.4","WarShipGirlsR/????R mod"],"gold_per_floor":[118,118,118,118,118,151,151,166,192,217,217,217,11,11,11,136,136,160,175,175,199,199,199,199,199,252,268,268,293,293,311,311,434,434,459,459,459,379,379,379,395,395,395,395,20,41,41,55,55,55],"floor_reached":51,"language":"ENG","playtime":3583,"items_purged":["Injury","Hallownest:curseDreamersLament"],"score":691,"play_id":"7df89482-ecb1-4744-aee5-55ad7f476931","local_time":"20210128183231","is_ascension_mode":false,"campfire_choices":[{"floor":7.0,"key":"REST"},{"data":"Life_Drain","floor":11.0,"key":"SMITH"},{"data":"Negative_Energy_Arrows","floor":11.0,"key":"SMITH"},{"data":"Apotheosis","floor":15.0,"key":"SMITH"},{"data":"Madness","floor":15.0,"key":"SMITH"},{"data":"Bone_Prison","floor":23.0,"key":"SMITH"},{"data":"Uncharnel","floor":23.0,"key":"SMITH"},{"data":"infinitespire:Punishment","floor":25.0,"key":"SMITH"},{"data":"infinitespire:UltimateForm","floor":25.0,"key":"SMITH"},{"data":"Shade_Step","floor":32,"key":"SMITH"},{"data":"Skeleton_Dragon","floor":32,"key":"SMITH"},{"data":"Hallownest:attackMasterDashSlash","floor":40,"key":"SMITH"},{"data":"Stop_Heart","floor":40,"key":"SMITH"},{"data":"Spectral_Walk","floor":42,"key":"SMITH"},{"data":"Negative_Energy_Javelin","floor":42,"key":"SMITH"},{"data":"Defend_W","floor":44,"key":"SMITH"},{"data":"Defend_W","floor":44,"key":"SMITH"},{"data":"Mind Blast","floor":47,"key":"SMITH"},{"data":"Mayhem","floor":47,"key":"SMITH"},{"data":"Hellfire","floor":49,"key":"SMITH"},{"data":"Defend_W","floor":49,"key":"SMITH"}],"circlet_count":0,"master_deck":["Strike_W","Defend_W","Defend_W+1","Defend_W+1","Defend_W+1","Negative_Energy_Arrows+1","Bone_Wall","Spectral_Walk+1","Negative_Energy_Sphere","Negative_Energy_Javelin+1","Life_Drain+1","Apotheosis+1","Flash of Steel","Madness+1","Skeleton_Dragon+1","Uncharnel+1","Bone_Prison+1","Hallownest:attackMasterCycloneSlash+1","Slay_Living+1","infinitespire:UltimateForm+1","infinitespire:Punishment+1","Stop_Heart+1","Bone_Bullets+1","Shade_Step+1","Cloudkill+1","Violent_Necrosis+1","Negative_Energy_Mist+1","Death_March_Dance+1","Summon_Lich+1","Hallownest:attackMasterDashSlash+1","Blood_Curse+1","Mayhem+1","Mind Blast+1","Violent_Necrosis+1","Hellfire+1"],"relics":["Vampire_Amulet","LetterFromLob","hubris:Towel","Golden Idol","Replay:Arrowhead","Toy Ornithopter","Replay:Baseball","ReplayTheSpireMod:ShopPack","hubris:TinFlute","Replay:Ancient Bell","Anchor","Mercury Hourglass","Ice Cream","Empty Cage","FossilizedHelix","Orichalcum","Astrolabe","Hallownest:BeastSealRelic","hubris:GlazedTorus"],"acts_visited":["Exordium","Exordium","Hallownest:CityofTears"],"potions_floor_usage":[33,33,50],"damage_taken":[{"damage":2.0,"enemies":"Jaw Worm","floor":1.0,"turns":6.0},{"damage":45.0,"enemies":"HollowMod:MossKnight","floor":6.0,"turns":19.0},{"damage":0.0,"enemies":"Cultist","floor":8.0,"turns":5.0},{"damage":0.0,"enemies":"2 Louse","floor":10.0,"turns":2.0},{"damage":30.0,"enemies":"Fading Forest","floor":16.0,"turns":11.0},{"damage":4.0,"enemies":"Hallownest:Flukemon_and_Top","floor":18.0,"turns":5.0},{"damage":22.0,"enemies":"Hallownest:3_Youths","floor":19.0,"turns":6.0},{"damage":37.0,"enemies":"Hallownest:Master_and_Novice","floor":21.0,"turns":4.0},{"damage":2.0,"enemies":"Hallownest:2_Flukemon","floor":27.0,"turns":5.0},{"damage":0.0,"enemies":"Hallownest:monsterShrumalOgre","floor":29.0,"turns":3.0},{"damage":0.0,"enemies":"Hallownest:2_Husk_Sentries","floor":31.0,"turns":3.0},{"damage":19,"enemies":"Hallownest:BossMantisLord","floor":33,"turns":7},{"damage":14,"enemies":"Hallownest:3_Siblings","floor":35,"turns":6},{"damage":17,"enemies":"Hallownest:2_Littles","floor":41,"turns":4},{"damage":0,"enemies":"Hallownest:2_Soldiers_and_1_Guardian","floor":46,"turns":4},{"damage":0,"enemies":"Hallownest:2_Wandering_and_1_Horned","floor":48,"turns":5},{"damage":44,"enemies":"Hallownest:Radiance","floor":50,"turns":7}],"seed_played":"2652398012727206462","potions_obtained":[{"floor":1.0,"key":"champ:CounterPotion"},{"floor":8.0,"key":"MagicPotion:ReiMu"},{"floor":19.0,"key":"SpeedPotion"},{"floor":21.0,"key":"Regen Potion"},{"floor":27.0,"key":"SkillPotion"},{"floor":29.0,"key":"AttackPotion"},{"floor":46,"key":"Swift Potion"}],"is_trial":false,"path_per_floor":["M","?","?","T","$","E","R","M","T","M","R","?","$","?","R","B",null,"M","M","?","M","?","R","AVR","R","T","M","?","M","?","M","R","B",null,"M","?","?","?","?","R","M","R","T","R","$","M","R","M","R","B",null],"character_chosen":"NECROMANCER","items_purchased":["ReplayTheSpireMod:ShopPack","Mayhem","Mind Blast"],"campfire_rested":1,"item_purchase_floors":[13,45,45],"current_hp_per_floor":[80,80,80,80,80,43,67,69,69,73,73,73,73,66,66,57,80,76,66,66,39,47,47,47,47,47,78,78,80,76,80,80,75,80,72,72,72,72,80,80,69,69,69,69,69,75,75,80,80,38],"gold":55,"neow_bonus":"RANDOM_EVENT","is_daily":false,"chose_seed":false,"campfire_upgraded":20,"win_rate":0.0,"timestamp":1611851551,"path_taken":["M","?","?","?","$","E","R","M","T","?","R","?","?","?","R","BOSS","M","M","?","M","?","R","AVR","R","T","?","?","M","?","M","R","BOSS","M","?","?","?","?","R","M","R","T","R","$","?","R","M","R","BOSS"],"items_purchased_type":["Relic","Card","Card"],"build_version":"2020-12-22","purchased_purges":2,"victory":true,"max_hp_per_floor":[80,80,80,80,80,80,80,80,80,80,80,80,80,80,80,80,80,80,80,80,80,80,80,80,80,80,80,80,80,80,80,80,80,80,80,80,80,80,80,80,80,80,80,80,80,80,80,80,80,80],"card_choices":[{"not_picked":["Consume_Illness","Negative_Energy_Javelin"],"picked":"Spectral_Walk","floor":1.0},{"not_picked":["Negative_Energy_Shield","Bone_Shift"],"picked":"Negative_Energy_Sphere","floor":6.0},{"not_picked":["Blood_Whip","Bone_Shift"],"picked":"Negative_Energy_Javelin","floor":8.0},{"not_picked":["Uncharnel","Death_March_Dance"],"picked":"Life_Drain","floor":10.0},{"not_picked":["Master of Strategy","Replay:Dark Deal"],"picked":"Apotheosis","floor":13.0},{"not_picked":["hubris:Ssssneak","ReplayTheSpireMod:Uncanny Aura"],"picked":"Flash of Steel","floor":13.0},{"not_picked":["Dark Shackles","Discovery"],"picked":"Madness","floor":13.0},{"not_picked":["Reap_The_Weak","Blood_Wake"],"picked":"Skeleton_Dragon","floor":16.0},{"not_picked":["Hallownest:curseDreamersLament","stsjorbsmod:Amnesia"],"picked":"stsjorbsmod:PollutedStrike","floor":17.0},{"not_picked":["Normality","Shame"],"picked":"hubris:Despair","floor":17.0},{"not_picked":["Hallucinations","Replay:Hysterical Blindness"],"picked":"theDuelist:SummoningCurse","floor":17.0},{"not_picked":["Pandemic","Blood_Whip"],"picked":"Uncharnel","floor":18.0},{"not_picked":["Bone_Spikes","Consume_Illness"],"picked":"Bone_Prison","floor":19.0},{"not_picked":["Finger_Of_Death","Life_Tap+1"],"picked":"Slay_Living+1","floor":21.0},{"not_picked":["Epidemic+1","Consume_Illness+1"],"picked":"Stop_Heart","floor":27.0},{"not_picked":["Blood_Whip","Bone_Spikes"],"picked":"Bone_Bullets+1","floor":29.0},{"not_picked":["Finger_Of_Death","Shackles_Of_Pain"],"picked":"Shade_Step","floor":31.0},{"not_picked":["Negative_Energy_Bomb","Skeleton_Dragon"],"picked":"Cloudkill","floor":33},{"not_picked":["Shackles_Of_Pain+1","Blood_Whip+1"],"picked":"Summon_Lich+1","floor":35},{"not_picked":["Shackles_Of_Pain","Bone_Bullets"],"picked":"Blood_Curse+1","floor":41},{"not_picked":["Corrupt","Shackles_Of_Pain"],"picked":"Violent_Necrosis+1","floor":46},{"not_picked":["Life_Drain+1","Negative_Energy_Mist+1"],"picked":"Hellfire","floor":48}],"player_experience":1492092,"relics_obtained":[{"floor":1.0,"key":"LetterFromLob"},{"floor":4.0,"key":"Replay:Arrowhead"},{"floor":6.0,"key":"Toy Ornithopter"},{"floor":9.0,"key":"Replay:Baseball"},{"floor":26.0,"key":"Orichalcum"},{"floor":43,"key":"hubris:GlazedTorus"}],"event_choices":[{"damage_healed":0.0,"max_hp_gain":5.0,"max_hp_loss":0.0,"gold_gain":0.0,"event_name":"Big Fish","player_choice":"Donut","floor":0.0,"gold_loss":0.0,"damage_taken":0.0},{"damage_healed":0.0,"max_hp_gain":0.0,"max_hp_loss":0.0,"gold_gain":0.0,"event_name":"Golden Idol","player_choice":"Take Wound","floor":3.0,"gold_loss":0.0,"damage_taken":0.0,"relics_obtained":["Golden Idol"],"cards_obtained":["Injury"]},{"damage_healed":0.0,"max_hp_gain":0.0,"max_hp_loss":0.0,"gold_gain":0.0,"event_name":"NoteForYourself","player_choice":"Ignored","floor":12.0,"gold_loss":0.0,"damage_taken":0.0},{"damage_healed":0.0,"max_hp_gain":0.0,"max_hp_loss":0.0,"gold_gain":0.0,"event_name":"Scrap Ooze","player_choice":"Success","floor":14.0,"gold_loss":0.0,"damage_taken":7.0,"relics_obtained":["hubris:TinFlute"]}],"is_beta":false,"boss_relics":[{"not_picked":["hubris:GrandSneckoEye","Pandora\u0027s Box"],"picked":"Replay:Ancient Bell"},{"not_picked":["Bronze Scales","Lantern"],"picked":"Anchor"},{"not_picked":["Mirror","hubris:BottledRain"],"picked":"Mercury Hourglass"},{"not_picked":["hubris:MedicalManual","Gambling Chip"],"picked":"Ice Cream"},{"not_picked":["bronze:MakeshiftBattery","Ring of Chaos"],"picked":"Astrolabe"}],"items_purged_floors":[13,45],"is_endless":false,"potions_floor_spawned":[1,8,19,21,27,29,46],"ascension_level":0}}