{"host":"pmq2bjxo3k17mhrw","time":1611829507,"event":{"mods":["BaseMod","Minty Spire (QoL Compilation)","Replay The Spire","StSLib"],"gold_per_floor":[111,111,111,125,142,142,142,142],"floor_reached":7,"language":"ZHS","playtime":221,"items_purged":[],"score":51,"play_id":"cf2b4efa-8501-4c0f-a39b-55ff2f20ad04","local_time":"20210128182507","is_ascension_mode":true,"campfire_choices":[{"data":"Tactician","floor":6,"key":"SMITH"}],"circlet_count":0,"master_deck":["Strike_G","Strike_G","Strike_G","Strike_G","Strike_G","Defend_G","Defend_G","Defend_G","Defend_G","Defend_G","Survivor","Neutralize","Tactician+1","Writhe","Decay","Infinite Blades"],"relics":["Ring of the Snake","NeowsBlessing","Ring of Panic","ReplayTheSpireMod:Ring of Addiction","Potion Belt","SacredBark"],"acts_visited":["Exordium"],"potions_floor_usage":[7],"damage_taken":[{"damage":0,"enemies":"Jaw Worm","floor":1,"turns":1},{"damage":0,"enemies":"Cultist","floor":4,"turns":1},{"damage":0,"enemies":"2 Louse","floor":5,"turns":1},{"damage":74,"enemies":"Gremlin Nob","floor":7,"turns":6}],"seed_played":"-4226398405306067791","potions_obtained":[{"floor":2,"key":"Weak Potion"},{"floor":2,"key":"LiquidMemories"},{"floor":2,"key":"Doom Potion"},{"floor":4,"key":"SkillPotion"}],"is_trial":false,"path_per_floor":["M","?","?","M","M","R","E"],"character_chosen":"THE_SILENT","items_purchased":[],"campfire_rested":0,"item_purchase_floors":[],"current_hp_per_floor":[70,70,70,70,70,68,0,0],"gold":142,"neow_bonus":"THREE_ENEMY_KILL","is_daily":false,"chose_seed":false,"campfire_upgraded":1,"win_rate":0.0,"timestamp":1611829507,"path_taken":["M","?","?","M","?","R","E"],"items_purchased_type":[],"build_version":"2020-12-22","purchased_purges":0,"victory":false,"max_hp_per_floor":[70,70,70,70,70,68,68,68],"card_choices":[{"not_picked":["Backflip","Terror"],"picked":"Tactician","floor":1},{"not_picked":["Backflip","Underhanded Strike"],"picked":"Infinite Blades","floor":4},{"not_picked":["Quick Slash","Sucker Punch","Flying Knee"],"picked":"SKIP","floor":5}],"player_experience":222948,"relics_obtained":[{"floor":2,"key":"Ring of Panic"},{"floor":2,"key":"ReplayTheSpireMod:Ring of Addiction"},{"floor":2,"key":"Potion Belt"},{"floor":2,"key":"SacredBark"}],"event_choices":[{"damage_healed":0,"gold_gain":0,"player_choice":"Cursed","damage_taken":0,"max_hp_gain":0,"max_hp_loss":0,"event_name":"Wheel of Change","floor":3,"gold_loss":0,"cards_obtained":["Decay"]}],"is_beta":false,"boss_relics":[],"items_purged_floors":[],"is_endless":false,"potions_floor_spawned":[4],"killed_by":"Gremlin Nob","ascension_level":5}}