{"host":"lq2h7q9ca6uwu60x","time":1611818473,"event":{"mods":["Act Like it!","BaseMod","Gensokyo","Koishi","Marisa£®ÏF”Í°°ƒß¿Ì…≥£©","Minty Spire (QoL Compilation)","StSLib","Youmu£®ªÍ∆«—˝√Œ£©"],"gold_per_floor":[116,134,134,134,41,41,79,88,88,13,13,57,57,88,88,88,88],"floor_reached":16,"language":"ZHS","playtime":811,"items_purged":["Pain"],"score":166,"play_id":"12dad0da-dc0f-46ec-a1cf-85157f0d8817","local_time":"20210128152113","is_ascension_mode":true,"campfire_choices":[{"data":"Deep Breath","floor":6.0,"key":"SMITH"},{"data":"Koishi:GhostParty","floor":11.0,"key":"SMITH"},{"data":"Koishi:PerfectMindControl","floor":15,"key":"SMITH"}],"circlet_count":0,"master_deck":["Koishi:BasicStrike","Koishi:BasicStrike","Koishi:BasicStrike","Koishi:BasicDefend","Koishi:BasicDefend","Koishi:Provoke","Koishi:HauntingSlash","Koishi:GhostParty+1","Koishi:Whimsy","Deep Breath+1","Koishi:Whimsy","Koishi:PerfectMindControl+1"],"relics":["Koishi:ImaginaryFriend","Happy Flower","Gensokyo:OccultBall","CeramicFish","Gensokyo:LunaticRedEyes","Singing Bowl","Gremlin Horn"],"acts_visited":["Exordium"],"potions_floor_usage":[14],"damage_taken":[{"damage":0.0,"enemies":"Gensokyo:Python","floor":1.0,"turns":3.0},{"damage":1.0,"enemies":"Gensokyo:3_Fairies","floor":2.0,"turns":5.0},{"damage":20.0,"enemies":"Gensokyo:Cirno","floor":7.0,"turns":9.0},{"damage":2.0,"enemies":"Gensokyo:Mamizou","floor":12.0,"turns":18.0},{"damage":0,"enemies":"Gensokyo:Cirno","floor":14,"turns":7},{"damage":1,"enemies":"Gensokyo:Kokoro","floor":16,"turns":5}],"seed_played":"5749523937602339334","potions_obtained":[{"floor":7.0,"key":"Fire Potion"},{"floor":14,"key":"Energy Potion"}],"is_trial":false,"path_per_floor":["M","M","?","?","$","R","E","?","T","$","R","E","?","E","R","B"],"character_chosen":"KOISHI","items_purchased":["Deep Breath"],"campfire_rested":0,"item_purchase_floors":[5],"current_hp_per_floor":[60,60,48,48,48,48,31,31,31,31,31,40,16,19,19,18,18],"gold":88,"neow_bonus":"RANDOM_COLORLESS","is_daily":false,"chose_seed":false,"campfire_upgraded":3,"win_rate":0.0,"timestamp":1611818473,"path_taken":["M","M","?","?","?","R","E","?","T","$","R","E","?","E","R","BOSS"],"items_purchased_type":["Card"],"build_version":"2020-12-22","purchased_purges":1,"victory":false,"max_hp_per_floor":[60,60,60,60,60,60,60,60,60,60,60,60,60,62,62,62,62],"card_choices":[{"not_picked":["Blind","Jack Of All Trades"],"picked":"Dramatic Entrance","floor":0.0},{"not_picked":["Koishi:EmbryosDream","Koishi:StrangeCloudFist"],"picked":"Koishi:GhostParty","floor":1.0},{"not_picked":["Koishi:RacingHeart","Koishi:JumpScare"],"picked":"Koishi:Whimsy","floor":2.0},{"not_picked":["Koishi:RorschachInDanmaku","Koishi:SprinkleStarAndHeart"],"picked":"Koishi:Whimsy","floor":7.0},{"not_picked":["Koishi:PhantomBarrier","Koishi:PhantomStrike"],"picked":"Koishi:PerfectMindControl","floor":12.0},{"not_picked":["Koishi:UnansweredLove","Koishi:ReflexRadar","Koishi:Whimsy"],"picked":"Singing Bowl","floor":14}],"player_experience":944304,"relics_obtained":[{"floor":7.0,"key":"CeramicFish"},{"floor":12.0,"key":"Gensokyo:OccultBall"},{"floor":12.0,"key":"Singing Bowl"},{"floor":14,"key":"Gremlin Horn"}],"event_choices":[],"is_beta":false,"boss_relics":[],"items_purged_floors":[10],"is_endless":false,"potions_floor_spawned":[7,14],"killed_by":"Gensokyo:Kokoro","ascension_level":5}}