{"host":"vyjryxuuuxkt43k4","time":1611831402,"event":{"mods":["AchievementEnabler","BaseMod","Colored Map","DeckTracker","Keyboard Shortcuts","Minty Spire (QoL Compilation)","Permanent Neow","Quick Restart","Rare Cards Sparkle","StSLib","SuperFastMode","everything is the same but u backflip on backflip"],"gold_per_floor":[116,2,102,120,135,135,151,180,180,215,30,49,66,66,66],"floor_reached":14,"language":"KOR","playtime":511,"items_purged":["Strike_B"],"score":143,"play_id":"6c5842b6-83e6-4f57-910f-17db7fadc11a","local_time":"20210128195642","is_ascension_mode":true,"campfire_choices":[{"data":"Recycle","floor":6,"key":"SMITH"}],"circlet_count":0,"master_deck":["Strike_B","Strike_B","Strike_B","Defend_B","Defend_B","Defend_B","Defend_B","Zap","Dualcast","Recycle+1","Undo","Rebound","Compile Driver","Defragment","Rainbow","Coolheaded","BootSequence","Capacitor","Genetic Algorithm","Conserve Battery"],"relics":["Cracked Core","Dead Branch","Pear","Gambling Chip","Shovel"],"acts_visited":["Exordium"],"potions_floor_usage":[14,14],"damage_taken":[{"damage":6,"enemies":"Jaw Worm","floor":1,"turns":4},{"damage":0,"enemies":"Cultist","floor":4,"turns":3},{"damage":1,"enemies":"2 Louse","floor":5,"turns":4},{"damage":0,"enemies":"Looter","floor":7,"turns":3},{"damage":15,"enemies":"3 Sentries","floor":8,"turns":3},{"damage":25,"enemies":"Gremlin Nob","floor":10,"turns":4},{"damage":0,"enemies":"Exordium Wildlife","floor":12,"turns":2},{"damage":16,"enemies":"Exordium Thugs","floor":13,"turns":5},{"damage":15,"enemies":"Lagavulin","floor":14,"turns":4}],"seed_played":"-7084660486864214328","potions_obtained":[{"floor":1,"key":"Energy Potion"},{"floor":12,"key":"AttackPotion"}],"is_trial":false,"path_per_floor":["M","$","?","M","M","R","M","E","T","E","$","M","M","E"],"character_chosen":"DEFECT","items_purchased":["Undo","Coolheaded","BootSequence","Capacitor"],"campfire_rested":0,"item_purchase_floors":[2,11,11,11],"current_hp_per_floor":[62,62,62,62,61,61,61,56,56,31,31,31,15,0,0],"gold":66,"neow_bonus":"ONE_RARE_RELIC","is_daily":false,"chose_seed":false,"campfire_upgraded":1,"win_rate":0.0,"timestamp":1611831402,"path_taken":["M","$","?","M","M","R","M","E","T","E","$","?","M","E"],"items_purchased_type":["Card","Card","Card","Card"],"build_version":"2020-12-22","purchased_purges":1,"victory":false,"max_hp_per_floor":[68,68,68,68,68,68,68,78,78,78,78,78,78,78,78],"card_choices":[{"not_picked":["Chaos","Gash"],"picked":"Recycle","floor":1},{"not_picked":["Stack","Barrage","Force Field"],"picked":"SKIP","floor":4},{"not_picked":["Steam","Beam Cell"],"picked":"Rebound","floor":5},{"not_picked":["Hello World","Beam Cell"],"picked":"Compile Driver","floor":7},{"not_picked":["Ball Lightning","Genetic Algorithm"],"picked":"Defragment","floor":8},{"not_picked":["Turbo","Barrage"],"picked":"Rainbow","floor":10},{"not_picked":["Ball Lightning","Turbo"],"picked":"Genetic Algorithm","floor":12},{"not_picked":["Gash","Streamline"],"picked":"Conserve Battery","floor":13}],"player_experience":460345,"relics_obtained":[{"floor":8,"key":"Pear"},{"floor":9,"key":"Gambling Chip"},{"floor":10,"key":"Shovel"}],"event_choices":[{"damage_healed":0,"gold_gain":100,"player_choice":"Gold","damage_taken":0,"max_hp_gain":0,"max_hp_loss":0,"event_name":"Wheel of Change","floor":3,"gold_loss":0}],"is_beta":false,"boss_relics":[],"items_purged_floors":[2],"is_endless":false,"potions_floor_spawned":[1,12],"killed_by":"Lagavulin","ascension_level":8}}