{"host":"0ricjaa7rfq9v76t","time":1611837254,"event":{"mods":["AchievementEnabler","Aspiration","BaseMod","Better Altar","Better Match","Better Sensory Stone","Better Skull","Better Vampires","BetterRewards","Colored Powertips","Downfall","Energized Spire","Highlight Path","Hubris","Infinite Spire","Minty Spire (QoL Compilation)","Quick Restart","Rare Cards Sparkle","Relic Sorter","Reliquary","Replay The Spire","StSLib","SuperFastMode","Synergy Search","The Cursed","The Disciple","The Jungle","The Marked","The Mystic","Uncapped"],"gold_per_floor":[114,74,84,102,120,120,149,168,245,245,269,279,49,49,49,153,153,173,201,151,163,177,177,187,198,222,222,234,35,48,48,48,149,149,171,192,192,117,117,117,140,140,140,140,40,93,115,140,140,140,140],"floor_reached":50,"language":"ENG","playtime":2907,"items_purged":["Strike_B","downfall:Bewildered","Defend_B"],"score":846,"play_id":"ff27e393-1720-4bec-a7f8-7dc1be201356","local_time":"20210128203414","is_ascension_mode":false,"campfire_choices":[{"floor":6,"key":"REST"},{"floor":10,"key":"REST"},{"data":"Turbo","floor":15,"key":"SMITH"},{"floor":23,"key":"REST"},{"floor":27,"key":"REST"},{"data":"hubris:PowerSurge","floor":32,"key":"SMITH"},{"floor":40,"key":"REST"},{"data":"hubris:Rewind","floor":42,"key":"SMITH"},{"floor":49,"key":"REST"}],"circlet_count":0,"master_deck":["Strike_B+1","Strike_B","Defend_B","Defend_B","Defend_B","Zap","Dualcast","Ball Lightning","Reinforced Body+1","hubris:PowerSurge","Gash","Conserve Battery+1","hubris:Ukulele","Turbo+1","Seek","FIFO Queue","ReplayGash","Storm","hubris:PowerSurge+1","ReplayGash","Heatsinks","Echo Form","Streamline","Tempest+1","Turbo","Loop","Thunder Strike","Time Bomb","hubris:Rewind+1","Gash"],"relics":["Cracked Core","reliquary:Stiletto","Orrery","Prayer Wheel","Odd Mushroom","Red Mask","Blue Doll","Lee\u0027s Waffle","sneckomod:BabySnecko","infinitespire:EvilPickle","reliquary:RedPaperclip","MealTicket","Eternal Feather","Juzu Bracelet","Mango"],"acts_visited":["Exordium","TheCity","TheBeyond"],"potions_floor_usage":[16,22,28,28,28,28,33,33,33,48,48,50],"damage_taken":[{"damage":1,"enemies":"Jaw Worm","floor":1,"turns":3},{"damage":12,"enemies":"infinitespire:Voidling","floor":3,"turns":3},{"damage":0,"enemies":"Small Slimes","floor":4,"turns":2},{"damage":0,"enemies":"Exordium Wildlife","floor":5,"turns":3},{"damage":22,"enemies":"Gremlin Nob","floor":7,"turns":4},{"damage":13,"enemies":"Exordium Thugs","floor":8,"turns":3},{"damage":10,"enemies":"The Mushroom Lair","floor":11,"turns":3},{"damage":0,"enemies":"Blue Slaver","floor":12,"turns":2},{"damage":42,"enemies":"Fading Forest","floor":16,"turns":11},{"damage":11,"enemies":"3 Byrds","floor":18,"turns":5},{"damage":46,"enemies":"Masked Bandits","floor":19,"turns":5},{"damage":14,"enemies":"2 Thieves","floor":21,"turns":3},{"damage":0,"enemies":"Snake Plant","floor":22,"turns":3},{"damage":8,"enemies":"Sentry and Sphere","floor":24,"turns":4},{"damage":0,"enemies":"Shelled Parasite and Fungi","floor":25,"turns":3},{"damage":51,"enemies":"3 Cultists","floor":28,"turns":6},{"damage":0,"enemies":"Cultist and Chosen","floor":30,"turns":4},{"damage":86,"enemies":"Pondfish","floor":33,"turns":10},{"damage":13,"enemies":"3 Darklings","floor":35,"turns":3},{"damage":13,"enemies":"3 Shapes","floor":36,"turns":3},{"damage":19,"enemies":"Transient","floor":41,"turns":5},{"damage":43,"enemies":"2 Orb Walkers","floor":46,"turns":3},{"damage":21,"enemies":"Sphere and 2 Shapes","floor":47,"turns":4},{"damage":27,"enemies":"Writhing Mass","floor":48,"turns":4},{"damage":67,"enemies":"Replay:Hell Engine","floor":50,"turns":8}],"seed_played":"3496482404099531923","potions_obtained":[{"floor":2,"key":"SteroidPotion"},{"floor":2,"key":"GamblersBrew"},{"floor":2,"key":"Swift Potion"},{"floor":8,"key":"EntropicBrew"},{"floor":11,"key":"AttackPotion"},{"floor":16,"key":"Adrenaline Potion"},{"floor":18,"key":"PowerPotion"},{"floor":24,"key":"Weak Potion"},{"floor":30,"key":"EssenceOfSteel"},{"floor":33,"key":"Guardian:BlockOnCardUsePotion"},{"floor":41,"key":"Weak Potion"},{"floor":46,"key":"Block Potion"}],"is_trial":false,"path_per_floor":["M","?","M","M","M","R","E","M","T","R","?","M","$","?","R","B",null,"M","?","?","M","M","R","M","M","T","R","M","$","M","?","R","B",null,"M","M","AVR","?","?","R","M","R","T","T","$","?","M","M","R","B"],"character_chosen":"DEFECT","items_purchased":["reliquary:Stiletto","Orrery","Reinforced Body","ReplayGash","Storm","Lee\u0027s Waffle","Tempest+1"],"campfire_rested":6,"item_purchase_floors":[0,0,0,13,13,29,29],"current_hp_per_floor":[61,61,53,53,53,75,53,40,40,62,52,52,52,85,85,63,85,74,28,28,14,14,39,31,31,31,56,5,92,92,92,92,21,92,79,66,66,66,66,92,73,73,73,73,88,59,38,11,60,0,0],"gold":140,"neow_bonus":"","is_daily":false,"chose_seed":false,"campfire_upgraded":3,"win_rate":0.0,"timestamp":1611837254,"path_taken":["M","?","M","M","?","R","E","M","T","R","?","M","$","?","R","BOSS","M","?","?","?","?","R","M","M","T","R","M","$","M","?","R","BOSS","M","M","AVR","?","?","R","M","R","T","?","?","?","M","M","R","BOSS"],"items_purchased_type":["Relic","Relic","Card","Card","Card","Relic","Card"],"build_version":"2020-12-22","purchased_purges":3,"victory":false,"max_hp_per_floor":[75,75,75,75,75,75,75,75,75,75,75,75,75,85,85,85,85,85,85,85,85,85,85,85,85,85,85,85,92,92,92,92,92,92,92,92,92,92,92,92,92,92,92,92,92,106,106,106,106,106,106],"card_choices":[{"not_picked":["Capacitor","Darkness"],"picked":"Amplify","floor":0},{"not_picked":["Compile Driver","Stack"],"picked":"Ball Lightning","floor":0},{"not_picked":["Consume","Force Field"],"picked":"hubris:PowerSurge","floor":1},{"not_picked":["Sweeping Beam","Steam"],"picked":"Gash","floor":3},{"not_picked":["Stack","Redo","Beam Cell"],"picked":"SKIP","floor":4},{"not_picked":["Cold Snap","Beam Cell"],"picked":"Conserve Battery","floor":5},{"not_picked":["aspiration:Polymerization","Panic Button"],"picked":"ReplayTheSpireMod:Fabricate Wheel","floor":7},{"not_picked":["Sweeping Beam","Streamline"],"picked":"hubris:Ukulele","floor":8},{"not_picked":["Conserve Battery","aspiration:Polymerization","FTL"],"picked":"SKIP","floor":8},{"not_picked":["BasicCrystalCard","hubris:Ukulele"],"picked":"Turbo","floor":11},{"not_picked":["Streamline","Hologram"],"picked":"Seek","floor":12},{"not_picked":["Darkness","Coolheaded"],"picked":"FIFO Queue","floor":12},{"not_picked":["Leap","Ball Lightning"],"picked":"hubris:PowerSurge","floor":18},{"not_picked":["Compile Driver+1","Cold Snap+1","Darkness"],"picked":"SKIP","floor":18},{"not_picked":["BasicCrystalCard","Steam+1","Go for the Eyes+1"],"picked":"SKIP","floor":21},{"not_picked":["Leap","Chaos","ReplayTheSpireMod:System Scan"],"picked":"SKIP","floor":21},{"not_picked":["Conserve Battery","Chaos"],"picked":"ReplayGash","floor":22},{"not_picked":["ReplayGash","Crystallizer"],"picked":"Heatsinks","floor":22},{"not_picked":["Ball Lightning+1","Coolheaded+1"],"picked":"Echo Form","floor":24},{"not_picked":["Redo","FIFO Queue"],"picked":"Streamline","floor":24},{"not_picked":["Capacitor","ReplayTheSpireMod:Reroute Power","BasicCrystalCard"],"picked":"SKIP","floor":25},{"not_picked":["Echo Form","Rebound+1","ReplayTheSpireMod:Reroute Power"],"picked":"SKIP","floor":25},{"not_picked":["Recycle","Rebound+1","Leap"],"picked":"SKIP","floor":28},{"not_picked":["Panic Button","FIFO Queue","Hello World"],"picked":"SKIP","floor":28},{"not_picked":["Redo","Panic Button+1"],"picked":"Turbo","floor":30},{"not_picked":["Aggregate","Beam Cell"],"picked":"Loop","floor":30},{"not_picked":["Mirror Shield","Amplify"],"picked":"Thunder Strike","floor":33},{"not_picked":["FIFO Queue+1","Blizzard+1"],"picked":"Time Bomb","floor":35},{"not_picked":["Coolheaded","Turbo+1","Cold Snap"],"picked":"SKIP","floor":35},{"not_picked":["Sweeping Beam","BasicCrystalCard","BootSequence+1"],"picked":"SKIP","floor":36},{"not_picked":["Ball Lightning+1","ReplayTheSpireMod:Calculation Training+1","Redo"],"picked":"SKIP","floor":36},{"not_picked":["Force Field+1","Coolheaded+1","Rebound+1"],"picked":"SKIP","floor":41},{"not_picked":["Skim","ReplayTheSpireMod:GoodbyeWorld","Panic Button+1"],"picked":"SKIP","floor":41},{"not_picked":["Leap+1","Streamline"],"picked":"Gash","floor":47},{"not_picked":["Storm","Stack+1","Darkness+1"],"picked":"SKIP","floor":47},{"not_picked":["Hologram","Crystallizer","Leap+1"],"picked":"SKIP","floor":48},{"not_picked":["Steam Power+1","Compile Driver","Stack+1"],"picked":"SKIP","floor":48}],"player_experience":227351,"relics_obtained":[{"floor":7,"key":"Gremlin Food"},{"floor":9,"key":"infinitespire:ShieldingShard"},{"floor":11,"key":"Odd Mushroom"},{"floor":19,"key":"Red Mask"},{"floor":26,"key":"Blue Doll"},{"floor":43,"key":"Eternal Feather"},{"floor":44,"key":"Juzu Bracelet"},{"floor":46,"key":"Mango"}],"event_choices":[{"damage_healed":0,"gold_gain":0,"player_choice":"Bought 3 Potions","damage_taken":0,"max_hp_gain":0,"max_hp_loss":0,"event_name":"The Woman in Blue","floor":2,"gold_loss":0},{"damage_healed":0,"gold_gain":0,"player_choice":"Fought Mushrooms","damage_taken":0,"max_hp_gain":0,"max_hp_loss":0,"event_name":"Mushrooms","floor":11,"gold_loss":0},{"cards_removed":["Amplify"],"damage_healed":23,"gold_gain":0,"player_choice":"Offered Rare","damage_taken":0,"max_hp_gain":10,"max_hp_loss":0,"event_name":"Bonfire Elementals","floor":14,"gold_loss":0},{"damage_healed":0,"gold_gain":0,"player_choice":"Fought Bandits","damage_taken":0,"max_hp_gain":0,"max_hp_loss":0,"event_name":"Masked Bandits","floor":19,"gold_loss":0},{"damage_healed":0,"gold_gain":0,"player_choice":"Bet on Murderer","damage_taken":0,"max_hp_gain":0,"max_hp_loss":0,"event_name":"The Joust","floor":20,"gold_loss":50},{"damage_healed":0,"gold_gain":0,"player_choice":"2","damage_taken":0,"max_hp_gain":0,"max_hp_loss":0,"event_name":"betterMatch:BetterMatch","floor":38,"gold_loss":0,"cards_obtained":["betterMatch:RareCard"]},{"cards_removed":["Strike_B"],"damage_healed":0,"gold_gain":0,"player_choice":"Removed Attack","damage_taken":0,"max_hp_gain":0,"max_hp_loss":0,"event_name":"Falling","floor":39,"gold_loss":0},{"damage_healed":0,"gold_gain":0,"player_choice":"Fight","damage_taken":0,"max_hp_gain":0,"max_hp_loss":0,"event_name":"Mysterious Sphere","floor":46,"gold_loss":0}],"is_beta":false,"boss_relics":[{"not_picked":["Runic Dome","Busted Crown","reliquary:RedCape"]},{"not_picked":["reliquary:WritOfMandamus","energizedSpire:MagnifyingGlass"],"picked":"reliquary:RedPaperclip"}],"items_purged_floors":[13,37,45],"is_endless":false,"potions_floor_spawned":[3,8,11,16,18,19,24,30,33,41,46,47],"killed_by":"Replay:Hell Engine","ascension_level":0}}