{"host":"npubv26u89aif4fa","time":1611824199,"event":{"mods":["Astrologer","BaseMod","Better Vampires","Better-Laid Plans","Colored Powertips","GifTheSpireLib","GungeonMod","HornydragonMod","Hubris","Jedi Mod","Minty Spire (QoL Compilation)","Quick Restart","Remilia（蕾米莉亚）","Replay The Spire","StSLib","Td1madao Mod","The Administrix","The Alterego","The Bug Knight","The Cursed","The Runesmith","Yuri Mod","残留之物"],"gold_per_floor":[113,113,126,144,155,189,189,189,189],"floor_reached":8,"language":"ZHS","playtime":750,"items_purged":[],"score":64,"play_id":"100633d2-2c4b-49a9-bb8d-ae28572a6ebf","local_time":"20210128165639","is_ascension_mode":true,"campfire_choices":[],"circlet_count":0,"master_deck":["DemoMod:Strike_Huntress","DemoMod:Strike_Huntress","DemoMod:Defend_Huntress","DemoMod:Defend_Huntress","DemoMod:Defend_Huntress","DemoMod:Defend_Huntress","DemoMod:Roll","DemoMod:ManualReload+1","DemoMod:RustySidearm","DemoMod:CrossBow","DemoMod:ConditionalReflex","DemoMod:Ejector","DemoMod:MachoBrace","DemoMod:SAA","DemoMod:PracticeMakesPerfect","DemoMod:Rummage","DemoMod:PotionOfGunFriendShip","DemoMod:Eureka"],"relics":["DemoMod:Dog","Mummified Hand"],"acts_visited":["Exordium"],"potions_floor_usage":[],"damage_taken":[{"damage":1,"enemies":"Cultist","floor":1,"turns":3},{"damage":6,"enemies":"Small Slimes","floor":3,"turns":4},{"damage":0,"enemies":"2 Louse","floor":4,"turns":3},{"damage":3,"enemies":"2 Fungi Beasts","floor":5,"turns":4},{"damage":40,"enemies":"3 Sentries","floor":6,"turns":10},{"damage":15,"enemies":"Gremlin Nob","floor":8,"turns":3}],"seed_played":"-7339465775845321616","potions_obtained":[{"floor":4,"key":"SkillPotion"},{"floor":6,"key":"Adrenaline Potion"}],"is_trial":false,"path_per_floor":["M","?","M","M","M","E","?","E"],"character_chosen":"HUNTRESS","items_purchased":[],"campfire_rested":0,"item_purchase_floors":[],"current_hp_per_floor":[69,69,63,63,60,20,13,0,0],"gold":189,"neow_bonus":"UPGRADE_CARD","is_daily":false,"chose_seed":false,"campfire_upgraded":0,"win_rate":0.0,"timestamp":1611824199,"path_taken":["M","?","M","M","M","E","?","E"],"items_purchased_type":[],"build_version":"2020-12-22","purchased_purges":0,"victory":false,"max_hp_per_floor":[70,70,70,70,70,70,70,70,70],"card_choices":[{"not_picked":["DemoMod:Casey","DemoMod:DoubleSwitch","DemoMod:ConditionalReflex"],"picked":"SKIP","floor":1},{"not_picked":["DemoMod:Casey","DemoMod:Replace"],"picked":"DemoMod:Rummage","floor":3},{"not_picked":["DemoMod:BlackHoleGun","DemoMod:BoxingGlove","DemoMod:Camera"],"picked":"SKIP","floor":4},{"not_picked":["DemoMod:Rummage","DemoMod:SniperShot"],"picked":"DemoMod:PotionOfGunFriendShip","floor":5},{"not_picked":["DemoMod:SAA","DemoMod:JK47"],"picked":"DemoMod:Eureka","floor":6}],"player_experience":365475,"relics_obtained":[{"floor":6,"key":"Mummified Hand"}],"event_choices":[{"cards_removed":["DemoMod:Strike_Huntress"],"damage_healed":0,"gold_gain":0,"player_choice":"Card Removal","damage_taken":7,"max_hp_gain":0,"max_hp_loss":0,"event_name":"Golden Wing","floor":7,"gold_loss":0}],"is_beta":false,"boss_relics":[],"items_purged_floors":[],"is_endless":false,"potions_floor_spawned":[4,6],"killed_by":"Gremlin Nob","ascension_level":2}}