{"host":"o5lch9xvacbb0fa4","time":1611838825,"event":{"mods":["AchievementEnabler","Act Like it!","Aspiration","Bard","BaseMod","Better Altar","Better Match","Better Note","Better Sensory Stone","Better Skull","Better Third Choice","Better Vampires","BetterRewards","CCEM","Colored Map","Conspire","Downfall","GifTheSpireLib","Googly Eyes","GungeonMod","Halation","Hermit","Highlight Path","Hubris","Infinite Spire","Jedi Mod","Jorbs\u0027s Wanderer Trilogy","Marisa????????","Marked Mod","Mimic Mod","Minty Spire (QoL Compilation)","Permanent Neow","Relic Filter","Relic Sorter","Relic Stats","Replay The Spire","Shade Mod","Shop Mod","Small Relic Pack","StSLib","Stuff the Spire","The Administrix","The Blackbeard","The Runesmith","Unceasing Turn Reminder","everything is the same but u backflip on backflip","slay the spire mod where everything is the same but ironclad has a cowboy hat"],"gold_per_floor":[118,118,133,146,161,161,193,27,27,27,27,38,38,68,68,163,163,151,170,184,196,213,213,213,213],"floor_reached":25,"playtime":1467,"items_purged":["Strike_P"],"score":240,"play_id":"606d1e4b-db8b-47ff-915d-c231d85222e6","local_time":"20210128210025","is_ascension_mode":false,"campfire_choices":[{"data":"LikeWater","floor":6.0,"key":"SMITH"},{"data":"Eruption","floor":10.0,"key":"SMITH"},{"floor":23,"key":"REST"}],"circlet_count":0,"master_deck":["Strike_P","Strike_P","Strike_P","Defend_P","Defend_P","Defend_P","Defend_P","Eruption+1","Vigilance","Apotheosis+1","LikeWater+1","expansioncontent:Chronoboost+1","EmptyFist","Replay:BasicMightCard+1","FollowUp","Consecrate","Adaptation","FlurryOfBlows","CutThroughFate","FlurryOfBlows","Omniscience","bard:Doot","bard:EchoEcho+1","Crescendo+1","Consecrate","FlurryOfBlows+1"],"relics":["PureWater","CCEMRelics:FestiveHat","Replay:Bottled Flurry","halation:Toothbrush","CultistMask","hubris:Teleporter","aspiration:BardSkillbook"],"acts_visited":["Exordium","TheCity"],"potions_floor_usage":[18,19,21,22,25,25],"damage_taken":[{"damage":0.0,"enemies":"2 Louse","floor":1.0,"turns":3.0},{"damage":12.0,"enemies":"Cultist","floor":3.0,"turns":3.0},{"damage":1.0,"enemies":"Small Slimes","floor":4.0,"turns":5.0},{"damage":5.0,"enemies":"Gremlin Gang","floor":5.0,"turns":4.0},{"damage":0.0,"enemies":"Replay:BlueRogue","floor":7.0,"turns":5.0},{"damage":4.0,"enemies":"Lots of Slimes","floor":12.0,"turns":3.0},{"damage":13.0,"enemies":"3 Sentries","floor":14.0,"turns":4.0},{"damage":20.0,"enemies":"The Guardian","floor":16.0,"turns":8.0},{"damage":25,"enemies":"2 Thieves","floor":18,"turns":4},{"damage":9,"enemies":"3 Byrds","floor":19,"turns":5},{"damage":8,"enemies":"Snecko","floor":20,"turns":4},{"damage":21,"enemies":"Snake Plant","floor":21,"turns":5},{"damage":22,"enemies":"Centurion and Healer","floor":22,"turns":3},{"damage":28,"enemies":"Gremlin Leader","floor":25,"turns":3}],"seed_played":"-6651907834954127832","potions_obtained":[{"floor":1.0,"key":"DuplicationPotion"},{"floor":2.0,"key":"SteroidPotion"},{"floor":2.0,"key":"Death Potion"},{"floor":5.0,"key":"Fire Potion"},{"floor":7.0,"key":"DuplicationPotion"},{"floor":15.0,"key":"Toxic Potion"},{"floor":15.0,"key":"Regen Potion"},{"floor":16.0,"key":"jedi:tentaclejuice"},{"floor":18,"key":"SkillPotion"},{"floor":21,"key":"jedi:StrikingPotion"},{"floor":22,"key":"Milkshake"}],"is_trial":false,"path_per_floor":["M","?","M","M","M","R","E","$","T","R","$","M","?","E","R_BF","B",null,"M","M","M","M","M","R","E"],"character_chosen":"WATCHER","items_purchased":["Adaptation","FlurryOfBlows"],"campfire_rested":1,"item_purchase_floors":[8,8],"current_hp_per_floor":[72,72,60,59,54,54,54,54,54,54,54,50,50,37,37,17,72,47,38,30,23,1,22,0,0],"gold":213,"neow_bonus":"RANDOM_COMMON_RELIC","is_daily":false,"chose_seed":false,"campfire_upgraded":2,"win_rate":0.0,"timestamp":1611838825,"path_taken":["M","?","M","M","?","R","E","?","T","R","$","M","?","E","R_BF","BOSS","M","M","?","M","?","R","E"],"items_purchased_type":["Card","Card"],"build_version":"2020-12-13","purchased_purges":1,"victory":false,"max_hp_per_floor":[72,72,72,72,72,72,72,72,72,72,72,72,72,72,72,72,72,72,72,72,72,72,72,72,72],"relic_stats":{"counters":[80,337],"obtain_stats":[{"DemoMod:GlassGuonStoneRelic":1,"Bottled Tornado":19,"aspiration:BardSkillbook":17,"Boot":0,"jedi:shrinkray":0,"relicPack:OneForAll":2,"Replay:Ringing Soul":26,"Centennial Puzzle":7,"infinitespire:SolderingIron":0,"Replay:Bronze Core":17,"Prayer Wheel":12,"Replay:Bottled Flurry":7,"hubris:Teleporter":14,"hubris:HollowSoul":0,"WarpedTongs":19,"infinitespire:EvilPickle":33,"conspire:GiftBox":4,"jedi:hotpepper":17,"CCEMRelics:FestiveHat":0,"Molten Egg 2":7,"StuffTheSpire:DarkSteelAnvil":14,"aspiration:SilentSkillbook":34,"CultistMask":13,"conspire:BottledYoYo":9,"hubris:TenFootPole":13,"Grinning Jar":20,"CatCart":38,"Lantern":0,"SacredBark":25,"Bag of Preparation":8,"jedi:command_boss":25,"Incense Burner":26,"relicPack:DarknessArmor":0,"Replay:Mystery Machine":5,"PrismaticShard":24,"Ancient Tea Set":8,"Chameleon Ring":9,"hubris:Backtick":17,"infinitespire:Bottled Soul":11,"StuffTheSpire:HeavyRock":6,"halation:Toothbrush":9,"halation:LettersToHer":0,"Cracked Core":7,"CCEMRelics:JestersCrown":6,"Ring of the Snake":0,"StuffTheSpire:TintedRock":11,"Damaru":14,"StuffTheSpire:Expresso":36,"jedi:crownofsimplicity":0,"CCEMRelics:SpiritsEdge":9,"jedi:fakemustache":0,"jedi:ominousloannote":0,"halation:EternalFortune":3,"Durian":22,"Bottled Lightning":9,"PureWater":6,"jedi:arcanewood":12,"ReplayTheSpireMod:Lightbulb":9},{"DemoMod:GlassGuonStoneRelic":1,"Bottled Tornado":63,"aspiration:BardSkillbook":74,"Boot":29,"jedi:shrinkray":29,"relicPack:OneForAll":1,"Replay:Ringing Soul":11,"Centennial Puzzle":57,"infinitespire:SolderingIron":14,"Replay:Bronze Core":39,"Prayer Wheel":22,"Replay:Bottled Flurry":71,"hubris:Teleporter":73,"hubris:HollowSoul":52,"WarpedTongs":40,"infinitespire:EvilPickle":47,"conspire:GiftBox":25,"jedi:hotpepper":8,"CCEMRelics:FestiveHat":66,"Molten Egg 2":3,"StuffTheSpire:DarkSteelAnvil":28,"aspiration:SilentSkillbook":47,"CultistMask":72,"conspire:BottledYoYo":35,"hubris:TenFootPole":60,"Grinning Jar":9,"CatCart":50,"Lantern":0,"SacredBark":43,"Bag of Preparation":26,"jedi:command_boss":43,"Incense Burner":43,"relicPack:DarknessArmor":29,"Replay:Mystery Machine":17,"PrismaticShard":10,"Ancient Tea Set":19,"Chameleon Ring":26,"hubris:Backtick":62,"infinitespire:Bottled Soul":59,"StuffTheSpire:HeavyRock":34,"halation:Toothbrush":71,"halation:LettersToHer":14,"Cracked Core":18,"CCEMRelics:JestersCrown":17,"Ring of the Snake":0,"StuffTheSpire:TintedRock":21,"Damaru":38,"StuffTheSpire:Expresso":49,"jedi:crownofsimplicity":29,"CCEMRelics:SpiritsEdge":4,"jedi:fakemustache":14,"jedi:ominousloannote":29,"halation:EternalFortune":16,"Durian":42,"Bottled Lightning":58,"PureWater":34,"jedi:arcanewood":6,"ReplayTheSpireMod:Lightbulb":19},{"DemoMod:GlassGuonStoneRelic":2,"Bottled Tornado":263,"aspiration:BardSkillbook":313,"Boot":139,"jedi:shrinkray":139,"relicPack:OneForAll":2,"Replay:Ringing Soul":52,"Centennial Puzzle":244,"infinitespire:SolderingIron":65,"Replay:Bronze Core":172,"Prayer Wheel":106,"Replay:Bottled Flurry":298,"hubris:Teleporter":305,"hubris:HollowSoul":226,"WarpedTongs":174,"infinitespire:EvilPickle":206,"conspire:GiftBox":114,"jedi:hotpepper":41,"CCEMRelics:FestiveHat":278,"Molten Egg 2":10,"StuffTheSpire:DarkSteelAnvil":125,"aspiration:SilentSkillbook":206,"CultistMask":301,"conspire:BottledYoYo":156,"hubris:TenFootPole":254,"Grinning Jar":45,"CatCart":220,"Lantern":0,"SacredBark":188,"Bag of Preparation":117,"jedi:command_boss":188,"Incense Burner":188,"relicPack:DarknessArmor":139,"Replay:Mystery Machine":82,"PrismaticShard":46,"Ancient Tea Set":96,"Chameleon Ring":117,"hubris:Backtick":260,"infinitespire:Bottled Soul":252,"StuffTheSpire:HeavyRock":153,"halation:Toothbrush":298,"halation:LettersToHer":65,"Cracked Core":83,"CCEMRelics:JestersCrown":82,"Ring of the Snake":0,"StuffTheSpire:TintedRock":105,"Damaru":166,"StuffTheSpire:Expresso":214,"jedi:crownofsimplicity":139,"CCEMRelics:SpiritsEdge":18,"jedi:fakemustache":65,"jedi:ominousloannote":139,"halation:EternalFortune":75,"Durian":181,"Bottled Lightning":247,"PureWater":150,"jedi:arcanewood":24,"ReplayTheSpireMod:Lightbulb":96}]},"card_choices":[{"not_picked":["Secret Technique+1","DemoMod:Deposit+1"],"picked":"Apotheosis+1","floor":1.0},{"not_picked":["CrushJoints","Replay:DivineShield"],"picked":"LikeWater","floor":1.0},{"not_picked":["expansioncontent:GoopSpray+1","Survey Options+1"],"picked":"expansioncontent:Chronoboost+1","floor":3.0},{"not_picked":["BowlingBash","WaveOfTheHand"],"picked":"EmptyFist","floor":3.0},{"not_picked":["expansioncontent:AwakenDeath+1","Survey Options+1"],"picked":"Replay:BasicMightCard+1","floor":4.0},{"not_picked":["ThirdEye","Protect"],"picked":"FollowUp","floor":4.0},{"not_picked":["BowlingBash","Nirvana","Replay:LoomingThreat"],"picked":"SKIP","floor":5.0},{"not_picked":["Protect","DeceiveReality"],"picked":"Consecrate","floor":7.0},{"not_picked":["InnerPeace","Collect"],"picked":"CutThroughFate","floor":12.0},{"not_picked":["EmptyBody","PathToVictory"],"picked":"FlurryOfBlows","floor":14.0},{"not_picked":["jedi:nirvanicrebirth","Vault"],"picked":"Omniscience","floor":16.0},{"not_picked":["Vengeance","Halt","Replay:AtTheReady"],"picked":"bard:Doot","floor":18},{"not_picked":["WaveOfTheHand+1","Indignation","SandsOfTime"],"picked":"bard:EchoEcho+1","floor":19},{"not_picked":["bard:HideousLaughter+1","ClearTheMind","Collect"],"picked":"Crescendo+1","floor":20},{"not_picked":["bard:LocateObject+1","bard:PhantasmalForce","bard:Doot"],"picked":"Consecrate","floor":21},{"not_picked":["CutThroughFate","Replay:AtTheReady+1","bard:Fermata"],"picked":"FlurryOfBlows+1","floor":22}],"player_experience":20307,"relics_obtained":[{"floor":7.0,"key":"Replay:Bottled Flurry"},{"floor":9.0,"key":"halation:Toothbrush"},{"floor":14.0,"key":"hubris:Teleporter"}],"event_choices":[{"damage_healed":0.0,"max_hp_gain":0.0,"max_hp_loss":0.0,"gold_gain":0.0,"event_name":"Lab","player_choice":"Got Potions","floor":2.0,"gold_loss":0.0,"damage_taken":0.0},{"damage_healed":0.0,"max_hp_gain":0.0,"max_hp_loss":0.0,"gold_gain":0.0,"event_name":"FaceTrader","player_choice":"Trade","floor":13.0,"gold_loss":0.0,"damage_taken":0.0,"relics_obtained":["CultistMask"]}],"is_beta":false,"boss_relics":[{"not_picked":["Replay:Bronze Core","halation:LoveArrow"],"picked":"aspiration:BardSkillbook"}],"items_purged_floors":[8],"is_endless":false,"potions_floor_spawned":[1,5,7,16,18,21,22],"killed_by":"Gremlin Leader","ascension_level":0}}