{"host":"tr12w2fixbnujl15","time":1611850001,"event":{"mods":["100% Spire Juice","2.2 Compatiblity","A Penny For Your Troubles","Arknights The Spire","BaseMod","Better Skull","Better Vampires","BetterRewards","CapriCore","Clockwork Mod","Colored Powertips","Evolution","Gremlin Skip","Hermit","Hubris","Infinite Spire","JesterMod","Kalas","KinomotoSakuraMod(????)","Koishi","Mad Scientist","Magitek Elite","Mathematician","Minty Spire (QoL Compilation)","Permanent Neow","Quick Restart","Reimu??????","Relic Filter","Remilia_Scarlet Moed?????·?????3.3.5","Replay The Spire","Shop Mod","StSLib","SuperFastMode","The Accelerator","The Animator","The Bug Knight","The Construct","The Cursed","The Hayseed","The Hierophant","The Immortal","The Mystic","The Necromancer","The Runesmith","The Sage","The Senshi","The Servant 0.9.4","The Spell Scribe","The Vixen","TheFirefly","TheSwordswoman","TheVelvet","Transform Curses","WarShipGirlsR/????R mod","Yakumo Yukari mod","[IsaacMod]????"],"gold_per_floor":[112,125,200,216,216,216,67,98,98,112,112,129,129,142,142,240,240,250,143,163,163,138,164,164,179,179,197,197,214,224,239,239,239,239],"floor_reached":33,"language":"ENG","playtime":892,"items_purged":["Languid"],"score":321,"play_id":"e8a1c242-a04a-439f-8ccc-4ea6ca7f9d83","local_time":"20210128110641","is_ascension_mode":false,"campfire_choices":[{"data":"Storm","floor":6,"key":"SMITH"},{"floor":11,"key":"REST"},{"data":"DoctorFetus","floor":13,"key":"SMITH"},{"floor":15,"key":"REST"},{"floor":24,"key":"REST"},{"floor":28,"key":"REST"},{"floor":32,"key":"REST"}],"circlet_count":0,"master_deck":["hubris:Fate+1","Ball Lightning","Ball Lightning","Ball Lightning","Ball Lightning","Conserve Battery","Conserve Battery","Conserve Battery","Conserve Battery","Zap","Dualcast","DoctorFetus+1","BasicCrystalCard","Storm+1","Loop","Cancel","Cold Snap","FTL","Storm","Capacitor","Fan+1","Self Repair","Ball Lightning","BasicCrystalCard+1","Turbo","AbeCurse","ReplayTheSpireMod:GoodbyeWorld+1","Turbo","All For One","Leap","Rebound","Sweeping Beam","Gash","Static Discharge+1"],"relics":["Cracked Core","EVO:Axolotl","HushsDoor","BelialBook","Chaos","hubris:Potato","SlaversCollar","Replay:WaspNest","MerchantsRug","ReplayTheSpireMod:CursedCoin","Prayer Wheel","infinitespire:Joker Card","Abe\u0027s Treasure"],"acts_visited":["Exordium","TheCity"],"potions_floor_usage":[10,14,27,31,33],"damage_taken":[{"damage":0,"enemies":"Cultist","floor":1,"turns":2},{"damage":4,"enemies":"Jaw Worm","floor":2,"turns":2},{"damage":7,"enemies":"2 Louse","floor":4,"turns":2},{"damage":20,"enemies":"3 Sentries","floor":8,"turns":3},{"damage":7,"enemies":"Blue Slaver","floor":10,"turns":2},{"damage":13,"enemies":"Exordium Thugs","floor":12,"turns":4},{"damage":10,"enemies":"Lots of Slimes","floor":14,"turns":3},{"damage":34,"enemies":"Hexaghost","floor":16,"turns":5},{"damage":3,"enemies":"Spheric Guardian","floor":18,"turns":3},{"damage":20,"enemies":"2 Thieves","floor":20,"turns":3},{"damage":52,"enemies":"Gremlin Leader","floor":23,"turns":6},{"damage":21,"enemies":"Snake Plant","floor":25,"turns":2},{"damage":10,"enemies":"Cultist and Chosen","floor":27,"turns":3},{"damage":21,"enemies":"Snecko","floor":29,"turns":5},{"damage":12,"enemies":"Centurion and Healer","floor":30,"turns":5},{"damage":19,"enemies":"Shelled Parasite and Fungi","floor":31,"turns":3},{"damage":30,"enemies":"Champ","floor":33,"turns":3}],"seed_played":"6920675867648932857","potions_obtained":[{"floor":1,"key":"ZuzhouPotion:ReiMu"},{"floor":2,"key":"Energy Potion"},{"floor":4,"key":"Energy Potion"},{"floor":14,"key":"Swift Potion"},{"floor":16,"key":"Dexterity Potion"},{"floor":23,"key":"Elixir"},{"floor":25,"key":"PowerPotion"},{"floor":29,"key":"Milkshake"},{"floor":31,"key":"BlessingOfTheForge"}],"is_trial":false,"path_per_floor":["M","M","?","M","?","R","$","E","T","M","R","M","R","M","R","B",null,"M","$","M","?","$","E","R","M","T","M","R","M","M","M","R","B"],"character_chosen":"DEFECT","items_purchased":["Chaos","MerchantsRug","ReplayTheSpireMod:CursedCoin","Capacitor","Self Repair"],"campfire_rested":5,"item_purchase_floors":[7,19,19,19,22],"current_hp_per_floor":[88,84,73,66,66,66,66,46,46,39,65,67,67,63,88,54,88,85,85,65,65,65,13,39,18,18,15,41,20,22,3,29,0,0],"gold":239,"neow_bonus":"TEN_PERCENT_HP_BONUS","is_daily":false,"chose_seed":false,"campfire_upgraded":2,"win_rate":0.0,"timestamp":1611850001,"path_taken":["M","?","?","M","?","R","$","E","T","M","R","M","R","?","R","BOSS","M","$","M","?","?","E","R","M","T","M","R","M","M","M","R","BOSS"],"items_purchased_type":["Card","Relic","Relic","Card","Card"],"build_version":"2020-12-22","purchased_purges":1,"victory":false,"max_hp_per_floor":[88,88,88,88,88,88,88,88,88,88,88,88,88,88,88,88,88,88,88,88,88,88,88,88,88,88,88,88,88,88,88,88,88,88],"card_choices":[{"not_picked":[],"picked":"DoctorFetus","floor":0},{"not_picked":["Beam Cell","Rip and Tear"],"picked":"Bomb","floor":1},{"not_picked":["Auto Shields","Machine Learning"],"picked":"BasicCrystalCard","floor":2},{"not_picked":["BasicCrystalCard","Bomb"],"picked":"Storm","floor":4},{"not_picked":["ReplayTheSpireMod:System Scan","BasicCrystalCard"],"picked":"Loop","floor":8},{"not_picked":["Panic Button","Biased Cognition"],"picked":"Cancel","floor":10},{"not_picked":["Streamline","Stack"],"picked":"Cold Snap","floor":12},{"not_picked":["BasicCrystalCard","Hologram"],"picked":"FTL","floor":14},{"not_picked":["Seek","hubris:Prefetch"],"picked":"ReplayTheSpireMod:Fabricate Wheel","floor":16},{"not_picked":["Steam","ReplayTheSpireMod:System Scan+1"],"picked":"Storm","floor":18},{"not_picked":["Conserve Battery","BasicCrystalCard"],"picked":"Fan","floor":20},{"not_picked":["Cancel+1","Coolheaded+1"],"picked":"Ball Lightning","floor":23},{"not_picked":["Streamline","Hologram"],"picked":"BasicCrystalCard+1","floor":25},{"not_picked":["Chaos","Meteor Strike"],"picked":"Turbo","floor":25},{"not_picked":["Panic Button","ReplayTheSpireMod:Reroute Power+1"],"picked":"ReplayTheSpireMod:GoodbyeWorld+1","floor":27},{"not_picked":["Gash","Leap+1"],"picked":"Turbo","floor":27},{"not_picked":["Stack","Redo"],"picked":"All For One","floor":29},{"not_picked":["Steam","Skim"],"picked":"Leap","floor":29},{"not_picked":["Hologram","Go for the Eyes"],"picked":"Rebound","floor":30},{"not_picked":["Go for the Eyes","Skim"],"picked":"Sweeping Beam","floor":30},{"not_picked":["BasicCrystalCard","Panic Button"],"picked":"Gash","floor":31},{"not_picked":["Blizzard","Sweeping Beam"],"picked":"Static Discharge+1","floor":31}],"player_experience":90026,"relics_obtained":[{"floor":8,"key":"hubris:Potato"},{"floor":9,"key":"SlaversCollar"},{"floor":23,"key":"infinitespire:Joker Card"},{"floor":26,"key":"Abe\u0027s Treasure"}],"event_choices":[{"damage_healed":0,"gold_gain":75,"player_choice":"Gather Gold","damage_taken":11,"max_hp_gain":0,"max_hp_loss":0,"event_name":"World of Goop","floor":3,"gold_loss":0},{"damage_healed":0,"gold_gain":0,"player_choice":"Ignored","damage_taken":0,"max_hp_gain":0,"max_hp_loss":0,"event_name":"NoteForYourself","floor":5,"gold_loss":0}],"is_beta":false,"boss_relics":[{"not_picked":["Coffee Dripper","TheBattery"],"picked":"Replay:WaspNest"},{"not_picked":[]}],"items_purged_floors":[19],"is_endless":false,"potions_floor_spawned":[1,2,4,14,16,23,25,29,31],"killed_by":"Champ","ascension_level":0}}