{"host":"dhlnk6yox2l1s6up","time":1611803780,"event":{"mods":["BaseMod","Bestiary","Colored Map","Highlight Path","Minty Spire (QoL Compilation)","Relic Stats","StSLib"],"gold_per_floor":[117,21,21,21,33,33,63,25,25,25,41,41,51,51,51,150,150,168,184,201,215,59,59,91,190,190,42,42,68,33,48,48,143,143,156,31,84,103,153,153,153],"floor_reached":40,"language":"ENG","playtime":2429,"items_purged":["Hyperbeam","Hyperbeam","Capacitor"],"score":612,"play_id":"9123bd1d-8c1f-41ec-9838-5823025190b0","local_time":"20210127211620","is_ascension_mode":true,"campfire_choices":[{"data":"Coolheaded","floor":6.0,"key":"SMITH"},{"data":"Creative AI","floor":10.0,"key":"SMITH"},{"data":"Defragment","floor":15.0,"key":"SMITH"},{"data":"Fission","floor":23,"key":"SMITH"},{"data":"Zap","floor":28,"key":"SMITH"},{"data":"Coolheaded","floor":32,"key":"SMITH"},{"floor":40,"key":"RECALL"}],"circlet_count":0,"master_deck":["Zap+1","Dualcast","Ball Lightning","Coolheaded+1","Ball Lightning","Steam","Creative AI+1","Conserve Battery","Defragment+1","Fission+1","Blizzard","Rip and Tear","Undo","Consume","Core Surge","Rainbow","Hologram+1","Capacitor","Conserve Battery","Core Surge","Coolheaded+1","Go for the Eyes","Self Repair","Chill+1","Echo Form","Lockon+1","Reinforced Body","Compile Driver","Skim"],"relics":["Coffee Dripper","Kunai","Pandora\u0027s Box","Eternal Feather","Ancient Tea Set","Happy Flower","Inserter","Prayer Wheel","Calipers"],"acts_visited":["Exordium","TheCity","TheBeyond"],"potions_floor_usage":[21,21,21,21,24,29,29,31,33,38],"damage_taken":[{"damage":2.0,"enemies":"Jaw Worm","floor":1.0,"turns":3.0},{"damage":0.0,"enemies":"Cultist","floor":5.0,"turns":3.0},{"damage":4.0,"enemies":"3 Sentries","floor":7.0,"turns":6.0},{"damage":1.0,"enemies":"2 Louse","floor":11.0,"turns":3.0},{"damage":0.0,"enemies":"Exordium Wildlife","floor":13.0,"turns":4.0},{"damage":4.0,"enemies":"The Guardian","floor":16.0,"turns":9.0},{"damage":4.0,"enemies":"2 Thieves","floor":18.0,"turns":2.0},{"damage":12.0,"enemies":"Chosen","floor":19.0,"turns":6.0},{"damage":5.0,"enemies":"Snecko","floor":20.0,"turns":4.0},{"damage":16,"enemies":"Sentry and Sphere","floor":21,"turns":8},{"damage":24,"enemies":"Book of Stabbing","floor":24,"turns":9},{"damage":18,"enemies":"Slavers","floor":29,"turns":6},{"damage":13,"enemies":"Snake Plant","floor":31,"turns":4},{"damage":26,"enemies":"Collector","floor":33,"turns":8},{"damage":7,"enemies":"Orb Walker","floor":35,"turns":5},{"damage":50,"enemies":"2 Orb Walkers","floor":37,"turns":5},{"damage":14,"enemies":"3 Darklings","floor":38,"turns":5},{"damage":0,"enemies":"Mind Bloom Boss Battle","floor":39,"turns":7}],"seed_played":"4328692043530347685","potions_obtained":[{"floor":1.0,"key":"GamblersBrew"},{"floor":14.0,"key":"Block Potion"},{"floor":14.0,"key":"EntropicBrew"},{"floor":18.0,"key":"Dexterity Potion"},{"floor":20.0,"key":"Regen Potion"},{"floor":21,"key":"FearPotion"},{"floor":29,"key":"PowerPotion"},{"floor":35,"key":"BlessingOfTheForge"},{"floor":39,"key":"DistilledChaos"}],"is_trial":false,"path_per_floor":["M","$","?","?","M","R","E","$","T","R","M","T","M","?","R","B",null,"M","M","M","M","$","R","E","?","T","$","R","E","$","M","R","B",null,"M","$","?","M","?","R"],"character_chosen":"DEFECT","items_purchased":["Coolheaded","Ball Lightning","Capacitor","Core Surge","SkillPotion","Self Repair"],"campfire_rested":0,"item_purchase_floors":[2,2,8,22,27,30],"current_hp_per_floor":[66,66,51,75,75,75,71,71,71,71,70,70,70,70,70,66,73,69,57,52,51,51,51,27,27,27,27,39,21,21,15,30,11,59,66,66,16,16,30,45,45],"gold":153,"neow_bonus":"BOSS_RELIC","is_daily":false,"chose_seed":false,"campfire_upgraded":6,"win_rate":0.0,"timestamp":1611803780,"path_taken":["M","$","?","?","M","R","E","?","T","R","M","?","?","?","R","BOSS","M","M","?","M","$","R","E","?","T","?","R","E","$","M","R","BOSS","M","$","?","M","?","R"],"items_purchased_type":["Card","Card","Card","Card","Potion","Card"],"build_version":"2020-12-22","purchased_purges":3,"victory":false,"max_hp_per_floor":[75,75,75,75,75,75,75,75,75,75,75,75,75,75,75,75,75,75,75,75,75,75,75,75,75,75,75,75,75,75,75,75,75,75,75,75,75,75,75,75,75],"relic_stats":{"Inserter":[11],"Happy Flower":[11],"counters":[18,97],"Pandora\u0027s Box":["Blizzard","Rip and Tear","Undo","Consume","Hyperbeam","Hyperbeam","Core Surge","Rainbow"],"Eternal Feather":42,"Prayer Wheel":1,"Kunai":[12],"obtain_stats":[{"Inserter":34,"Calipers":39,"Happy Flower":29,"Pandora\u0027s Box":17,"Eternal Feather":24,"Prayer Wheel":37,"Coffee Dripper":0,"Kunai":9,"Cracked Core":0,"Ancient Tea Set":26},{"Inserter":14,"Calipers":18,"Happy Flower":12,"Pandora\u0027s Box":6,"Eternal Feather":11,"Prayer Wheel":16,"Coffee Dripper":0,"Kunai":3,"Cracked Core":0,"Ancient Tea Set":11},{"Inserter":75,"Calipers":97,"Happy Flower":63,"Pandora\u0027s Box":28,"Eternal Feather":57,"Prayer Wheel":85,"Coffee Dripper":0,"Kunai":12,"Cracked Core":0,"Ancient Tea Set":57}]},"card_choices":[{"not_picked":["Tempest","Genetic Algorithm"],"picked":"Ball Lightning","floor":1.0},{"not_picked":["Rebound","Turbo"],"picked":"Steam","floor":5.0},{"not_picked":["Machine Learning","Steam Power"],"picked":"Creative AI","floor":7.0},{"not_picked":["Steam","Streamline"],"picked":"Conserve Battery","floor":11.0},{"not_picked":["Leap","Sweeping Beam"],"picked":"Defragment","floor":13.0},{"not_picked":["Creative AI","All For One"],"picked":"Fission","floor":16.0},{"not_picked":["Gash","Stack"],"picked":"Hologram+1","floor":18.0},{"not_picked":["Go for the Eyes","Gash"],"picked":"Capacitor","floor":19.0},{"not_picked":["Stack","Aggregate"],"picked":"Conserve Battery","floor":20.0},{"not_picked":["Recycle","Tempest","Steam"],"picked":"SKIP","floor":21},{"not_picked":["Conserve Battery","Leap"],"picked":"Coolheaded","floor":24},{"not_picked":["Stack+1","Cold Snap"],"picked":"Go for the Eyes","floor":29},{"not_picked":["Electrodynamics","Steam"],"picked":"Chill+1","floor":31},{"not_picked":["Thunder Strike","Multi-Cast"],"picked":"Echo Form","floor":33},{"not_picked":["Barrage","Streamline+1"],"picked":"Lockon+1","floor":35},{"not_picked":["Rebound+1","Streamline"],"picked":"Reinforced Body","floor":38},{"not_picked":["Rebound","Tempest"],"picked":"Compile Driver","floor":38},{"not_picked":["All For One","Recycle"],"picked":"Skim","floor":39}],"player_experience":5992346,"relics_obtained":[{"floor":9.0,"key":"Kunai"},{"floor":24,"key":"Eternal Feather"},{"floor":26,"key":"Ancient Tea Set"},{"floor":29,"key":"Happy Flower"},{"floor":37,"key":"Prayer Wheel"},{"floor":39,"key":"Calipers"}],"event_choices":[{"damage_healed":0.0,"max_hp_gain":0.0,"max_hp_loss":0.0,"gold_gain":0.0,"event_name":"Shining Light","player_choice":"Entered Light","floor":3.0,"gold_loss":0.0,"damage_taken":15.0,"cards_upgraded":["Strike_B","Strike_B"]},{"damage_healed":25.0,"max_hp_gain":0.0,"max_hp_loss":0.0,"gold_gain":0.0,"event_name":"Big Fish","player_choice":"Banana","floor":4.0,"gold_loss":0.0,"damage_taken":0.0},{"damage_healed":0.0,"max_hp_gain":0.0,"max_hp_loss":0.0,"gold_gain":0.0,"event_name":"Lab","player_choice":"Got Potions","floor":14.0,"gold_loss":0.0,"damage_taken":0.0},{"damage_healed":0,"gold_gain":99,"player_choice":"Stole From Cult","damage_taken":0,"max_hp_gain":0,"max_hp_loss":0,"event_name":"Nest","floor":25,"gold_loss":0},{"damage_healed":0,"gold_gain":0,"player_choice":"Fight","damage_taken":0,"max_hp_gain":0,"max_hp_loss":0,"event_name":"Mysterious Sphere","floor":37,"gold_loss":0},{"damage_healed":0,"gold_gain":0,"player_choice":"Fight","damage_taken":0,"max_hp_gain":0,"max_hp_loss":0,"event_name":"MindBloom","floor":39,"gold_loss":0}],"is_beta":false,"boss_relics":[{"not_picked":["Black Star","Ectoplasm"],"picked":"Pandora\u0027s Box"},{"not_picked":["Velvet Choker","Busted Crown"],"picked":"Inserter"}],"items_purged_floors":[22,27,36],"is_endless":false,"potions_floor_spawned":[1,18,20,21,29,35,39],"ascension_level":9}}