{"host":"z9grmtg2w0nmz8n1","time":1611798448,"event":{"mods":["Aspiration","BaseMod","Better Altar","Better Match","Better Note","Better Sensory Stone","Better Skull","Better Third Choice","BetterRewards","CCEM2","Clawfect","Colored Map","Conspire","GifTheSpireLib","Halation","Highlight Path","Hubris","Hunter ??","Jedi Mod","Minty Spire (QoL Compilation)","Permanent Neow","Reliquary","Replay The Spire","Shop Mod","Spicy Shops","StSLib","Stuff the Spire","The Administrix","The Blackbeard","The Runesmith","The Servant 0.9.4"],"gold_per_floor":[114,160,180,105,120,153,173,173,200,100,130,5,5,23,23,126,126,144,154,166,166,166,199,199,228,252,269,281,310,310,336,336,437,437,447,458,468,482,498,526,526,561,561,594,609,609,609,637,637,637,637,637,121,147,147,147],"floor_reached":55,"language":"ENG","playtime":2646,"items_purged":["Strike_R","Strike_R","Strike_R","Strike_R","Decay"],"score":947,"play_id":"195c5d75-5219-4e95-99d8-8051a0896aa7","local_time":"20210127234728","is_ascension_mode":true,"campfire_choices":[{"floor":8,"key":"RECALL"},{"data":"jedi:collectorstrike","floor":13,"key":"SMITH"},{"data":"Bludgeon","floor":15,"key":"SMITH"},{"floor":24,"key":"REST"},{"data":"Armaments","floor":32,"key":"SMITH"},{"data":"Demon Form","floor":32,"key":"SMITH"},{"data":"Clash","floor":41,"key":"SMITH"},{"data":"Pommel Strike","floor":41,"key":"SMITH"},{"data":"Pot Of Greed","floor":49,"key":"SMITH"},{"data":"Shrug It Off","floor":49,"key":"SMITH"},{"data":"Bash","floor":52,"key":"SMITH"},{"data":"Cleave","floor":52,"key":"SMITH"}],"circlet_count":0,"master_deck":["Strike_R","Defend_R","Defend_R","Defend_R","Defend_R","Bash+1","Bludgeon+1","Cleave+1","Pommel Strike+1","jedi:collectorstrike+1","Clash+1","Demon Form+1","CurseOfTheBell","Cleave+1","Armaments+1","Armaments+1","Pot Of Greed+1","Shrug It Off+1","Flex","Pot Of Greed"],"relics":["Burning Blood","reliquary:TridentHead","jedi:crownofsimplicity","Kunai","Calling Bell","jedi:cryingmask","Replay:Bottled Steam","conspire:Boomerang","halation:PinkSoulGem","Pear","aspiration:AnachronicSnailShell","CCEMRelics:SpiritsEdge","halation:PenCase","Anchor","jedi:leech","Painkiller Herb","Runesmith:AutoHammer","Replay:Wax Seal","reliquary:HotPoker","Grinning Jar","aspiration:HiddenCompartment","reliquary:PartyBalloon","CCEMRelics:PocketTank"],"acts_visited":["Exordium","TheCity","TheBeyond","TheEnding"],"potions_floor_usage":[11,16,16,19,38,40,45,50,50,55],"damage_taken":[{"damage":0,"enemies":"Cultist","floor":1,"turns":3},{"damage":1,"enemies":"Jaw Worm","floor":3,"turns":3},{"damage":2,"enemies":"2 Louse","floor":5,"turns":4},{"damage":35,"enemies":"3 Sentries","floor":6,"turns":8},{"damage":0,"enemies":"Lots of Slimes","floor":7,"turns":1},{"damage":11,"enemies":"Replay:BlueRogue","floor":11,"turns":4},{"damage":3,"enemies":"Large Slime","floor":14,"turns":4},{"damage":36,"enemies":"Fading Forest","floor":16,"turns":11},{"damage":16,"enemies":"conspire:FuzzyDice","floor":18,"turns":3},{"damage":2,"enemies":"Shell Parasite","floor":19,"turns":2},{"damage":40,"enemies":"Snake Plant","floor":20,"turns":5},{"damage":28,"enemies":"Gremlin Leader","floor":23,"turns":5},{"damage":23,"enemies":"Book of Stabbing","floor":25,"turns":4},{"damage":6,"enemies":"Chosen and Byrds","floor":27,"turns":2},{"damage":7,"enemies":"conspire:HollyBat","floor":28,"turns":9},{"damage":0,"enemies":"Gremlin Leader","floor":29,"turns":5},{"damage":3,"enemies":"conspire:Head Lice","floor":31,"turns":4},{"damage":43,"enemies":"Champ","floor":33,"turns":9},{"damage":0,"enemies":"Orb Walker","floor":35,"turns":2},{"damage":0,"enemies":"3 Darklings","floor":36,"turns":2},{"damage":11,"enemies":"Sphere and 2 Shapes","floor":37,"turns":3},{"damage":18,"enemies":"Spire Growth","floor":38,"turns":3},{"damage":3,"enemies":"3 Darklings","floor":39,"turns":3},{"damage":2,"enemies":"Giant Head","floor":40,"turns":6},{"damage":21,"enemies":"Reptomancer","floor":42,"turns":3},{"damage":29,"enemies":"Nemesis","floor":44,"turns":5},{"damage":0,"enemies":"Writhing Mass","floor":45,"turns":3},{"damage":0,"enemies":"Reptomancer","floor":48,"turns":3},{"damage":42,"enemies":"Awakened One","floor":50,"turns":11},{"damage":14,"enemies":"Shield and Spear","floor":54,"turns":4},{"damage":113,"enemies":"The Heart","floor":55,"turns":6}],"seed_played":"-878977055469660215","potions_obtained":[{"floor":7,"key":"AttackPotion"},{"floor":11,"key":"PowerPotion"},{"floor":14,"key":"PowerPotion"},{"floor":18,"key":"DistilledChaos"},{"floor":23,"key":"BloodPotion"},{"floor":27,"key":"Reflective Coating"},{"floor":31,"key":"Regen Potion"},{"floor":33,"key":"conspire:TimeTravelPotion"},{"floor":38,"key":"Block Potion"},{"floor":44,"key":"Block Potion"},{"floor":45,"key":"Block Potion"}],"is_trial":false,"path_per_floor":["M","T","M","$","M","E","M","R","T","$","E","$","R","M","R","B",null,"M","M","M","?","?","E","R","E","T","M","M","E","?","E","R","B",null,"?","?","?","?","?","E","T","E","T","E","?","?","?","E","T","B",null,"T","T","E","B"],"character_chosen":"IRONCLAD","items_purchased":["Flex","reliquary:PartyBalloon"],"campfire_rested":1,"item_purchase_floors":[53,53],"current_hp_per_floor":[80,80,80,80,80,51,57,57,57,57,52,52,52,55,55,35,80,70,74,40,40,40,28,55,38,38,38,37,43,43,46,46,9,90,90,90,85,81,84,88,88,73,73,50,56,56,56,62,62,41,90,90,90,82,0,0],"gold":147,"neow_bonus":"ONE_RANDOM_RARE_CARD","is_daily":false,"chose_seed":false,"campfire_upgraded":10,"win_rate":0.0,"timestamp":1611798448,"path_taken":["M","?","M","$","M","E","M","R","T","?","E","$","R","M","R","BOSS","M","?","?","?","?","E","R","E","T","M","M","E","?","E","R","BOSS","?","?","?","?","?","E","T","E","T","E","?","?","?","E","T","BOSS","T","T","E","BOSS"],"items_purchased_type":["Card","Relic"],"build_version":"2020-12-22","purchased_purges":5,"victory":false,"max_hp_per_floor":[80,80,80,80,80,80,80,80,80,80,80,80,80,80,80,80,80,80,80,80,80,80,90,90,90,90,90,90,90,90,90,90,90,90,90,90,90,90,90,90,90,90,90,90,90,90,90,90,90,90,90,90,90,90,90,90],"card_choices":[{"not_picked":["ReplayTheSpireMod:Strike From Hell","jedi:MakeshiftSword","Intimidate"],"picked":"SKIP","floor":1},{"not_picked":["Infernal Blade","Evolve"],"picked":"Cleave","floor":3},{"not_picked":["Clothesline","Sword Boomerang","Wild Strike"],"picked":"SKIP","floor":5},{"not_picked":["Uppercut","True Grit"],"picked":"Pommel Strike","floor":6},{"not_picked":["Wild Strike","Abandon"],"picked":"jedi:collectorstrike","floor":7},{"not_picked":["Pummel","Havoc"],"picked":"Clash","floor":11},{"not_picked":["Eclipse","Seeing Red"],"picked":"jedi:collectorstrike+1","floor":14},{"not_picked":["jedi:collectorstrike+1","Juggernaut"],"picked":"Demon Form","floor":16},{"not_picked":["jedi:fear","Havoc","jedi:suffering+1"],"picked":"SKIP","floor":18},{"not_picked":["Pommel Strike","jedi:hate","Headbutt"],"picked":"SKIP","floor":19},{"not_picked":["ReplayTheSpireMod:Corrosion Curse+1","Iron Wave"],"picked":"Cleave+1","floor":20},{"not_picked":["Seeing Red","jedi:suffering"],"picked":"jedi:collectorstrike+1","floor":23},{"not_picked":["jedi:controlledanger","Massacre"],"picked":"jedi:collectorstrike+1","floor":25},{"not_picked":["Body Slam+1","jedi:collectorstrike+1"],"picked":"Armaments+1","floor":27},{"not_picked":["Sword Boomerang+1","StuffTheSpire:Pyroclast+1"],"picked":"Armaments","floor":28},{"not_picked":["Metallicize+1","Iron Wave"],"picked":"jedi:collectorstrike+1","floor":29},{"not_picked":["StuffTheSpire:Resist","Battle Trance+1"],"picked":"jedi:collectorstrike+1","floor":31},{"not_picked":["Immolate","Demonic Infusion"],"picked":"jedi:collectorstrike+1","floor":33},{"not_picked":["Life Link","Twin Strike+1"],"picked":"jedi:collectorstrike+1","floor":35},{"not_picked":["Disarm+1","True Grit+1"],"picked":"jedi:collectorstrike+1","floor":36},{"not_picked":["ReplayReversal+1","Feel No Pain+1"],"picked":"jedi:collectorstrike+1","floor":37},{"not_picked":["Iron Wave","Warcry+1"],"picked":"jedi:collectorstrike+1","floor":38},{"not_picked":["Carnage","Run Through"],"picked":"jedi:collectorstrike+1","floor":39},{"not_picked":["StuffTheSpire:RagingBull","Fiend Fire"],"picked":"jedi:collectorstrike+1","floor":40},{"not_picked":["jedi:unlimitedpower","hubris:ReadiedAction+1"],"picked":"jedi:collectorstrike+1","floor":42},{"not_picked":["jedi:hate+1","jedi:MakeshiftSword"],"picked":"jedi:collectorstrike+1","floor":44},{"not_picked":["Pommel Strike+1","Warcry"],"picked":"jedi:collectorstrike+1","floor":45},{"not_picked":["Burning Pact","Run Through"],"picked":"jedi:collectorstrike+1","floor":48},{"not_picked":["ReplayTheSpireMod:Stacked","Sword Boomerang+1"],"picked":"jedi:collectorstrike+1","floor":54}],"player_experience":856091,"relics_obtained":[{"floor":6,"key":"reliquary:TridentHead"},{"floor":9,"key":"jedi:crownofsimplicity"},{"floor":11,"key":"Kunai"},{"floor":17,"key":"jedi:cryingmask"},{"floor":17,"key":"Replay:Bottled Steam"},{"floor":17,"key":"conspire:Boomerang"},{"floor":23,"key":"Pear"},{"floor":25,"key":"aspiration:AnachronicSnailShell"},{"floor":26,"key":"CCEMRelics:SpiritsEdge"},{"floor":29,"key":"halation:PenCase"},{"floor":31,"key":"jedi:leech"},{"floor":40,"key":"Runesmith:AutoHammer"},{"floor":42,"key":"Replay:Wax Seal"},{"floor":43,"key":"reliquary:HotPoker"},{"floor":44,"key":"Grinning Jar"},{"floor":48,"key":"aspiration:HiddenCompartment"},{"floor":54,"key":"CCEMRelics:PocketTank"}],"event_choices":[{"cards_removed":["Strike_R"],"damage_healed":0,"gold_gain":0,"player_choice":"Give","damage_taken":0,"max_hp_gain":0,"max_hp_loss":0,"event_name":"betterNote:BetterNote","floor":21,"gold_loss":0,"cards_obtained":["blackbeard:BlackbeardStrike"]},{"cards_removed":["Pot Of Greed"],"damage_healed":0,"gold_gain":0,"player_choice":"Removed Skill","damage_taken":0,"max_hp_gain":0,"max_hp_loss":0,"event_name":"Falling","floor":46,"gold_loss":0}],"is_beta":false,"boss_relics":[{"not_picked":["reliquary:WritOfMandamus","reliquary:KinkedSpring"],"picked":"Calling Bell"},{"not_picked":["Cursed Key","CCEMRelics:DefectiveTurbocharger"],"picked":"Painkiller Herb"}],"items_purged_floors":[4,10,12,53,53],"is_endless":false,"potions_floor_spawned":[7,11,14,18,23,27,31,33,35,38,39,44,45],"killed_by":"The Heart","ascension_level":1}}