{"host":"x38j7js0du66rp5l","time":1611807657,"event":{"mods":["Act Like it!","BaseMod","Conspire","Duelist Mod","Elementarium","Hermit","Hubris","Minty Spire (QoL Compilation)","StSLib","The Bladedancer","The Bug Knight","The Cursed","The Death Knight","The Gatherer","The Hierophant","The Marked","The Mystic","The Necromancer","The Runesmith","The Senshi","The Servant 0.9.4"],"gold_per_floor":[112,112,112,24,41,41,66,66,115,115,115,115],"floor_reached":11,"language":"ENG","playtime":461,"items_purged":[],"score":69,"play_id":"e7ba0234-48fb-4d2e-b18f-e72767cb7d4f","local_time":"20210127232057","is_ascension_mode":false,"campfire_choices":[{"data":"theSenshi:MoonPrismPowerMakeUp","floor":6,"key":"SMITH"},{"data":"theSenshi:CrisisMakeUp","floor":10,"key":"SMITH"}],"circlet_count":0,"master_deck":["theSenshi:SailorKick+1","theSenshi:SailorKick","theSenshi:SailorKick","theSenshi:SailorKick","theSenshi:SailorBlock","theSenshi:SailorBlock","theSenshi:SailorBlock","theSenshi:SailorBlock+1","theSenshi:RoseThrow","theSenshi:MoonPrismPowerMakeUp+1","theSenshi:MoonPrincessHalation","theSenshi:SteeledNerves","theSenshi:EncouragingSpeech","theSenshi:MoonPunch","theSenshi:CrisisMakeUp+1"],"relics":["theSenshi:TransformationBroochRelic","conspire:Dentures","hubris:Towel","theSenshi:SailorFukuRelic"],"acts_visited":["Exordium"],"potions_floor_usage":[],"damage_taken":[{"damage":5,"enemies":"2 Louse","floor":1,"turns":3},{"damage":11,"enemies":"Small Slimes","floor":5,"turns":4},{"damage":14,"enemies":"Lagavulin","floor":7,"turns":5},{"damage":49,"enemies":"3 Sentries","floor":11,"turns":8}],"seed_played":"2274779692084318187","potions_obtained":[],"is_trial":false,"path_per_floor":["M","?","?","$","M","R","E","?","T","R","E"],"character_chosen":"THE_SENSHI","items_purchased":["theSenshi:SteeledNerves","theSenshi:EncouragingSpeech"],"campfire_rested":0,"item_purchase_floors":[4,4],"current_hp_per_floor":[77,61,66,66,55,55,41,41,41,41,0,0],"gold":115,"neow_bonus":"TEN_PERCENT_HP_BONUS","is_daily":false,"chose_seed":false,"campfire_upgraded":2,"win_rate":0.0,"timestamp":1611807657,"path_taken":["M","?","?","?","M","R","E","?","T","R","E"],"items_purchased_type":["Card","Card"],"build_version":"2020-12-22","purchased_purges":0,"victory":false,"max_hp_per_floor":[82,82,87,87,87,87,87,87,87,87,87,87],"card_choices":[{"not_picked":["theSenshi:SchoolBag","theSenshi:SailorNeptuneAssists"],"picked":"theSenshi:MoonPrincessHalation","floor":1},{"not_picked":["theSenshi:SchoolBag","theSenshi:Sidestep"],"picked":"theSenshi:MoonPunch","floor":5},{"not_picked":["theSenshi:SailorV","theSenshi:SailorStarMakerAssists"],"picked":"theSenshi:CrisisMakeUp","floor":7}],"player_experience":7159,"relics_obtained":[{"floor":7,"key":"conspire:Dentures"},{"floor":9,"key":"theSenshi:SailorFukuRelic"}],"event_choices":[{"damage_healed":0,"gold_gain":0,"player_choice":"Entered Light","damage_taken":16,"max_hp_gain":0,"max_hp_loss":0,"event_name":"Shining Light","floor":2,"gold_loss":0,"cards_upgraded":["theSenshi:SailorBlock","theSenshi:SailorKick"]},{"damage_healed":0,"gold_gain":0,"player_choice":"Donut","damage_taken":0,"max_hp_gain":5,"max_hp_loss":0,"event_name":"Big Fish","floor":3,"gold_loss":0}],"is_beta":false,"boss_relics":[],"items_purged_floors":[],"is_endless":false,"potions_floor_spawned":[],"killed_by":"3 Sentries","ascension_level":0}}