{"host":"vqgrg90fv56geajp","time":1611866373,"event":{"mods":["BaseMod","Colored Map","Colored Powertips","Minty Spire (QoL Compilation)","Quick Restart","Rare Cards Sparkle","Relic Stats"],"gold_per_floor":[113,133,133,143,163,163,163],"floor_reached":6,"language":"ENG","playtime":532,"items_purged":[],"score":76,"play_id":"d385686c-819a-4b09-ae17-9f39d08b9c72","local_time":"20210128223933","is_ascension_mode":true,"campfire_choices":[],"circlet_count":0,"master_deck":["AscendersBane","Strike_G","Strike_G","Strike_G","Strike_G","Strike_G","Defend_G","Defend_G","Defend_G","Defend_G","Defend_G","Survivor","Neutralize","Blade Dance","Tactician","Adrenaline","Blade Dance"],"relics":["Ring of the Snake"],"acts_visited":["Exordium"],"potions_floor_usage":[6],"damage_taken":[{"damage":4,"enemies":"Jaw Worm","floor":1,"turns":6},{"damage":0,"enemies":"Cultist","floor":2,"turns":4},{"damage":10,"enemies":"2 Louse","floor":4,"turns":3},{"damage":19,"enemies":"Gremlin Gang","floor":5,"turns":6},{"damage":79,"enemies":"Lagavulin","floor":6,"turns":13}],"seed_played":"-92939403427468420","potions_obtained":[{"floor":2,"key":"Strength Potion"},{"floor":3,"key":"Ancient Potion"},{"floor":3,"key":"FairyPotion"},{"floor":4,"key":"GhostInAJar"}],"is_trial":false,"path_per_floor":["M","M","?","M","M","E"],"character_chosen":"THE_SILENT","items_purchased":[],"campfire_rested":0,"item_purchase_floors":[],"current_hp_per_floor":[61,61,61,51,32,0,0],"gold":163,"neow_bonus":"TEN_PERCENT_HP_BONUS","is_daily":false,"chose_seed":false,"campfire_upgraded":0,"win_rate":0.0,"timestamp":1611866373,"path_taken":["M","M","?","M","M","E"],"items_purchased_type":[],"build_version":"2020-12-22","purchased_purges":0,"victory":false,"max_hp_per_floor":[72,72,72,72,72,72,72],"relic_stats":{"counters":[5,32],"obtain_stats":[{"Ring of the Snake":0},{"Ring of the Snake":0},{"Ring of the Snake":0}],"Ring of the Snake":[10]},"card_choices":[{"not_picked":["Deflect","Eviscerate"],"picked":"Blade Dance","floor":1},{"not_picked":["Poisoned Stab","Quick Slash"],"picked":"Tactician","floor":2},{"not_picked":["PiercingWail","All Out Attack"],"picked":"Adrenaline","floor":4},{"not_picked":["Quick Slash","Reflex"],"picked":"Blade Dance","floor":5}],"player_experience":2515611,"relics_obtained":[],"event_choices":[{"damage_healed":0,"gold_gain":0,"player_choice":"Got Potions","damage_taken":0,"max_hp_gain":0,"max_hp_loss":0,"event_name":"Lab","floor":3,"gold_loss":0}],"is_beta":false,"boss_relics":[],"items_purged_floors":[],"is_endless":false,"potions_floor_spawned":[2,4],"killed_by":"Lagavulin","ascension_level":20}}