{"host":"wg29woj1pduqw9vg","time":1611815219,"event":{"mods":["BaseMod","Bestiary","Better Third Choice","Colored Map","Downfall","Highlight Path","Minty Spire (QoL Compilation)","Quick Restart","StSLib"],"gold_per_floor":[99,118,134,134,150,170,194,204,204,219,219,235,145,161,175,272,272,272,292,292,23,33,33,33,51,66,82,82,82,82,101,112,212,212,212,232,250,250,16,16,16,33,61,7,7,23,23,41,53,53,53,53],"floor_reached":50,"language":"ENG","playtime":3082,"items_purged":["bronze:Strike"],"score":474,"play_id":"04c8c87c-ff4b-486c-bd40-943b9e656775","local_time":"20210127222659","is_ascension_mode":false,"campfire_choices":[{"data":"bronze:Replicate","floor":1.0,"key":"SMITH"},{"data":"bronze:MaxOutput","floor":9.0,"key":"SMITH"},{"data":"bronze:BugBarrage","floor":11.0,"key":"SMITH"},{"data":"bronze:BugBarrage","floor":18.0,"key":"SMITH"},{"data":"bronze:ShipIt","floor":23.0,"key":"SMITH"},{"data":"bronze:ShipIt","floor":28.0,"key":"SMITH"},{"floor":30.0,"key":"REST"},{"data":"bronze:FineTuning","floor":35,"key":"SMITH"},{"data":"bronze:ChosenStrike","floor":40,"key":"SMITH"},{"data":"bronze:BugBarrage","floor":45,"key":"SMITH"},{"floor":47,"key":"REST"}],"circlet_count":0,"master_deck":["bronze:Strike","bronze:Strike","bronze:Defend","bronze:Defend+1","bronze:Defend","bronze:Defend","bronze:Replicate+1","bronze:Goto+1","bronze:ChosenStrike+1","bronze:Branch+1","bronze:MaxOutput+1","bronze:BugBarrage+1","bronze:WildBeam","bronze:BugBarrage+1","bronze:ItsAFeature","bronze:ShipIt+1","bronze:ShipIt+1","bronze:Shield","bronze:Frontload+1","bronze:FineTuning+1","bronze:DelayedSlice+1","bronze:BugBarrage+1","bronze:Fortify","Parasite","bronze:Shield+1"],"relics":["bronze:BronzeCore","War Paint","Bag of Preparation","Philosopher\u0027s Stone","Matryoshka","Bronze Scales","Pear","Nilry\u0027s Codex","Sozu","bronze:SilverBullet","Sling","Letter Opener","Ancient Tea Set","Regal Pillow"],"acts_visited":["Exordium","TheCity","TheBeyond"],"potions_floor_usage":[42,42],"damage_taken":[{"damage":0.0,"enemies":"Small Slimes","floor":2.0,"turns":4.0},{"damage":0.0,"enemies":"Cultist","floor":3.0,"turns":3.0},{"damage":0.0,"enemies":"2 Louse","floor":5.0,"turns":2.0},{"damage":2.0,"enemies":"Lots of Slimes","floor":6.0,"turns":4.0},{"damage":0.0,"enemies":"Exordium Wildlife","floor":8.0,"turns":4.0},{"damage":2.0,"enemies":"Exordium Thugs","floor":10.0,"turns":2.0},{"damage":0.0,"enemies":"Large Slime","floor":12.0,"turns":2.0},{"damage":0.0,"enemies":"downfall:FleeingMerchant","floor":13.0,"turns":4.0},{"damage":0.0,"enemies":"3 Louse","floor":14.0,"turns":2.0},{"damage":0.0,"enemies":"Exordium Thugs","floor":15.0,"turns":3.0},{"damage":20.0,"enemies":"IC_STATUS_ARCHETYPE","floor":16.0,"turns":3.0},{"damage":0.0,"enemies":"Spheric Guardian","floor":19.0,"turns":3.0},{"damage":7.0,"enemies":"downfall:FleeingMerchant","floor":21.0,"turns":4.0},{"damage":1.0,"enemies":"Cultist and Chosen","floor":22.0,"turns":3.0},{"damage":5.0,"enemies":"Snecko","floor":25.0,"turns":3.0},{"damage":0.0,"enemies":"Chosen and Byrds","floor":26.0,"turns":3.0},{"damage":7.0,"enemies":"Cultist and Chosen","floor":27.0,"turns":4.0},{"damage":0.0,"enemies":"Sentry and Sphere","floor":31.0,"turns":3.0},{"damage":0.0,"enemies":"Shelled Parasite and Fungi","floor":32.0,"turns":3.0},{"damage":23.0,"enemies":"WA_ARCHETYPE_CALM","floor":33.0,"turns":7.0},{"damage":7,"enemies":"3 Shapes","floor":36,"turns":3},{"damage":0,"enemies":"Orb Walker","floor":37,"turns":2},{"damage":0,"enemies":"downfall:FleeingMerchant","floor":39,"turns":1},{"damage":0,"enemies":"Transient","floor":42,"turns":5},{"damage":32,"enemies":"Giant Head","floor":43,"turns":5},{"damage":3,"enemies":"Maw","floor":46,"turns":5},{"damage":6,"enemies":"Writhing Mass","floor":48,"turns":3},{"damage":0,"enemies":"Transient","floor":49,"turns":5},{"damage":72,"enemies":"DF_ARCHETYPE_ORBS","floor":50,"turns":8}],"seed_played":"60901778693284192","potions_obtained":[{"floor":2.0,"key":"SpeedPotion"},{"floor":5.0,"key":"FearPotion"},{"floor":15.0,"key":"Weak Potion"},{"floor":31.0,"key":"bronze:BurnAndBuffPotion"},{"floor":33.0,"key":"AttackPotion"}],"is_trial":false,"path_per_floor":["R","M","M","?","M","M","T","M","R","M","R","M","$","M","M","B",null,"R","M","?","$","M","R","T","M","M","M","R","?","R","M","M","B",null,"R","M","M","?","$","R","T","M","E","$","R","M","R","M","M","B"],"character_chosen":"THE_AUTOMATON","items_purchased":["Matryoshka","bronze:SilverBullet","Sling","Letter Opener","bronze:BugBarrage"],"campfire_rested":2,"item_purchase_floors":[21,39,39,39,44],"current_hp_per_floor":[70,70,70,70,70,68,68,68,68,66,66,66,66,66,66,46,70,70,70,70,63,62,62,72,67,67,60,60,44,68,68,68,45,80,80,73,73,73,73,73,73,73,41,41,41,38,77,71,71,0,0,0],"gold":53,"neow_bonus":"RANDOM_COMMON_RELIC","is_daily":false,"chose_seed":false,"campfire_upgraded":9,"win_rate":0.0,"timestamp":1611815219,"path_taken":["R","M","M","?","?","M","T","M","R","M","R","M","$","M","M","BOSS","R","M","?","$","M","R","T","?","M","M","R","?","R","M","M","BOSS","R","M","M","?","$","R","T","M","E","?","R","M","R","M","M","BOSS"],"items_purchased_type":["Relic","Relic","Relic","Relic","Card"],"build_version":"2020-12-22","purchased_purges":1,"victory":false,"max_hp_per_floor":[70,70,70,70,70,70,70,70,70,70,70,70,70,70,70,70,70,70,70,70,70,70,70,80,80,80,80,80,80,80,80,80,80,80,80,80,80,80,80,80,80,80,80,80,80,80,80,80,80,80,80,80],"card_choices":[{"not_picked":["bronze:ForLoop","bronze:ClassDefault"],"picked":"bronze:ChosenStrike","floor":2.0},{"not_picked":["bronze:OilSpill","bronze:BugBarrage"],"picked":"bronze:Branch","floor":3.0},{"not_picked":["bronze:BuggyMess","bronze:Return","bronze:Invalidate"],"picked":"SKIP","floor":5.0},{"not_picked":["bronze:Shell","bronze:DelayedGuard"],"picked":"bronze:MaxOutput","floor":6.0},{"not_picked":["bronze:Invalidate","bronze:Deprecate","bronze:BitShift"],"picked":"SKIP","floor":8.0},{"not_picked":["bronze:WildBeam","bronze:Philosophize"],"picked":"bronze:BugBarrage","floor":10.0},{"not_picked":["bronze:HardenedForm","bronze:ItsAFeature"],"picked":"bronze:WildBeam","floor":12.0},{"not_picked":["bronze:DelayedSlice","bronze:BronzeOrb","bronze:WhirlingStrike"],"picked":"SKIP","floor":13.0},{"not_picked":["bronze:OilSpill","bronze:WildBeam"],"picked":"bronze:BugBarrage","floor":14.0},{"not_picked":["bronze:BugBarrage","bronze:Shell"],"picked":"bronze:ItsAFeature","floor":15.0},{"not_picked":["bronze:Verify","bronze:ThunderWave"],"picked":"bronze:ShipIt","floor":16.0},{"not_picked":["bronze:ItsAFeature","bronze:Shell","bronze:WildBeam"],"picked":"SKIP","floor":19.0},{"not_picked":["bronze:Frontload","bronze:ForceShield+1"],"picked":"bronze:Shield","floor":21.0},{"not_picked":["bronze:Repair","bronze:Boost","bronze:BronzeArmor"],"picked":"SKIP","floor":22.0},{"not_picked":["bronze:ItsAFeature+1","bronze:Backtrace","bronze:FineTuning"],"picked":"SKIP","floor":25.0},{"not_picked":["bronze:ChosenStrike","bronze:Return","bronze:Repair"],"picked":"SKIP","floor":26.0},{"not_picked":["bronze:CloningBeam","bronze:WhirlingStrike"],"picked":"bronze:Frontload+1","floor":27.0},{"not_picked":["bronze:Shield","bronze:MaxOutput","bronze:Fortify"],"picked":"SKIP","floor":31.0},{"not_picked":["bronze:BuggyMess","bronze:BronzeOrb"],"picked":"bronze:FineTuning","floor":32.0},{"not_picked":["bronze:ItsAFeature","bronze:WhirlingStrike+1","bronze:Shield+1"],"picked":"SKIP","floor":36},{"not_picked":["bronze:MaxOutput+1","bronze:Optimize+1","bronze:WhirlingStrike+1"],"picked":"SKIP","floor":37},{"not_picked":["bronze:Assembly","bronze:FineTuning+1","bronze:DelayedSlice"],"picked":"SKIP","floor":39},{"not_picked":["bronze:FineTuning","bronze:OilSpill+1"],"picked":"bronze:DelayedSlice+1","floor":42},{"not_picked":["bronze:Branch","bronze:DelayedGuard+1","bronze:WhirlingStrike+1"],"picked":"SKIP","floor":43},{"not_picked":["bronze:Flail+1","bronze:MaxOutput+1"],"picked":"bronze:Fortify","floor":46},{"not_picked":["bronze:DelayedSlice+1","bronze:WildBeam"],"picked":"bronze:Shield+1","floor":48},{"not_picked":["bronze:Safeguard","bronze:MaxOutput+1","bronze:BitShift+1"],"picked":"SKIP","floor":49}],"player_experience":56827,"relics_obtained":[{"floor":7.0,"key":"Bag of Preparation"},{"floor":24.0,"key":"Bronze Scales"},{"floor":24.0,"key":"Pear"},{"floor":29.0,"key":"Nilry\u0027s Codex"},{"floor":41,"key":"Ancient Tea Set"},{"floor":43,"key":"Regal Pillow"}],"event_choices":[],"is_beta":false,"boss_relics":[{"not_picked":["Coffee Dripper","Black Star"],"picked":"Philosopher\u0027s Stone"},{"not_picked":["Runic Dome","Calling Bell"],"picked":"Sozu"}],"items_purged_floors":[13],"is_endless":false,"potions_floor_spawned":[2,5,15,16,25,27,31,32,33,42,43,46,48],"killed_by":"DF_ARCHETYPE_ORBS","ascension_level":0}}