{"host":"g2yp6paluzgljz05","time":1611795400,"event":{"mods":["BaseMod","Bestiary","Colored Powertips","DeckTracker","Highlight Path","Minty Spire (QoL Compilation)","Quick Restart"],"gold_per_floor":[111,111,131,155,1,1,16,29,29,49,49,62,79,91,91,91,91],"floor_reached":16,"language":"ENG","playtime":906,"items_purged":[],"score":134,"play_id":"88363bba-eceb-45b6-a70c-cefd14b1ae6a","local_time":"20210128115640","is_ascension_mode":true,"campfire_choices":[{"data":"Dark Embrace","floor":6,"key":"SMITH"},{"data":"Corruption","floor":11,"key":"SMITH"},{"floor":15,"key":"REST"}],"circlet_count":0,"master_deck":["Strike_R","Strike_R","Strike_R","Strike_R","Strike_R","Defend_R","Defend_R","Defend_R","Defend_R","Bash","Shame","Corruption+1","Dark Embrace+1","Sentinel","Battle Trance","True Grit","Shrug It Off","Rage"],"relics":["Burning Blood","Pear","Potion Belt","Toolbox","Bottled Tornado"],"acts_visited":["Exordium"],"potions_floor_usage":[],"damage_taken":[{"damage":18,"enemies":"Jaw Worm","floor":1,"turns":4},{"damage":14,"enemies":"Cultist","floor":3,"turns":5},{"damage":15,"enemies":"2 Louse","floor":7,"turns":4},{"damage":33,"enemies":"Exordium Thugs","floor":8,"turns":5},{"damage":0,"enemies":"Large Slime","floor":10,"turns":7},{"damage":8,"enemies":"Exordium Wildlife","floor":12,"turns":3},{"damage":13,"enemies":"Blue Slaver","floor":13,"turns":4},{"damage":0,"enemies":"Looter","floor":14,"turns":3},{"damage":42,"enemies":"The Guardian","floor":16,"turns":6}],"seed_played":"314724122620453550","potions_obtained":[{"floor":1,"key":"Strength Potion"},{"floor":3,"key":"GamblersBrew"},{"floor":7,"key":"BlessingOfTheForge"}],"is_trial":false,"path_per_floor":["M","?","M","T","$","R","M","M","T","M","R","M","M","M","R","B"],"character_chosen":"IRONCLAD","items_purchased":["Toolbox"],"campfire_rested":1,"item_purchase_floors":[5],"current_hp_per_floor":[60,70,62,62,62,62,53,26,26,32,32,30,23,29,56,14,14],"gold":91,"neow_bonus":"THREE_RARE_CARDS","is_daily":false,"chose_seed":false,"campfire_upgraded":2,"win_rate":0.0,"timestamp":1611795400,"path_taken":["M","?","?","?","?","R","?","M","T","M","R","M","M","M","R","BOSS"],"items_purchased_type":["Relic"],"build_version":"2020-12-22","purchased_purges":0,"victory":false,"max_hp_per_floor":[80,90,90,90,90,90,90,90,90,90,90,90,90,90,90,90,90],"card_choices":[{"not_picked":["Barricade","Bludgeon"],"picked":"Corruption","floor":0},{"not_picked":["Disarm","Warcry"],"picked":"Dark Embrace","floor":1},{"not_picked":["Cleave","Iron Wave","Flex"],"picked":"SKIP","floor":3},{"not_picked":["Heavy Blade","Thunderclap"],"picked":"Sentinel","floor":7},{"not_picked":["Wild Strike","Dropkick"],"picked":"Battle Trance","floor":8},{"not_picked":["Sever Soul","Thunderclap"],"picked":"True Grit","floor":10},{"not_picked":["Second Wind","Thunderclap"],"picked":"Shrug It Off","floor":12},{"not_picked":["Body Slam","Evolve","Clothesline"],"picked":"SKIP","floor":13},{"not_picked":["Evolve","Iron Wave"],"picked":"Rage","floor":14}],"player_experience":282957,"relics_obtained":[{"floor":4,"key":"Potion Belt"},{"floor":9,"key":"Bottled Tornado"}],"event_choices":[{"damage_healed":0,"gold_gain":0,"player_choice":"Gave Potion","damage_taken":0,"relics_obtained":["Pear"],"max_hp_gain":0,"max_hp_loss":0,"event_name":"WeMeetAgain","floor":2,"gold_loss":0}],"is_beta":false,"boss_relics":[],"items_purged_floors":[],"is_endless":false,"potions_floor_spawned":[1,3,7],"killed_by":"The Guardian","ascension_level":8}}