{"host":"mmro3auxcbu5pwad","time":1611832821,"event":{"mods":["Aspiration","BaseMod","Conspire","Energized Spire","Halation","Hubris","Infinite Spire","Minty Spire (QoL Compilation)","Permanent Neow","Replay The Spire","StSLib"],"gold_per_floor":[113,126,41,41,41,41,41,61,87,99,20,37,55,55,55,55,55],"floor_reached":16,"language":"ENG","playtime":761,"items_purged":[],"score":101,"play_id":"aeaad71d-90fa-4727-b586-a6b8795d1f9c","local_time":"20210128122021","is_ascension_mode":true,"campfire_choices":[{"data":"Outmaneuver","floor":6,"key":"SMITH"},{"data":"Neutralize","floor":15,"key":"SMITH"}],"circlet_count":0,"master_deck":["Strike_G","Strike_G","Strike_G","Strike_G","Strike_G","Defend_G+1","Defend_G+1","Defend_G+1","Defend_G+1","Defend_G+1","Survivor+1","Neutralize+1","Outmaneuver+1","Bandage Up+1","Leg Sweep+1","Dash","Reflex+1"],"relics":["Blue Doll","Sizzling Blood","halation:EternalFortune"],"acts_visited":["Exordium"],"potions_floor_usage":[12],"damage_taken":[{"damage":5,"enemies":"Cultist","floor":1,"turns":4},{"damage":2,"enemies":"2 Louse","floor":2,"turns":3},{"damage":5,"enemies":"Jaw Worm","floor":8,"turns":7},{"damage":10,"enemies":"3 Louse","floor":10,"turns":6},{"damage":5,"enemies":"Large Slime","floor":12,"turns":7},{"damage":0,"enemies":"Blue Slaver","floor":13,"turns":6},{"damage":85,"enemies":"Hexaghost","floor":16,"turns":23}],"seed_played":"3016210584834852788","potions_obtained":[{"floor":1,"key":"Ancient Potion"},{"floor":2,"key":"Fire Potion"},{"floor":12,"key":"CunningPotion"}],"is_trial":false,"path_per_floor":["M","M","$","?","?","R","?","M","T","M","$","M","M","?","R","B"],"character_chosen":"THE_SILENT","items_purchased":["Bandage Up","Dash"],"campfire_rested":0,"item_purchase_floors":[3,11],"current_hp_per_floor":[65,63,63,67,67,67,70,73,73,71,71,74,77,77,77,0,0],"gold":55,"neow_bonus":"RANDOM_COMMON_RELIC","is_daily":false,"chose_seed":false,"campfire_upgraded":2,"win_rate":0.0,"timestamp":1611832821,"path_taken":["M","M","$","?","?","R","?","M","T","M","?","M","M","?","R","BOSS"],"items_purchased_type":["Card","Card"],"build_version":"2020-12-22","purchased_purges":0,"victory":false,"max_hp_per_floor":[70,70,70,74,74,74,77,77,77,77,77,77,77,77,77,77,77],"card_choices":[{"not_picked":["Deadly Poison","Acrobatics"],"picked":"Outmaneuver","floor":1},{"not_picked":["Terror","PiercingWail","Prepared"],"picked":"SKIP","floor":2},{"not_picked":["Prepared","Acrobatics"],"picked":"Leg Sweep","floor":8},{"not_picked":["PiercingWail","ReplayTheSpireMod:Scrap Shanks","Deflect"],"picked":"SKIP","floor":10},{"not_picked":["Endless Agony","Bouncing Flask","ReplayTheSpireMod:Scrap Shanks"],"picked":"SKIP","floor":12},{"not_picked":["Backflip","Choke"],"picked":"Reflex","floor":13}],"player_experience":67302,"relics_obtained":[{"floor":9,"key":"infinitespire:Satchel"}],"event_choices":[{"damage_healed":0,"gold_gain":0,"player_choice":"Disagree","damage_taken":0,"max_hp_gain":0,"max_hp_loss":0,"event_name":"conspire:LoneGhost","floor":5,"gold_loss":0}],"is_beta":false,"boss_relics":[],"items_purged_floors":[],"is_endless":false,"potions_floor_spawned":[1,2,12],"killed_by":"Hexaghost","ascension_level":2}}