{"host":"dxb4eoww080epc4n","time":1611867108,"event":{"mods":["AchievementEnabler","BaseMod","Better Note","BetterRewards","Colored Powertips","Conspire","Energized Spire","GifTheSpireLib","Gremlin Skip","Hubris","KinomotoSakuraMod(????)","Minty Spire (QoL Compilation)","Permanent Neow","Quick Restart","Rare Cards Sparkle","Relic Sorter","Replay The Spire","Shop Mod","Spikes Relics","StSLib","The Animator"],"gold_per_floor":[109,109,73,95,95,95,124,79,79,94,123,123,49,76,76,187,187,209,222,222,222,256,284,284,296,296,46,65,340,340,350,350,350,350],"floor_reached":33,"language":"ENG","playtime":5548,"items_purged":["Decay"],"score":275,"play_id":"385ff300-731d-47af-9d0e-bab39de1fa6c","local_time":"20210128215148","is_ascension_mode":false,"campfire_choices":[{"floor":6,"key":"RECALL"},{"floor":12,"key":"REST"},{"floor":15,"key":"REST"},{"floor":24,"key":"REST"},{"floor":30,"key":"REST"},{"floor":32,"key":"REST"}],"circlet_count":0,"master_deck":["animator:Strike_Fate","animator:Defend_Fate","animator:Strike","animator:Strike","animator:Strike","animator:Defend","animator:Defend","animator:Defend","animator:Alexander","animator:Rider","animator:Souei","animator:ShinjiMatou+1","animator:Lancer","animator:PandorasActor","animator:ShinjiMatou","animator:RinTohsaka","animator:Benimaru","animator:Caster","animator:IrohaTamaki","animator:Saber","animator:Shigure","animator:Berserker","animator:SakuraMatou","animator:SakuraMatou+1","animator:Benimaru","animator:EmiyaShirou","animator:Entoma","animator:Lancer","animator:EmiyaShirou","Regret","animator:SayakaMiki"],"relics":["animator:LivingPicture","animator:TheMissingPiece","Thread and Needle","conspire:GlowingRock","Bronze Scales","SacredBark","animator:ShionDessert","RetroEgg","MerchantsRug","ReplayTheSpireMod:CursedCoin"],"acts_visited":["Exordium","TheCity"],"potions_floor_usage":[11,23,23],"damage_taken":[{"damage":1,"enemies":"Small Slimes","floor":1,"turns":5},{"damage":1,"enemies":"Jaw Worm","floor":4,"turns":3},{"damage":16,"enemies":"Lagavulin","floor":7,"turns":5},{"damage":0,"enemies":"2 Louse","floor":10,"turns":2},{"damage":19,"enemies":"Gremlin Nob","floor":11,"turns":4},{"damage":4,"enemies":"Looter","floor":14,"turns":3},{"damage":20,"enemies":"Hexaghost","floor":16,"turns":7},{"damage":1,"enemies":"3 Byrds","floor":18,"turns":2},{"damage":12,"enemies":"Shell Parasite","floor":19,"turns":3},{"damage":23,"enemies":"Cultist and Chosen","floor":22,"turns":6},{"damage":11,"enemies":"Gremlin Leader","floor":23,"turns":6},{"damage":22,"enemies":"Snecko","floor":25,"turns":5},{"damage":26,"enemies":"3 Cultists","floor":28,"turns":5},{"damage":21,"enemies":"Shelled Parasite and Fungi","floor":31,"turns":5},{"damage":75,"enemies":"Automaton","floor":33,"turns":6}],"seed_played":"9156234757300877931","potions_obtained":[{"floor":10,"key":"AttackPotion"},{"floor":11,"key":"SpeedPotion"},{"floor":16,"key":"Reflective Coating"},{"floor":22,"key":"LiquidBronze"},{"floor":23,"key":"FairyPotion"},{"floor":25,"key":"Energy Potion"}],"is_trial":false,"path_per_floor":["M","?","$","M","T","R","E","$","T","M","E","R","$","M","R","B",null,"M","M","?","?","M","E","R","M","T","$","M","?","R","M","R","B"],"character_chosen":"THE_ANIMATOR","items_purchased":["animator:ShinjiMatou+1","animator:ShinjiMatou","animator:Caster","MerchantsRug","ReplayTheSpireMod:CursedCoin","animator:EmiyaShirou","animator:Entoma","animator:Lancer"],"campfire_rested":5,"item_purchase_floors":[3,8,13,27,27,27,27,27],"current_hp_per_floor":[71,71,71,70,70,70,54,54,54,55,36,57,57,53,73,53,73,72,61,61,61,38,27,49,27,27,27,1,1,23,3,25,0,0],"gold":350,"neow_bonus":"TEN_PERCENT_HP_BONUS","is_daily":false,"chose_seed":false,"campfire_upgraded":0,"win_rate":0.0,"timestamp":1611867108,"path_taken":["M","?","$","M","?","R","E","?","T","M","E","R","$","M","R","BOSS","M","M","?","?","?","E","R","M","T","$","M","?","R","M","R","BOSS"],"items_purchased_type":["Card","Card","Card","Relic","Relic","Card","Card","Card"],"build_version":"2020-12-22","purchased_purges":1,"victory":false,"max_hp_per_floor":[72,72,72,72,72,72,72,72,72,73,73,73,73,73,73,73,73,73,74,74,74,74,74,74,74,74,74,74,74,74,75,75,75,75],"card_choices":[{"not_picked":["animator:Illya","animator:Priestess"],"picked":"animator:Souei","floor":1},{"not_picked":["animator:Assassin","animator:TukaLunaMarceau"],"picked":"animator:Lancer","floor":4},{"not_picked":["animator:Evileye","animator:HomuraAkemi"],"picked":"animator:PandorasActor","floor":7},{"not_picked":["animator:Berserker","animator:Rider"],"picked":"animator:RinTohsaka","floor":10},{"not_picked":["animator:Kaijin","animator:YuiTsuruno"],"picked":"animator:Benimaru","floor":11},{"not_picked":["animator:Evileye","animator:YachiyoNanami"],"picked":"animator:IrohaTamaki","floor":14},{"not_picked":["animator:ItamiYouji","animator:Shizu"],"picked":"animator:Saber","floor":16},{"not_picked":["animator:Illya","animator:Berserker+1"],"picked":"animator:Shigure","floor":18},{"not_picked":["animator:Illya","animator:Assassin"],"picked":"animator:Berserker","floor":19},{"not_picked":["animator:Arpeggio","animator:Cocytus"],"picked":"animator:SakuraMatou","floor":22},{"not_picked":["animator:ItamiYouji","animator:YachiyoNanami"],"picked":"animator:SakuraMatou+1","floor":23},{"not_picked":["animator:Alexander","animator:Millim"],"picked":"animator:Benimaru","floor":25},{"not_picked":["animator:Assassin","animator:ShinjiMatou"],"picked":"animator:EmiyaShirou","floor":28},{"not_picked":["animator:HiiragiShinya+1","animator:Alexander+1"],"picked":"animator:SayakaMiki","floor":31}],"player_experience":167717,"relics_obtained":[{"floor":7,"key":"Thread and Needle"},{"floor":9,"key":"conspire:GlowingRock"},{"floor":11,"key":"Bronze Scales"},{"floor":23,"key":"animator:ShionDessert"},{"floor":26,"key":"RetroEgg"}],"event_choices":[{"damage_healed":0,"gold_gain":0,"player_choice":"Leave","damage_taken":0,"max_hp_gain":0,"max_hp_loss":0,"event_name":"The Cleric","floor":2,"gold_loss":0},{"damage_healed":0,"gold_gain":0,"player_choice":"Ignored","damage_taken":0,"max_hp_gain":0,"max_hp_loss":0,"event_name":"Purifier","floor":20,"gold_loss":0},{"damage_healed":0,"gold_gain":0,"player_choice":"Bought 0 Potions","damage_taken":0,"max_hp_gain":0,"max_hp_loss":0,"event_name":"The Woman in Blue","floor":21,"gold_loss":0},{"damage_healed":0,"gold_gain":275,"player_choice":"Desecrate","damage_taken":0,"max_hp_gain":0,"max_hp_loss":0,"event_name":"Golden Shrine","floor":29,"gold_loss":0,"cards_obtained":["Regret"]}],"is_beta":false,"boss_relics":[{"not_picked":["hubris:CrackedHourglass","conspire:SlowCooker"],"picked":"SacredBark"}],"items_purged_floors":[27],"is_endless":false,"potions_floor_spawned":[10,11,16,22,23,25],"killed_by":"Automaton","ascension_level":0}}