{"host":"vyjryxuuuxkt43k4","time":1611823358,"event":{"mods":["AchievementEnabler","BaseMod","Colored Map","DeckTracker","Keyboard Shortcuts","Minty Spire (QoL Compilation)","Permanent Neow","Quick Restart","Rare Cards Sparkle","StSLib","SuperFastMode","everything is the same but u backflip on backflip"],"gold_per_floor":[18,31,47,47,47,72,72,102,125,141,158,171,246,263,263,336,336,349,349,361,4,23,23,51,62,114,114,114],"floor_reached":27,"language":"KOR","playtime":2337,"items_purged":["Strike_R"],"score":494,"play_id":"b75bf00b-6fc7-480f-ade0-5a9d94fc35ea","local_time":"20210128174238","is_ascension_mode":true,"campfire_choices":[{"data":"Uppercut","floor":7.0,"key":"SMITH"},{"data":"Fiend Fire","floor":15.0,"key":"SMITH"},{"data":"Body Slam","floor":23.0,"key":"SMITH"}],"circlet_count":0,"master_deck":["AscendersBane","Strike_R","Strike_R","Strike_R","Strike_R","Defend_R","Defend_R","Defend_R","Defend_R","Bash","Power Through","Wild Strike","Uppercut+1","Fiend Fire+1","Dark Embrace","Second Wind","Dual Wield","Corruption","Wild Strike","Shockwave","Shrug It Off","Barricade","Body Slam+1","Battle Trance","True Grit+1","Dropkick+1"],"relics":["Burning Blood","Torii","Vajra","Nunchaku","Akabeko","SacredBark","Kunai","Lantern","Potion Belt"],"acts_visited":["Exordium","TheCity"],"potions_floor_usage":[],"damage_taken":[{"damage":2.0,"enemies":"Small Slimes","floor":1.0,"turns":4.0},{"damage":1.0,"enemies":"Cultist","floor":2.0,"turns":3.0},{"damage":0.0,"enemies":"Jaw Worm","floor":3.0,"turns":2.0},{"damage":6.0,"enemies":"Gremlin Nob","floor":6.0,"turns":3.0},{"damage":42.0,"enemies":"3 Sentries","floor":8.0,"turns":8.0},{"damage":6.0,"enemies":"Exordium Wildlife","floor":10.0,"turns":3.0},{"damage":0.0,"enemies":"Large Slime","floor":11.0,"turns":3.0},{"damage":5.0,"enemies":"Gremlin Gang","floor":12.0,"turns":6.0},{"damage":7.0,"enemies":"Looter","floor":14.0,"turns":3.0},{"damage":7.0,"enemies":"Hexaghost","floor":16.0,"turns":9.0},{"damage":15.0,"enemies":"Shell Parasite","floor":18.0,"turns":2.0},{"damage":8.0,"enemies":"Spheric Guardian","floor":20.0,"turns":4.0},{"damage":37.0,"enemies":"Centurion and Healer","floor":22.0,"turns":9.0},{"damage":37.0,"enemies":"Book of Stabbing","floor":24.0,"turns":6.0},{"damage":0.0,"enemies":"Snecko","floor":25.0,"turns":6.0},{"damage":74,"enemies":"Gremlin Leader","floor":27,"turns":5}],"seed_played":"8286217256737488969","potions_obtained":[{"floor":1.0,"key":"FearPotion"},{"floor":6.0,"key":"SpeedPotion"},{"floor":10.0,"key":"PowerPotion"},{"floor":12.0,"key":"EntropicBrew"},{"floor":18.0,"key":"FairyPotion"},{"floor":25.0,"key":"Fruit Juice"}],"is_trial":false,"path_per_floor":["M","M","M","?","?","E","R","E","T","M","M","M","?","M","R","B",null,"M","?","M","$","M","R","E","M","T","E"],"character_chosen":"IRONCLAD","items_purchased":["Kunai"],"campfire_rested":0,"item_purchase_floors":[21],"current_hp_per_floor":[72,75,75,75,75,75,75,39,39,39,45,46,35,34,34,33,65,56,56,54,54,23,23,46,62,62,0,0],"gold":114,"neow_bonus":"ONE_RARE_RELIC","is_daily":false,"chose_seed":false,"campfire_upgraded":3,"win_rate":0.0,"timestamp":1611823358,"path_taken":["M","M","M","?","?","E","R","E","T","M","M","?","?","M","R","BOSS","M","?","M","$","M","R","E","M","T","E"],"items_purchased_type":["Relic"],"build_version":"2020-12-22","purchased_purges":1,"victory":false,"max_hp_per_floor":[75,75,75,75,75,75,75,75,75,75,75,75,75,75,75,75,75,75,75,75,75,75,75,75,85,85,85,85],"card_choices":[{"not_picked":["Dark Embrace","Iron Wave"],"picked":"Power Through","floor":1.0},{"not_picked":["True Grit","Warcry"],"picked":"Wild Strike","floor":2.0},{"not_picked":["Fire Breathing","Whirlwind"],"picked":"Uppercut","floor":3.0},{"not_picked":["Bloodletting","Pummel"],"picked":"Second Wind","floor":6.0},{"not_picked":["Clash","Bloodletting"],"picked":"Dual Wield","floor":8.0},{"not_picked":["Cleave","Sword Boomerang"],"picked":"Corruption","floor":10.0},{"not_picked":["Combust","Sword Boomerang"],"picked":"Wild Strike","floor":11.0},{"not_picked":["Flex","Heavy Blade"],"picked":"Shockwave","floor":12.0},{"not_picked":["Havoc","Thunderclap"],"picked":"Shrug It Off","floor":14.0},{"not_picked":["Berserk","Bludgeon"],"picked":"Barricade","floor":16.0},{"not_picked":["Metallicize","Clothesline"],"picked":"Body Slam","floor":18.0},{"not_picked":["Havoc","Pommel Strike"],"picked":"True Grit+1","floor":20.0},{"not_picked":["Flex","Bloodletting"],"picked":"Dropkick+1","floor":22.0},{"not_picked":["Sword Boomerang","Dark Embrace","Shockwave"],"picked":"SKIP","floor":24.0},{"not_picked":["Armaments","Whirlwind","Searing Blow"],"picked":"SKIP","floor":25.0}],"player_experience":450986,"relics_obtained":[{"floor":6.0,"key":"Vajra"},{"floor":8.0,"key":"Nunchaku"},{"floor":9.0,"key":"Akabeko"},{"floor":24.0,"key":"Lantern"},{"floor":26.0,"key":"Potion Belt"}],"event_choices":[{"damage_healed":0.0,"max_hp_gain":0.0,"max_hp_loss":0.0,"gold_gain":0.0,"event_name":"The Cleric","player_choice":"Leave","floor":4.0,"gold_loss":0.0,"damage_taken":0.0},{"damage_healed":0.0,"max_hp_gain":0.0,"max_hp_loss":0.0,"gold_gain":0.0,"event_name":"Match and Keep!","player_choice":"2 cards matched","floor":5.0,"gold_loss":0.0,"damage_taken":0.0,"cards_obtained":["Fiend Fire","Dark Embrace"]},{"damage_healed":0.0,"max_hp_gain":0.0,"max_hp_loss":0.0,"gold_gain":75.0,"event_name":"World of Goop","player_choice":"Gather Gold","floor":13.0,"gold_loss":0.0,"damage_taken":11.0},{"damage_healed":0.0,"max_hp_gain":0.0,"max_hp_loss":0.0,"gold_gain":0.0,"event_name":"The Library","player_choice":"Read","floor":19.0,"gold_loss":0.0,"damage_taken":0.0,"cards_obtained":["Battle Trance"]}],"is_beta":false,"boss_relics":[{"not_picked":["Tiny House","Velvet Choker"],"picked":"SacredBark"}],"items_purged_floors":[21],"is_endless":false,"potions_floor_spawned":[1,6,10,12,14,18,25],"killed_by":"Gremlin Leader","ascension_level":20}}