{"host":"bq4pt811tk9yrmjl","time":1611867253,"event":{"mods":["AchievementEnabler","BaseMod","Colored Map","Colored Powertips","Defuse TimeMaze Blight","Hermit","Minty Spire (QoL Compilation)","StSLib","SuperFastMode"],"gold_per_floor":[116,116,116,128,128,128,161,176,176,176,190,200,200,47,47,143,143,143,143,143,123,123,123,123,123,123,123,123,123,123,123,123,123,123,123,2,0,0,0,0,0],"floor_reached":40,"language":"ENG","playtime":913,"items_purged":[],"score":455,"play_id":"c1772e54-b370-400e-ba56-d52793f13f8c","local_time":"20210128185413","is_ascension_mode":true,"campfire_choices":[{"data":"hermit:GoldenBullet","floor":6.0,"key":"SMITH"},{"data":"hermit:Maintenance","floor":10.0,"key":"SMITH"},{"data":"hermit:CalledShot","floor":13.0,"key":"SMITH"},{"data":"hermit:FlashPowder","floor":15.0,"key":"SMITH"},{"floor":25.0,"key":"REST"},{"floor":32,"key":"REST"}],"circlet_count":0,"master_deck":["hermit:Strike_Hermit","hermit:Strike_Hermit","hermit:Strike_Hermit","hermit:Strike_Hermit","hermit:Defend_Hermit","hermit:Defend_Hermit","hermit:Defend_Hermit","hermit:Defend_Hermit","hermit:Snapshot","hermit:Covet","hermit:GoldenBullet+1","hermit:FlashPowder+1","hermit:CalledShot+1","hermit:Maintenance+1","hermit:Quickdraw","hermit:Glare+1","hermit:Maintenance+1","hermit:CalledShot+1","hermit:Dive+1","hermit:GhostlyPresence","hermit:Coalescence"],"relics":["hermit:Momento","NeowsBlessing","Shuriken","Medical Kit","Ectoplasm","Anchor","Omamori","Enchiridion","Velvet Choker","Red Mask"],"acts_visited":["Exordium","TheCity","TheBeyond"],"potions_floor_usage":[],"damage_taken":[{"damage":0.0,"enemies":"Jaw Worm","floor":1.0,"turns":1.0},{"damage":0.0,"enemies":"Cultist","floor":4.0,"turns":1.0},{"damage":0.0,"enemies":"Lagavulin","floor":7.0,"turns":2.0},{"damage":0.0,"enemies":"Small Slimes","floor":8.0,"turns":2.0},{"damage":14.0,"enemies":"Gremlin Gang","floor":11.0,"turns":4.0},{"damage":0.0,"enemies":"2 Fungi Beasts","floor":12.0,"turns":3.0},{"damage":6.0,"enemies":"Slime Boss","floor":16.0,"turns":9.0},{"damage":0.0,"enemies":"Spheric Guardian","floor":18.0,"turns":3.0},{"damage":8.0,"enemies":"Shell Parasite","floor":20.0,"turns":3.0},{"damage":7.0,"enemies":"Snake Plant","floor":22.0,"turns":3.0},{"damage":20.0,"enemies":"Gremlin Leader","floor":23.0,"turns":6.0},{"damage":2.0,"enemies":"Centurion and Healer","floor":24.0,"turns":5.0},{"damage":0.0,"enemies":"Shelled Parasite and Fungi","floor":27.0,"turns":4.0},{"damage":0.0,"enemies":"3 Cultists","floor":28.0,"turns":5.0},{"damage":0,"enemies":"Centurion and Healer","floor":30,"turns":4},{"damage":27,"enemies":"Collector","floor":33,"turns":12},{"damage":9,"enemies":"Orb Walker","floor":35,"turns":5},{"damage":0,"enemies":"3 Shapes","floor":38,"turns":8},{"damage":89,"enemies":"Giant Head","floor":40,"turns":11}],"seed_played":"-1655881054034094682","potions_obtained":[{"floor":1.0,"key":"FearPotion"},{"floor":7.0,"key":"FearPotion"},{"floor":11.0,"key":"Ancient Potion"},{"floor":18.0,"key":"Fire Potion"},{"floor":21.0,"key":"Ancient Potion"}],"is_trial":false,"path_per_floor":["M","$","?","M","$","R","E","M","T","R","M","M","R","$","R","B",null,"M","?","M","?","M","E","M","R","T","M","M","?","M","$","R","B",null,"M","$","?","M","?","E"],"character_chosen":"HERMIT","items_purchased":["Medical Kit","hermit:GhostlyPresence","hermit:Coalescence"],"campfire_rested":2,"item_purchase_floors":[14,36,36],"current_hp_per_floor":[75,75,75,75,75,75,75,75,75,75,61,61,61,61,61,55,75,75,75,67,67,60,40,38,60,60,60,60,44,44,44,66,39,75,66,66,66,66,66,0,0],"gold":0,"neow_bonus":"THREE_ENEMY_KILL","is_daily":false,"chose_seed":false,"campfire_upgraded":4,"win_rate":0.0,"timestamp":1611867253,"path_taken":["M","$","?","M","$","R","E","M","T","R","M","?","R","$","R","BOSS","M","?","?","?","?","E","M","R","T","M","?","?","M","$","R","BOSS","M","$","?","M","?","E"],"items_purchased_type":["Relic","Card","Card"],"build_version":"2020-12-22","purchased_purges":0,"victory":false,"max_hp_per_floor":[75,75,75,75,75,75,75,75,75,75,75,75,75,75,75,75,75,75,75,75,75,75,75,75,75,75,75,75,75,75,75,75,75,75,75,75,75,75,71,71,71],"card_choices":[{"not_picked":["hermit:Malice","hermit:PistolWhip"],"picked":"hermit:GoldenBullet","floor":1.0},{"not_picked":["hermit:Feint","hermit:Showdown"],"picked":"hermit:FlashPowder","floor":4.0},{"not_picked":["hermit:ItchyTrigger","hermit:Roulette"],"picked":"hermit:CalledShot","floor":7.0},{"not_picked":["hermit:Malice","hermit:CursedWeapon"],"picked":"hermit:Maintenance","floor":8.0},{"not_picked":["hermit:Dive","hermit:CalledShot"],"picked":"hermit:Quickdraw","floor":11.0},{"not_picked":["hermit:Dive","hermit:Glare","hermit:Roulette"],"picked":"SKIP","floor":12.0},{"not_picked":["hermit:LowProfile","hermit:BodyArmor"],"picked":"hermit:Glare+1","floor":18.0},{"not_picked":["hermit:Spite","hermit:LowProfile+1"],"picked":"hermit:CalledShot+1","floor":20.0},{"not_picked":["hermit:CalledShot+1","hermit:Maintenance","hermit:Coalescence"],"picked":"SKIP","floor":22.0},{"not_picked":["hermit:TakeCover","hermit:Enervate","hermit:PistolWhip"],"picked":"SKIP","floor":23.0},{"not_picked":["hermit:Manifest","hermit:Malice","hermit:LowProfile"],"picked":"SKIP","floor":24.0},{"not_picked":["hermit:Shortfuse","hermit:LoneWolf"],"picked":"hermit:Dive+1","floor":27.0},{"not_picked":["hermit:Headshot","hermit:Spite+1","hermit:Manifest+1"],"picked":"SKIP","floor":28.0},{"not_picked":["hermit:Maintenance","hermit:CalledShot","hermit:Grudge"],"picked":"SKIP","floor":30},{"not_picked":["hermit:Headshot+1","hermit:Scavenge","hermit:Ricochet+1"],"picked":"SKIP","floor":35},{"not_picked":["hermit:ItchyTrigger+1","hermit:HighCaliber","hermit:OverwhelmingPower"],"picked":"SKIP","floor":38}],"player_experience":280784,"relics_obtained":[{"floor":7.0,"key":"Shuriken"},{"floor":23.0,"key":"Anchor"},{"floor":26.0,"key":"Omamori"},{"floor":29,"key":"Enchiridion"}],"event_choices":[{"damage_healed":0.0,"max_hp_gain":0.0,"max_hp_loss":0.0,"gold_gain":0.0,"event_name":"FaceTrader","player_choice":"Leave","floor":3.0,"gold_loss":0.0,"damage_taken":0.0},{"damage_healed":0.0,"max_hp_gain":0.0,"max_hp_loss":0.0,"gold_gain":0.0,"event_name":"Duplicator","player_choice":"Copied","floor":19.0,"gold_loss":0.0,"damage_taken":0.0,"cards_obtained":["hermit:Maintenance"]},{"damage_healed":0.0,"max_hp_gain":0.0,"max_hp_loss":0.0,"gold_gain":0.0,"event_name":"The Woman in Blue","player_choice":"Bought 1 Potion","floor":21.0,"gold_loss":0.0,"damage_taken":0.0},{"damage_healed":0,"gold_gain":0,"player_choice":"Obtained Book","damage_taken":16,"max_hp_gain":0,"max_hp_loss":0,"event_name":"Cursed Tome","floor":29,"gold_loss":0},{"damage_healed":0,"gold_gain":0,"player_choice":"Paid","damage_taken":0,"relics_obtained":["Red Mask"],"max_hp_gain":0,"max_hp_loss":0,"event_name":"Tomb of Lord Red Mask","floor":37,"gold_loss":2},{"damage_healed":0,"gold_gain":0,"player_choice":"Max HP","damage_taken":0,"max_hp_gain":0,"max_hp_loss":4,"event_name":"Winding Halls","floor":39,"gold_loss":0}],"is_beta":false,"boss_relics":[{"not_picked":["SacredBark","Runic Pyramid"],"picked":"Ectoplasm"},{"not_picked":["Snecko Eye","hermit:ClaspedLocket"],"picked":"Velvet Choker"}],"items_purged_floors":[],"is_endless":false,"potions_floor_spawned":[1,7,11,18,22,27,38],"killed_by":"Giant Head","ascension_level":1}}