{"host":"dy418aaq5dl16weq","time":1611806879,"event":{"mods":["AchievementEnabler","BaseMod","Googly Eyes","Minty Spire (QoL Compilation)","StSLib"],"gold_per_floor":[116,17,30,30,30,59,73,90,117,131,131,158,158,158,158,260,260,274,289,289,289,289,289,319,319,319,319,337,366,378,389,389,389,389],"floor_reached":33,"language":"ENG","playtime":2043,"items_purged":["Strike_P"],"score":320,"play_id":"490e6af8-8be3-4b64-b132-49e0e8f646b6","local_time":"20210127200759","is_ascension_mode":false,"campfire_choices":[{"data":"PathToVictory","floor":11,"key":"SMITH"},{"data":"PathToVictory","floor":13,"key":"SMITH"},{"data":"Protect","floor":15,"key":"SMITH"},{"data":"Devotion","floor":23,"key":"SMITH"},{"data":"RitualDagger","floor":25,"key":"SMITH"},{"data":"Perseverance","floor":27,"key":"SMITH"},{"floor":32,"key":"REST"}],"circlet_count":0,"master_deck":["Strike_P","Defend_P+1","Defend_P","Defend_P","Defend_P","Eruption","Vigilance","PathToVictory+1","PathToVictory+1","Protect+1","ReachHeaven","Perseverance+1","Devotion+1","RitualDagger+1","PathToVictory+1","Devotion","EmptyBody"],"relics":["PureWater","NeowsBlessing","Orichalcum","Akabeko","Nunchaku","Busted Crown","Smiling Mask","Letter Opener","War Paint"],"acts_visited":["Exordium","TheCity"],"potions_floor_usage":[12,16,16,24,24,33,33],"damage_taken":[{"damage":0,"enemies":"2 Louse","floor":1,"turns":2},{"damage":0,"enemies":"Small Slimes","floor":3,"turns":1},{"damage":0,"enemies":"Lagavulin","floor":6,"turns":1},{"damage":0,"enemies":"Cultist","floor":7,"turns":2},{"damage":1,"enemies":"Blue Slaver","floor":8,"turns":4},{"damage":2,"enemies":"Looter","floor":10,"turns":3},{"damage":10,"enemies":"3 Sentries","floor":12,"turns":10},{"damage":35,"enemies":"Slime Boss","floor":16,"turns":9},{"damage":0,"enemies":"Shell Parasite","floor":18,"turns":4},{"damage":0,"enemies":"3 Byrds","floor":19,"turns":5},{"damage":16,"enemies":"Slavers","floor":24,"turns":4},{"damage":18,"enemies":"3 Cultists","floor":28,"turns":6},{"damage":1,"enemies":"Gremlin Leader","floor":29,"turns":5},{"damage":13,"enemies":"Snake Plant","floor":30,"turns":3},{"damage":2,"enemies":"Snecko","floor":31,"turns":4},{"damage":45,"enemies":"Champ","floor":33,"turns":8}],"seed_played":"-7757476822964163623","potions_obtained":[{"floor":1,"key":"ColorlessPotion"},{"floor":3,"key":"Energy Potion"},{"floor":12,"key":"DuplicationPotion"},{"floor":16,"key":"PowerPotion"},{"floor":18,"key":"ColorlessPotion"},{"floor":19,"key":"Fire Potion"},{"floor":30,"key":"LiquidBronze"},{"floor":31,"key":"BlessingOfTheForge"}],"is_trial":false,"path_per_floor":["M","$","M","?","?","E","M","M","T","M","R","E","R","?","R","B",null,"M","M","?","?","?","R","E","R","T","R","M","E","M","M","R","B"],"character_chosen":"WATCHER","items_purchased":["PathToVictory"],"campfire_rested":1,"item_purchase_floors":[2],"current_hp_per_floor":[72,72,72,69,69,69,69,68,68,66,66,56,56,56,56,21,72,72,72,66,66,66,66,50,50,50,50,32,31,18,16,37,0,0],"gold":389,"neow_bonus":"THREE_ENEMY_KILL","is_daily":false,"chose_seed":false,"campfire_upgraded":6,"win_rate":0.0,"timestamp":1611806879,"path_taken":["M","$","M","?","?","E","?","M","T","M","R","E","R","?","R","BOSS","M","M","?","?","?","R","E","R","T","R","M","E","M","M","R","BOSS"],"items_purchased_type":["Card"],"build_version":"2020-12-22","purchased_purges":1,"victory":false,"max_hp_per_floor":[72,72,72,72,72,72,72,72,72,72,72,72,72,72,72,72,72,72,72,72,72,72,72,72,72,72,72,72,72,72,72,72,72,72],"card_choices":[{"not_picked":["Study","Collect"],"picked":"PathToVictory","floor":1},{"not_picked":["ThirdEye","JustLucky"],"picked":"Protect","floor":3},{"not_picked":["WaveOfTheHand","Evaluate","EmptyFist"],"picked":"SKIP","floor":6},{"not_picked":["ClearTheMind","LikeWater"],"picked":"ReachHeaven","floor":7},{"not_picked":["Halt","Prostrate"],"picked":"Perseverance","floor":8},{"not_picked":["SashWhip","FlurryOfBlows","FollowUp"],"picked":"SKIP","floor":10},{"not_picked":["WreathOfFlame","ThirdEye","CarveReality"],"picked":"SKIP","floor":12},{"not_picked":["Scrawl","Establishment"],"picked":"Devotion","floor":16},{"not_picked":["BowlingBash"],"picked":"SKIP","floor":18},{"not_picked":["Sanctity+1"],"picked":"SKIP","floor":19},{"not_picked":["CutThroughFate"],"picked":"SKIP","floor":24},{"not_picked":[],"picked":"PathToVictory","floor":28},{"not_picked":[],"picked":"Devotion","floor":29},{"not_picked":["Crescendo"],"picked":"SKIP","floor":30},{"not_picked":[],"picked":"EmptyBody","floor":31}],"player_experience":585484,"relics_obtained":[{"floor":6,"key":"Akabeko"},{"floor":12,"key":"Nunchaku"},{"floor":24,"key":"Smiling Mask"},{"floor":26,"key":"Letter Opener"},{"floor":29,"key":"War Paint"}],"event_choices":[{"damage_healed":0,"gold_gain":0,"player_choice":"Success","damage_taken":3,"relics_obtained":["Orichalcum"],"max_hp_gain":0,"max_hp_loss":0,"event_name":"Scrap Ooze","floor":4,"gold_loss":0},{"cards_removed":["Strike_P"],"damage_healed":0,"gold_gain":0,"player_choice":"Offered Basic","damage_taken":0,"max_hp_gain":0,"max_hp_loss":0,"event_name":"Bonfire Elementals","floor":5,"gold_loss":0},{"cards_removed":["Strike_P"],"damage_healed":0,"gold_gain":0,"player_choice":"Forget","damage_taken":0,"max_hp_gain":0,"max_hp_loss":0,"event_name":"Living Wall","floor":14,"gold_loss":0},{"damage_healed":0,"gold_gain":0,"player_choice":"Joined the Cult","damage_taken":6,"max_hp_gain":0,"max_hp_loss":0,"event_name":"Nest","floor":20,"gold_loss":0,"cards_obtained":["RitualDagger"]},{"damage_healed":0,"gold_gain":0,"player_choice":"Ignored","damage_taken":0,"max_hp_gain":0,"max_hp_loss":0,"event_name":"Cursed Tome","floor":21,"gold_loss":0},{"damage_healed":0,"gold_gain":0,"player_choice":"Ignored","damage_taken":0,"max_hp_gain":0,"max_hp_loss":0,"event_name":"Vampires","floor":22,"gold_loss":0}],"is_beta":false,"boss_relics":[{"not_picked":["Sozu","Ectoplasm"],"picked":"Busted Crown"}],"items_purged_floors":[2],"is_endless":false,"potions_floor_spawned":[1,3,12,16,18,19,30,31],"killed_by":"Champ","ascension_level":0}}