{"host":"ow66nzv2xecjoor3","time":1611812667,"event":{"mods":["BaseMod","Bestiary","Block Reminder","Colored Powertips","Curses Come First","Highlight Path","Keyboard Shortcuts","Minty Spire (QoL Compilation)","Permanent Neow","Relic Stats","StSLib","UnlockEverythingMod"],"gold_per_floor":[164,178,178,103,117,117,151,151,151,168,187,201,201,29,29,107,107,119,89,0,10,21,53,66,94,94,127,189,213,225,252,264,348,360,390,414,436,461,493,505,547,14,14,42,42,54,69,98,98,98,98,98,98,1,26,26],"floor_reached":57,"language":"ENG","playtime":4857,"items_purged":["Strike_R","Strike_R"],"score":3116,"play_id":"7b8e33d3-5b44-44d1-aa2b-cc049f918a88","local_time":"20210127234427","is_ascension_mode":true,"campfire_choices":[{"data":"Bash","floor":6.0,"key":"SMITH"},{"data":"Feel No Pain","floor":8.0,"key":"SMITH"},{"data":"Armaments","floor":15.0,"key":"SMITH"},{"floor":30,"key":"REST"},{"data":"Dual Wield","floor":32,"key":"SMITH"},{"data":"Evolve","floor":40,"key":"SMITH"},{"floor":45,"key":"RECALL"},{"data":"Demon Form","floor":49,"key":"SMITH"},{"data":"Uppercut","floor":53,"key":"SMITH"}],"circlet_count":0,"master_deck":["AscendersBane","Strike_R","Strike_R","Strike_R","Defend_R","Defend_R","Defend_R+1","Defend_R","Bash+1","Perfected Strike","Carnage+1","Feel No Pain+1","Dual Wield+1","Corruption","Entrench","Armaments+1","Havoc","Power Through","Blind","Impervious","Shrug It Off","Headbutt+1","Shrug It Off","Uppercut+1","Offering","Evolve+1","Fiend Fire","Feel No Pain","Power Through","Reaper","Inflame","Battle Trance+1","Sever Soul","Shrug It Off","Feel No Pain+1","Demon Form+1","Havoc+1","Feel No Pain+1","Sword Boomerang+1"],"relics":["Tiny House","Matryoshka","Gremlin Horn","Akabeko","Anchor","Snecko Eye","Red Skull","Lantern","Boot","MawBank","Coffee Dripper","PreservedInsect","Bag of Preparation","Medical Kit","Question Card","Charon\u0027s Ashes","Frozen Egg 2","Kunai"],"acts_visited":["Exordium","TheCity","TheBeyond","TheEnding"],"potions_floor_usage":[27,27,33,44,48,51,56],"damage_taken":[{"damage":0.0,"enemies":"2 Louse","floor":1.0,"turns":2.0},{"damage":4.0,"enemies":"Small Slimes","floor":2.0,"turns":3.0},{"damage":0.0,"enemies":"Cultist","floor":5.0,"turns":3.0},{"damage":10.0,"enemies":"3 Sentries","floor":7.0,"turns":8.0},{"damage":8.0,"enemies":"Looter","floor":10.0,"turns":2.0},{"damage":0.0,"enemies":"3 Louse","floor":11.0,"turns":3.0},{"damage":3.0,"enemies":"Lots of Slimes","floor":12.0,"turns":4.0},{"damage":36.0,"enemies":"The Guardian","floor":16.0,"turns":14.0},{"damage":0.0,"enemies":"Shell Parasite","floor":18.0,"turns":5.0},{"damage":0.0,"enemies":"2 Thieves","floor":20.0,"turns":5.0},{"damage":0.0,"enemies":"3 Cultists","floor":21.0,"turns":5.0},{"damage":14.0,"enemies":"Snake Plant","floor":22.0,"turns":4.0},{"damage":23.0,"enemies":"Slavers","floor":23.0,"turns":7.0},{"damage":21.0,"enemies":"Shelled Parasite and Fungi","floor":24.0,"turns":5.0},{"damage":6.0,"enemies":"Gremlin Leader","floor":25.0,"turns":5.0},{"damage":0,"enemies":"Book of Stabbing","floor":27,"turns":4},{"damage":0,"enemies":"Centurion and Healer","floor":29,"turns":3},{"damage":8,"enemies":"Snake Plant","floor":31,"turns":4},{"damage":6,"enemies":"Automaton","floor":33,"turns":8},{"damage":0,"enemies":"3 Shapes","floor":35,"turns":4},{"damage":19,"enemies":"3 Darklings","floor":36,"turns":4},{"damage":2,"enemies":"4 Shapes","floor":37,"turns":11},{"damage":16,"enemies":"Sphere and 2 Shapes","floor":38,"turns":6},{"damage":17,"enemies":"Writhing Mass","floor":39,"turns":6},{"damage":6,"enemies":"Giant Head","floor":41,"turns":6},{"damage":57,"enemies":"Reptomancer","floor":44,"turns":4},{"damage":6,"enemies":"Maw","floor":46,"turns":6},{"damage":6,"enemies":"Transient","floor":47,"turns":6},{"damage":6,"enemies":"Giant Head","floor":48,"turns":4},{"damage":16,"enemies":"Time Eater","floor":50,"turns":14},{"damage":22,"enemies":"Donu and Deca","floor":51,"turns":8},{"damage":6,"enemies":"Shield and Spear","floor":55,"turns":6},{"damage":45,"enemies":"The Heart","floor":56,"turns":12}],"seed_played":"368604054912596308","potions_obtained":[{"floor":0.0,"key":"ColorlessPotion"},{"floor":1.0,"key":"ColorlessPotion"},{"floor":7.0,"key":"SkillPotion"},{"floor":10.0,"key":"Energy Potion"},{"floor":12.0,"key":"Dexterity Potion"},{"floor":16.0,"key":"BloodPotion"},{"floor":19.0,"key":"LiquidBronze"},{"floor":19.0,"key":"Ancient Potion"},{"floor":22.0,"key":"PowerPotion"},{"floor":24.0,"key":"LiquidMemories"},{"floor":25,"key":"AttackPotion"},{"floor":31,"key":"AttackPotion"},{"floor":33,"key":"Energy Potion"},{"floor":36,"key":"PowerPotion"},{"floor":46,"key":"DuplicationPotion"},{"floor":47,"key":"LiquidMemories"},{"floor":48,"key":"Energy Potion"}],"is_trial":false,"path_per_floor":["M","M","?","$","M","R","E","R","T","M","M","M","?","$","R","B",null,"M","?","M","M","M","E","M","E","T","E","?","M","R","M","R","B",null,"M","M","M","M","M","R","E","$","T","E","R","M","M","E","R","B","B",null,"R","$","E","B",null],"character_chosen":"IRONCLAD","items_purchased":["Power Through","Blind","Bag of Preparation","Medical Kit","PowerPotion","Shrug It Off","Feel No Pain+1","SteroidPotion"],"campfire_rested":1,"item_purchase_floors":[14,14,42,42,42,42,54,54],"current_hp_per_floor":[73,69,69,69,69,69,59,59,59,51,51,48,43,43,43,7,62,62,78,78,78,64,41,20,14,14,14,14,14,38,30,30,24,66,76,57,67,57,80,80,75,75,75,23,23,23,36,80,80,80,80,80,80,80,74,80],"gold":26,"neow_bonus":"BOSS_RELIC","is_daily":false,"chose_seed":false,"campfire_upgraded":7,"win_rate":0.0,"timestamp":1611812667,"path_taken":["M","M","?","$","M","R","E","R","T","M","M","M","?","$","R","BOSS","M","?","M","M","M","E","M","E","T","E","?","M","R","M","R","BOSS","M","M","M","M","M","R","E","$","T","E","R","M","M","E","R","BOSS","BOSS","R","$","E","BOSS"],"items_purchased_type":["Card","Card","Relic","Relic","Potion","Card","Card","Potion"],"build_version":"2020-12-22","purchased_purges":2,"victory":true,"max_hp_per_floor":[80,80,80,80,80,80,80,80,80,80,80,80,80,80,80,80,80,80,80,80,80,80,80,80,80,80,80,80,80,80,80,80,80,80,80,80,80,80,80,80,80,80,80,80,80,80,80,80,80,80,80,80,80,80,80,80],"relic_stats":{"Gremlin Horn":[34,34],"counters":[33,191],"Snecko Eye":[291,329,304,325],"PreservedInsect":269,"Charon\u0027s Ashes":[488],"Bag of Preparation":[16],"Kunai":[3],"Boot":[9],"MawBank":180,"Medical Kit":[25],"Question Card":5,"obtain_stats":[{"Lantern":25,"Tiny House":0,"Gremlin Horn":9,"PreservedInsect":41,"Charon\u0027s Ashes":44,"Bag of Preparation":42,"Frozen Egg 2":48,"Boot":26,"MawBank":27,"Medical Kit":42,"Question Card":43,"Burning Blood":0,"Akabeko":9,"Anchor":13,"Matryoshka":7,"Snecko Eye":17,"Coffee Dripper":34,"Kunai":55,"Red Skull":23},{"Lantern":15,"Tiny House":0,"Gremlin Horn":4,"PreservedInsect":25,"Charon\u0027s Ashes":26,"Bag of Preparation":25,"Frozen Egg 2":29,"Boot":15,"MawBank":16,"Medical Kit":25,"Question Card":25,"Burning Blood":0,"Akabeko":4,"Anchor":7,"Matryoshka":4,"Snecko Eye":8,"Coffee Dripper":19,"Kunai":32,"Red Skull":13},{"Lantern":75,"Tiny House":0,"Gremlin Horn":16,"PreservedInsect":131,"Charon\u0027s Ashes":135,"Bag of Preparation":131,"Frozen Egg 2":151,"Boot":75,"MawBank":79,"Medical Kit":131,"Question Card":131,"Burning Blood":0,"Akabeko":16,"Anchor":25,"Matryoshka":16,"Snecko Eye":39,"Coffee Dripper":94,"Kunai":179,"Red Skull":65}]},"card_choices":[{"not_picked":["Bloodletting","Shockwave"],"picked":"Perfected Strike","floor":0.0},{"not_picked":["Shrug It Off","Anger"],"picked":"Carnage","floor":1.0},{"not_picked":["Cleave","Carnage"],"picked":"Feel No Pain","floor":2.0},{"not_picked":["Feel No Pain","Flex"],"picked":"Dual Wield","floor":5.0},{"not_picked":["Cleave","Searing Blow"],"picked":"Corruption","floor":7.0},{"not_picked":["Carnage","Thunderclap"],"picked":"Entrench","floor":10.0},{"not_picked":["Havoc","Clash"],"picked":"Armaments","floor":11.0},{"not_picked":["Corruption","Headbutt"],"picked":"Havoc","floor":12.0},{"not_picked":["Exhume","Corruption"],"picked":"Impervious","floor":16.0},{"not_picked":["Rupture","Havoc"],"picked":"Shrug It Off","floor":18.0},{"not_picked":["Intimidate+1","Hemokinesis"],"picked":"Headbutt+1","floor":20.0},{"not_picked":["Clothesline","Hemokinesis"],"picked":"Shrug It Off","floor":21.0},{"not_picked":["Ghostly Armor","True Grit"],"picked":"Uppercut","floor":22.0},{"not_picked":["Spot Weakness","Body Slam"],"picked":"Offering","floor":23.0},{"not_picked":["Perfected Strike","Clash","Flex"],"picked":"SKIP","floor":24.0},{"not_picked":["Warcry+1","Havoc"],"picked":"Evolve","floor":25},{"not_picked":["Heavy Blade","Clash+1"],"picked":"Fiend Fire","floor":27},{"not_picked":["Body Slam","Clash+1"],"picked":"Feel No Pain","floor":29},{"not_picked":["Wild Strike","Havoc"],"picked":"Power Through","floor":31},{"not_picked":["Corruption","Berserk"],"picked":"Reaper","floor":33},{"not_picked":["Blood for Blood+1","Pommel Strike"],"picked":"Inflame","floor":35},{"not_picked":["Warcry","Clothesline"],"picked":"Battle Trance+1","floor":36},{"not_picked":["Ghostly Armor","Anger+1","Cleave"],"picked":"SKIP","floor":37},{"not_picked":["Clash","Blood for Blood+1"],"picked":"Sever Soul","floor":38},{"not_picked":["Rampage","Searing Blow","Flex"],"picked":"SKIP","floor":39},{"not_picked":["Pommel Strike","Iron Wave","Heavy Blade"],"picked":"SKIP","floor":41},{"not_picked":["Dropkick","Havoc","Rage"],"picked":"Feel No Pain+1","floor":44},{"not_picked":["Cleave","Shrug It Off","Entrench"],"picked":"Demon Form","floor":46},{"not_picked":["Carnage","Twin Strike","Warcry","Clash"],"picked":"SKIP","floor":47},{"not_picked":["Warcry+1","Sword Boomerang","Twin Strike"],"picked":"Havoc+1","floor":48},{"not_picked":["Entrench","Fiend Fire","Flame Barrier+1"],"picked":"Sword Boomerang+1","floor":55}],"player_experience":2744118,"relics_obtained":[{"floor":7.0,"key":"Matryoshka"},{"floor":9.0,"key":"Gremlin Horn"},{"floor":9.0,"key":"Akabeko"},{"floor":23.0,"key":"Red Skull"},{"floor":25,"key":"Lantern"},{"floor":26,"key":"Boot"},{"floor":27,"key":"MawBank"},{"floor":41,"key":"PreservedInsect"},{"floor":43,"key":"Question Card"},{"floor":44,"key":"Charon\u0027s Ashes"},{"floor":48,"key":"Frozen Egg 2"},{"floor":55,"key":"Kunai"}],"event_choices":[{"damage_healed":0.0,"max_hp_gain":0.0,"max_hp_loss":0.0,"gold_gain":0.0,"event_name":"Living Wall","player_choice":"Grow","floor":3.0,"gold_loss":0.0,"damage_taken":0.0,"cards_upgraded":["Carnage"]},{"damage_healed":0.0,"max_hp_gain":0.0,"max_hp_loss":0.0,"gold_gain":0.0,"event_name":"Scrap Ooze","player_choice":"Success","floor":13.0,"gold_loss":0.0,"damage_taken":5.0,"relics_obtained":["Anchor"]},{"damage_healed":0.0,"max_hp_gain":0.0,"max_hp_loss":0.0,"gold_gain":0.0,"event_name":"The Woman in Blue","player_choice":"Bought 2 Potions","floor":19.0,"gold_loss":0.0,"damage_taken":0.0},{"damage_healed":0,"gold_gain":50,"player_choice":"Stole From Cult","damage_taken":0,"max_hp_gain":0,"max_hp_loss":0,"event_name":"Nest","floor":28,"gold_loss":0}],"is_beta":false,"boss_relics":[{"not_picked":["Black Star","Mark of Pain"],"picked":"Snecko Eye"},{"not_picked":["Runic Pyramid","SlaversCollar"],"picked":"Coffee Dripper"}],"items_purged_floors":[4,42],"is_endless":false,"potions_floor_spawned":[1,7,10,12,16,21,22,24,25,31,33,36,37,39,46,47,48],"ascension_level":20}}