{"host":"usrgk25etjl0nf5i","time":1611795100,"event":{"mods":["2.2 Compatiblity","BaseMod","Downfall","Hubris","Minty Spire (QoL Compilation)","Permanent Neow","StSLib","SuperFastMode"],"gold_per_floor":[117,292,66,81,29,64,29,64,64,64,64,92,92,122,122,200,250,261,57,71,71,71,71,91,91,91],"floor_reached":25,"language":"ENG","playtime":1031,"items_purged":["Doubt"],"score":383,"play_id":"55b53727-a9eb-4ed4-af64-4e33d281cc27","local_time":"20210127165140","is_ascension_mode":true,"campfire_choices":[{"data":"Zap","floor":10,"key":"SMITH"},{"floor":15,"key":"REST"},{"data":"Buffer","floor":23,"key":"SMITH"}],"circlet_count":0,"master_deck":["AscendersBane","Strike_B+1","Defend_B","Defend_B","Defend_B","Defend_B","Zap+1","Dualcast","Self Repair","Cold Snap","Ball Lightning","Coolheaded","Go for the Eyes","Cold Snap","Beam Cell","Redo","Buffer+1","Fusion","Lockon","Thunder Strike","Biased Cognition","Leap","Static Discharge"],"relics":["Cracked Core","Runic Capacitor","Strawberry","Nunchaku","Oddly Smooth Stone","hubris:Towel","hubris:CuriousFeather","hubris:SoftwareUpdate","Tiny House"],"acts_visited":["Exordium","TheCity"],"potions_floor_usage":[8,14,16,24],"damage_taken":[{"damage":6,"enemies":"2 Louse","floor":1,"turns":2},{"damage":2,"enemies":"Small Slimes","floor":4,"turns":4},{"damage":32,"enemies":"3 Sentries","floor":6,"turns":8},{"damage":30,"enemies":"Gremlin Nob","floor":8,"turns":4},{"damage":14,"enemies":"3 Sentries","floor":12,"turns":8},{"damage":15,"enemies":"Gremlin Nob","floor":14,"turns":5},{"damage":13,"enemies":"Slime Boss","floor":16,"turns":13},{"damage":17,"enemies":"Spheric Guardian","floor":18,"turns":6},{"damage":6,"enemies":"Chosen","floor":20,"turns":4},{"damage":1,"enemies":"Centurion and Healer","floor":24,"turns":7},{"damage":68,"enemies":"Slavers","floor":25,"turns":4}],"seed_played":"7528527613244020914","potions_obtained":[{"floor":4,"key":"bronze:BurnAndBuffPotion"},{"floor":12,"key":"Swift Potion"},{"floor":14,"key":"BlessingOfTheForge"},{"floor":16,"key":"Ancient Potion"},{"floor":17,"key":"Swift Potion"}],"is_trial":false,"path_per_floor":["M","?","$","M","$","E","?","E","T","R","?","E","?","E","R","B",null,"M","$","M","?","?","R","M","E"],"character_chosen":"DEFECT","items_purchased":["Runic Capacitor","Ball Lightning","Thunder Strike","Biased Cognition"],"campfire_rested":1,"item_purchase_floors":[3,5,19,19],"current_hp_per_floor":[58,58,58,63,63,45,64,41,41,41,41,34,34,26,49,43,74,64,64,58,58,58,58,64,0,0],"gold":91,"neow_bonus":"REMOVE_CARD","is_daily":false,"chose_seed":false,"campfire_upgraded":2,"win_rate":0.0,"timestamp":1611795100,"path_taken":["M","?","$","M","$","E","?","E","T","R","?","E","?","E","R","BOSS","M","$","?","?","?","R","M","E"],"items_purchased_type":["Relic","Card","Card","Card"],"build_version":"2020-12-22","purchased_purges":1,"victory":false,"max_hp_per_floor":[71,71,71,71,71,78,78,78,78,78,78,78,78,78,78,78,83,83,83,83,83,83,83,83,83,83],"card_choices":[{"not_picked":["Cold Snap","Conserve Battery"],"picked":"Self Repair","floor":1},{"not_picked":["Sweeping Beam","Rebound"],"picked":"Cold Snap","floor":4},{"not_picked":["Sweeping Beam","Streamline"],"picked":"Coolheaded","floor":6},{"not_picked":["Leap","Hologram"],"picked":"Go for the Eyes","floor":8},{"not_picked":["hubris:PowerSurge","Tempest"],"picked":"Cold Snap","floor":12},{"not_picked":["Reinforced Body","Skim"],"picked":"Redo","floor":14},{"not_picked":["Reboot","Biased Cognition"],"picked":"Buffer","floor":16},{"not_picked":["Blizzard","Darkness"],"picked":"Fusion","floor":17},{"not_picked":["FTL","Ball Lightning"],"picked":"Lockon","floor":18},{"not_picked":["Turbo","Coolheaded"],"picked":"Leap","floor":20},{"not_picked":["Go for the Eyes","Glacier"],"picked":"Static Discharge","floor":24}],"player_experience":675635,"relics_obtained":[{"floor":6,"key":"Strawberry"},{"floor":8,"key":"Nunchaku"},{"floor":9,"key":"Oddly Smooth Stone"},{"floor":12,"key":"hubris:CuriousFeather"},{"floor":14,"key":"hubris:SoftwareUpdate"}],"event_choices":[{"damage_healed":0,"gold_gain":175,"player_choice":"AGREE","damage_taken":0,"max_hp_gain":0,"max_hp_loss":0,"event_name":"Liars Game","floor":2,"gold_loss":0,"cards_obtained":["Doubt"]},{"damage_healed":19,"gold_gain":0,"player_choice":"Healed","damage_taken":0,"max_hp_gain":0,"max_hp_loss":0,"event_name":"The Cleric","floor":7,"gold_loss":35},{"damage_healed":0,"gold_gain":0,"cards_transformed":["Strike_B"],"player_choice":"Transformed","damage_taken":0,"max_hp_gain":0,"max_hp_loss":0,"event_name":"Transmorgrifier","floor":13,"gold_loss":0,"cards_obtained":["Beam Cell"]},{"cards_removed":["Strike_B"],"damage_healed":0,"gold_gain":0,"player_choice":"Purged","damage_taken":0,"max_hp_gain":0,"max_hp_loss":0,"event_name":"Purifier","floor":22,"gold_loss":0}],"is_beta":false,"boss_relics":[{"not_picked":["hubris:GrandSneckoEye","Velvet Choker"],"picked":"Tiny House"}],"items_purged_floors":[3],"is_endless":false,"potions_floor_spawned":[4,12,14,16,20],"killed_by":"Slavers","ascension_level":14}}