{"host":"osk2oboccoevp2u5","time":1611848444,"event":{"mods":["AchievementEnabler","Alarm Clock","BaseMod","Colored Powertips","Disable Question Mark Monsters","Displayed Cursed Tome","Hermit","Key Reminder","Minty Spire (QoL Compilation)","Potion Indicator Mod","Quick Restart","Rare Cards Sparkle","Reorder Act Four","StSLib","Useless Jewels Mod"],"gold_per_floor":[115,115,18,36,54,54,54,64,88,101,26,26,40,56,56,157,157,167,150,150,150,50,50,63,83,83,4,24,24,24,0,0,0,0],"floor_reached":33,"language":"ENG","playtime":2452,"items_purged":["hermit:Strike_Hermit","hermit:Strike_Hermit"],"score":309,"play_id":"b8157732-cb6a-409c-abcd-1352e87f4d93","local_time":"20210128114044","is_ascension_mode":true,"campfire_choices":[{"floor":7,"key":"REST"},{"floor":12,"key":"REST"},{"floor":15,"key":"REST"},{"floor":23,"key":"REST"},{"floor":29,"key":"REST"},{"data":"hermit:Brawl","floor":32,"key":"SMITH"}],"circlet_count":0,"master_deck":["hermit:Strike_Hermit","hermit:Strike_Hermit","hermit:Defend_Hermit","hermit:Defend_Hermit","hermit:Defend_Hermit","hermit:Defend_Hermit+1","hermit:Snapshot","hermit:Covet+1","hermit:Brawl+1","hermit:HoleUp","hermit:SprayPray","hermit:WideOpen","hermit:LoneWolf","hermit:HoleUp","hermit:SprayPray","hermit:FatalDesire","hermit:HoleUp","hermit:Manifest+1","Writhe","Shame","hermit:LowProfile+1","hermit:LoneWolf"],"relics":["hermit:Momento","Toy Ornithopter","Runic Dome","Art of War","Ornamental Fan","Pear"],"acts_visited":["Exordium","TheCity"],"potions_floor_usage":[6,16,16,30,33,33],"damage_taken":[{"damage":7,"enemies":"Small Slimes","floor":1,"turns":4},{"damage":2,"enemies":"2 Louse","floor":4,"turns":3},{"damage":0,"enemies":"Cultist","floor":5,"turns":3},{"damage":0,"enemies":"Lagavulin","floor":6,"turns":1},{"damage":3,"enemies":"3 Louse","floor":8,"turns":4},{"damage":20,"enemies":"Exordium Thugs","floor":10,"turns":7},{"damage":8,"enemies":"Blue Slaver","floor":13,"turns":6},{"damage":27,"enemies":"Gremlin Gang","floor":14,"turns":8},{"damage":63,"enemies":"The Guardian","floor":16,"turns":21},{"damage":24,"enemies":"Shell Parasite","floor":18,"turns":9},{"damage":14,"enemies":"2 Thieves","floor":19,"turns":4},{"damage":18,"enemies":"Snake Plant","floor":24,"turns":7},{"damage":115,"enemies":"Sentry and Sphere","floor":25,"turns":22},{"damage":20,"enemies":"Snecko","floor":28,"turns":9},{"damage":0,"enemies":"Slavers","floor":30,"turns":1},{"damage":83,"enemies":"Champ","floor":33,"turns":17}],"seed_played":"2248663934576195524","potions_obtained":[{"floor":1,"key":"SmokeBomb"},{"floor":8,"key":"Regen Potion"},{"floor":10,"key":"LiquidMemories"},{"floor":13,"key":"Dexterity Potion"},{"floor":16,"key":"Weak Potion"},{"floor":19,"key":"PowerPotion"}],"is_trial":false,"path_per_floor":["M","?","$","M","M","E","R","M","T","M","$","R","M","M","R","B",null,"M","M","?","?","$","R","M","M","T","$","M","R","E","?","R","B"],"character_chosen":"HERMIT","items_purchased":["SmokeBomb","hermit:LoneWolf"],"campfire_rested":5,"item_purchase_floors":[3,27],"current_hp_per_floor":[68,53,53,51,51,51,73,70,70,50,50,72,64,37,59,18,75,51,37,37,37,37,59,41,49,59,59,39,64,69,69,69,0,0],"gold":0,"neow_bonus":"THREE_CARDS","is_daily":false,"chose_seed":false,"campfire_upgraded":1,"win_rate":0.0,"timestamp":1611848444,"path_taken":["M","?","$","M","M","E","R","M","T","M","$","R","M","M","R","BOSS","M","M","?","?","$","R","M","M","T","$","M","R","E","?","R","BOSS"],"items_purchased_type":["Potion","Card"],"build_version":"2020-12-22","purchased_purges":2,"victory":false,"max_hp_per_floor":[75,75,75,75,75,75,75,75,75,75,75,75,75,75,75,75,75,75,75,75,75,75,75,75,75,85,85,85,85,85,85,85,85,85],"card_choices":[{"not_picked":["hermit:Determination","hermit:NoHoldsBarred"],"picked":"hermit:Brawl","floor":0},{"not_picked":["hermit:ShadowCloak","hermit:TrackingShot"],"picked":"hermit:HoleUp","floor":1},{"not_picked":["hermit:Feint","hermit:ItchyTrigger"],"picked":"hermit:SprayPray","floor":4},{"not_picked":["hermit:Feint","hermit:HighCaliber","hermit:Showdown"],"picked":"SKIP","floor":5},{"not_picked":["hermit:PistolWhip","hermit:FullyLoaded"],"picked":"hermit:WideOpen","floor":8},{"not_picked":["hermit:Determination","hermit:Malice"],"picked":"hermit:LoneWolf","floor":10},{"not_picked":["hermit:Coalescence","hermit:FullyLoaded"],"picked":"hermit:HoleUp","floor":13},{"not_picked":["hermit:Desperado","hermit:Deadeye"],"picked":"hermit:SprayPray","floor":14},{"not_picked":["hermit:DeadOrAlive","hermit:RoundhouseKick"],"picked":"hermit:FatalDesire","floor":16},{"not_picked":["hermit:TrackingShot","hermit:Shortfuse"],"picked":"hermit:HoleUp","floor":18},{"not_picked":["hermit:EyeOfTheStorm","hermit:Spite"],"picked":"hermit:Manifest+1","floor":19},{"not_picked":["hermit:SprayPray","hermit:Ricochet"],"picked":"hermit:LowProfile+1","floor":24},{"not_picked":["hermit:Gambit","hermit:Horror","hermit:LuckOfTheDraw+1"],"picked":"SKIP","floor":25},{"not_picked":["hermit:Scavenge","hermit:NoHoldsBarred+1","hermit:HighCaliber"],"picked":"SKIP","floor":28}],"player_experience":939199,"relics_obtained":[{"floor":9,"key":"Toy Ornithopter"},{"floor":26,"key":"Pear"}],"event_choices":[{"damage_healed":0,"gold_gain":0,"player_choice":"Entered Light","damage_taken":15,"max_hp_gain":0,"max_hp_loss":0,"event_name":"Shining Light","floor":2,"gold_loss":0,"cards_upgraded":["hermit:Covet","hermit:Defend_Hermit"]},{"damage_healed":0,"gold_gain":0,"player_choice":"Opened","damage_taken":0,"relics_obtained":["Art of War"],"max_hp_gain":0,"max_hp_loss":0,"event_name":"The Mausoleum","floor":20,"gold_loss":0,"cards_obtained":["Writhe"]},{"damage_healed":0,"gold_gain":0,"player_choice":"Stole Relic","damage_taken":0,"relics_obtained":["Ornamental Fan"],"max_hp_gain":0,"max_hp_loss":0,"event_name":"Addict","floor":21,"gold_loss":0,"cards_obtained":["Shame"]},{"damage_healed":0,"gold_gain":0,"player_choice":"Paid Fearfully","damage_taken":0,"max_hp_gain":0,"max_hp_loss":0,"event_name":"Masked Bandits","floor":31,"gold_loss":24}],"is_beta":false,"boss_relics":[{"not_picked":["Pandora\u0027s Box","Tiny House"],"picked":"Runic Dome"}],"items_purged_floors":[11,22],"is_endless":false,"potions_floor_spawned":[1,8,10,13,14,16,19,25],"killed_by":"Champ","ascension_level":3}}