{"host":"4frmwgfdu3ku469n","time":1611825871,"event":{"mods":["BaseMod","Minty Spire (QoL Compilation)","Replay The Spire","StSLib"],"gold_per_floor":[111,51,51,70,70,105,105,105,128,161,175,175,207,207,207,207,207],"floor_reached":16,"language":"ZHS","playtime":414,"items_purged":[],"score":229,"play_id":"6d31b13e-1c53-44da-980f-760cfa7969cd","local_time":"20210128172431","is_ascension_mode":true,"campfire_choices":[{"floor":7,"key":"RECALL"},{"floor":12,"key":"REST"},{"data":"Blade Dance","floor":15,"key":"SMITH"}],"circlet_count":0,"master_deck":["Strike_G","Strike_G","Strike_G","Strike_G","Strike_G","Defend_G","Defend_G+1","Defend_G","Defend_G","Survivor","Neutralize","Footwork+1","Blade Dance+1","Deadly Poison","Blade Dance+1","Dagger Spray"],"relics":["Ring of the Snake","NeowsBlessing","HornCleat","Omamori","ReplayTheSpireMod:Shallot","War Paint"],"acts_visited":["Exordium"],"potions_floor_usage":[13],"damage_taken":[{"damage":0,"enemies":"Jaw Worm","floor":1,"turns":1},{"damage":0,"enemies":"2 Louse","floor":4,"turns":1},{"damage":0,"enemies":"Gremlin Nob","floor":6,"turns":1},{"damage":55,"enemies":"Lagavulin","floor":10,"turns":9},{"damage":0,"enemies":"Small Slimes","floor":11,"turns":4},{"damage":11,"enemies":"3 Sentries","floor":13,"turns":7},{"damage":37,"enemies":"The Guardian","floor":16,"turns":12}],"seed_played":"8631342424487555542","potions_obtained":[{"floor":10,"key":"ColorlessPotion"},{"floor":14,"key":"DuplicationPotion"},{"floor":14,"key":"FearPotion"},{"floor":14,"key":"Venom Potion"}],"is_trial":false,"path_per_floor":["M","$","?","M","?","E","R","?","T","E","M","R","E","?","R","B"],"character_chosen":"THE_SILENT","items_purchased":["Footwork+1"],"campfire_rested":1,"item_purchase_floors":[2],"current_hp_per_floor":[63,63,68,68,68,68,68,85,85,30,30,55,44,44,44,7,7],"gold":207,"neow_bonus":"THREE_ENEMY_KILL","is_daily":false,"chose_seed":false,"campfire_upgraded":1,"win_rate":0.0,"timestamp":1611825871,"path_taken":["M","$","?","M","?","E","R","?","T","E","?","R","E","?","R","BOSS"],"items_purchased_type":["Card"],"build_version":"2020-12-22","purchased_purges":0,"victory":false,"max_hp_per_floor":[70,70,75,75,75,75,75,85,85,85,85,85,85,85,85,85,85],"card_choices":[{"not_picked":["Flying Knee","Leg Sweep","Escape Plan"],"picked":"SKIP","floor":1},{"not_picked":["Dagger Spray","Deadly Poison"],"picked":"Blade Dance","floor":4},{"not_picked":["PiercingWail","Skewer"],"picked":"ReplayTheSpireMod:Necrosis","floor":6},{"not_picked":["Grand Finale","Quick Slash"],"picked":"Deadly Poison","floor":10},{"not_picked":["Escape Plan","Flying Knee"],"picked":"Blade Dance","floor":11},{"not_picked":["Underhanded Strike","Backflip"],"picked":"Dagger Spray","floor":13}],"player_experience":628839,"relics_obtained":[{"floor":6,"key":"HornCleat"},{"floor":9,"key":"Omamori"},{"floor":10,"key":"ReplayTheSpireMod:Shallot"},{"floor":13,"key":"War Paint"}],"event_choices":[{"damage_healed":0,"gold_gain":0,"player_choice":"Donut","damage_taken":0,"max_hp_gain":5,"max_hp_loss":0,"event_name":"Big Fish","floor":3,"gold_loss":0},{"cards_removed":["ReplayTheSpireMod:Necrosis"],"damage_healed":7,"gold_gain":0,"player_choice":"Offered Rare","damage_taken":0,"max_hp_gain":10,"max_hp_loss":0,"event_name":"Bonfire Elementals","floor":8,"gold_loss":0},{"damage_healed":0,"gold_gain":0,"player_choice":"Got Potions","damage_taken":0,"max_hp_gain":0,"max_hp_loss":0,"event_name":"Lab","floor":14,"gold_loss":0}],"is_beta":false,"boss_relics":[],"items_purged_floors":[],"is_endless":false,"potions_floor_spawned":[10],"killed_by":"The Guardian","ascension_level":9}}