{"host":"3y2rtlgteqp2nuo3","time":1611827326,"event":{"mods":["2.2 Compatiblity","AchievementEnabler","BaseMod","Colored Map","DeckTracker","Highlight Path","Keyboard Shortcuts","Minty Spire (QoL Compilation)","Permanent Neow","Quick Restart","StSLib","SuperFastMode","everything is the same but u backflip on backflip"],"gold_per_floor":[111,111,128,128,15,15,26,26,50,50,65,79,90,103,103,207,207,223,237,254,254,271,271,283,283,283,293,293,293,293,313,313,413,413,430,448,448,448],"floor_reached":37,"language":"KOR","playtime":919,"items_purged":["Strike_R"],"score":520,"play_id":"e908e4bf-00f4-46fe-aa1b-1741a838e250","local_time":"20210128184846","is_ascension_mode":true,"campfire_choices":[{"data":"Bash","floor":6.0,"key":"SMITH"},{"data":"Inflame","floor":8.0,"key":"SMITH"},{"data":"Rampage","floor":10.0,"key":"SMITH"},{"data":"Armaments","floor":15.0,"key":"SMITH"},{"floor":23.0,"key":"REST"},{"data":"Reaper","floor":25.0,"key":"SMITH"},{"data":"Whirlwind","floor":30.0,"key":"SMITH"},{"floor":32,"key":"REST"}],"circlet_count":0,"master_deck":["Strike_R","Strike_R","Defend_R","Defend_R","Defend_R","Defend_R","Bash+1","Flex","Spot Weakness","Inflame+1","Rampage+1","Immolate","Armaments+1","Sword Boomerang","Reaper+1","Wild Strike+1","Decay","Whirlwind+1","Flame Barrier","Ghostly","Ghostly","Ghostly","Ghostly","Ghostly","Burning Pact","Feed"],"relics":["Burning Blood","NeowsBlessing","Thread and Needle","Happy Flower","Empty Cage","Centennial Puzzle","Nilry\u0027s Codex","Cursed Key"],"acts_visited":["Exordium","TheCity","TheBeyond"],"potions_floor_usage":[31],"damage_taken":[{"damage":0.0,"enemies":"Jaw Worm","floor":1.0,"turns":1.0},{"damage":0.0,"enemies":"Small Slimes","floor":3.0,"turns":1.0},{"damage":0.0,"enemies":"2 Louse","floor":7.0,"turns":1.0},{"damage":1.0,"enemies":"2 Fungi Beasts","floor":11.0,"turns":3.0},{"damage":2.0,"enemies":"Looter","floor":12.0,"turns":3.0},{"damage":6.0,"enemies":"Exordium Wildlife","floor":13.0,"turns":3.0},{"damage":0.0,"enemies":"Lots of Slimes","floor":14.0,"turns":1.0},{"damage":25.0,"enemies":"The Guardian","floor":16.0,"turns":7.0},{"damage":26.0,"enemies":"3 Byrds","floor":18.0,"turns":4.0},{"damage":20.0,"enemies":"Shell Parasite","floor":19.0,"turns":9.0},{"damage":37.0,"enemies":"Snake Plant","floor":20.0,"turns":4.0},{"damage":38.0,"enemies":"3 Cultists","floor":22.0,"turns":5.0},{"damage":27.0,"enemies":"Snecko","floor":24.0,"turns":4.0},{"damage":15.0,"enemies":"Centurion and Healer","floor":27.0,"turns":6.0},{"damage":24,"enemies":"Cultist and Chosen","floor":31,"turns":7},{"damage":6,"enemies":"Automaton","floor":33,"turns":10},{"damage":0,"enemies":"3 Darklings","floor":35,"turns":6},{"damage":1,"enemies":"3 Shapes","floor":36,"turns":5},{"damage":46,"enemies":"Maw","floor":37,"turns":6}],"seed_played":"-146076878652832753","potions_obtained":[{"floor":1.0,"key":"ColorlessPotion"},{"floor":3.0,"key":"LiquidMemories"},{"floor":11.0,"key":"Strength Potion"},{"floor":14.0,"key":"FearPotion"},{"floor":18.0,"key":"DuplicationPotion"},{"floor":22.0,"key":"DuplicationPotion"},{"floor":35,"key":"SpeedPotion"}],"is_trial":false,"path_per_floor":["M","?","M","?","$","R","M","R","T","R","M","M","M","M","R","B",null,"M","M","M","?","M","R","M","R","T","M","?","?","R","M","R","B",null,"M","M","M"],"character_chosen":"IRONCLAD","items_purchased":["Inflame"],"campfire_rested":2,"item_purchase_floors":[5],"current_hp_per_floor":[78,60,66,71,71,71,77,77,77,77,82,85,85,85,85,66,80,68,70,46,46,25,50,29,29,29,24,8,8,8,22,34,34,40,42,45,0,0],"gold":448,"neow_bonus":"THREE_ENEMY_KILL","is_daily":false,"chose_seed":false,"campfire_upgraded":6,"win_rate":0.0,"timestamp":1611827326,"path_taken":["M","?","M","?","$","R","M","R","T","R","M","M","M","M","R","BOSS","M","M","M","?","M","R","M","R","T","M","?","?","R","?","R","BOSS","M","M","M"],"items_purchased_type":["Card"],"build_version":"2020-12-22","purchased_purges":1,"victory":false,"max_hp_per_floor":[80,80,80,85,85,85,85,85,85,85,85,85,85,85,85,85,85,85,85,85,85,85,85,85,85,85,85,85,42,42,42,42,42,42,42,45,45,45],"card_choices":[{"not_picked":["Metallicize","Rupture"],"picked":"Flex","floor":1.0},{"not_picked":["Rampage","Sentinel"],"picked":"Spot Weakness","floor":3.0},{"not_picked":["Combust","Rage"],"picked":"Rampage","floor":7.0},{"not_picked":["Heavy Blade","Body Slam"],"picked":"Immolate","floor":11.0},{"not_picked":["Iron Wave","Body Slam"],"picked":"Armaments","floor":12.0},{"not_picked":["Pommel Strike","Metallicize"],"picked":"Sword Boomerang","floor":13.0},{"not_picked":["Warcry","Feel No Pain","Anger"],"picked":"SKIP","floor":14.0},{"not_picked":["Warcry","Feel No Pain","Anger"],"picked":"SKIP","floor":14.0},{"not_picked":["Exhume","Limit Break"],"picked":"Reaper","floor":16.0},{"not_picked":["Searing Blow","Anger","Perfected Strike"],"picked":"SKIP","floor":18.0},{"not_picked":["Iron Wave","Flex+1"],"picked":"Wild Strike+1","floor":19.0},{"not_picked":["Perfected Strike+1","Sword Boomerang","Wild Strike+1"],"picked":"SKIP","floor":20.0},{"not_picked":["Perfected Strike","Clothesline"],"picked":"Whirlwind","floor":22.0},{"not_picked":["Rupture","Feel No Pain+1"],"picked":"Flame Barrier","floor":24.0},{"not_picked":["Sever Soul+1","Battle Trance","Hemokinesis+1"],"picked":"SKIP","floor":27.0},{"not_picked":["Rage","Cleave"],"picked":"Burning Pact","floor":31},{"not_picked":["Juggernaut","Brutality"],"picked":"Feed","floor":33},{"not_picked":["Warcry","Armaments","Reckless Charge"],"picked":"SKIP","floor":35},{"not_picked":["Headbutt+1","Twin Strike","Cleave"],"picked":"SKIP","floor":36}],"player_experience":724396,"relics_obtained":[{"floor":9.0,"key":"Happy Flower"},{"floor":26.0,"key":"Centennial Puzzle"},{"floor":28.0,"key":"Nilry\u0027s Codex"}],"event_choices":[{"damage_healed":0.0,"max_hp_gain":0.0,"max_hp_loss":0.0,"gold_gain":0.0,"event_name":"Scrap Ooze","player_choice":"Success","floor":2.0,"gold_loss":0.0,"damage_taken":18.0,"relics_obtained":["Thread and Needle"]},{"damage_healed":0.0,"max_hp_gain":5.0,"max_hp_loss":0.0,"gold_gain":0.0,"event_name":"Big Fish","player_choice":"Donut","floor":4.0,"gold_loss":0.0,"damage_taken":0.0},{"damage_healed":0.0,"max_hp_gain":0.0,"max_hp_loss":0.0,"gold_gain":0.0,"event_name":"Forgotten Altar","player_choice":"Smashed Altar","floor":21.0,"gold_loss":0.0,"damage_taken":0.0,"cards_obtained":["Decay"]},{"damage_healed":0.0,"max_hp_gain":0.0,"max_hp_loss":0.0,"gold_gain":0.0,"event_name":"Cursed Tome","player_choice":"Obtained Book","floor":28.0,"gold_loss":0.0,"damage_taken":16.0},{"damage_healed":0.0,"max_hp_gain":0.0,"max_hp_loss":43.0,"gold_gain":0.0,"event_name":"Ghosts","player_choice":"Became a Ghost","floor":29.0,"gold_loss":0.0,"damage_taken":0.0,"cards_obtained":["Ghostly","Ghostly","Ghostly","Ghostly","Ghostly"]}],"is_beta":false,"boss_relics":[{"not_picked":["Philosopher\u0027s Stone","Ectoplasm"],"picked":"Empty Cage"},{"not_picked":["Runic Cube","Astrolabe"],"picked":"Cursed Key"}],"items_purged_floors":[5],"is_endless":false,"potions_floor_spawned":[1,3,11,14,18,22,27,35],"killed_by":"Maw","ascension_level":7}}