{"host":"h759rl08g2j14n8x","time":1611811919,"event":{"mods":["BaseMod","Better Third Choice","Colored Powertips","Infinite Spire","Minty Spire (QoL Compilation)","Relic Filter Mod","Reliquary","Replay The Spire","StSLib","The Dragon Tamer","The Servant 0.9.4"],"gold_per_floor":[117,117,133,159,172,172,197,209,235,262,262,285,311,346,346,457,457,482,407,407,416,443,443,469,469,519,628,653,653,653],"floor_reached":29,"language":"ENG","playtime":3784,"items_purged":[],"score":235,"play_id":"8f988dfa-8bf3-4cc6-a46a-088090e19ba7","local_time":"20210127213159","is_ascension_mode":false,"campfire_choices":[{"floor":6,"key":"RECALL"},{"floor":11,"key":"REST"},{"floor":15,"key":"REST"},{"floor":23,"key":"REST"},{"floor":25,"key":"REST"}],"circlet_count":0,"master_deck":["Strike_R","Strike_R","Strike_R","Strike_R","Strike_R","Defend_R","Defend_R","Defend_R","Defend_R","Bash","Corruption","Uppercut","Fire Breathing","Shockwave","Limit Break+1","Uppercut","Headbutt","PanicButton+1","Blood for Blood","Armaments+1","Rage","Disarm","Impervious","Replay:Undeath\u0027s Touch+1","Shame","ReplayTheSpireMod:Corrosion Curse","Pommel Strike+1","Rampage","Shrug It Off"],"relics":["Burning Blood","Blue Doll","Gremlin Food","CeramicFish","Anchor","Fusion Hammer","Replay:Mystery Machine","Oddly Smooth Stone","Unceasing Top","Shuriken"],"acts_visited":["Exordium","TheCity"],"potions_floor_usage":[7,7,14,16,22,27],"damage_taken":[{"damage":0.0,"enemies":"Small Slimes","floor":1.0,"turns":3.0},{"damage":15,"enemies":"Jaw Worm","floor":3,"turns":4},{"damage":4,"enemies":"Cultist","floor":5,"turns":3},{"damage":41,"enemies":"Lagavulin","floor":7,"turns":8},{"damage":14,"enemies":"3 Louse","floor":8,"turns":3},{"damage":7,"enemies":"Looter","floor":12,"turns":4},{"damage":22,"enemies":"Large Slime","floor":13,"turns":7},{"damage":22,"enemies":"Replay:BlueRogue","floor":14,"turns":8},{"damage":7,"enemies":"Slime Boss","floor":16,"turns":10},{"damage":25,"enemies":"Spheric Guardian","floor":18,"turns":4},{"damage":9,"enemies":"Shell Parasite","floor":22,"turns":6},{"damage":35,"enemies":"Centurion and Healer","floor":24,"turns":10},{"damage":14,"enemies":"Colosseum Slavers","floor":27,"turns":5},{"damage":59,"enemies":"Colosseum Nobs","floor":27,"turns":7},{"damage":0,"enemies":"Snecko","floor":28,"turns":4},{"damage":21,"enemies":"Sentry and Sphere","floor":29,"turns":7}],"seed_played":"-3217417842716474837","potions_obtained":[{"floor":3,"key":"Dexterity Potion"},{"floor":5,"key":"Weak Potion"},{"floor":13,"key":"Milkshake"},{"floor":14,"key":"EssenceOfSteel"},{"floor":18,"key":"Languid Potion"},{"floor":22,"key":"FearPotion"}],"is_trial":false,"path_per_floor":["M","?","M","T","M","R","E","M","T","?","R","M","M","E","R","B",null,"M","?","AVR","?","M","R","M","R","T","?","M","M"],"character_chosen":"IRONCLAD","items_purchased":[],"campfire_rested":4,"item_purchase_floors":[],"current_hp_per_floor":[80,80,71,71,73,73,38,30,30,30,54,53,37,21,45,44,80,61,61,61,61,58,80,51,75,75,14,20,0,0],"gold":653,"neow_bonus":"ONE_RANDOM_RARE_CARD","is_daily":false,"chose_seed":false,"campfire_upgraded":0,"win_rate":0.0,"timestamp":1611811919,"path_taken":["M","?","M","?","M","R","E","M","T","?","R","M","?","E","R","BOSS","M","?","AVR","?","M","R","M","R","T","?","M","M"],"items_purchased_type":[],"build_version":"2020-12-22","purchased_purges":0,"victory":false,"max_hp_per_floor":[80,80,80,80,80,80,80,80,80,80,80,80,80,80,80,80,80,80,80,80,80,80,80,80,80,80,80,80,80,80],"card_choices":[{"not_picked":["Iron Wave","Rage"],"picked":"Uppercut","floor":1},{"not_picked":["Perfected Strike","Havoc"],"picked":"Fire Breathing","floor":3},{"not_picked":["Second Wind","Sword Boomerang"],"picked":"Shockwave","floor":5},{"not_picked":["Perfected Strike","Iron Wave"],"picked":"Limit Break","floor":7},{"not_picked":["True Grit","Headbutt"],"picked":"Uppercut","floor":8},{"not_picked":["Spot Weakness","Shockwave"],"picked":"Armaments","floor":12},{"not_picked":["Abandon","Havoc"],"picked":"Rage","floor":13},{"not_picked":["Entrench","Flame Barrier"],"picked":"Disarm","floor":14},{"not_picked":["Replay:Many Hands","Berserk"],"picked":"Impervious","floor":16},{"not_picked":["Sword Boomerang","Feel No Pain+1"],"picked":"Replay:Undeath\u0027s Touch+1","floor":18},{"not_picked":["Hemokinesis","Perfected Strike"],"picked":"ReplayTheSpireMod:Corrosion Curse","floor":22},{"not_picked":["ReplayTheSpireMod:Strike From Hell","Replay:Undeath\u0027s Touch"],"picked":"Pommel Strike","floor":24},{"not_picked":["Pommel Strike","Dark Embrace+1"],"picked":"Rampage","floor":27},{"not_picked":["Reckless Charge","ReplayTheSpireMod:Corrosion Curse"],"picked":"Shrug It Off","floor":28}],"player_experience":605118,"relics_obtained":[{"floor":7,"key":"Gremlin Food"},{"floor":9,"key":"CeramicFish"},{"floor":14,"key":"Anchor"},{"floor":26,"key":"Oddly Smooth Stone"},{"floor":27,"key":"Unceasing Top"},{"floor":27,"key":"Shuriken"}],"event_choices":[{"damage_healed":0,"gold_gain":0,"player_choice":"Box","damage_taken":0,"relics_obtained":["Blue Doll"],"max_hp_gain":0,"max_hp_loss":0,"event_name":"Big Fish","floor":2,"gold_loss":0,"cards_obtained":["Regret"]},{"damage_healed":0,"gold_gain":0,"player_choice":"3 cards matched","damage_taken":0,"max_hp_gain":0,"max_hp_loss":0,"event_name":"Match and Keep!","floor":10,"gold_loss":0,"cards_obtained":["Headbutt","PanicButton","Blood for Blood"]},{"cards_removed":["Regret"],"damage_healed":0,"gold_gain":0,"player_choice":"Gave Gold","damage_taken":0,"max_hp_gain":0,"max_hp_loss":0,"event_name":"Beggar","floor":19,"gold_loss":75},{"damage_healed":0,"gold_gain":0,"player_choice":"Stole Relic","damage_taken":0,"relics_obtained":["Replay:Mystery Machine"],"max_hp_gain":0,"max_hp_loss":0,"event_name":"Addict","floor":21,"gold_loss":0,"cards_obtained":["Shame"]},{"damage_healed":0,"gold_gain":0,"player_choice":"Fight","damage_taken":0,"max_hp_gain":0,"max_hp_loss":0,"event_name":"Colosseum","floor":27,"gold_loss":0},{"damage_healed":0,"gold_gain":0,"player_choice":"Fought Nobs","damage_taken":0,"max_hp_gain":0,"max_hp_loss":0,"event_name":"Colosseum","floor":27,"gold_loss":0}],"is_beta":false,"boss_relics":[{"not_picked":["Philosopher\u0027s Stone","Coffee Dripper"],"picked":"Fusion Hammer"}],"items_purged_floors":[],"is_endless":false,"potions_floor_spawned":[3,5,13,14,18,22],"killed_by":"Sentry and Sphere","ascension_level":0}}