{"host":"xobdcpbm4ckypiai","time":1611847854,"event":{"mods":["BaseMod","Energized Spire","FoggyMod","Minty Spire (QoL Compilation)","Permanent Neow","Relic Stats","Replay The Spire","Spicy Shops","StSLib","UnlockEverythingMod","¡¾ÒÅÎï¿¨ÅÆ¡¿REMEMod"],"gold_per_floor":[110,110,129,129,54,54,54,88,141,141,141,176,12,12,12,112,112,124,124,124,174,242,242,242],"floor_reached":23,"language":"ZHS","playtime":1510,"items_purged":["Writhe"],"score":193,"play_id":"82467b11-1b4d-434e-8035-eb7226b7f311","local_time":"20210128233054","is_ascension_mode":false,"campfire_choices":[{"data":"Creative AI","floor":6.0,"key":"SMITH"},{"floor":15.0,"key":"REST"}],"circlet_count":0,"master_deck":["Strike_B+1","Strike_B+1","Defend_B","Defend_B","Defend_B","Zap","Creative AI+1","Dualcast","Buffer","Hello World","Double Energy","Amplify","Core Surge","Skim","Double Energy","ReplayRNGCard","Steam","Self Repair+1","REME_Whirling"],"relics":["Cracked Core","Lantern","Regal Pillow","Ring of Fury","Ring of Shattering","Letter Opener","Dream Catcher","Whetstone","Omamori","Prayer Wheel","SsserpentHead","energizedSpire:NeverEndingSparkler","Nloth\u0027s Gift"],"acts_visited":["Exordium","TheCity"],"potions_floor_usage":[23],"damage_taken":[{"damage":0.0,"enemies":"2 Louse","floor":1.0,"turns":35.0},{"damage":1.0,"enemies":"Cultist","floor":3.0,"turns":3.0},{"damage":18.0,"enemies":"Lagavulin","floor":8.0,"turns":7.0},{"damage":33.0,"enemies":"3 Sentries","floor":12.0,"turns":6.0},{"damage":13.0,"enemies":"Fading Forest","floor":16.0,"turns":11.0},{"damage":20.0,"enemies":"2 Thieves","floor":18.0,"turns":4.0},{"damage":10,"enemies":"Chosen","floor":22,"turns":5},{"damage":58,"enemies":"Gremlin Leader","floor":23,"turns":8}],"seed_played":"4134417844069440750","potions_obtained":[{"floor":1.0,"key":"Weak Potion"},{"floor":18.0,"key":"Energy Potion"}],"is_trial":false,"path_per_floor":["M","?","M","?","$","R","?","E","T","M","?","E","$","M","R","B",null,"M","M","M","?","M","E"],"character_chosen":"DEFECT","items_purchased":["Omamori","Prayer Wheel"],"campfire_rested":1,"item_purchase_floors":[13,13],"current_hp_per_floor":[75,75,74,74,74,74,74,56,56,56,56,23,23,23,60,47,75,55,55,55,55,45,0,0],"gold":242,"neow_bonus":"RANDOM_COMMON_RELIC","is_daily":false,"chose_seed":false,"campfire_upgraded":1,"win_rate":0.0,"timestamp":1611847854,"path_taken":["M","?","?","?","$","R","?","E","T","?","?","E","?","?","R","BOSS","M","?","?","?","?","E"],"items_purchased_type":["Relic","Relic"],"build_version":"2020-12-22","purchased_purges":1,"victory":false,"max_hp_per_floor":[75,75,75,75,75,75,75,75,75,75,75,75,75,75,75,75,75,75,75,75,75,75,75,75],"relic_stats":{"SsserpentHead":100,"Regal Pillow":15,"Dream Catcher":1,"counters":[8,79],"Prayer Wheel":2,"Nloth\u0027s Gift":0,"Letter Opener":[79],"Whetstone":["Strike_B","Strike_B"],"obtain_stats":[{"Lantern":0,"Regal Pillow":2,"Omamori":13,"Letter Opener":8,"Whetstone":12,"SsserpentHead":14,"Dream Catcher":9,"energizedSpire:NeverEndingSparkler":17,"Ring of Fury":4,"Prayer Wheel":13,"Ring of Shattering":4,"Nloth\u0027s Gift":21,"Cracked Core":0,"REME_ComplimentaryCards":0},{"Lantern":0,"Regal Pillow":1,"Omamori":4,"Letter Opener":3,"Whetstone":4,"SsserpentHead":4,"Dream Catcher":3,"energizedSpire:NeverEndingSparkler":5,"Ring of Fury":2,"Prayer Wheel":4,"Ring of Shattering":2,"Nloth\u0027s Gift":6,"Cracked Core":0,"REME_ComplimentaryCards":0},{"Lantern":0,"Regal Pillow":35,"Omamori":51,"Letter Opener":45,"Whetstone":51,"SsserpentHead":51,"Dream Catcher":45,"energizedSpire:NeverEndingSparkler":62,"Ring of Fury":38,"Prayer Wheel":51,"Ring of Shattering":38,"Nloth\u0027s Gift":66,"Cracked Core":0,"REME_ComplimentaryCards":0}]},"card_choices":[{"not_picked":["Compile Driver","Reprogram","ReplayTheSpireMod:Repulse","Stack","Glacier","Hologram","Cold Snap"],"picked":"SKIP","floor":1.0},{"not_picked":["Barrage","Recycle"],"picked":"REME_DataAnalysis","floor":3.0},{"not_picked":["Gash","Sweeping Beam","Stack"],"picked":"SKIP","floor":8.0},{"not_picked":["Turbo","Cold Snap"],"picked":"Double Energy","floor":12.0},{"not_picked":["Gash","Coolheaded"],"picked":"Amplify","floor":15.0},{"not_picked":["Rainbow","Buffer","Thunder Strike"],"picked":"Core Surge","floor":16.0},{"not_picked":["REME_Whirling","Conserve Battery"],"picked":"Skim","floor":18.0},{"not_picked":["Streamline","Steam"],"picked":"Double Energy","floor":18.0},{"not_picked":["Hologram+1","White Noise"],"picked":"Self Repair+1","floor":22},{"not_picked":["ReplayTheSpireMod:GoodbyeWorld","Blizzard+1"],"picked":"REME_Whirling","floor":22}],"player_experience":86782,"relics_obtained":[{"floor":2.0,"key":"Regal Pillow"},{"floor":4.0,"key":"Ring of Fury"},{"floor":4.0,"key":"Ring of Shattering"},{"floor":8.0,"key":"Letter Opener"},{"floor":9.0,"key":"Dream Catcher"},{"floor":12.0,"key":"Whetstone"}],"event_choices":[{"damage_healed":0.0,"max_hp_gain":0.0,"max_hp_loss":0.0,"gold_gain":0.0,"event_name":"Wheel of Change","player_choice":"Relic","floor":2.0,"gold_loss":0.0,"damage_taken":0.0},{"cards_removed":["REME_DataAnalysis"],"damage_healed":0.0,"max_hp_gain":0.0,"max_hp_loss":0.0,"gold_gain":0.0,"event_name":"NoteForYourself","player_choice":"Took Card","floor":7.0,"gold_loss":0.0,"damage_taken":0.0,"cards_obtained":["Dualcast"]},{"damage_healed":0.0,"max_hp_gain":0.0,"max_hp_loss":0.0,"gold_gain":0.0,"cards_transformed":["Dualcast"],"event_name":"Living Wall","player_choice":"Change","floor":10.0,"gold_loss":0.0,"damage_taken":0.0,"cards_obtained":["Buffer"]},{"damage_healed":0.0,"max_hp_gain":0.0,"max_hp_loss":0.0,"gold_gain":0.0,"cards_transformed":["Strike_B"],"event_name":"Transmorgrifier","player_choice":"Transformed","floor":11.0,"gold_loss":0.0,"damage_taken":0.0,"cards_obtained":["Hello World"]},{"damage_healed":0.0,"max_hp_gain":0.0,"max_hp_loss":0.0,"gold_gain":0.0,"event_name":"FaceTrader","player_choice":"Trade","floor":14.0,"gold_loss":0.0,"damage_taken":0.0,"relics_obtained":["SsserpentHead"]},{"damage_healed":0.0,"max_hp_gain":0.0,"max_hp_loss":0.0,"gold_gain":0.0,"cards_transformed":["Strike_B"],"event_name":"Transmorgrifier","player_choice":"Transformed","floor":19.0,"gold_loss":0.0,"damage_taken":0.0,"cards_obtained":["ReplayRNGCard"]},{"damage_healed":0,"gold_gain":0,"cards_transformed":["Defend_B"],"player_choice":"Transformed","damage_taken":0,"max_hp_gain":0,"max_hp_loss":0,"event_name":"Transmorgrifier","floor":20,"gold_loss":0,"cards_obtained":["Steam"]},{"damage_healed":0,"gold_gain":0,"player_choice":"Traded Relic","damage_taken":0,"relics_obtained":["Nloth\u0027s Gift"],"max_hp_gain":0,"max_hp_loss":0,"event_name":"N\u0027loth","floor":21,"relics_lost":["REME_ComplimentaryCards"],"gold_loss":0}],"is_beta":false,"boss_relics":[{"not_picked":["Kintsugi","Busted Crown"],"picked":"energizedSpire:NeverEndingSparkler"}],"items_purged_floors":[5],"is_endless":false,"potions_floor_spawned":[1,18],"killed_by":"Gremlin Leader","ascension_level":0}}