{"host":"tq99ucv8ezzqzioe","time":1611800333,"event":{"mods":["BaseMod","Colored Map","Downfall","Highlight Path","Minty Spire (QoL Compilation)","StSLib"],"gold_per_floor":[118,118,137,153,153,153,6,6,6,21,37,67,67,92,92,92,92],"floor_reached":16,"language":"ENG","playtime":594,"items_purged":[],"score":143,"play_id":"b8869ee0-8fa2-4205-8bed-f13500deddd6","local_time":"20210127211853","is_ascension_mode":true,"campfire_choices":[{"floor":6,"key":"RECALL"},{"data":"Bash","floor":8,"key":"SMITH"},{"floor":15,"key":"REST"}],"circlet_count":0,"master_deck":["Strike_R","Strike_R","Strike_R","Defend_R","Defend_R","Defend_R","Defend_R","Bash+1","Sword Boomerang","Pommel Strike","Heavy Blade","Evolve","Flex","Entrench","Sword Boomerang","Rupture"],"relics":["Burning Blood","Juzu Bracelet","Incense Burner","Dream Catcher","Omamori"],"acts_visited":["Exordium"],"potions_floor_usage":[12,12,14],"damage_taken":[{"damage":12,"enemies":"Jaw Worm","floor":1,"turns":3},{"damage":1,"enemies":"Cultist","floor":3,"turns":4},{"damage":0,"enemies":"Small Slimes","floor":4,"turns":3},{"damage":14,"enemies":"3 Louse","floor":10,"turns":3},{"damage":33,"enemies":"Large Slime","floor":11,"turns":7},{"damage":18,"enemies":"3 Sentries","floor":12,"turns":10},{"damage":40,"enemies":"Lagavulin","floor":14,"turns":4},{"damage":40,"enemies":"The Guardian","floor":16,"turns":10}],"seed_played":"871138243886602280","potions_obtained":[{"floor":3,"key":"SteroidPotion"},{"floor":4,"key":"PowerPotion"},{"floor":11,"key":"Dexterity Potion"},{"floor":12,"key":"SmokeBomb"}],"is_trial":false,"path_per_floor":["M","?","M","M","?","R","$","R","T","M","M","E","?","E","R","B"],"character_chosen":"IRONCLAD","items_purchased":["Juzu Bracelet"],"campfire_rested":1,"item_purchase_floors":[7],"current_hp_per_floor":[66,59,64,70,90,90,90,90,90,82,55,43,43,9,36,0,0],"gold":92,"neow_bonus":"ONE_RANDOM_RARE_CARD","is_daily":false,"chose_seed":false,"campfire_upgraded":1,"win_rate":0.0,"timestamp":1611800333,"path_taken":["M","?","M","M","?","R","$","R","T","M","M","E","?","E","R","BOSS"],"items_purchased_type":["Relic"],"build_version":"2020-12-22","purchased_purges":0,"victory":false,"max_hp_per_floor":[80,80,80,80,90,90,90,90,90,90,90,90,90,90,90,90,90],"card_choices":[{"not_picked":["Twin Strike","Heavy Blade"],"picked":"Sword Boomerang","floor":1},{"not_picked":["Shrug It Off","Metallicize"],"picked":"Pommel Strike","floor":3},{"not_picked":["Sever Soul","Clothesline"],"picked":"Heavy Blade","floor":4},{"not_picked":["Warcry","Dark Embrace"],"picked":"Evolve","floor":10},{"not_picked":["Feel No Pain","Anger","Clothesline"],"picked":"SKIP","floor":11},{"not_picked":["Rupture","Second Wind"],"picked":"Flex","floor":12},{"not_picked":["Corruption","Sever Soul"],"picked":"Sword Boomerang","floor":14},{"not_picked":["Feel No Pain","Clash"],"picked":"Rupture","floor":15}],"player_experience":793377,"relics_obtained":[{"floor":9,"key":"Incense Burner"},{"floor":12,"key":"Dream Catcher"},{"floor":14,"key":"Omamori"}],"event_choices":[{"cards_removed":["Strike_R"],"damage_healed":0,"gold_gain":0,"player_choice":"Card Removal","damage_taken":7,"max_hp_gain":0,"max_hp_loss":0,"event_name":"Golden Wing","floor":2,"gold_loss":0},{"cards_removed":["Corruption"],"damage_healed":10,"gold_gain":0,"player_choice":"Offered Rare","damage_taken":0,"max_hp_gain":10,"max_hp_loss":0,"event_name":"Bonfire Elementals","floor":5,"gold_loss":0},{"damage_healed":0,"gold_gain":0,"cards_transformed":["Strike_R"],"player_choice":"Change","damage_taken":0,"max_hp_gain":0,"max_hp_loss":0,"event_name":"Living Wall","floor":13,"gold_loss":0,"cards_obtained":["Entrench"]}],"is_beta":false,"boss_relics":[],"items_purged_floors":[],"is_endless":false,"potions_floor_spawned":[3,4,11,12],"killed_by":"The Guardian","ascension_level":6}}