{"host":"qsusua7l529r8z9k","time":1611828316,"event":{"mods":["BaseMod","Minty Spire (QoL Compilation)","StSLib"],"gold_per_floor":[115,40,40,40,52,83,83,83,83,110,127,127,169,194,194,277,277,304,313,352,20,29,29,67,67,67,100,126,158,158,180,180,263,263,280,299,314,214,214,239,266,309,359,374,374,374,385,416,428,440,440],"floor_reached":50,"language":"ZHS","playtime":2327,"items_purged":["Writhe","Strike_B"],"score":1264,"play_id":"09ad785d-71be-4b32-88e0-d491d26e70ab","local_time":"20210128180516","is_ascension_mode":true,"campfire_choices":[{"data":"Fission","floor":8.0,"key":"SMITH"},{"floor":12.0,"key":"REST"},{"data":"Double Energy","floor":15.0,"key":"SMITH"},{"data":"Buffer","floor":23.0,"key":"SMITH"},{"data":"Coolheaded","floor":25.0,"key":"SMITH"},{"data":"Turbo","floor":30.0,"key":"SMITH"},{"floor":32.0,"key":"REST"},{"data":"Fission","floor":45.0,"key":"SMITH"},{"floor":49,"key":"REST"}],"circlet_count":0,"master_deck":["AscendersBane","Strike_B+1","Defend_B+1","Defend_B+1","Defend_B","Defend_B","Zap","Dualcast","Turbo+1","Cold Snap+1","Fission+1","Buffer+1","Double Energy+1","Electrodynamics","Coolheaded+1","Coolheaded+1","Panacea","Echo Form","Ball Lightning","Capacitor","Tempest","Fission+1","Heatsinks+1","Fission+1","Glacier"],"relics":["Cracked Core","NeowsBlessing","Pantograph","CeramicFish","StoneCalendar","Vajra","Bronze Scales","Black Star","Toy Ornithopter","Red Mask","Medical Kit","Pear","Whetstone","Juzu Bracelet","Mercury Hourglass","Strawberry","War Paint","Bottled Lightning","Inserter","Boot","CaptainsWheel","Akabeko","Smiling Mask","PreservedInsect","Pocketwatch","MawBank"],"acts_visited":["Exordium","TheCity","TheBeyond"],"potions_floor_usage":[],"damage_taken":[{"damage":0.0,"enemies":"2 Louse","floor":1.0,"turns":1.0},{"damage":0.0,"enemies":"Jaw Worm","floor":5.0,"turns":1.0},{"damage":0.0,"enemies":"Gremlin Nob","floor":6.0,"turns":1.0},{"damage":18.0,"enemies":"Lagavulin","floor":10.0,"turns":6.0},{"damage":5.0,"enemies":"Small Slimes","floor":11.0,"turns":4.0},{"damage":13.0,"enemies":"3 Sentries","floor":13.0,"turns":7.0},{"damage":0.0,"enemies":"Blue Slaver","floor":14.0,"turns":3.0},{"damage":2.0,"enemies":"The Guardian","floor":16.0,"turns":12.0},{"damage":0.0,"enemies":"3 Byrds","floor":18.0,"turns":2.0},{"damage":10.0,"enemies":"Masked Bandits","floor":20.0,"turns":2.0},{"damage":18.0,"enemies":"Gremlin Leader","floor":24.0,"turns":7.0},{"damage":10.0,"enemies":"Slavers","floor":27.0,"turns":4.0},{"damage":7.0,"enemies":"Shell Parasite","floor":28.0,"turns":5.0},{"damage":29.0,"enemies":"Book of Stabbing","floor":29.0,"turns":5.0},{"damage":7.0,"enemies":"Shelled Parasite and Fungi","floor":31.0,"turns":5.0},{"damage":17.0,"enemies":"Automaton","floor":33.0,"turns":7.0},{"damage":4.0,"enemies":"Orb Walker","floor":35.0,"turns":3.0},{"damage":17.0,"enemies":"3 Darklings","floor":36.0,"turns":4.0},{"damage":24.0,"enemies":"Jaw Worm Horde","floor":37.0,"turns":4.0},{"damage":15.0,"enemies":"Reptomancer","floor":40.0,"turns":5.0},{"damage":3.0,"enemies":"Sphere and 2 Shapes","floor":41.0,"turns":3.0},{"damage":0.0,"enemies":"Nemesis","floor":42.0,"turns":7.0},{"damage":3.0,"enemies":"Writhing Mass","floor":44.0,"turns":6.0},{"damage":12.0,"enemies":"Transient","floor":47.0,"turns":6.0},{"damage":8,"enemies":"Giant Head","floor":48,"turns":8},{"damage":58,"enemies":"Awakened One","floor":50,"turns":20}],"seed_played":"-2577248548950919702","potions_obtained":[{"floor":5.0,"key":"Fire Potion"},{"floor":11.0,"key":"FocusPotion"},{"floor":13.0,"key":"Swift Potion"},{"floor":14.0,"key":"AttackPotion"},{"floor":20.0,"key":"SpeedPotion"},{"floor":24.0,"key":"Ancient Potion"},{"floor":27.0,"key":"ColorlessPotion"},{"floor":40.0,"key":"FearPotion"},{"floor":44.0,"key":"EssenceOfSteel"}],"is_trial":false,"path_per_floor":["M","?","$","?","M","E","?","R","T","E","M","R","E","M","R","B",null,"M","?","?","$","?","R","E","R","T","E","M","E","R","M","R","B",null,"M","M","M","$","?","E","M","E","T","M","R","?","M","E","R","B"],"character_chosen":"DEFECT","items_purchased":["Medical Kit","Panacea"],"campfire_rested":3,"item_purchase_floors":[21,21],"current_hp_per_floor":[64,64,64,57,57,57,39,39,39,21,16,37,24,24,24,47,65,65,65,55,55,55,55,52,52,52,54,47,18,18,11,37,45,77,73,56,32,32,32,22,19,19,19,16,16,16,9,1,27,0,0],"gold":440,"neow_bonus":"THREE_ENEMY_KILL","is_daily":false,"chose_seed":false,"campfire_upgraded":6,"win_rate":0.0,"timestamp":1611828316,"path_taken":["M","?","$","?","M","E","?","R","T","E","M","R","E","M","R","BOSS","M","?","?","$","?","R","E","R","T","E","M","E","R","M","R","BOSS","M","M","M","$","?","E","M","E","T","M","R","?","M","E","R","BOSS"],"items_purchased_type":["Relic","Card"],"build_version":"2020-12-22","purchased_purges":2,"victory":false,"max_hp_per_floor":[71,71,71,71,71,71,71,71,71,71,71,71,71,71,71,71,71,71,71,71,71,71,71,81,81,81,88,88,88,88,88,88,88,88,88,88,88,88,88,88,88,88,88,88,88,88,88,88,88,88,88],"card_choices":[{"not_picked":["Sweeping Beam","Streamline"],"picked":"Turbo","floor":1.0},{"not_picked":["Stack","Reprogram"],"picked":"Cold Snap","floor":5.0},{"not_picked":["Conserve Battery","Ball Lightning"],"picked":"Fission","floor":6.0},{"not_picked":["Consume","Compile Driver","Gash"],"picked":"SKIP","floor":10.0},{"not_picked":["Leap","Stack","Turbo"],"picked":"SKIP","floor":11.0},{"not_picked":["Gash","Self Repair"],"picked":"Buffer","floor":13.0},{"not_picked":["Turbo","Redo"],"picked":"Double Energy","floor":14.0},{"not_picked":["Machine Learning","Meteor Strike"],"picked":"Electrodynamics","floor":16.0},{"not_picked":["Hologram","Leap"],"picked":"Coolheaded+1","floor":18.0},{"not_picked":["Consume","Chaos"],"picked":"Coolheaded","floor":20.0},{"not_picked":["Gash","Hologram+1"],"picked":"Ball Lightning","floor":24.0},{"not_picked":["Skim","Beam Cell","Turbo"],"picked":"SKIP","floor":27.0},{"not_picked":["Melter","Rebound"],"picked":"Capacitor","floor":28.0},{"not_picked":["Leap","Auto Shields","Loop"],"picked":"SKIP","floor":29.0},{"not_picked":["Leap","Auto Shields","Loop"],"picked":"SKIP","floor":29.0},{"not_picked":["Rebound","Cold Snap"],"picked":"Tempest","floor":31.0},{"not_picked":["Core Surge","Buffer"],"picked":"Fission","floor":33.0},{"not_picked":["Aggregate","Coolheaded","Conserve Battery"],"picked":"SKIP","floor":35.0},{"not_picked":["Hello World","Rip and Tear"],"picked":"Heatsinks+1","floor":36.0},{"not_picked":["Barrage","Beam Cell","Steam Power"],"picked":"SKIP","floor":37.0},{"not_picked":["Steam Power","Gash","Auto Shields"],"picked":"SKIP","floor":40.0},{"not_picked":["Rebound","Blizzard"],"picked":"Fission","floor":41.0},{"not_picked":["Streamline","Hologram"],"picked":"Glacier","floor":42.0},{"not_picked":["Turbo","Redo","Barrage"],"picked":"SKIP","floor":44.0},{"not_picked":["Turbo","Redo","Barrage"],"picked":"SKIP","floor":44.0},{"not_picked":["Tempest","Ball Lightning","Turbo"],"picked":"SKIP","floor":47.0},{"not_picked":["Cold Snap+1","Compile Driver","Ball Lightning+1"],"picked":"SKIP","floor":48}],"player_experience":519723,"relics_obtained":[{"floor":6.0,"key":"Pantograph"},{"floor":9.0,"key":"StoneCalendar"},{"floor":10.0,"key":"Vajra"},{"floor":13.0,"key":"Bronze Scales"},{"floor":20.0,"key":"Red Mask"},{"floor":24.0,"key":"Pear"},{"floor":24.0,"key":"Whetstone"},{"floor":26.0,"key":"Juzu Bracelet"},{"floor":27.0,"key":"Mercury Hourglass"},{"floor":27.0,"key":"Strawberry"},{"floor":29.0,"key":"War Paint"},{"floor":29.0,"key":"Bottled Lightning"},{"floor":40.0,"key":"Boot"},{"floor":40.0,"key":"CaptainsWheel"},{"floor":42.0,"key":"Akabeko"},{"floor":42.0,"key":"Smiling Mask"},{"floor":43.0,"key":"PreservedInsect"},{"floor":48,"key":"Pocketwatch"},{"floor":48,"key":"MawBank"}],"event_choices":[{"cards_removed":["Strike_B"],"damage_healed":0.0,"max_hp_gain":0.0,"max_hp_loss":0.0,"gold_gain":0.0,"event_name":"The Cleric","player_choice":"Card Removal","floor":2.0,"gold_loss":75.0,"damage_taken":0.0},{"cards_removed":["Strike_B"],"damage_healed":0.0,"max_hp_gain":0.0,"max_hp_loss":0.0,"gold_gain":0.0,"event_name":"Golden Wing","player_choice":"Card Removal","floor":4.0,"gold_loss":0.0,"damage_taken":7.0},{"damage_healed":0.0,"max_hp_gain":0.0,"max_hp_loss":0.0,"gold_gain":0.0,"event_name":"Scrap Ooze","player_choice":"Success","floor":7.0,"gold_loss":0.0,"damage_taken":18.0,"relics_obtained":["CeramicFish"]},{"damage_healed":0.0,"max_hp_gain":0.0,"max_hp_loss":0.0,"gold_gain":0.0,"event_name":"The Mausoleum","player_choice":"Opened","floor":19.0,"gold_loss":0.0,"damage_taken":0.0,"relics_obtained":["Toy Ornithopter"],"cards_obtained":["Writhe"]},{"damage_healed":0.0,"max_hp_gain":0.0,"max_hp_loss":0.0,"gold_gain":0.0,"event_name":"Masked Bandits","player_choice":"Fought Bandits","floor":20.0,"gold_loss":0.0,"damage_taken":0.0},{"damage_healed":0.0,"max_hp_gain":0.0,"max_hp_loss":0.0,"gold_gain":0.0,"event_name":"The Library","player_choice":"Read","floor":22.0,"gold_loss":0.0,"damage_taken":0.0,"cards_obtained":["Echo Form"]},{"damage_healed":0.0,"max_hp_gain":0.0,"max_hp_loss":0.0,"gold_gain":0.0,"event_name":"SecretPortal","player_choice":"Ignored","floor":39.0,"gold_loss":0.0,"damage_taken":0.0},{"damage_healed":0.0,"max_hp_gain":0.0,"max_hp_loss":0.0,"gold_gain":0.0,"event_name":"Accursed Blacksmith","player_choice":"Forge","floor":46.0,"gold_loss":0.0,"damage_taken":0.0,"cards_upgraded":["Fission"]}],"is_beta":false,"boss_relics":[{"not_picked":["Snecko Eye","Runic Dome"],"picked":"Black Star"},{"not_picked":["Busted Crown","Philosopher\u0027s Stone"],"picked":"Inserter"}],"items_purged_floors":[21,38],"is_endless":false,"potions_floor_spawned":[5,11,13,14,20,24,27,29,35,40,44],"killed_by":"Awakened One","ascension_level":17}}