{"host":"na09lpbrez4gbfiz","time":1611863054,"event":{"mods":["Act Like it!","BaseMod","BetterRewards","Colored Map","Colored Powertips","DeckTracker","Googly Eyes","Highlight Path","Minty Spire (QoL Compilation)","Quick Restart","Spicy Shops","StSLib","SuperFastMode","Synergy Search"],"gold_per_floor":[116,391,408,423,440,470,470,480,532,552,390,390,7,82,82,82,82],"floor_reached":16,"language":"ENG","playtime":406,"items_purged":["Regret","Strike_R"],"score":168,"play_id":"e3011eff-4379-417b-b692-1c0f85e45bf8","local_time":"20210128204414","is_ascension_mode":true,"campfire_choices":[{"data":"Uppercut","floor":7,"key":"SMITH"},{"floor":12,"key":"REST"},{"data":"True Grit","floor":15,"key":"SMITH"}],"circlet_count":0,"master_deck":["AscendersBane","Strike_R","Strike_R","Strike_R","Strike_R","Defend_R","Defend_R","Defend_R","Defend_R","Bash","Uppercut+1","True Grit+1"],"relics":["Sozu","Shuriken","Bag of Marbles","FossilizedHelix","Lee\u0027s Waffle","Sundial"],"acts_visited":["Exordium"],"potions_floor_usage":[],"damage_taken":[{"damage":1,"enemies":"Cultist","floor":1,"turns":3},{"damage":3,"enemies":"Jaw Worm","floor":3,"turns":4},{"damage":0,"enemies":"Small Slimes","floor":4,"turns":3},{"damage":11,"enemies":"2 Fungi Beasts","floor":5,"turns":4},{"damage":18,"enemies":"Gremlin Nob","floor":6,"turns":3},{"damage":35,"enemies":"Large Slime","floor":8,"turns":6},{"damage":3,"enemies":"3 Louse","floor":10,"turns":3},{"damage":77,"enemies":"Hexaghost","floor":16,"turns":16}],"seed_played":"7535184403740504163","potions_obtained":[],"is_trial":false,"path_per_floor":["M","?","M","M","M","E","R","M","T","M","$","R","$","?","R","B"],"character_chosen":"IRONCLAD","items_purchased":["FossilizedHelix","Lee\u0027s Waffle","Sundial"],"campfire_rested":1,"item_purchase_floors":[11,13,13],"current_hp_per_floor":[71,71,68,68,57,39,39,4,4,1,1,25,87,76,76,0,0],"gold":82,"neow_bonus":"BOSS_RELIC","is_daily":false,"chose_seed":false,"campfire_upgraded":2,"win_rate":0.0,"timestamp":1611863054,"path_taken":["M","?","M","M","M","E","R","?","T","M","?","R","$","?","R","BOSS"],"items_purchased_type":["Relic","Relic","Relic"],"build_version":"2020-12-22","purchased_purges":2,"victory":false,"max_hp_per_floor":[80,80,80,80,80,80,80,80,80,80,80,80,87,87,87,87,87],"card_choices":[{"not_picked":["Wild Strike","Havoc"],"picked":"Uppercut","floor":1},{"not_picked":["Rage","Iron Wave","Pommel Strike"],"picked":"SKIP","floor":3},{"not_picked":["Thunderclap","Body Slam","Pommel Strike"],"picked":"SKIP","floor":4},{"not_picked":["Iron Wave","Flex","Perfected Strike"],"picked":"SKIP","floor":5},{"not_picked":["Cleave","Uppercut","Whirlwind"],"picked":"SKIP","floor":6},{"not_picked":["Spot Weakness","Pommel Strike"],"picked":"True Grit","floor":8},{"not_picked":["Clash","Anger","Sever Soul"],"picked":"SKIP","floor":10}],"player_experience":195165,"relics_obtained":[{"floor":6,"key":"Shuriken"},{"floor":9,"key":"Bag of Marbles"}],"event_choices":[{"damage_healed":0,"gold_gain":275,"player_choice":"Desecrate","damage_taken":0,"max_hp_gain":0,"max_hp_loss":0,"event_name":"Golden Shrine","floor":2,"gold_loss":0,"cards_obtained":["Regret"]},{"damage_healed":0,"gold_gain":75,"player_choice":"Gather Gold","damage_taken":11,"max_hp_gain":0,"max_hp_loss":0,"event_name":"World of Goop","floor":14,"gold_loss":0}],"is_beta":false,"boss_relics":[],"items_purged_floors":[11,13],"is_endless":false,"potions_floor_spawned":[1,3,6,8],"killed_by":"Hexaghost","ascension_level":13}}