{"host":"nlkpd3ski1rfk80u","time":1611830275,"event":{"mods":["Act Like it!","Arknights The Spire","BaseMod","Gensokyo","HololiveMod","Marisa£®ÏF”Í°°ƒß¿Ì…≥£©","Minty Spire (QoL Compilation)","Reimu£®≤©¿ˆ¡È√Œ£©","Remilia£®¿Ÿ√◊¿Ú—«£©","StSLib","The Administrix","WarShipGirlsR/’ΩΩ¢…Ÿ≈ÆR mod","Youmu£®ªÍ∆«—˝√Œ£©","Yuyuko","noobMod"],"gold_per_floor":[119,136,66,82,92,124,139,39,64,64,13,38,50,65,65,164,164,177,189,201,201,211,246,258,258,258,273,273,302,552,570,570,666,666,682,682,682,682,694,362,362,34,34,34,34,69,69,79,79,79,79,79,2,37,37],"floor_reached":56,"language":"ZHS","playtime":4525,"items_purged":["rmod:strick"],"score":1204,"play_id":"1c2d8b99-09e8-4050-abaf-a95c44f82fde","local_time":"20210128183755","is_ascension_mode":false,"campfire_choices":[{"data":"rmod:aviationdawn","floor":10.0,"key":"SMITH"},{"data":"rmod:basicallowance","floor":15.0,"key":"SMITH"},{"data":"rmod:aluminumsupply","floor":25.0,"key":"SMITH"},{"data":"rmod:chargemoney","floor":28.0,"key":"SMITH"},{"data":"rmod:steelsupply","floor":32.0,"key":"SMITH"},{"data":"rmod:expedition","floor":41,"key":"SMITH"},{"data":"rmod:expedition+1","floor":45,"key":"SMITH"},{"floor":49,"key":"RECALL"},{"data":"rmod:secretscript","floor":52,"key":"SMITH"}],"circlet_count":0,"master_deck":["rmod:strick","rmod:strick+1","rmod:defend","rmod:defend","rmod:defend+1","rmod:basicallowance+1","rmod:maingunfire+1","rmod:victimresponsibility","rmod:diaomin+1","rmod:fuelsupply","rmod:intelligenceanalysis","rmod:guardianhero","rmod:aviationdawn+1","rmod:firesupport+1","rmod:ridicule","rmod:aluminumsupply+1","rmod:stealaluminum","rmod:supportescort","rmod:advancebysurprise","rmod:firesupport+1","rmod:acesubmarine+1","rmod:selfconfidence+1","rmod:ammunitionsupply","rmod:slowdown","rmod:chargemoney+1","rmod:steelsupply+1","rmod:secretscript+1","rmod:diamondstrike+1","rmod:lonelyqueen+1","Chrysalis","rmod:expedition+2","rmod:circuitoustactics+1"],"relics":["ice","Boot","Molten Egg 2","Juzu Bracelet","Whetstone","Empty Cage","MealTicket","Letter Opener","Torii","rmod:mogul","Gensokyo:EmptyGrave","ClockworkSouvenir","HandDrill","rmod:equipmentrecovery","Bag of Preparation","Strawberry"],"acts_visited":["Gensokyo:Gensokyo","Gensokyo:Gensokyoer","Gensokyo:Gensokyoest","TheEnding"],"potions_floor_usage":[50,50,55],"damage_taken":[{"damage":0.0,"enemies":"Gensokyo:Gryphon","floor":1.0,"turns":5.0},{"damage":3.0,"enemies":"Gensokyo:Python","floor":2.0,"turns":3.0},{"damage":1.0,"enemies":"Gensokyo:2_Kodama","floor":4.0,"turns":4.0},{"damage":0.0,"enemies":"Gensokyo:VengefulSpirit","floor":5.0,"turns":5.0},{"damage":12.0,"enemies":"Gensokyo:Aya","floor":6.0,"turns":6.0},{"damage":6.0,"enemies":"Gensokyo:Gryphon_and_Rabbit","floor":7.0,"turns":7.0},{"damage":5.0,"enemies":"Gensokyo:Mamizou","floor":12.0,"turns":9.0},{"damage":0.0,"enemies":"Gensokyo:2_Rabbits","floor":13.0,"turns":3.0},{"damage":0.0,"enemies":"Gensokyo:Python_and_Kodama","floor":14.0,"turns":2.0},{"damage":19.0,"enemies":"Gensokyo:Yukari","floor":16.0,"turns":7.0},{"damage":8.0,"enemies":"Gensokyo:Chomper","floor":18.0,"turns":3.0},{"damage":42.0,"enemies":"Gensokyo:CosmicMonolith","floor":19.0,"turns":6.0},{"damage":7.0,"enemies":"Gensokyo:Wraith","floor":20.0,"turns":5.0},{"damage":14.0,"enemies":"Gensokyo:Slime_Group","floor":22.0,"turns":4.0},{"damage":20.0,"enemies":"Gensokyo:Koishi","floor":23.0,"turns":4.0},{"damage":11.0,"enemies":"Gensokyo:3_Gloops","floor":24.0,"turns":4.0},{"damage":9.0,"enemies":"Gensokyo:Monolith_and_Dog","floor":27.0,"turns":3.0},{"damage":27.0,"enemies":"Gensokyo:Tenshi","floor":29.0,"turns":3.0},{"damage":0.0,"enemies":"Gensokyo:Swordslinger","floor":31.0,"turns":2.0},{"damage":31.0,"enemies":"Gensokyo:Kaguya","floor":33.0,"turns":6.0},{"damage":21.0,"enemies":"Gensokyo:AncientGuardian","floor":35.0,"turns":3.0},{"damage":1,"enemies":"Gensokyo:3_Bats","floor":39,"turns":3},{"damage":15,"enemies":"Gensokyo:Kasen","floor":46,"turns":4},{"damage":33,"enemies":"Gensokyo:SeedOfUnknown","floor":48,"turns":4},{"damage":26,"enemies":"Gensokyo:Yuyuko","floor":50,"turns":8},{"damage":85,"enemies":"Shield and Spear","floor":54,"turns":7},{"damage":89,"enemies":"The Heart","floor":55,"turns":9}],"seed_played":"7980924271228737149","potions_obtained":[{"floor":1.0,"key":"Swift Potion"},{"floor":5.0,"key":"ColorlessPotion"},{"floor":7.0,"key":"SpeedPotion"},{"floor":20.0,"key":"Ancient Potion"},{"floor":46,"key":"Fire Potion"},{"floor":54,"key":"SteroidPotion"}],"is_trial":false,"path_per_floor":["M","M","?","M","M","E","M","?","T","R","$","E","M","M","R","B",null,"M","M","M","?","M","E","M","R","T","M","R","E","?","M","R","B",null,"M","?","T","?","M","$","R","COS","T","$","R","E","?","M","R","B",null,"R","$","E","B",null],"character_chosen":"PRAEFECT","items_purchased":["rmod:firesupport+1","Chrysalis","rmod:expedition","LiquidBronze"],"campfire_rested":0,"item_purchase_floors":[11,40,40,53],"current_hp_per_floor":[82,79,79,78,78,66,60,60,60,60,60,55,55,55,55,36,82,74,32,25,25,11,72,61,61,61,52,52,25,25,25,25,69,93,72,72,72,72,71,86,87,87,87,87,87,72,72,39,39,39,87,87,87,93,4],"gold":37,"neow_bonus":"TEN_PERCENT_HP_BONUS","is_daily":false,"chose_seed":false,"campfire_upgraded":8,"win_rate":0.0,"timestamp":1611830275,"path_taken":["M","M","?","M","M","E","M","?","T","R","?","E","M","M","R","BOSS","M","M","M","?","M","E","M","R","T","M","R","E","?","M","R","BOSS","M","?","?","?","M","$","R","COS","T","?","R","E","?","M","R","BOSS","R","$","E","BOSS"],"items_purchased_type":["Card","Card","Card","Potion"],"build_version":"2020-12-22","purchased_purges":1,"victory":true,"max_hp_per_floor":[82,82,82,82,82,82,82,82,82,82,82,82,82,82,82,82,82,82,82,82,82,82,83,85,85,85,87,87,90,85,86,86,93,93,94,94,94,87,87,87,87,87,87,87,87,87,87,87,87,87,87,87,87,96,183],"card_choices":[{"not_picked":["rmod:mineteam","rmod:unsinkable"],"picked":"rmod:victimresponsibility","floor":1.0},{"not_picked":["rmod:ammunitionsupply","rmod:slowdown"],"picked":"rmod:diaomin","floor":2.0},{"not_picked":["rmod:u235","rmod:gendarmerie"],"picked":"rmod:fuelsupply","floor":4.0},{"not_picked":["rmod:unsinkable","rmod:smokecover"],"picked":"rmod:intelligenceanalysis","floor":5.0},{"not_picked":["rmod:intelligenceanalysis","rmod:tearstotiara"],"picked":"rmod:guardianhero","floor":6.0},{"not_picked":["rmod:tearstotiara","rmod:intelligenceanalysis"],"picked":"rmod:aviationdawn","floor":7.0},{"not_picked":["rmod:goodfighter+1","rmod:aggressivemary+1"],"picked":"rmod:ridicule","floor":12.0},{"not_picked":["rmod:generalist+1","rmod:firesupport+1"],"picked":"rmod:circuitoustactics","floor":13.0},{"not_picked":["rmod:victimresponsibility","rmod:goodsister"],"picked":"rmod:aluminumsupply","floor":14.0},{"not_picked":["rmod:desperatesituation","rmod:u235"],"picked":"rmod:stealaluminum","floor":16.0},{"not_picked":["rmod:generalist+1","rmod:ring"],"picked":"rmod:supportescort","floor":18.0},{"not_picked":["rmod:fuelsupply","rmod:victimresponsibility"],"picked":"rmod:advancebysurprise","floor":19.0},{"not_picked":["rmod:sl+1","rmod:aluminumsupply"],"picked":"rmod:firesupport+1","floor":20.0},{"not_picked":["rmod:mineteam+1","rmod:circuitoustactics"],"picked":"rmod:selfconfidence+1","floor":22.0},{"not_picked":["rmod:u235","rmod:fuelsupply+1"],"picked":"rmod:ammunitionsupply","floor":23.0},{"not_picked":["rmod:aggressivemary+1","rmod:ammunitionsupply"],"picked":"rmod:slowdown","floor":24.0},{"not_picked":["rmod:diaomin+1","rmod:tearstotiara+1"],"picked":"rmod:chargemoney","floor":27.0},{"not_picked":["rmod:tearstotiara+1","rmod:fletcherpendant+1","rmod:spoils"],"picked":"SKIP","floor":29.0},{"not_picked":["rmod:victimresponsibility","rmod:generalist+1"],"picked":"rmod:steelsupply","floor":31.0},{"not_picked":["rmod:stealaluminum","rmod:u235"],"picked":"rmod:secretscript","floor":33.0},{"not_picked":["rmod:steelsupply+1","rmod:openingtorpedo+1"],"picked":"rmod:diamondstrike+1","floor":35},{"not_picked":["rmod:fuelsupply","rmod:aviationdawn+1"],"picked":"rmod:lonelyqueen+1","floor":39},{"not_picked":["rmod:ammunitionsupply+1","rmod:diamondstrike+1"],"picked":"rmod:circuitoustactics+1","floor":46},{"not_picked":["rmod:tearstotiara+1","rmod:firesupport+1","rmod:mineteam+1"],"picked":"SKIP","floor":48},{"not_picked":["rmod:intelligenceanalysis+1","rmod:fuelsupply","rmod:steelsupply"],"picked":"SKIP","floor":48},{"not_picked":["rmod:saltedfish","rmod:steelsupply+1","rmod:fletcherpendant+1"],"picked":"SKIP","floor":54}],"player_experience":28732,"relics_obtained":[{"floor":6.0,"key":"Boot"},{"floor":9.0,"key":"Juzu Bracelet"},{"floor":12.0,"key":"Whetstone"},{"floor":23.0,"key":"MealTicket"},{"floor":26.0,"key":"Letter Opener"},{"floor":29.0,"key":"Torii"},{"floor":43,"key":"rmod:equipmentrecovery"},{"floor":46,"key":"Bag of Preparation"},{"floor":54,"key":"Strawberry"}],"event_choices":[],"is_beta":false,"boss_relics":[{"not_picked":["Ectoplasm","Velvet Choker"],"picked":"Empty Cage"},{"not_picked":["SlaversCollar","Coffee Dripper"],"picked":"rmod:mogul"}],"items_purged_floors":[40],"is_endless":false,"potions_floor_spawned":[1,5,7,13,14,18,20,24,29,31,35,46,54],"ascension_level":0}}