{"host":"2eswhqk6sgfpt1j1","time":1611835173,"event":{"mods":["Act Like it!","BaseMod","Colored Powertips","Hallownest","Lobotomy","Minty Spire (QoL Compilation)","Replay The Spire","StSLib","The Bug Knight","The Cursed","The Hierophant","The Servant 0.9.4"],"gold_per_floor":[211,230,230,230,115,115,132,142,142,13,13,27,27,58,58,58,58],"floor_reached":16,"language":"ZHS","playtime":902,"items_purged":["HollowMod:FocusHealStart"],"score":92,"play_id":"159e91df-bdfc-4698-8342-7c28c024f38e","local_time":"20210128195933","is_ascension_mode":false,"campfire_choices":[{"data":"HollowMod:VengefulVoid","floor":6,"key":"SMITH"},{"floor":15,"key":"REST"}],"circlet_count":0,"master_deck":["HollowMod:NailStrikeStart","HollowMod:NailStrikeStart","HollowMod:NailStrikeStart","HollowMod:NailStrikeStart","HollowMod:QuickDashStart","HollowMod:QuickDashStart","HollowMod:QuickDashStart","HollowMod:QuickDashStart","HollowMod:PogoStrike","HollowMod:VengefulVoid+1","Transmutation","HollowMod:SharpenedShadows","HollowMod:VengefulVoid","HollowMod:ShadowDash","HollowMod:SiblingsSouls"],"relics":["HollowMod:VesselMask","Odd Mushroom","Juzu Bracelet"],"acts_visited":["Hallownest:Greenpath"],"potions_floor_usage":[12],"damage_taken":[{"damage":0,"enemies":"Hallownest:monsterHuskWarrior","floor":1,"turns":3},{"damage":2,"enemies":"Hallownest:monsterHuskGuard","floor":2,"turns":4},{"damage":0,"enemies":"Hallownest:2_Baldur","floor":7,"turns":4},{"damage":20,"enemies":"Hallownest:1_Ooma_and_2_Uuma","floor":8,"turns":8},{"damage":38,"enemies":"Hallownest:2_Tiktiks_1_Baldur_1_Crawlid","floor":12,"turns":6},{"damage":10,"enemies":"Hallownest:MossCreep_and_Mosskin","floor":14,"turns":6},{"damage":35,"enemies":"Hallownest:BossFalseKnight","floor":16,"turns":5}],"seed_played":"-1426942486648543896","potions_obtained":[{"floor":2,"key":"Ancient Potion"}],"is_trial":false,"path_per_floor":["M","M","?","?","?","R","M","M","T","$","?","M","?","?","R","B"],"character_chosen":"THE_BUGKNIGHT","items_purchased":["HollowMod:VengefulVoid"],"campfire_rested":1,"item_purchase_floors":[10],"current_hp_per_floor":[75,75,75,75,75,75,75,55,55,55,46,23,23,13,35,0,0],"gold":58,"neow_bonus":"HUNDRED_GOLD","is_daily":false,"chose_seed":false,"campfire_upgraded":1,"win_rate":0.0,"timestamp":1611835173,"path_taken":["M","M","?","?","?","R","M","M","T","$","?","M","?","?","R","BOSS"],"items_purchased_type":["Card"],"build_version":"2020-12-22","purchased_purges":1,"victory":false,"max_hp_per_floor":[75,75,75,75,75,75,75,75,75,75,75,75,75,75,75,75,75],"card_choices":[{"not_picked":["HollowMod:CornifersMapStart","HollowMod:FallenFury"],"picked":"HollowMod:VengefulVoid","floor":1},{"not_picked":["HollowMod:TaintedHusks","HollowMod:InfectedAttack","HollowMod:SoulStrike"],"picked":"SKIP","floor":2},{"not_picked":["Forethought","ReplayTheSpireMod:Uncanny Aura"],"picked":"Transmutation","floor":4},{"not_picked":["HollowMod:CoiledNail","HollowMod:DesolateDive"],"picked":"HollowMod:SharpenedShadows","floor":4},{"not_picked":["HollowMod:TaintedHusks","HollowMod:PerfectDash","HollowMod:SoulEater"],"picked":"SKIP","floor":7},{"not_picked":["HollowMod:MawleksShell","HollowMod:SoulVessel","HollowMod:CornifersMapStart"],"picked":"SKIP","floor":8},{"not_picked":["HollowMod:ChannelNail","HollowMod:InfectedAttack"],"picked":"HollowMod:ShadowDash","floor":12},{"not_picked":["HollowMod:CloakDash","HollowMod:SoulEater"],"picked":"HollowMod:SiblingsSouls","floor":14}],"player_experience":423387,"relics_obtained":[{"floor":9,"key":"Juzu Bracelet"}],"event_choices":[],"is_beta":false,"boss_relics":[],"items_purged_floors":[10],"is_endless":false,"potions_floor_spawned":[2],"killed_by":"Hallownest:BossFalseKnight","ascension_level":0}}