{"host":"fqepcc6wiujntn7y","time":1611847653,"event":{"mods":["AchievementEnabler","BaseMod","Minty Spire (QoL Compilation)","Quick Restart","Remove Card Discount Mod","Replay The Spire","StSLib","The Jungle"],"gold_per_floor":[112,124,134,147,160,192,192,222,300,314,314,133,161,179,179,275,275,295,52,65,65,79,79,79],"floor_reached":23,"language":"ENG","playtime":1514,"items_purged":["Spot Weakness"],"score":356,"play_id":"95df9e8c-128a-43ca-96c3-8a50ffd496d9","local_time":"20210128152733","daily_mods":["Draft","Heirloom"],"is_ascension_mode":true,"campfire_choices":[{"data":"Anger","floor":7,"key":"SMITH"},{"data":"Fire Breathing","floor":11,"key":"SMITH"},{"data":"Mayhem","floor":15,"key":"SMITH"}],"circlet_count":0,"master_deck":["Feel No Pain","Wild Strike","Cleave","Wild Strike","Rage","Whirlwind","Armaments","Armaments","Heavy Blade","Armaments","Flame Barrier","Body Slam","Wild Strike","Cleave","Fire Breathing+1","Life Link","ReplayTheSpireMod:Stacked","Sword Boomerang","Heavy Blade","Anger+1","Dual Wield","Sword Boomerang","Mayhem+1","Wild Strike","Cleave","Immolate","Heavy Blade","Body Slam+1"],"relics":["Burning Blood","Oddly Smooth Stone","BranchBurnRelic","Blue Candle","Eternal Feather","CaptainsWheel","Coffee Dripper","Singing Bowl","Ring of Fury","ReplayTheSpireMod:Ring of Sloth"],"acts_visited":["Exordium","TheCity"],"potions_floor_usage":[],"damage_taken":[{"damage":11,"enemies":"Jaw Worm","floor":1,"turns":3},{"damage":0,"enemies":"2 Louse","floor":2,"turns":3},{"damage":5,"enemies":"Cultist","floor":3,"turns":3},{"damage":0,"enemies":"Looter","floor":4,"turns":4},{"damage":4,"enemies":"Blue Slaver","floor":5,"turns":5},{"damage":26,"enemies":"Gremlin Nob","floor":6,"turns":5},{"damage":29,"enemies":"Replay:BlueRogue","floor":8,"turns":5},{"damage":9,"enemies":"Exordium Wildlife","floor":10,"turns":4},{"damage":18,"enemies":"3 Sentries","floor":13,"turns":5},{"damage":5,"enemies":"Large Slime","floor":14,"turns":5},{"damage":66,"enemies":"Hexaghost","floor":16,"turns":8},{"damage":2,"enemies":"3 Byrds","floor":18,"turns":3},{"damage":4,"enemies":"Spheric Guardian","floor":20,"turns":3},{"damage":25,"enemies":"Snake Plant","floor":22,"turns":3},{"damage":7,"enemies":"Book of Stabbing","floor":23,"turns":2}],"seed_played":"-3049446598604416402","potions_obtained":[{"floor":2,"key":"Elixir"},{"floor":4,"key":"LiquidMemories"},{"floor":5,"key":"Swift Potion"}],"is_trial":true,"path_per_floor":["M","M","M","M","M","E","R","E","T","M","R","$","E","M","R","B",null,"M","$","M","?","M","E"],"character_chosen":"IRONCLAD","items_purchased":["Mayhem","Singing Bowl"],"campfire_rested":0,"item_purchase_floors":[12,19],"current_hp_per_floor":[75,80,80,80,80,60,60,51,51,48,60,60,62,63,78,26,80,80,80,82,82,63,56,56],"gold":79,"neow_bonus":"","is_daily":false,"chose_seed":false,"campfire_upgraded":3,"win_rate":0.0,"timestamp":1611847653,"path_taken":["M","M","M","M","M","E","R","E","T","M","R","$","E","M","R","BOSS","M","$","M","?","M","E"],"items_purchased_type":["Card","Relic"],"build_version":"2020-12-22","purchased_purges":1,"victory":false,"max_hp_per_floor":[80,80,80,80,80,80,80,80,80,80,80,80,80,80,80,80,80,80,80,82,82,82,82,82],"card_choices":[{"not_picked":["Replay:Undeath\u0027s Touch","Pommel Strike"],"picked":"Feel No Pain","floor":0},{"not_picked":["Perfected Strike","Replay:Undeath\u0027s Touch"],"picked":"Spot Weakness","floor":0},{"not_picked":["ReplayTheSpireMod:Strike From Hell","Headbutt"],"picked":"Wild Strike","floor":0},{"not_picked":["Sentinel","ReplayTheSpireMod:Muscle Training"],"picked":"Cleave","floor":0},{"not_picked":["Rampage","Dropkick"],"picked":"Wild Strike","floor":0},{"not_picked":["Clothesline","True Grit"],"picked":"Rage","floor":0},{"not_picked":["Reckless Charge","Thunderclap"],"picked":"Whirlwind","floor":0},{"not_picked":["Carnage","Whirlwind"],"picked":"Armaments","floor":0},{"not_picked":["Run Through","Wild Strike"],"picked":"Armaments","floor":0},{"not_picked":["Flex","Cleave"],"picked":"Heavy Blade","floor":0},{"not_picked":["Havoc","Twin Strike"],"picked":"Armaments","floor":0},{"not_picked":["Seeing Red","Anger"],"picked":"Flame Barrier","floor":0},{"not_picked":["Anger","Iron Wave"],"picked":"Body Slam","floor":0},{"not_picked":["Thunderclap","Clash"],"picked":"Wild Strike","floor":0},{"not_picked":["ReplayTheSpireMod:Strike From Hell","Perfected Strike"],"picked":"Cleave","floor":0},{"not_picked":["Rampage","Entrench"],"picked":"Fire Breathing","floor":1},{"not_picked":["Headbutt","Defy Death"],"picked":"Life Link","floor":2},{"not_picked":["Hemokinesis","Ghostly Armor"],"picked":"ReplayTheSpireMod:Stacked","floor":3},{"not_picked":["Dual Wield","Clash"],"picked":"Sword Boomerang","floor":4},{"not_picked":["ReplayTheSpireMod:Strike From Hell","Perfected Strike"],"picked":"Heavy Blade","floor":5},{"not_picked":["Corruption","Sword Boomerang"],"picked":"Anger","floor":6},{"not_picked":["Anger","Shockwave"],"picked":"Dual Wield","floor":8},{"not_picked":["Headbutt","Run Through"],"picked":"Sword Boomerang","floor":10},{"not_picked":["Rupture","Flex"],"picked":"Wild Strike","floor":13},{"not_picked":["Clash","Body Slam"],"picked":"Cleave","floor":14},{"not_picked":["Hemogenesis","Replay:Many Hands"],"picked":"Immolate","floor":16},{"not_picked":["Bloodletting","Dark Embrace"],"picked":"Heavy Blade","floor":18},{"not_picked":["Ghostly Armor+1","Spot Weakness","Abandon+1"],"picked":"Singing Bowl","floor":20},{"not_picked":["Clash+1","Abandon"],"picked":"Body Slam+1","floor":22}],"player_experience":89700,"relics_obtained":[{"floor":6,"key":"Oddly Smooth Stone"},{"floor":8,"key":"Blue Candle"},{"floor":9,"key":"Eternal Feather"},{"floor":13,"key":"CaptainsWheel"},{"floor":21,"key":"Ring of Fury"},{"floor":21,"key":"ReplayTheSpireMod:Ring of Sloth"}],"event_choices":[],"is_beta":false,"boss_relics":[{"not_picked":["Replay:Bronze Core","Philosopher\u0027s Stone"],"picked":"Coffee Dripper"}],"items_purged_floors":[12],"is_endless":true,"potions_floor_spawned":[2,4,5,8,16,20,22],"killed_by":"Book of Stabbing","ascension_level":1}}