{"host":"skvwuvqqk8x6jusd","time":1611877142,"event":{"mods":["AchievementEnabler","BaseMod","Colored Map","Colored Powertips","Highlight Path","Minty Spire (QoL Compilation)","Relic Stats","Slay-I"],"gold_per_floor":[109,109,119,130,130,130,165,184,184,184,184,28,28,39,39,134,134,145,145,145,155,155,155,166,166,166,166,166,96,116,116,116,116,116],"floor_reached":33,"language":"ENG","playtime":745,"items_purged":["Defend_R"],"score":293,"play_id":"f39af5c5-e1c8-4a36-bdfa-56a990326f3c","local_time":"20210128233902","is_ascension_mode":false,"campfire_choices":[{"data":"Iron Wave","floor":6,"key":"SMITH"},{"data":"Double Tap","floor":15,"key":"SMITH"},{"data":"Double Tap","floor":23,"key":"SMITH"},{"data":"Inflame","floor":25,"key":"SMITH"},{"data":"Rampage","floor":28,"key":"SMITH"},{"data":"Whirlwind","floor":32,"key":"SMITH"}],"circlet_count":0,"master_deck":["Bash+1","Clash","Iron Wave+1","Double Tap+1","Inflame+1","Rampage+1","Double Tap+1","Clash+1","Bite","Bite","Bite","Bite","Bite","Whirlwind+1","Ghostly","Ghostly","Ghostly","Ghostly","Ghostly"],"relics":["Burning Blood","Eternal Feather","Bottled Flame","White Beast Statue","Runic Pyramid","Self Forming Clay","TungstenRod"],"acts_visited":["Exordium","TheCity"],"potions_floor_usage":[7,16,33,33],"damage_taken":[{"damage":12,"enemies":"Small Slimes","floor":1,"turns":3},{"damage":6,"enemies":"Cultist","floor":3,"turns":3},{"damage":11,"enemies":"Jaw Worm","floor":4,"turns":2},{"damage":19,"enemies":"3 Sentries","floor":7,"turns":8},{"damage":3,"enemies":"Looter","floor":8,"turns":2},{"damage":0,"enemies":"3 Louse","floor":14,"turns":3},{"damage":40,"enemies":"Hexaghost","floor":16,"turns":5},{"damage":2,"enemies":"Chosen","floor":18,"turns":3},{"damage":20,"enemies":"Shell Parasite","floor":21,"turns":3},{"damage":0,"enemies":"Sentry and Sphere","floor":24,"turns":3},{"damage":15,"enemies":"Shelled Parasite and Fungi","floor":30,"turns":3},{"damage":36,"enemies":"Automaton","floor":33,"turns":6}],"seed_played":"5249622430139994246","potions_obtained":[{"floor":4,"key":"BlessingOfTheForge"},{"floor":8,"key":"Strength Potion"},{"floor":14,"key":"FearPotion"},{"floor":16,"key":"BloodPotion"},{"floor":18,"key":"DistilledChaos"},{"floor":24,"key":"PowerPotion"},{"floor":30,"key":"BlessingOfTheForge"}],"is_trial":false,"path_per_floor":["M","?","M","M","T","R","E","M","T","?","?","$","$","M","R","B",null,"M","?","?","M","T","R","M","R","T","?","R","$","M","?","R","B"],"character_chosen":"IRONCLAD","items_purchased":["Inflame","Whirlwind"],"campfire_rested":0,"item_purchase_floors":[12,29],"current_hp_per_floor":[74,74,74,69,69,75,62,65,65,49,42,42,42,48,54,20,80,80,56,56,50,50,56,56,56,56,56,56,56,55,28,28,0,0],"gold":116,"neow_bonus":"REMOVE_CARD","is_daily":false,"chose_seed":false,"campfire_upgraded":6,"win_rate":0.0,"timestamp":1611877142,"path_taken":["M","?","?","M","?","R","E","M","T","?","?","?","$","M","R","BOSS","M","?","?","M","?","R","?","R","T","?","R","$","M","?","R","BOSS"],"items_purchased_type":["Card","Card"],"build_version":"2020-12-22","purchased_purges":1,"victory":false,"max_hp_per_floor":[80,80,80,80,80,80,80,80,80,80,80,80,80,80,80,80,80,80,56,56,56,56,56,56,56,56,56,56,56,56,28,28,28,28],"relic_stats":{"counters":[12,44],"Self Forming Clay":[9],"Eternal Feather":18,"obtain_stats":[{"Bottled Flame":7,"Self Forming Clay":22,"Eternal Feather":5,"Burning Blood":0,"White Beast Statue":9,"TungstenRod":26,"Runic Pyramid":17},{"Bottled Flame":4,"Self Forming Clay":9,"Eternal Feather":3,"Burning Blood":0,"White Beast Statue":5,"TungstenRod":10,"Runic Pyramid":7},{"Bottled Flame":16,"Self Forming Clay":32,"Eternal Feather":8,"Burning Blood":0,"White Beast Statue":18,"TungstenRod":35,"Runic Pyramid":26}],"Burning Blood":56,"TungstenRod":11},"card_choices":[{"not_picked":["Pommel Strike","Twin Strike"],"picked":"Clash","floor":1},{"not_picked":["Warcry","Entrench","Carnage"],"picked":"SKIP","floor":3},{"not_picked":["Thunderclap","Sever Soul"],"picked":"Iron Wave","floor":4},{"not_picked":["Hemokinesis","Dual Wield","Double Tap"],"picked":"SKIP","floor":7},{"not_picked":["Hemokinesis","Dual Wield"],"picked":"Double Tap","floor":7},{"not_picked":["Infernal Blade","Feel No Pain","Blood for Blood"],"picked":"SKIP","floor":8},{"not_picked":["True Grit","Perfected Strike"],"picked":"Rampage","floor":14},{"not_picked":["Bludgeon","Fiend Fire"],"picked":"Double Tap","floor":16},{"not_picked":["Flame Barrier","Armaments+1"],"picked":"Clash+1","floor":18},{"not_picked":["Clothesline+1","Pommel Strike","Havoc"],"picked":"SKIP","floor":21},{"not_picked":["Body Slam+1","Bloodletting","Reaper"],"picked":"SKIP","floor":24},{"not_picked":["Inflame","Clothesline","Feel No Pain"],"picked":"SKIP","floor":30}],"player_experience":626039,"relics_obtained":[{"floor":5,"key":"Eternal Feather"},{"floor":7,"key":"Bottled Flame"},{"floor":9,"key":"White Beast Statue"},{"floor":22,"key":"Self Forming Clay"},{"floor":26,"key":"TungstenRod"}],"event_choices":[{"damage_healed":0,"gold_gain":0,"player_choice":"Forge","damage_taken":0,"max_hp_gain":0,"max_hp_loss":0,"event_name":"Accursed Blacksmith","floor":2,"gold_loss":0,"cards_upgraded":["Bash"]},{"damage_healed":0,"gold_gain":0,"player_choice":"Entered Light","damage_taken":16,"max_hp_gain":0,"max_hp_loss":0,"event_name":"Shining Light","floor":10,"gold_loss":0,"cards_upgraded":["Strike_R","Defend_R"]},{"cards_removed":["Defend_R"],"damage_healed":0,"gold_gain":0,"player_choice":"Card Removal","damage_taken":7,"max_hp_gain":0,"max_hp_loss":0,"event_name":"Golden Wing","floor":11,"gold_loss":0},{"damage_healed":0,"gold_gain":0,"player_choice":"Became a vampire","damage_taken":0,"max_hp_gain":0,"max_hp_loss":24,"event_name":"Vampires","floor":19,"gold_loss":0,"cards_obtained":["Bite","Bite","Bite","Bite","Bite"]},{"cards_removed":["Defend_R"],"damage_healed":0,"gold_gain":0,"player_choice":"Elegance","damage_taken":0,"max_hp_gain":0,"max_hp_loss":0,"event_name":"Back to Basics","floor":20,"gold_loss":0},{"damage_healed":0,"gold_gain":0,"player_choice":"Ignored","damage_taken":0,"max_hp_gain":0,"max_hp_loss":0,"event_name":"The Mausoleum","floor":27,"gold_loss":0},{"damage_healed":0,"gold_gain":0,"player_choice":"Became a Ghost","damage_taken":0,"max_hp_gain":0,"max_hp_loss":28,"event_name":"Ghosts","floor":31,"gold_loss":0,"cards_obtained":["Ghostly","Ghostly","Ghostly","Ghostly","Ghostly"]}],"is_beta":false,"boss_relics":[{"not_picked":["Black Star","Philosopher\u0027s Stone"],"picked":"Runic Pyramid"}],"items_purged_floors":[12],"is_endless":false,"potions_floor_spawned":[4,8,14,16,18,21,24,30],"killed_by":"Automaton","ascension_level":0}}