{"host":"sav7uxregyirlf69","time":1611832138,"event":{"mods":["AchievementEnabler","BaseMod","Colored Map","DeckTracker","Keyboard Shortcuts","Minty Spire (QoL Compilation)","READ ME - Guardian Mod","StSLib","SuperFastMode"],"gold_per_floor":[118,118,141,155,173,183,195,214,240,240,269,45,62,73,73,152,152,162,112,130,180,68,68,68,68],"floor_reached":24,"language":"KOR","playtime":483,"items_purged":["Strike_G","Strike_G","Strike_G"],"score":450,"play_id":"f3cf8bde-1d89-4c21-8f70-1b7be89a432f","local_time":"20210128200858","is_ascension_mode":true,"campfire_choices":[{"floor":10.0,"key":"REST"},{"data":"Prepared","floor":15,"key":"SMITH"},{"data":"Purity","floor":23,"key":"SMITH"}],"circlet_count":0,"master_deck":["AscendersBane","Strike_G+1","Strike_G","Defend_G+1","Defend_G","Defend_G","Defend_G","Defend_G","Survivor","Neutralize","Grand Finale","Backflip","Prepared","Prepared+1","Quick Slash","Acrobatics","Dagger Throw","After Image","Purity+1"],"relics":["Ring of the Snake","Vajra","Oddly Smooth Stone","Pen Nib","Membership Card","HoveringKite"],"acts_visited":["Exordium","TheCity"],"potions_floor_usage":[24],"damage_taken":[{"damage":7.0,"enemies":"Jaw Worm","floor":1.0,"turns":6.0},{"damage":0.0,"enemies":"Cultist","floor":4.0,"turns":3.0},{"damage":0.0,"enemies":"Small Slimes","floor":5.0,"turns":3.0},{"damage":2.0,"enemies":"Exordium Thugs","floor":6.0,"turns":3.0},{"damage":4.0,"enemies":"2 Fungi Beasts","floor":7.0,"turns":3.0},{"damage":4.0,"enemies":"Lots of Slimes","floor":8.0,"turns":6.0},{"damage":9.0,"enemies":"3 Sentries","floor":11.0,"turns":3.0},{"damage":0,"enemies":"Looter","floor":13,"turns":2},{"damage":2,"enemies":"Blue Slaver","floor":14,"turns":2},{"damage":9,"enemies":"Hexaghost","floor":16,"turns":8},{"damage":15,"enemies":"Spheric Guardian","floor":18,"turns":6},{"damage":2,"enemies":"Shell Parasite","floor":20,"turns":3},{"damage":46,"enemies":"Slavers","floor":24,"turns":4}],"seed_played":"6183011049404404157","potions_obtained":[{"floor":1.0,"key":"Energy Potion"},{"floor":6.0,"key":"Ancient Potion"},{"floor":14,"key":"BlessingOfTheForge"}],"is_trial":false,"path_per_floor":["M","?","T","M","M","M","M","M","T","R","E","$","M","M","R","B",null,"M","$","M","?","$","R","E"],"character_chosen":"THE_SILENT","items_purchased":["Membership Card","Block Potion","Purity"],"campfire_rested":1,"item_purchase_floors":[12,12,22],"current_hp_per_floor":[37,17,17,17,17,15,11,7,7,26,17,17,17,15,15,6,51,36,36,34,34,34,34,0,0],"gold":68,"neow_bonus":"THREE_RARE_CARDS","is_daily":false,"chose_seed":false,"campfire_upgraded":2,"win_rate":0.0,"timestamp":1611832138,"path_taken":["M","?","?","M","M","M","M","M","T","R","E","?","M","?","R","BOSS","M","$","M","?","$","R","E"],"items_purchased_type":["Relic","Potion","Card"],"build_version":"2020-12-22","purchased_purges":3,"victory":false,"max_hp_per_floor":[66,66,66,66,66,66,66,66,66,66,66,66,66,66,66,66,66,66,66,66,66,66,66,66,66],"card_choices":[{"not_picked":["Phantasmal Killer","A Thousand Cuts"],"picked":"Grand Finale","floor":0.0},{"not_picked":["Choke","Distraction"],"picked":"Backflip","floor":1.0},{"not_picked":["Blur","Leg Sweep"],"picked":"Prepared","floor":4.0},{"not_picked":["Eviscerate","Underhanded Strike"],"picked":"Prepared","floor":5.0},{"not_picked":["Deflect","Expertise","Underhanded Strike"],"picked":"SKIP","floor":6.0},{"not_picked":["Masterful Stab","Slice"],"picked":"Quick Slash","floor":7.0},{"not_picked":["Quick Slash","Envenom","Blur"],"picked":"SKIP","floor":8.0},{"not_picked":["Bane","Concentrate"],"picked":"Acrobatics","floor":11.0},{"not_picked":["Prepared","Dash","Poisoned Stab"],"picked":"SKIP","floor":13},{"not_picked":["Dagger Spray","Slice"],"picked":"Dagger Throw","floor":14},{"not_picked":["Venomology","A Thousand Cuts"],"picked":"After Image","floor":16},{"not_picked":["Deflect","Cloak And Dagger","PiercingWail"],"picked":"SKIP","floor":18},{"not_picked":["Dodge and Roll","Backflip","Quick Slash"],"picked":"SKIP","floor":20}],"player_experience":1419281,"relics_obtained":[{"floor":3.0,"key":"Vajra"},{"floor":9.0,"key":"Oddly Smooth Stone"},{"floor":11.0,"key":"Pen Nib"}],"event_choices":[{"damage_healed":0.0,"max_hp_gain":0.0,"max_hp_loss":0.0,"gold_gain":0.0,"event_name":"Shining Light","player_choice":"Entered Light","floor":2.0,"gold_loss":0.0,"damage_taken":20.0,"cards_upgraded":["Strike_G","Defend_G"]},{"damage_healed":0,"gold_gain":50,"player_choice":"Pray","damage_taken":0,"max_hp_gain":0,"max_hp_loss":0,"event_name":"Golden Shrine","floor":21,"gold_loss":0}],"is_beta":false,"boss_relics":[{"not_picked":["SlaversCollar","Ring of the Serpent"],"picked":"HoveringKite"}],"items_purged_floors":[12,19,22],"is_endless":false,"potions_floor_spawned":[1,6,7,13,14,20],"killed_by":"Slavers","ascension_level":20}}