{"host":"osk2oboccoevp2u5","time":1611845990,"event":{"mods":["AchievementEnabler","Alarm Clock","BaseMod","Colored Powertips","Disable Question Mark Monsters","Displayed Cursed Tome","Hermit","Key Reminder","Minty Spire (QoL Compilation)","Potion Indicator Mod","Quick Restart","Rare Cards Sparkle","Reorder Act Four","StSLib","Useless Jewels Mod"],"gold_per_floor":[114,134,134,11,11,11,40,40,66,66,79,79,98,118,118,219,219,235,254,0,0,0],"floor_reached":21,"language":"ENG","playtime":1391,"items_purged":["hermit:Strike_Hermit","hermit:Strike_Hermit"],"score":206,"play_id":"484ee085-13c6-4424-92f3-e23d7b48eefc","local_time":"20210128105950","is_ascension_mode":true,"campfire_choices":[{"data":"hermit:Reprieve","floor":6.0,"key":"SMITH"},{"floor":8.0,"key":"REST"},{"floor":12.0,"key":"REST"},{"floor":15.0,"key":"REST"}],"circlet_count":0,"master_deck":["hermit:Strike_Hermit","hermit:Defend_Hermit","hermit:Defend_Hermit","hermit:Defend_Hermit","hermit:Defend_Hermit","hermit:Snapshot","hermit:Covet","hermit:Reprieve+1","hermit:Midnight","hermit:WideOpen","Parasite","hermit:Ricochet","hermit:DeadMansHand","hermit:WideOpen","hermit:Feint+1"],"relics":["hermit:Momento","Ancient Tea Set","Vajra","Philosopher\u0027s Stone","Toolbox"],"acts_visited":["Exordium","TheCity"],"potions_floor_usage":[],"damage_taken":[{"damage":2.0,"enemies":"Jaw Worm","floor":1.0,"turns":3.0},{"damage":1.0,"enemies":"2 Louse","floor":2.0,"turns":2.0},{"damage":43.0,"enemies":"Lagavulin","floor":7.0,"turns":6.0},{"damage":0.0,"enemies":"Small Slimes","floor":11.0,"turns":4.0},{"damage":10.0,"enemies":"Exordium Wildlife","floor":13.0,"turns":6.0},{"damage":26.0,"enemies":"Gremlin Gang","floor":14.0,"turns":4.0},{"damage":52.0,"enemies":"The Guardian","floor":16.0,"turns":9.0},{"damage":109,"enemies":"3 Byrds","floor":18,"turns":9},{"damage":28,"enemies":"2 Thieves","floor":19,"turns":4},{"damage":0,"enemies":"Centurion and Healer","floor":21,"turns":1}],"seed_played":"961750393054851819","potions_obtained":[{"floor":2.0,"key":"AttackPotion"},{"floor":11.0,"key":"Strength Potion"},{"floor":13.0,"key":"Dexterity Potion"}],"is_trial":false,"path_per_floor":["M","M","?","$","?","R","E","R","T","?","M","R","M","M","R","B",null,"M","M","$","M"],"character_chosen":"HERMIT","items_purchased":["hermit:WideOpen","Toolbox"],"campfire_rested":3,"item_purchase_floors":[4,20],"current_hp_per_floor":[73,72,77,77,70,70,27,51,51,71,79,80,70,44,68,16,80,38,10,10,10,10],"gold":0,"neow_bonus":"ONE_RANDOM_RARE_CARD","is_daily":false,"chose_seed":false,"campfire_upgraded":1,"win_rate":0.0,"timestamp":1611845990,"path_taken":["M","M","?","$","?","R","E","R","T","?","M","R","M","?","R","BOSS","M","M","$","M"],"items_purchased_type":["Card","Relic"],"build_version":"2020-12-22","purchased_purges":2,"victory":false,"max_hp_per_floor":[75,75,80,80,80,80,80,80,80,80,80,80,80,80,80,80,80,80,80,80,80,80],"card_choices":[{"not_picked":["hermit:WideOpen","hermit:Snipe"],"picked":"hermit:Midnight","floor":1.0},{"not_picked":["hermit:TakeAim","hermit:Horror","hermit:Dive"],"picked":"SKIP","floor":2.0},{"not_picked":["hermit:Feint","hermit:EternalForm","hermit:HoleUp"],"picked":"SKIP","floor":7.0},{"not_picked":["hermit:Cheat","hermit:TrackingShot"],"picked":"hermit:Ricochet","floor":11.0},{"not_picked":["hermit:Manifest","hermit:TakeCover"],"picked":"hermit:DeadMansHand","floor":13.0},{"not_picked":["hermit:Snipe","hermit:Desperado"],"picked":"hermit:WideOpen","floor":14.0},{"not_picked":["hermit:BigShot","hermit:Misfire","hermit:Headshot"],"picked":"SKIP","floor":18},{"not_picked":["hermit:Gestalt","hermit:Misfire"],"picked":"hermit:Feint+1","floor":19}],"player_experience":939199,"relics_obtained":[{"floor":7.0,"key":"Ancient Tea Set"},{"floor":9.0,"key":"Vajra"}],"event_choices":[{"damage_healed":0.0,"max_hp_gain":5.0,"max_hp_loss":0.0,"gold_gain":0.0,"event_name":"Big Fish","player_choice":"Donut","floor":3.0,"gold_loss":0.0,"damage_taken":0.0},{"cards_removed":["hermit:Strike_Hermit"],"damage_healed":0.0,"max_hp_gain":0.0,"max_hp_loss":0.0,"gold_gain":0.0,"event_name":"Golden Wing","player_choice":"Card Removal","floor":5.0,"gold_loss":0.0,"damage_taken":7.0},{"damage_healed":20.0,"max_hp_gain":0.0,"max_hp_loss":0.0,"gold_gain":0.0,"event_name":"Mushrooms","player_choice":"Healed and dodged fight","floor":10.0,"gold_loss":0.0,"damage_taken":0.0,"cards_obtained":["Parasite"]}],"is_beta":false,"boss_relics":[{"not_picked":["hermit:DentedPlate","Coffee Dripper"],"picked":"Philosopher\u0027s Stone"}],"items_purged_floors":[4,20],"is_endless":false,"potions_floor_spawned":[2,11,13],"killed_by":"Centurion and Healer","ascension_level":3}}