{"host":"hpn0uxah5qjr7pa6","time":1611865769,"event":{"mods":["Act Like it!","BaseMod","BetterRewards","Colored Powertips","Conspire","Downfall","Hallownest","Hermit","Hubris","Infinite Spire","Minty Spire (QoL Compilation)","Quick Restart","Replay The Spire","StSLib","The Jungle"],"gold_per_floor":[99,110,121,121,18,31,31,51,51,51,62,62,47,64,85,186,186,186,186,186,186],"floor_reached":19,"language":"ENG","playtime":1041,"items_purged":[],"score":175,"play_id":"8338846d-b074-4374-8740-6bc9bc07f0e0","local_time":"20210128122929","is_ascension_mode":true,"campfire_choices":[{"data":"conspire:Banana","floor":12.0,"key":"SMITH"},{"data":"bronze:RecursiveStrike","floor":18.0,"key":"SMITH"}],"circlet_count":0,"master_deck":["bronze:Strike","bronze:Strike","bronze:Strike","bronze:Strike","bronze:Defend","bronze:Defend","bronze:Defend","bronze:Defend","bronze:Replicate","bronze:Format","bronze:Constructor","bronze:RecursiveStrike+1","conspire:Banana+1","bronze:AlphaBuild"],"relics":["bronze:BronzeCore","infinitespire:CursedDice","bronze:ElectromagneticCoil"],"acts_visited":["Exordium","Hallownest:CityofTears"],"potions_floor_usage":[],"damage_taken":[{"damage":12.0,"enemies":"conspire:RoseBush","floor":2.0,"turns":3.0},{"damage":1.0,"enemies":"Jaw Worm","floor":3.0,"turns":4.0},{"damage":0.0,"enemies":"downfall:FleeingMerchant","floor":5.0,"turns":4.0},{"damage":0.0,"enemies":"Cultist","floor":6.0,"turns":2.0},{"damage":3.0,"enemies":"Lots of Slimes","floor":8.0,"turns":5.0},{"damage":3.0,"enemies":"Blue Slaver","floor":11.0,"turns":4.0},{"damage":0.0,"enemies":"downfall:FleeingMerchant","floor":13.0,"turns":4.0},{"damage":3.0,"enemies":"3 Louse","floor":14.0,"turns":4.0},{"damage":8.0,"enemies":"conspire:2 RoseBushes","floor":15.0,"turns":5.0},{"damage":71.0,"enemies":"SI_SHIV_ARCHETYPE","floor":16.0,"turns":10.0},{"damage":83,"enemies":"Hallownest:3_Youths","floor":19,"turns":7}],"seed_played":"-7960673634533230912","potions_obtained":[{"floor":0.0,"key":"bronze:BuildAFunctionPotion"},{"floor":0.0,"key":"champ:CounterPotion"},{"floor":0.0,"key":"sneckomod:MuddlingPotion"},{"floor":11.0,"key":"Elixir"},{"floor":14.0,"key":"BlessingOfTheForge"},{"floor":15.0,"key":"AttackPotion"}],"is_trial":false,"path_per_floor":["R","M","M","?","$","M","T","M","?","?","M","R","$","M","M","B",null,"R","M"],"character_chosen":"THE_AUTOMATON","items_purchased":["conspire:Banana"],"campfire_rested":0,"item_purchase_floors":[5],"current_hp_per_floor":[70,58,57,57,57,58,58,56,56,72,70,70,72,71,65,49,81,81,0,0,0],"gold":186,"neow_bonus":"THREE_SMALL_POTIONS","is_daily":false,"chose_seed":false,"campfire_upgraded":2,"win_rate":0.0,"timestamp":1611865769,"path_taken":["R","M","M","?","$","M","T","M","?","?","?","R","$","M","M","BOSS","R","M"],"items_purchased_type":["Card"],"build_version":"2020-12-22","purchased_purges":0,"victory":false,"max_hp_per_floor":[70,70,70,70,70,71,71,72,72,72,73,73,75,77,79,81,81,81,83,83,83],"card_choices":[{"not_picked":["bronze:MaxOutput","bronze:Deprecate","bronze:Iterate"],"picked":"SKIP","floor":2.0},{"not_picked":["bronze:ForceShield","bronze:CloningBeam"],"picked":"bronze:Constructor","floor":3.0},{"not_picked":["bronze:OilSpill","bronze:Fortify"],"picked":"bronze:RecursiveStrike","floor":5.0},{"not_picked":["bronze:FineTuning","bronze:CutThrough","bronze:Turbo"],"picked":"SKIP","floor":6.0},{"not_picked":["bronze:Separator","bronze:Return"],"picked":"bronze:DigitalCarnage","floor":8.0},{"not_picked":["bronze:Boost","bronze:WildBeam","bronze:Deprecate"],"picked":"SKIP","floor":11.0},{"not_picked":["bronze:BugBarrage","bronze:Turbo","bronze:Backtrace"],"picked":"SKIP","floor":13.0},{"not_picked":["bronze:OilSpill","bronze:Separator"],"picked":"bronze:AlphaBuild","floor":14.0},{"not_picked":["bronze:FollowUp","bronze:Flail","bronze:Optimize"],"picked":"SKIP","floor":15.0}],"player_experience":115267,"relics_obtained":[{"floor":7.0,"key":"infinitespire:CursedDice"}],"event_choices":[{"cards_removed":["bronze:DigitalCarnage"],"damage_healed":16.0,"max_hp_gain":0.0,"max_hp_loss":0.0,"gold_gain":0.0,"event_name":"Bonfire Elementals","player_choice":"Offered Uncommon","floor":10.0,"gold_loss":0.0,"damage_taken":0.0}],"is_beta":false,"boss_relics":[{"not_picked":["ReplayTheSpireMod:DimensionalGlitch","hubris:Stopwatch"],"picked":"bronze:ElectromagneticCoil"}],"items_purged_floors":[],"is_endless":false,"potions_floor_spawned":[3,11,14,15],"killed_by":"Hallownest:3_Youths","ascension_level":2}}