{"host":"vlrft5ik259qp7l8","time":1611873072,"event":{"mods":["AchievementEnabler","BaseMod","Colored Map","Colored Powertips","DeckTracker","Highlight Path","Minty Spire (QoL Compilation)","Quick Restart","Replay The Spire","StSLib"],"gold_per_floor":[114,124,124,0,0,0,32,49,75,95,106,166,44,72,72,177,177,196,213,213,44,54,54,54,71,71,71,71],"floor_reached":27,"language":"ENG","playtime":2452,"items_purged":["Strike_P"],"score":223,"play_id":"851e0290-900e-4d7d-b9d7-194a5f3e16e8","local_time":"20210128173112","is_ascension_mode":false,"campfire_choices":[{"floor":6,"key":"REST"},{"floor":15,"key":"REST"},{"floor":23,"key":"REST"}],"circlet_count":0,"master_deck":["Strike_G","Strike_G","Strike_G","Strike_G","Strike_G","Defend_G","Defend_G","Defend_G","Defend_G","Defend_G","Survivor+1","Neutralize","Strike_R","Flying Knee+1","Caltrops","Dagger Spray","Dash","Acrobatics","Prepared","Crippling Poison","Outmaneuver","Footwork","Sucker Punch","Tools of the Trade","Bane","Sucker Punch","Flying Knee","Noxious Fumes","Footwork","Outmaneuver+1"],"relics":["Ring of the Snake","ReplayTheSpireMod:Ring of Addiction","Orichalcum","Pen Nib","Kunai","Runic Pyramid","Ice Cream","Happy Flower"],"acts_visited":["Exordium","TheCity"],"potions_floor_usage":[8,11,14,18,27],"damage_taken":[{"damage":5,"enemies":"2 Louse","floor":1,"turns":2},{"damage":6,"enemies":"Jaw Worm","floor":2,"turns":5},{"damage":26,"enemies":"Lagavulin","floor":7,"turns":8},{"damage":0,"enemies":"Cultist","floor":8,"turns":4},{"damage":6,"enemies":"3 Louse","floor":10,"turns":3},{"damage":0,"enemies":"Looter","floor":11,"turns":3},{"damage":13,"enemies":"Replay:BlueRogue","floor":14,"turns":6},{"damage":30,"enemies":"Hexaghost","floor":16,"turns":13},{"damage":22,"enemies":"2 Thieves","floor":18,"turns":4},{"damage":6,"enemies":"Shell Parasite","floor":19,"turns":8},{"damage":30,"enemies":"Cultist and Chosen","floor":22,"turns":6},{"damage":25,"enemies":"Chosen and Byrds","floor":25,"turns":7},{"damage":26,"enemies":"Sentry and Sphere","floor":27,"turns":5}],"seed_played":"5708129825638208942","potions_obtained":[{"floor":7,"key":"Languid Potion"},{"floor":8,"key":"Weak Potion"},{"floor":11,"key":"Explosive Potion"},{"floor":16,"key":"Toxic Potion"},{"floor":22,"key":"SteroidPotion"}],"is_trial":false,"path_per_floor":["M","M","?","$","?","R","E","M","T","M","M","?","$","E","R","B",null,"M","M","?","$","M","R","$","M","T","M"],"character_chosen":"THE_SILENT","items_purchased":["Dagger Spray","Dash","Footwork","Fire Potion","Flying Knee","Noxious Fumes"],"campfire_rested":3,"item_purchase_floors":[4,4,13,13,21,21],"current_hp_per_floor":[79,73,73,73,56,81,55,55,55,49,49,49,49,36,60,30,82,58,52,52,52,22,45,45,20,20,0,0],"gold":71,"neow_bonus":"TWENTY_PERCENT_HP_BONUS","is_daily":false,"chose_seed":false,"campfire_upgraded":0,"win_rate":0.0,"timestamp":1611873072,"path_taken":["M","M","?","$","?","R","E","M","T","M","M","?","?","E","R","BOSS","M","?","?","$","M","R","$","M","T","M"],"items_purchased_type":["Card","Card","Card","Potion","Card","Card"],"build_version":"2020-12-22","purchased_purges":1,"victory":false,"max_hp_per_floor":[84,84,84,84,84,84,82,82,82,82,82,82,82,82,82,82,82,80,80,80,80,78,78,78,76,76,76,76],"card_choices":[{"not_picked":["Cloak And Dagger","ReplayTheSpireMod:The Works"],"picked":"Flying Knee","floor":1},{"not_picked":["Prepared","Deflect"],"picked":"Caltrops","floor":2},{"not_picked":["Endless Agony","All Out Attack"],"picked":"Acrobatics","floor":7},{"not_picked":["Dagger Throw","PiercingWail"],"picked":"Prepared","floor":8},{"not_picked":["Acrobatics","Draining Mist"],"picked":"Crippling Poison","floor":10},{"not_picked":["Burst","Dagger Throw"],"picked":"Outmaneuver","floor":11},{"not_picked":["ReplayTheSpireMod:Scrap Shanks","ReplayTheSpireMod:Shiv Toss"],"picked":"Sucker Punch","floor":14},{"not_picked":["Glass Knife","Wraith Form v2"],"picked":"Tools of the Trade","floor":16},{"not_picked":["ReplayTheSpireMod:Scrap Shanks","PiercingWail"],"picked":"Bane","floor":18},{"not_picked":["Deflect","Reflex"],"picked":"Sucker Punch","floor":19},{"not_picked":["Reflex","Underhanded Strike"],"picked":"Footwork","floor":22},{"not_picked":["Blade Dance","Prepared"],"picked":"Outmaneuver+1","floor":25}],"player_experience":201027,"relics_obtained":[{"floor":3,"key":"ReplayTheSpireMod:Ring of Addiction"},{"floor":7,"key":"Orichalcum"},{"floor":9,"key":"Pen Nib"},{"floor":14,"key":"Kunai"},{"floor":26,"key":"Happy Flower"}],"event_choices":[{"damage_healed":0,"gold_gain":0,"player_choice":"Entered Light","damage_taken":17,"max_hp_gain":0,"max_hp_loss":0,"event_name":"Shining Light","floor":5,"gold_loss":0,"cards_upgraded":["Flying Knee","Survivor"]},{"damage_healed":0,"gold_gain":60,"player_choice":"Gained Gold","damage_taken":0,"max_hp_gain":0,"max_hp_loss":0,"event_name":"Golden Wing","floor":12,"gold_loss":0}],"is_beta":false,"boss_relics":[{"not_picked":["Snecko Scales","ChewingGum"],"picked":"Runic Pyramid"}],"items_purged_floors":[21],"is_endless":false,"potions_floor_spawned":[7,8,11,16,22],"killed_by":"Sentry and Sphere","ascension_level":0}}