{"host":"omgphoea13lnyb7y","time":1611801978,"event":{"mods":["Aspiration","BaseMod","Better Note","BetterRewards","Colored Map","DeckTracker","Hubris","Minty Spire (QoL Compilation)","StSLib","The Construct","The Cursed","The Jungle","The Necromancer"],"gold_per_floor":[118,130,130,130,130,158,158,185,185,185,195,206,52,65,65,166,166,181,229,248,19,19,47,47,82,82,97,131,131,59,76,76,179,179,189,189,206,218,440,473,484,484,507,507,507,252,284,329,329,329],"floor_reached":51,"language":"ENG","playtime":2230,"items_purged":["Strike_G","Defend_G"],"score":862,"play_id":"446c3912-22ae-4dee-8262-7bb99d1c09c5","local_time":"20210127184618","is_ascension_mode":true,"campfire_choices":[{"floor":7,"key":"RECALL"},{"data":"Survivor","floor":15,"key":"SMITH"},{"floor":24,"key":"REST"},{"floor":29,"key":"REST"},{"floor":32,"key":"REST"},{"data":"A Thousand Cuts","floor":44,"key":"SMITH"},{"floor":49,"key":"REST"}],"circlet_count":0,"master_deck":["Strike_G","Strike_G+1","Strike_G+1","Strike_G","Defend_G","Defend_G","Defend_G","Defend_G","Survivor+1","Neutralize+1","Quick Slash","Dodge and Roll+1","Cloak And Dagger+1","Leg Sweep+1","Storm of Steel+1","A Thousand Cuts+1","Shrug It Off+1","Blade Dance+1","Phantasmal Killer+1","Inflame","Accuracy","Dagger Spray+1","Bullet Time+1","Poisoned Stab+1","Slice+1","Dagger Spray","Caltrops+1","Doubt","Madness+1","Madness+1","Seeing Red+1"],"relics":["Ring of the Snake","NeowsBlessing","hubris:Icosahedron","Toxic Egg 2","Boot","Tiny Chest","aspiration:IroncladSkillbook","Bronze Scales","Juzu Bracelet","aspiration:RitualStick","aspiration:ChemicalBlood","Anchor","hubris:DeckOfHolding","Red Mask","construct:ClawGrip","Whetstone","Pen Nib","Orichalcum","Ancient Tea Set","Snake Skull","hubris:TenFootPole"],"acts_visited":["Exordium","TheCity","TheBeyond"],"potions_floor_usage":[8,16,16,16,23,23,27,27,28,28,33,40,40,47,50,50,50,50],"damage_taken":[{"damage":0,"enemies":"Small Slimes","floor":1,"turns":1},{"damage":0,"enemies":"Jaw Worm","floor":2,"turns":1},{"damage":0,"enemies":"Lagavulin","floor":6,"turns":1},{"damage":28,"enemies":"3 Sentries","floor":8,"turns":12},{"damage":1,"enemies":"2 Louse","floor":11,"turns":2},{"damage":0,"enemies":"Looter","floor":12,"turns":3},{"damage":0,"enemies":"3 Louse","floor":14,"turns":4},{"damage":25,"enemies":"Slime Boss","floor":16,"turns":19},{"damage":3,"enemies":"3 Byrds","floor":18,"turns":4},{"damage":20,"enemies":"2 Thieves","floor":20,"turns":4},{"damage":15,"enemies":"Gremlin Leader","floor":23,"turns":5},{"damage":41,"enemies":"Slavers","floor":25,"turns":5},{"damage":0,"enemies":"Shelled Parasite and Fungi","floor":27,"turns":3},{"damage":15,"enemies":"Masked Bandits","floor":28,"turns":5},{"damage":0,"enemies":"Centurion and Healer","floor":31,"turns":6},{"damage":21,"enemies":"Automaton","floor":33,"turns":7},{"damage":15,"enemies":"3 Darklings","floor":35,"turns":4},{"damage":0,"enemies":"Orb Walker","floor":37,"turns":4},{"damage":0,"enemies":"3 Darklings","floor":38,"turns":4},{"damage":38,"enemies":"Nemesis","floor":40,"turns":5},{"damage":23,"enemies":"4 Shapes","floor":41,"turns":3},{"damage":25,"enemies":"Giant Head","floor":47,"turns":7},{"damage":76,"enemies":"Donu and Deca","floor":50,"turns":8}],"seed_played":"3404670384119410225","potions_obtained":[{"floor":1,"key":"BlessingOfTheForge"},{"floor":11,"key":"Dexterity Potion"},{"floor":12,"key":"Block Potion"},{"floor":14,"key":"Poison Potion"},{"floor":16,"key":"Weak Potion"},{"floor":18,"key":"AttackPotion"},{"floor":25,"key":"PowerPotion"},{"floor":31,"key":"FairyPotion"},{"floor":40,"key":"Weak Potion"},{"floor":41,"key":"DuplicationPotion"},{"floor":47,"key":"Regen Potion"},{"floor":47,"key":"DuplicationPotion"}],"is_trial":false,"path_per_floor":["M","M","?","?","?","E","R","E","T","?","M","M","$","M","R","B",null,"M","T","M","$","?","E","R","E","T","M","?","R","$","M","R","B",null,"M","T","M","M","?","E","M","?","T","R","?","$","E","T","R","B",null],"character_chosen":"THE_SILENT","items_purchased":["Storm of Steel+1","Juzu Bracelet","Accuracy","Ancient Tea Set"],"campfire_rested":4,"item_purchase_floors":[13,21,30,46],"current_hp_per_floor":[70,70,70,70,70,70,70,42,42,35,34,34,34,34,34,9,70,70,70,54,54,40,29,50,13,13,17,6,27,27,31,52,35,70,59,59,63,67,67,33,14,70,70,70,61,61,40,40,61,25],"gold":329,"neow_bonus":"THREE_ENEMY_KILL","is_daily":false,"chose_seed":false,"campfire_upgraded":2,"win_rate":0.0,"timestamp":1611801978,"path_taken":["M","M","?","?","?","E","R","E","T","?","M","M","?","?","R","BOSS","M","?","M","?","?","E","R","E","T","M","?","R","$","M","R","BOSS","M","?","M","M","?","E","M","?","T","R","?","$","E","?","R","BOSS"],"items_purchased_type":["Card","Relic","Card","Relic"],"build_version":"2020-12-22","purchased_purges":2,"victory":true,"max_hp_per_floor":[70,70,70,70,70,70,70,70,70,70,70,70,70,70,70,70,70,70,70,70,70,70,70,70,70,70,70,70,70,70,70,70,70,70,70,70,70,70,70,70,70,70,70,70,70,70,70,70,70,70],"card_choices":[{"not_picked":["Expertise","Reflex"],"picked":"Quick Slash","floor":1},{"not_picked":["Masterful Stab","All Out Attack","Underhanded Strike"],"picked":"SKIP","floor":2},{"not_picked":["Terror+1","Prepared+1"],"picked":"Dodge and Roll+1","floor":6},{"not_picked":["Blur+1","Poisoned Stab"],"picked":"Cloak And Dagger+1","floor":8},{"not_picked":["hubris:Counter","Bane","Underhanded Strike"],"picked":"SKIP","floor":11},{"not_picked":["Terror+1","hubris:SlightOfHand+1"],"picked":"Leg Sweep+1","floor":12},{"not_picked":["Unload","Outmaneuver+1","hubris:SlightOfHand+1"],"picked":"SKIP","floor":14},{"not_picked":["Doppelganger+1","Envenom"],"picked":"A Thousand Cuts","floor":16},{"not_picked":["Flex+1","Deflect+1","Backflip+1"],"picked":"Shrug It Off+1","floor":18},{"not_picked":["Bane+1","hubris:ReadiedAction+1","Clash"],"picked":"Blade Dance+1","floor":20},{"not_picked":["Infernal Blade+1","Carnage+1","Flying Knee"],"picked":"Phantasmal Killer+1","floor":23},{"not_picked":["Deadly Poison+1","Dual Wield+1","hubris:Counter"],"picked":"Inflame","floor":25},{"not_picked":["Perfected Strike+1","Shockwave+1","Outmaneuver+1","Bane+1"],"picked":"SKIP","floor":27},{"not_picked":["Escape Plan+1","Flying Knee","Rage+1"],"picked":"Dagger Spray+1","floor":31},{"not_picked":["Juggernaut","Wraith Form v2","Barricade"],"picked":"Bullet Time+1","floor":33},{"not_picked":["hubris:Sniper+1","Carnage+1","Concentrate+1","Dropkick+1"],"picked":"SKIP","floor":35},{"not_picked":["True Grit+1","Searing Blow","Warcry+1"],"picked":"Poisoned Stab+1","floor":37},{"not_picked":["Deadly Poison+1","Sucker Punch+1","Underhanded Strike+1"],"picked":"Slice+1","floor":38},{"not_picked":["Calculated Gamble+1","Flying Knee","Battle Trance+1"],"picked":"Dagger Spray","floor":40},{"not_picked":["Dual Wield+1","Reckless Charge+1","Wild Strike+1"],"picked":"Caltrops+1","floor":41},{"not_picked":["Entrench+1","Shrug It Off+1","Crippling Poison+1"],"picked":"Seeing Red+1","floor":47}],"player_experience":59220,"relics_obtained":[{"floor":6,"key":"Boot"},{"floor":8,"key":"Tiny Chest"},{"floor":19,"key":"Bronze Scales"},{"floor":23,"key":"aspiration:ChemicalBlood"},{"floor":25,"key":"Anchor"},{"floor":26,"key":"hubris:DeckOfHolding"},{"floor":28,"key":"Red Mask"},{"floor":36,"key":"Whetstone"},{"floor":40,"key":"Pen Nib"},{"floor":43,"key":"Orichalcum"},{"floor":47,"key":"Snake Skull"},{"floor":48,"key":"hubris:TenFootPole"}],"event_choices":[{"cards_removed":["Injury"],"damage_healed":0,"gold_gain":0,"player_choice":"Card Removal","damage_taken":7,"max_hp_gain":0,"max_hp_loss":0,"event_name":"Golden Wing","floor":10,"gold_loss":0},{"damage_healed":0,"gold_gain":0,"player_choice":"Fought Bandits","damage_taken":0,"max_hp_gain":0,"max_hp_loss":0,"event_name":"Masked Bandits","floor":28,"gold_loss":0},{"damage_healed":0,"gold_gain":222,"player_choice":"Wore Mask","damage_taken":0,"max_hp_gain":0,"max_hp_loss":0,"event_name":"Tomb of Lord Red Mask","floor":39,"gold_loss":0},{"damage_healed":56,"gold_gain":0,"player_choice":"Heal","damage_taken":0,"max_hp_gain":0,"max_hp_loss":0,"event_name":"MindBloom","floor":42,"gold_loss":0,"cards_obtained":["Doubt"]},{"damage_healed":0,"gold_gain":0,"player_choice":"Embrace Madness","damage_taken":9,"max_hp_gain":0,"max_hp_loss":0,"event_name":"Winding Halls","floor":45,"gold_loss":0,"cards_obtained":["Madness","Madness"]}],"is_beta":false,"boss_relics":[{"not_picked":["WristBlade","Velvet Choker"],"picked":"aspiration:IroncladSkillbook"},{"not_picked":["aspiration:RitualDagger","Sozu"],"picked":"construct:ClawGrip"}],"items_purged_floors":[21,46],"is_endless":false,"potions_floor_spawned":[1,11,12,14,16,18,25,31,40,47],"ascension_level":1}}