{"host":"1ecbliur7lfoj0sl","time":1611798201,"event":{"mods":["Act Like it!","BaseMod","Gensokyo","KinomotoSakuraMod(Ä¾Ö®±¾Ó£)","Minty Spire (QoL Compilation)","StSLib","Waifu the Spire"],"gold_per_floor":[111,211,211,229,246,246,258,258,258,268,285,285,295,315,315,410,410,421,437,239,249,249,249,249],"floor_reached":23,"language":"ZHS","playtime":1490,"items_purged":[],"score":206,"play_id":"2a8b2724-3fbe-4ab4-b366-963bbed07a68","local_time":"20210128094321","is_ascension_mode":true,"campfire_choices":[{"data":"ClowCardTheFly","floor":6.0,"key":"SMITH"},{"data":"ClowCardTheShield","floor":8.0,"key":"SMITH"},{"floor":12.0,"key":"REST"},{"data":"ClowCardTheJump","floor":15.0,"key":"SMITH"}],"circlet_count":0,"master_deck":["SakuraCardTheTwin+","SakuraCardTheSword+","ClowCardTheSword","ClowCardTheSword","ClowCardTheShield","ClowCardTheShield","ClowCardTheShield+1","SpellCardSeal","SpellCardRelease","Injury","ClowCardTheFly+1","ClowCardTheVoice","ClowCardTheSnow","ClowCardTheFly","ClowCardTheJump+1","ClowCardTheFlower+1","Gensokyo:ScrapIron","Gensokyo:BlemishedSteel","Gensokyo:Shovel","Gensokyo:RustyChest","ClowCardTheFly","Writhe"],"relics":["KSMOD_SealedBook","KSMOD_StarWand","Calipers","Ginger","Frozen Eye"],"acts_visited":["Exordium","Gensokyo:Gensokyo"],"potions_floor_usage":[21],"damage_taken":[{"damage":4.0,"enemies":"Gensokyo:2_Kodama","floor":1.0,"turns":5.0},{"damage":2.0,"enemies":"Gensokyo:Python","floor":4.0,"turns":4.0},{"damage":8.0,"enemies":"Gensokyo:Gryphon","floor":5.0,"turns":3.0},{"damage":10.0,"enemies":"Gensokyo:Python_and_Kodama","floor":7.0,"turns":5.0},{"damage":13.0,"enemies":"Gensokyo:3_Kodama","floor":10.0,"turns":5.0},{"damage":10.0,"enemies":"Gensokyo:Gryphon_and_Rabbit","floor":11.0,"turns":4.0},{"damage":0.0,"enemies":"Gensokyo:LivingMonolith","floor":13.0,"turns":1.0},{"damage":4.0,"enemies":"Gensokyo:3_Kodama","floor":14.0,"turns":4.0},{"damage":19.0,"enemies":"Gensokyo:Kokoro","floor":16.0,"turns":7.0},{"damage":4,"enemies":"Gensokyo:2_Gloops","floor":18,"turns":5},{"damage":27,"enemies":"Gensokyo:3_Dogs","floor":19,"turns":7},{"damage":37,"enemies":"Gensokyo:Slime_Group","floor":21,"turns":6},{"damage":30,"enemies":"Gensokyo:Koishi","floor":23,"turns":3}],"seed_played":"7542750539547970765","potions_obtained":[{"floor":13.0,"key":"FearPotion"},{"floor":14.0,"key":"Weak Potion"},{"floor":16.0,"key":"Strength Potion"}],"is_trial":false,"path_per_floor":["M","?","?","M","M","R","M","R","T","M","M","R","M","M","R","B",null,"M","M","COS","M","?","E"],"character_chosen":"KINOMOTOSAKURA","items_purchased":[],"campfire_rested":1,"item_purchase_floors":[],"current_hp_per_floor":[59,59,59,57,49,49,39,39,39,26,16,41,41,37,37,18,84,80,53,53,16,16,0,0],"gold":249,"neow_bonus":"TWENTY_PERCENT_HP_BONUS","is_daily":false,"chose_seed":false,"campfire_upgraded":3,"win_rate":0.0,"timestamp":1611798201,"path_taken":["M","?","?","M","?","R","M","R","T","M","M","R","M","M","R","BOSS","M","M","COS","M","?","E"],"items_purchased_type":[],"build_version":"2020-12-22","purchased_purges":0,"victory":false,"max_hp_per_floor":[84,84,84,84,84,84,84,84,84,84,84,84,84,84,84,84,84,84,84,84,84,84,84,84],"card_choices":[{"not_picked":["ClowCardTheLibra","ClowCardTheArrow","ClowCardTheCloud"],"picked":"SKIP","floor":1.0},{"not_picked":["ClowCardTheMist","ClowCardTheCloud"],"picked":"ClowCardTheFly","floor":4.0},{"not_picked":["ClowCardTheDream","ClowCardTheShot"],"picked":"ClowCardTheVoice","floor":5.0},{"not_picked":["ClowCardTheLock","ClowCardTheEarthy","ClowCardTheThunder"],"picked":"SKIP","floor":7.0},{"not_picked":["ClowCardTheMirror","ClowCardTheMaze"],"picked":"ClowCardTheSnow","floor":10.0},{"not_picked":["ClowCardTheLittle","ClowCardTheMaze"],"picked":"ClowCardTheFly","floor":11.0},{"not_picked":["ClowCardTheMove","ClowCardTheShadow","ClowCardTheLibra"],"picked":"SKIP","floor":13.0},{"not_picked":["ClowCardTheIllusion","ClowCardTheArrow"],"picked":"ClowCardTheJump","floor":14.0},{"not_picked":["ClowCardTheThrough","ClowCardTheTime"],"picked":"ClowCardTheTwin","floor":16.0},{"not_picked":["ClowCardTheArrow","ClowCardTheShot","ClowCardTheMirror"],"picked":"SKIP","floor":18},{"not_picked":["ClowCardTheSnow","ClowCardTheLibra"],"picked":"ClowCardTheFlower+1","floor":19},{"not_picked":["ClowCardTheLoop","ClowCardTheLibra+1"],"picked":"ClowCardTheFly","floor":21}],"player_experience":14719,"relics_obtained":[{"floor":9.0,"key":"Ginger"}],"event_choices":[],"is_beta":false,"boss_relics":[{"not_picked":["KSMOD_DarknessWand","Velvet Choker"],"picked":"KSMOD_StarWand"}],"items_purged_floors":[],"is_endless":false,"potions_floor_spawned":[13,14,16,18],"killed_by":"Gensokyo:Koishi","ascension_level":2}}