{"host":"0ricjaa7rfq9v76t","time":1611802292,"event":{"mods":["AchievementEnabler","Aspiration","BaseMod","Better Vampires","BetterRewards","Colored Powertips","Downfall","Highlight Path","Hubris","Infinite Spire","Minty Spire (QoL Compilation)","Quick Restart","Rare Cards Sparkle","Relic Sorter","Reliquary","Replay The Spire","StSLib","SuperFastMode","Synergy Search","The Cursed","The Disciple","The Jungle","The Marked","Uncapped"],"gold_per_floor":[117,133,33,47,12,12,27,82,82,99,99,24,99,115,115,215,215,225,225,225,70,89,89,89,107,133,133,133,158,158,158],"floor_reached":30,"language":"ENG","playtime":1210,"items_purged":["Strike_B","Defend_B"],"score":338,"play_id":"055ece03-3f74-4032-bfd8-51a166927d0f","local_time":"20210128105132","is_ascension_mode":false,"campfire_choices":[{"data":"Zap","floor":6.0,"key":"SMITH"},{"floor":11.0,"key":"REST"},{"floor":15.0,"key":"REST"},{"data":"Turbo","floor":23,"key":"SMITH"},{"floor":27,"key":"REST"}],"circlet_count":0,"master_deck":["Strike_B","Strike_B","Strike_B","Defend_B","Defend_B","Defend_B","Zap+1","Dualcast","Gash","FIFO Queue","Turbo+1","Ball Lightning","Biased Cognition","White Noise+1","Storm","Static Discharge","Genetic Algorithm"],"relics":["Cracked Core","Boot","reliquary:TuningFork","Geode","Prayer Wheel","Runic Pyramid","aspiration:RitualStick","OrangePellets","infinitespire:Beetle Shell","reliquary:HotPoker","reliquary:Stiletto"],"acts_visited":["Exordium","TheCity"],"potions_floor_usage":[],"damage_taken":[{"damage":1.0,"enemies":"Cultist","floor":1.0,"turns":3.0},{"damage":11.0,"enemies":"Jaw Worm","floor":2.0,"turns":4.0},{"damage":4.0,"enemies":"infinitespire:Voidling","floor":4.0,"turns":3.0},{"damage":9.0,"enemies":"2 Fungi Beasts","floor":7.0,"turns":3.0},{"damage":16.0,"enemies":"Exordium Wildlife","floor":10.0,"turns":3.0},{"damage":14.0,"enemies":"Blue Slaver","floor":14.0,"turns":4.0},{"damage":65.0,"enemies":"The Guardian","floor":16.0,"turns":9.0},{"damage":5.0,"enemies":"Spheric Guardian","floor":18.0,"turns":3.0},{"damage":0,"enemies":"Chosen","floor":22,"turns":4},{"damage":39,"enemies":"Centurion and Healer","floor":25,"turns":6},{"damage":35,"enemies":"Book of Stabbing","floor":29,"turns":4},{"damage":11,"enemies":"Snake Plant","floor":30,"turns":1}],"seed_played":"-2494196017392993216","potions_obtained":[{"floor":7.0,"key":"Dexterity Potion"},{"floor":25,"key":"SkillPotion"},{"floor":29,"key":"AttackPotion"}],"is_trial":false,"path_per_floor":["M","M","$","M","?","R","M","T","T","M","R","$","?","M","R","B",null,"M","AVR","?","$","M","R","?","M","T","R","T","E","M"],"character_chosen":"DEFECT","items_purchased":["Boot","FIFO Queue","OrangePellets"],"campfire_rested":3,"item_purchase_floors":[0,12,21],"current_hp_per_floor":[65,54,54,54,72,72,63,63,63,47,69,69,58,44,66,1,75,70,70,55,55,55,55,63,24,24,46,46,11,0,0],"gold":158,"neow_bonus":"","is_daily":false,"chose_seed":false,"campfire_upgraded":2,"win_rate":0.0,"timestamp":1611802292,"path_taken":["M","M","?","?","?","R","M","?","T","M","R","$","?","M","R","BOSS","M","AVR","?","$","M","R","?","?","T","R","?","E","M"],"items_purchased_type":["Relic","Card","Relic"],"build_version":"2020-12-22","purchased_purges":2,"victory":false,"max_hp_per_floor":[75,75,75,75,75,75,75,75,75,75,75,75,75,75,75,75,75,75,75,75,75,75,75,75,75,75,75,75,75,75,75],"card_choices":[{"not_picked":["Rebound","Compile Driver"],"picked":"Gash","floor":1.0},{"not_picked":["Barrage","aspiration:Polymerization","Leap"],"picked":"SKIP","floor":2.0},{"not_picked":["Barrage","Panic Button","Leap"],"picked":"SKIP","floor":4.0},{"not_picked":["Doom and Gloom","Cold Snap","Darkness"],"picked":"SKIP","floor":7.0},{"not_picked":["BasicCrystalCard","Lockon"],"picked":"ReplayTheSpireMod:Fabricate Wheel","floor":10.0},{"not_picked":["Leap","Ball Lightning"],"picked":"Turbo","floor":14.0},{"not_picked":["Barrage","Compile Driver"],"picked":"Ball Lightning","floor":14.0},{"not_picked":["Hyperbeam","Fission"],"picked":"Biased Cognition","floor":16.0},{"not_picked":["Consume","Panic Button","Go for the Eyes"],"picked":"SKIP","floor":18.0},{"not_picked":["BasicCrystalCard","Panic Button","Fusion"],"picked":"SKIP","floor":18.0},{"not_picked":["Steam Power","Sweeping Beam"],"picked":"White Noise+1","floor":22},{"not_picked":["Barrage","Ball Lightning"],"picked":"Storm","floor":22},{"not_picked":["Leap","BasicCrystalCard"],"picked":"Static Discharge","floor":25},{"not_picked":["Beam Cell","Hologram"],"picked":"Genetic Algorithm","floor":25},{"not_picked":["Sweeping Beam","Ball Lightning","Beam Cell"],"picked":"SKIP","floor":29}],"player_experience":222938,"relics_obtained":[{"floor":8.0,"key":"reliquary:TuningFork"},{"floor":9.0,"key":"Geode"},{"floor":26,"key":"infinitespire:Beetle Shell"},{"floor":28,"key":"reliquary:HotPoker"},{"floor":29,"key":"reliquary:Stiletto"}],"event_choices":[{"damage_healed":18.0,"max_hp_gain":0.0,"max_hp_loss":0.0,"gold_gain":0.0,"event_name":"The Cleric","player_choice":"Healed","floor":5.0,"gold_loss":35.0,"damage_taken":0.0},{"damage_healed":0.0,"max_hp_gain":0.0,"max_hp_loss":0.0,"gold_gain":75.0,"event_name":"World of Goop","player_choice":"Gather Gold","floor":13.0,"gold_loss":0.0,"damage_taken":11.0}],"is_beta":false,"boss_relics":[{"not_picked":["bronze:MakeshiftBattery","Honey Jar","Coffee Dripper"]}],"items_purged_floors":[0,3],"is_endless":false,"potions_floor_spawned":[7,25,29],"killed_by":"Snake Plant","ascension_level":0}}