{"host":"na09lpbrez4gbfiz","time":1611834943,"event":{"mods":["Act Like it!","BaseMod","BetterRewards","Colored Map","Colored Powertips","DeckTracker","Googly Eyes","Highlight Path","Minty Spire (QoL Compilation)","Quick Restart","Spicy Shops","StSLib","SuperFastMode","Synergy Search"],"gold_per_floor":[113,113,113,113,113,113,148,148,148,159,192,212,137,150,150,254,254,266,285,285,361,361,361,460,460,460,471,471,101,133,133,133,235,235,249,0,20,36,36,36,56,56,103,103,119,119,135,135,135,135],"floor_reached":51,"language":"ENG","playtime":1049,"items_purged":["Strike_R","Strike_R","Defend_R"],"score":1120,"play_id":"2212d206-c005-46bd-9335-69a68ef2aa58","local_time":"20210128125543","is_ascension_mode":true,"campfire_choices":[{"data":"Bash","floor":6.0,"key":"SMITH"},{"data":"Strike_R","floor":8.0,"key":"SMITH"},{"data":"Bludgeon","floor":15.0,"key":"SMITH"},{"data":"Offering","floor":23.0,"key":"SMITH"},{"data":"Shrug It Off","floor":25.0,"key":"SMITH"},{"data":"Defend_R","floor":28.0,"key":"SMITH"},{"floor":32.0,"key":"REST"},{"data":"Limit Break","floor":40.0,"key":"SMITH"},{"data":"Demon Form","floor":42,"key":"SMITH"},{"floor":44,"key":"REST"},{"floor":49,"key":"REST"}],"circlet_count":0,"master_deck":["Strike_R","Strike_R+1","Defend_R+1","Defend_R","Defend_R","Bash+1","Shrug It Off+1","Bludgeon+1","Offering+1","Ghostly Armor","Limit Break+1","Demon Form+1","Madness+1","Madness","Shame"],"relics":["Burning Blood","NeowsBlessing","Gremlin Horn","Sundial","Ice Cream","Pen Nib","Blue Candle","Kunai","Philosopher\u0027s Stone","Mercury Hourglass","MutagenicStrength","Anchor","Medical Kit","Art of War","Cursed Key","Lantern","Smiling Mask"],"acts_visited":["Exordium","TheCity","TheBeyond"],"potions_floor_usage":[50,50],"damage_taken":[{"damage":0.0,"enemies":"Cultist","floor":1.0,"turns":1.0},{"damage":0.0,"enemies":"Lagavulin","floor":7.0,"turns":1.0},{"damage":0.0,"enemies":"2 Louse","floor":10.0,"turns":1.0},{"damage":16.0,"enemies":"Gremlin Nob","floor":11.0,"turns":3.0},{"damage":6.0,"enemies":"Small Slimes","floor":12.0,"turns":4.0},{"damage":3.0,"enemies":"Blue Slaver","floor":14.0,"turns":4.0},{"damage":0.0,"enemies":"Slime Boss","floor":16.0,"turns":7.0},{"damage":34.0,"enemies":"3 Byrds","floor":18.0,"turns":6.0},{"damage":6.0,"enemies":"Spheric Guardian","floor":19.0,"turns":3.0},{"damage":6.0,"enemies":"Shelled Parasite and Fungi","floor":27.0,"turns":2.0},{"damage":18.0,"enemies":"Slavers","floor":30.0,"turns":2.0},{"damage":50.0,"enemies":"Collector","floor":33.0,"turns":4.0},{"damage":6.0,"enemies":"3 Shapes","floor":35.0,"turns":2.0},{"damage":6.0,"enemies":"3 Darklings","floor":37.0,"turns":2.0},{"damage":6.0,"enemies":"Spire Growth","floor":38.0,"turns":2.0},{"damage":33,"enemies":"Maw","floor":41,"turns":6},{"damage":7,"enemies":"Transient","floor":45,"turns":5},{"damage":15,"enemies":"Spire Growth","floor":47,"turns":3},{"damage":39,"enemies":"Awakened One","floor":50,"turns":7}],"seed_played":"-6328061072921936180","potions_obtained":[{"floor":7.0,"key":"FairyPotion"},{"floor":11.0,"key":"CultistPotion"},{"floor":14.0,"key":"Swift Potion"},{"floor":18.0,"key":"BloodPotion"},{"floor":33.0,"key":"ColorlessPotion"},{"floor":35.0,"key":"PowerPotion"}],"is_trial":false,"path_per_floor":["M","T","?","?","?","R","E","R","T","M","E","M","$","M","R","B",null,"M","M","?","T","?","R","?","R","T","M","R","$","E","?","R","B",null,"M","$","M","M","?","R","M","R","T","R","M","?","M","?","R","B",null],"character_chosen":"IRONCLAD","items_purchased":["Medical Kit","CultistPotion","Lantern"],"campfire_rested":3,"item_purchase_floors":[29,36,36],"current_hp_per_floor":[78,78,78,78,75,75,80,80,80,80,70,70,70,73,73,79,80,52,52,43,43,43,43,43,43,43,43,43,43,31,31,55,11,63,79,79,79,79,69,69,42,42,42,66,65,65,56,56,80,47],"gold":135,"neow_bonus":"THREE_ENEMY_KILL","is_daily":false,"chose_seed":false,"campfire_upgraded":8,"win_rate":0.0,"timestamp":1611834943,"path_taken":["M","?","?","?","?","R","E","R","T","M","E","?","$","M","R","BOSS","M","M","?","?","?","R","?","R","T","M","R","?","E","?","R","BOSS","M","$","M","M","?","R","M","R","T","R","M","?","?","?","R","BOSS"],"items_purchased_type":["Relic","Potion","Relic"],"build_version":"2020-12-22","purchased_purges":3,"victory":true,"max_hp_per_floor":[80,80,80,80,80,80,80,80,80,80,80,80,80,80,80,80,80,80,80,80,80,80,80,80,80,80,80,80,80,80,80,80,80,80,80,80,80,80,80,80,80,80,80,80,80,80,80,80,80,80],"card_choices":[{"not_picked":["Anger","Twin Strike","Flex"],"picked":"SKIP","floor":1.0},{"not_picked":["Spot Weakness","Clothesline","Rage"],"picked":"SKIP","floor":7.0},{"not_picked":["Combust","Fire Breathing"],"picked":"Shrug It Off","floor":10.0},{"not_picked":["Second Wind","Dual Wield","Headbutt"],"picked":"SKIP","floor":11.0},{"not_picked":["Headbutt","Pommel Strike","Wild Strike"],"picked":"SKIP","floor":12.0},{"not_picked":["Clash","Combust"],"picked":"Bludgeon","floor":14.0},{"not_picked":["Reaper","Corruption"],"picked":"Offering","floor":16.0},{"not_picked":["Sword Boomerang","Headbutt+1","Entrench"],"picked":"SKIP","floor":18.0},{"not_picked":["Heavy Blade","Power Through","Warcry"],"picked":"SKIP","floor":19.0},{"not_picked":["Burning Pact","Intimidate","Armaments"],"picked":"SKIP","floor":27.0},{"not_picked":["Armaments+1","Juggernaut"],"picked":"Ghostly Armor","floor":30.0},{"not_picked":["Fiend Fire","Corruption"],"picked":"Limit Break","floor":33.0},{"not_picked":["Evolve","Sentinel+1","Heavy Blade+1"],"picked":"SKIP","floor":35.0},{"not_picked":["Evolve","Sentinel+1","Heavy Blade+1"],"picked":"SKIP","floor":35.0},{"not_picked":["Heavy Blade+1","Havoc","Clash+1"],"picked":"SKIP","floor":37.0},{"not_picked":["Sword Boomerang+1","Body Slam+1"],"picked":"Demon Form","floor":38.0},{"not_picked":["Flex+1","Dual Wield","Spot Weakness"],"picked":"SKIP","floor":41},{"not_picked":["Wild Strike+1","Clash+1","Disarm+1"],"picked":"SKIP","floor":45},{"not_picked":["Thunderclap","Clash","Sever Soul"],"picked":"SKIP","floor":47}],"player_experience":177555,"relics_obtained":[{"floor":2.0,"key":"Gremlin Horn"},{"floor":7.0,"key":"Pen Nib"},{"floor":9.0,"key":"Blue Candle"},{"floor":11.0,"key":"Kunai"},{"floor":21.0,"key":"Mercury Hourglass"},{"floor":26.0,"key":"Anchor"},{"floor":30.0,"key":"Art of War"},{"floor":43,"key":"Smiling Mask"}],"event_choices":[{"damage_healed":0.0,"max_hp_gain":0.0,"max_hp_loss":0.0,"gold_gain":0.0,"event_name":"Big Fish","player_choice":"Box","floor":3.0,"gold_loss":0.0,"damage_taken":0.0,"relics_obtained":["Sundial"],"cards_obtained":["Regret"]},{"cards_removed":["Regret"],"damage_healed":0.0,"max_hp_gain":0.0,"max_hp_loss":0.0,"gold_gain":0.0,"event_name":"Living Wall","player_choice":"Forget","floor":4.0,"gold_loss":0.0,"damage_taken":0.0},{"damage_healed":0.0,"max_hp_gain":0.0,"max_hp_loss":0.0,"gold_gain":0.0,"event_name":"Scrap Ooze","player_choice":"Success","floor":5.0,"gold_loss":0.0,"damage_taken":3.0,"relics_obtained":["Ice Cream"]},{"damage_healed":0.0,"max_hp_gain":0.0,"max_hp_loss":0.0,"gold_gain":0.0,"event_name":"Cursed Tome","player_choice":"Stopped","floor":20.0,"gold_loss":0.0,"damage_taken":9.0},{"damage_healed":0.0,"max_hp_gain":0.0,"max_hp_loss":0.0,"gold_gain":0.0,"event_name":"Drug Dealer","player_choice":"Inject Mutagens","floor":22.0,"gold_loss":0.0,"damage_taken":0.0,"relics_obtained":["MutagenicStrength"]},{"damage_healed":0.0,"max_hp_gain":0.0,"max_hp_loss":0.0,"gold_gain":99.0,"event_name":"Nest","player_choice":"Stole From Cult","floor":24.0,"gold_loss":0.0,"damage_taken":0.0},{"cards_removed":["Strike_R"],"damage_healed":0.0,"max_hp_gain":0.0,"max_hp_loss":0.0,"gold_gain":0.0,"event_name":"Bonfire Elementals","player_choice":"Offered Basic","floor":31.0,"gold_loss":0.0,"damage_taken":0.0},{"damage_healed":0.0,"max_hp_gain":0.0,"max_hp_loss":0.0,"gold_gain":0.0,"event_name":"Winding Halls","player_choice":"Embrace Madness","floor":39.0,"gold_loss":0.0,"damage_taken":10.0,"cards_obtained":["Madness","Madness"]},{"damage_healed":0,"gold_gain":0,"player_choice":"Forge","damage_taken":0,"max_hp_gain":0,"max_hp_loss":0,"event_name":"Accursed Blacksmith","floor":46,"gold_loss":0,"cards_upgraded":["Madness"]},{"damage_healed":0,"gold_gain":0,"player_choice":"Memory 1","damage_taken":0,"max_hp_gain":0,"max_hp_loss":0,"event_name":"SensoryStone","floor":48,"gold_loss":0}],"is_beta":false,"boss_relics":[{"not_picked":["Ectoplasm","Runic Cube"],"picked":"Philosopher\u0027s Stone"},{"not_picked":["Runic Dome","Tiny House"],"picked":"Cursed Key"}],"items_purged_floors":[13,29,29],"is_endless":false,"potions_floor_spawned":[7,11,14,18,19,33,35,38,41],"ascension_level":9}}