{"host":"tvwbxqry54t86y0v","time":1611806230,"event":{"mods":["2.2 Compatiblity","A Magickal Journey","Arknights The Spire","Astrologer","BaseMod","Beaked The Cultist","BetterRewards","Block Reminder","Clockwork Mod","Colored Powertips","DeckTracker","Downfall","Fiend Mod","GungeonMod","Hermit","Hubris","Infinite Spire","Ironclad Rager","Marked Mod","Mimic Mod","Minty Spire (QoL Compilation)","Potionbrewer","Replay The Spire","Shade Mod","Somnambulant","StSLib","The Bug Knight","The Cursed","The Death Knight","The Druid","The Elementalist","The Exalted","The Forsaken","The Hierophant","The Jungle","The Marked","The Mystic","The Problem Sleuth","The Runesmith","The Senshi","The Spell Scribe","The Valiant","The Wild Card","TheFirefly","TheHeartMod","Unceasing Turn Reminder","thorton"],"gold_per_floor":[115,115,165,184,184,184,184],"floor_reached":6,"language":"ENG","playtime":217,"items_purged":[],"score":34,"play_id":"a2c34946-aa5c-4088-9871-e1f9ec6d078e","local_time":"20210128145710","is_ascension_mode":false,"campfire_choices":[],"circlet_count":0,"master_deck":["DeathKnight:Strike_DeathKnight","DeathKnight:Strike_DeathKnight","DeathKnight:Strike_DeathKnight","DeathKnight:Strike_DeathKnight","DeathKnight:Strike_DeathKnight","DeathKnight:Defend_DeathKnight","DeathKnight:Defend_DeathKnight","DeathKnight:Defend_DeathKnight","DeathKnight:Defend_DeathKnight","DeathKnight:Defend_DeathKnight","DeathKnight:RuneTap","DeathKnight:RuneStrike","DeathKnight:DeathRune","theForsaken:PlagueCurse","DeathKnight:RaiseAlly"],"relics":["DeathKnight:BrokenRuneblade","theForsaken:PlagueMask","Ring of Greed","Replay:Wax Seal","Smiling Mask","Ring of Hypnosis","Regal Pillow"],"acts_visited":["Exordium"],"potions_floor_usage":[],"damage_taken":[{"damage":14,"enemies":"Jaw Worm","floor":1,"turns":5},{"damage":3,"enemies":"Small Slimes","floor":4,"turns":4},{"damage":58,"enemies":"Lagavulin","floor":6,"turns":8}],"seed_played":"-929690593070941666","potions_obtained":[],"is_trial":false,"path_per_floor":["M","?","?","M","?","E"],"character_chosen":"DEATH_KNIGHT","items_purchased":[],"campfire_rested":0,"item_purchase_floors":[],"current_hp_per_floor":[61,61,61,58,58,0,0],"gold":184,"neow_bonus":"THREE_CARDS","is_daily":false,"chose_seed":false,"campfire_upgraded":0,"win_rate":0.0,"timestamp":1611806230,"path_taken":["M","?","?","M","?","E"],"items_purchased_type":[],"build_version":"2020-12-22","purchased_purges":0,"victory":false,"max_hp_per_floor":[75,75,75,75,75,75,75],"card_choices":[{"not_picked":["DeathKnight:ChainsOfIce","DeathKnight:Parry"],"picked":"DeathKnight:DeathRune","floor":0},{"not_picked":["DeathKnight:BloodEchoes","DeathKnight:BladedArmor"],"picked":"DeathKnight:IcyTouch","floor":1},{"not_picked":["DeathKnight:FrosPresence","DeathKnight:Parry"],"picked":"DeathKnight:RaiseAlly","floor":4}],"player_experience":1113079,"relics_obtained":[{"floor":3,"key":"Ring of Greed"},{"floor":3,"key":"Replay:Wax Seal"},{"floor":3,"key":"Smiling Mask"},{"floor":3,"key":"Ring of Hypnosis"}],"event_choices":[{"damage_healed":0,"gold_gain":0,"player_choice":"Obtain Plague Curse","damage_taken":0,"max_hp_gain":0,"max_hp_loss":0,"event_name":"Plague Doctor","floor":2,"gold_loss":0,"cards_obtained":["theForsaken:PlagueCurse"]},{"cards_removed":["DeathKnight:IcyTouch"],"damage_healed":0,"gold_gain":0,"player_choice":"Gave Card","damage_taken":0,"relics_obtained":["Regal Pillow"],"max_hp_gain":0,"max_hp_loss":0,"event_name":"WeMeetAgain","floor":5,"gold_loss":0}],"is_beta":false,"boss_relics":[],"items_purged_floors":[],"is_endless":false,"potions_floor_spawned":[],"killed_by":"Lagavulin","ascension_level":0}}