{"host":"8u7tvcybuv0u72fd","time":1611795770,"event":{"mods":["BaseMod","BetterRewards","Colored Map","Colored Powertips","Minty Spire (QoL Compilation)","Quick Restart","Shop Mod"],"gold_per_floor":[114,127,127,140,140,184,205,244,244,263,263,263,263,287,287,408,408,432,432,446,446,470,470,470,514,540,556,106,66,66,79,79,200,200,218,270,13,13,37,37,77,77,101,101,125,125,27,43,43,43,43,43,15,45,45],"floor_reached":56,"language":"ENG","playtime":2363,"items_purged":["Strike_R"],"score":1328,"play_id":"a9fa016e-ea2d-46de-bab3-976dcdac3406","local_time":"20210127200250","is_ascension_mode":false,"campfire_choices":[{"data":"Shrug It Off","floor":11.0,"key":"SMITH"},{"floor":15.0,"key":"REST"},{"data":"Barricade","floor":23.0,"key":"SMITH"},{"data":"Rage","floor":30.0,"key":"SMITH"},{"data":"Bash","floor":32.0,"key":"SMITH"},{"data":"Brutality","floor":40,"key":"SMITH"},{"data":"Dramatic Entrance","floor":44,"key":"SMITH"},{"floor":46,"key":"RECALL"},{"floor":49,"key":"REST"},{"floor":52,"key":"REST"}],"circlet_count":0,"master_deck":["Strike_R+1","Strike_R+1","Strike_R+1","Defend_R+1","Defend_R+1","Defend_R+1","Defend_R+1","Bash+1","Headbutt+1","Uppercut+1","Shrug It Off+1","Clash+1","Cleave+1","Barricade+1","Iron Wave+1","Body Slam+1","Rage+1","Brutality+1","Flex+1","Dramatic Entrance+1","Double Tap"],"relics":["Burning Blood","Mercury Hourglass","Lizard Tail","Omamori","TungstenRod","SlaversCollar","White Beast Statue","Charon\u0027s Ashes","Bag of Marbles","Turnip","Bag of Preparation","Ancient Tea Set","MerchantsRug","Ginger","Champion Belt","Bronze Scales","ClockworkSouvenir","Sling","Torii"],"acts_visited":["Exordium","TheCity","TheBeyond","TheEnding"],"potions_floor_usage":[54,55,55,55],"damage_taken":[{"damage":1.0,"enemies":"Cultist","floor":1.0,"turns":4.0},{"damage":0.0,"enemies":"2 Louse","floor":2.0,"turns":2.0},{"damage":2.0,"enemies":"Small Slimes","floor":4.0,"turns":3.0},{"damage":28.0,"enemies":"3 Sentries","floor":6.0,"turns":8.0},{"damage":5.0,"enemies":"Exordium Thugs","floor":7.0,"turns":5.0},{"damage":12.0,"enemies":"Gremlin Nob","floor":8.0,"turns":4.0},{"damage":4.0,"enemies":"Large Slime","floor":10.0,"turns":4.0},{"damage":0.0,"enemies":"3 Louse","floor":14.0,"turns":2.0},{"damage":27.0,"enemies":"Slime Boss","floor":16.0,"turns":9.0},{"damage":0.0,"enemies":"Spheric Guardian","floor":18.0,"turns":3.0},{"damage":7.0,"enemies":"Shell Parasite","floor":20.0,"turns":6.0},{"damage":12.0,"enemies":"Snake Plant","floor":22.0,"turns":3.0},{"damage":9.0,"enemies":"Book of Stabbing","floor":25.0,"turns":5.0},{"damage":2.0,"enemies":"Cultist and Chosen","floor":27.0,"turns":4.0},{"damage":2.0,"enemies":"Snecko","floor":31.0,"turns":4.0},{"damage":26.0,"enemies":"Collector","floor":33.0,"turns":8.0},{"damage":0.0,"enemies":"Orb Walker","floor":35.0,"turns":3.0},{"damage":0,"enemies":"3 Shapes","floor":39,"turns":2},{"damage":25,"enemies":"Nemesis","floor":41,"turns":5},{"damage":0,"enemies":"Jaw Worm Horde","floor":48,"turns":1},{"damage":44,"enemies":"Donu and Deca","floor":50,"turns":8},{"damage":15,"enemies":"Shield and Spear","floor":54,"turns":4},{"damage":69,"enemies":"The Heart","floor":55,"turns":10}],"seed_played":"2918049617036365891","potions_obtained":[{"floor":2.0,"key":"SpeedPotion"},{"floor":4.0,"key":"Dexterity Potion"},{"floor":7.0,"key":"Fire Potion"},{"floor":8.0,"key":"BloodPotion"},{"floor":14.0,"key":"SpeedPotion"},{"floor":18.0,"key":"LiquidBronze"},{"floor":25.0,"key":"Weak Potion"},{"floor":27.0,"key":"Explosive Potion"},{"floor":31.0,"key":"EntropicBrew"},{"floor":33.0,"key":"SteroidPotion"},{"floor":35.0,"key":"Strength Potion"},{"floor":39,"key":"Explosive Potion"},{"floor":41,"key":"BloodPotion"},{"floor":48,"key":"Strength Potion"},{"floor":54,"key":"PowerPotion"}],"is_trial":false,"path_per_floor":["M","M","?","M","?","E","M","E","T","M","R","?","?","M","R","B",null,"M","?","M","T","M","R","?","E","T","M","$","$","R","M","R","B",null,"M","T","$","?","M","R","E","?","T","R","T","R","$","M","R","B",null,"R","$","E","B",null],"character_chosen":"IRONCLAD","items_purchased":["Mercury Hourglass","Lizard Tail","Molten Egg 2","Turnip","Bag of Preparation","Rage","MerchantsRug","Ginger","ClockworkSouvenir","Sling"],"campfire_rested":3,"item_purchase_floors":[0,0,0,28,28,29,37,37,47,53],"current_hp_per_floor":[49,55,60,64,64,42,43,37,37,39,39,33,18,24,47,26,79,79,79,78,78,72,72,72,79,79,79,79,79,79,79,79,59,79,79,79,79,79,79,79,60,60,60,60,60,60,60,66,79,41,79,79,79,70,22],"gold":45,"neow_bonus":"","is_daily":false,"chose_seed":false,"campfire_upgraded":6,"win_rate":0.0,"timestamp":1611795770,"path_taken":["M","?","?","M","?","E","?","E","T","M","R","?","?","M","R","BOSS","M","?","M","?","?","R","?","E","T","M","?","$","R","?","R","BOSS","M","?","?","?","M","R","E","?","T","R","?","R","?","M","R","BOSS","R","$","E","BOSS"],"items_purchased_type":["Relic","Relic","Relic","Relic","Relic","Card","Relic","Relic","Relic","Relic"],"build_version":"2020-12-22","purchased_purges":1,"victory":true,"max_hp_per_floor":[80,80,85,85,79,79,79,79,79,79,79,79,79,79,79,79,79,79,79,79,79,79,79,79,79,79,79,79,79,79,79,79,79,79,79,79,79,79,79,79,79,79,79,79,79,79,79,79,79,79,79,79,79,79,79],"card_choices":[{"not_picked":["Anger+1","Carnage+1"],"picked":"Headbutt+1","floor":1.0},{"not_picked":["Clothesline+1","Rupture","Rage"],"picked":"SKIP","floor":2.0},{"not_picked":["Thunderclap+1","Armaments"],"picked":"Uppercut+1","floor":4.0},{"not_picked":["True Grit","Flex"],"picked":"Shrug It Off","floor":6.0},{"not_picked":["Cleave+1","Clothesline+1"],"picked":"Clash+1","floor":7.0},{"not_picked":["Reaper+1","Sentinel"],"picked":"Cleave+1","floor":8.0},{"not_picked":["Anger+1","Second Wind","Entrench"],"picked":"SKIP","floor":10.0},{"not_picked":["Sword Boomerang+1","Havoc","Thunderclap+1"],"picked":"SKIP","floor":14.0},{"not_picked":["Limit Break","Corruption"],"picked":"Barricade","floor":16.0},{"not_picked":["Armaments","Clash+1","Infernal Blade"],"picked":"SKIP","floor":18.0},{"not_picked":["Headbutt+1","Pommel Strike+1"],"picked":"Iron Wave+1","floor":20.0},{"not_picked":["Pommel Strike+1","Wild Strike+1"],"picked":"Body Slam+1","floor":22.0},{"not_picked":["Hemokinesis+1","Body Slam+1","Brutality"],"picked":"SKIP","floor":25.0},{"not_picked":["Headbutt+1","Anger+1","Warcry"],"picked":"SKIP","floor":27.0},{"not_picked":["Sentinel+1","Havoc","Heavy Blade+1"],"picked":"SKIP","floor":31.0},{"not_picked":["Offering","Demon Form"],"picked":"Brutality","floor":33.0},{"not_picked":["Anger+1","Clash+1","Iron Wave+1"],"picked":"SKIP","floor":35.0},{"not_picked":["Iron Wave+1","Perfected Strike"],"picked":"Flex+1","floor":39},{"not_picked":["Sword Boomerang+1","Iron Wave+1","Wild Strike"],"picked":"SKIP","floor":41},{"not_picked":["Mayhem","Madness"],"picked":"Dramatic Entrance","floor":42},{"not_picked":["Rampage","Iron Wave","Infernal Blade"],"picked":"SKIP","floor":48},{"not_picked":["Iron Wave","True Grit+1"],"picked":"Double Tap","floor":54}],"player_experience":1430144,"relics_obtained":[{"floor":6.0,"key":"Omamori"},{"floor":8.0,"key":"Unceasing Top"},{"floor":9.0,"key":"TungstenRod"},{"floor":21.0,"key":"White Beast Statue"},{"floor":25.0,"key":"Charon\u0027s Ashes"},{"floor":26.0,"key":"Bag of Marbles"},{"floor":36.0,"key":"Ancient Tea Set"},{"floor":41,"key":"Champion Belt"},{"floor":45,"key":"Bronze Scales"},{"floor":54,"key":"Torii"}],"event_choices":[{"damage_healed":0.0,"max_hp_gain":5.0,"max_hp_loss":0.0,"gold_gain":0.0,"event_name":"Big Fish","player_choice":"Donut","floor":3.0,"gold_loss":0.0,"damage_taken":0.0},{"damage_healed":0.0,"max_hp_gain":0.0,"max_hp_loss":6.0,"gold_gain":0.0,"event_name":"Golden Idol","player_choice":"Lose Max HP","floor":5.0,"gold_loss":0.0,"damage_taken":0.0,"relics_obtained":["Golden Idol"]},{"cards_removed":["Strike_R"],"damage_healed":0.0,"max_hp_gain":0.0,"max_hp_loss":0.0,"gold_gain":0.0,"event_name":"Golden Wing","player_choice":"Card Removal","floor":12.0,"gold_loss":0.0,"damage_taken":7.0},{"damage_healed":0.0,"max_hp_gain":0.0,"max_hp_loss":0.0,"gold_gain":0.0,"event_name":"Shining Light","player_choice":"Entered Light","floor":13.0,"gold_loss":0.0,"damage_taken":16.0,"cards_upgraded":["Strike_R","Defend_R"]},{"damage_healed":0.0,"max_hp_gain":0.0,"max_hp_loss":0.0,"gold_gain":0.0,"event_name":"Back to Basics","player_choice":"Simplicity","floor":19.0,"gold_loss":0.0,"damage_taken":0.0,"cards_upgraded":["Strike_R","Strike_R","Defend_R","Defend_R","Defend_R"]},{"damage_healed":0.0,"max_hp_gain":0.0,"max_hp_loss":0.0,"gold_gain":0.0,"event_name":"Beggar","player_choice":"Ignored","floor":24.0,"gold_loss":0.0,"damage_taken":0.0},{"damage_healed":0,"gold_gain":0,"player_choice":"Ignored","damage_taken":0,"max_hp_gain":0,"max_hp_loss":0,"event_name":"Mysterious Sphere","floor":38,"gold_loss":0},{"damage_healed":0,"gold_gain":0,"player_choice":"Memory 1","damage_taken":0,"max_hp_gain":0,"max_hp_loss":0,"event_name":"SensoryStone","floor":42,"gold_loss":0}],"is_beta":false,"boss_relics":[{"not_picked":["Black Blood","Empty Cage"],"picked":"SlaversCollar"},{"not_picked":["Snecko Eye","Astrolabe"],"picked":"Philosopher\u0027s Stone"}],"items_purged_floors":[0],"is_endless":false,"potions_floor_spawned":[2,4,7,8,14,18,20,22,25,27,31,33,35,39,41,48,54],"ascension_level":0}}