{"host":"minw3mmpo4s8ujtp","time":1611807578,"event":{"mods":["A Magickal Journey","BaseMod","Bestiary","ChefMod","Hermit","Jorbs\u0027s Wanderer Trilogy","Minty Spire (QoL Compilation)","Quick Restart","Railgun Mod","Relic Stats","Shade Mod","StSLib","The Mystic","The Necromancer","The Runesmith","TheHero","Treasure Hunter"],"gold_per_floor":[117,133,152,162,174,204,204,237,260,275,275,290,14,14,14,111,111,127,145,160,12,12,12],"floor_reached":22,"language":"ENG","playtime":1469,"items_purged":[],"score":200,"play_id":"7ce7487c-c468-4ab1-8997-8a04c5e2ff0b","local_time":"20210127231938","is_ascension_mode":false,"campfire_choices":[{"floor":7.0,"key":"REST"},{"floor":11.0,"key":"REST"},{"floor":15.0,"key":"REST"}],"circlet_count":0,"master_deck":["TheRailgun:Strike","TheRailgun:Strike","TheRailgun:Strike","TheRailgun:Strike","TheRailgun:Defend","TheRailgun:Defend","TheRailgun:Defend","TheRailgun:Defend","TheRailgun:Discharge","TheRailgun:Static","TheRailgun:Zip","TheRailgun:Supercharge","TheRailgun:Negative_Field","TheRailgun:Thunderbolt","TheRailgun:Pull","TheRailgun:Battery_Pack","TheRailgun:Crackle","TheRailgun:Electrical_Storm","TheRailgun:Zip","TheRailgun:Push","TheRailgun:Thunderjolt","TheRailgun:Static","TheRailgun:Zap+1","TheRailgun:Heroinism","TheRailgun:Sister_Network"],"relics":["TheRailgun:CoinRelic","Eternal Feather","Sundial","PreservedInsect","Nunchaku","Smiling Mask","SlaversCollar","Chemical X"],"acts_visited":["Exordium","TheCity"],"potions_floor_usage":[],"damage_taken":[{"damage":11.0,"enemies":"Jaw Worm","floor":1.0,"turns":2.0},{"damage":6.0,"enemies":"Cultist","floor":2.0,"turns":3.0},{"damage":0.0,"enemies":"2 Louse","floor":3.0,"turns":2.0},{"damage":6.0,"enemies":"2 Fungi Beasts","floor":4.0,"turns":2.0},{"damage":0.0,"enemies":"Large Slime","floor":5.0,"turns":3.0},{"damage":30.0,"enemies":"Lagavulin","floor":6.0,"turns":4.0},{"damage":36.0,"enemies":"3 Sentries","floor":8.0,"turns":4.0},{"damage":7.0,"enemies":"Red Slaver","floor":10.0,"turns":2.0},{"damage":5.0,"enemies":"Lots of Slimes","floor":12.0,"turns":2.0},{"damage":16.0,"enemies":"Slime Boss","floor":16.0,"turns":6.0},{"damage":10.0,"enemies":"Chosen","floor":18.0,"turns":3.0},{"damage":10.0,"enemies":"3 Byrds","floor":19.0,"turns":3.0},{"damage":10.0,"enemies":"Cultist and Chosen","floor":20.0,"turns":4.0},{"damage":40,"enemies":"Shelled Parasite and Fungi","floor":22,"turns":3}],"seed_played":"-669144802622901348","potions_obtained":[{"floor":1.0,"key":"Strength Potion"},{"floor":3.0,"key":"Ancient Potion"},{"floor":8.0,"key":"Ancient Potion"},{"floor":12.0,"key":"Swift Potion"},{"floor":19.0,"key":"Fire Potion"},{"floor":20.0,"key":"SpeedPotion"}],"is_trial":false,"path_per_floor":["M","M","M","M","M","E","R","E","T","M","R","M","$","?","R","B",null,"M","M","M","$","M"],"character_chosen":"THE_DEFAULT","items_purchased":["TheRailgun:Thunderjolt","TheRailgun:Static","Nunchaku","Chemical X"],"campfire_rested":3,"item_purchase_floors":[13,13,13,21],"current_hp_per_floor":[59,53,53,47,47,17,47,11,11,4,34,29,29,29,62,46,70,60,50,40,40,0,0],"gold":12,"neow_bonus":"ONE_RANDOM_RARE_CARD","is_daily":false,"chose_seed":false,"campfire_upgraded":0,"win_rate":0.0,"timestamp":1611807578,"path_taken":["M","M","M","M","M","E","R","E","T","M","R","M","$","?","R","BOSS","M","M","M","$","M"],"items_purchased_type":["Card","Card","Relic","Relic"],"build_version":"2020-12-22","purchased_purges":0,"victory":false,"max_hp_per_floor":[70,70,70,70,70,70,70,70,70,70,70,70,70,70,70,70,70,70,70,70,70,70,70],"relic_stats":{"Nunchaku":[3],"counters":[14,43],"Sundial":[0],"Eternal Feather":30,"PreservedInsect":0,"Chemical X":[1],"Smiling Mask":0,"obtain_stats":[{"SlaversCollar":17,"Nunchaku":13,"TheRailgun:CoinRelic":0,"Sundial":8,"Eternal Feather":6,"PreservedInsect":9,"Chemical X":21,"Smiling Mask":14},{"SlaversCollar":10,"Nunchaku":9,"TheRailgun:CoinRelic":0,"Sundial":7,"Eternal Feather":6,"PreservedInsect":7,"Chemical X":13,"Smiling Mask":9},{"SlaversCollar":30,"Nunchaku":24,"TheRailgun:CoinRelic":0,"Sundial":20,"Eternal Feather":16,"PreservedInsect":20,"Chemical X":40,"Smiling Mask":24}]},"card_choices":[{"not_picked":["TheRailgun:Iron_Dust_Sword","TheRailgun:Gekota_Phone"],"picked":"TheRailgun:Negative_Field","floor":1.0},{"not_picked":["TheRailgun:Positive_Field","TheRailgun:Discharge"],"picked":"TheRailgun:Thunderbolt","floor":2.0},{"not_picked":["TheRailgun:Iron_Dust_Sword","TheRailgun:Lightning_Speed"],"picked":"TheRailgun:Pull","floor":3.0},{"not_picked":["TheRailgun:Teleporter","TheRailgun:Supercharge"],"picked":"TheRailgun:Battery_Pack","floor":4.0},{"not_picked":["TheRailgun:Gekota_Phone","TheRailgun:Iron_Dust_Vial"],"picked":"TheRailgun:Crackle","floor":5.0},{"not_picked":["TheRailgun:Overload","TheRailgun:Thunderbolt"],"picked":"TheRailgun:Electrical_Storm","floor":6.0},{"not_picked":["TH:ElvenBoots","TH:Mimic"],"picked":"SKIP","floor":6.0},{"not_picked":["TH:ArmorSpikes","TH:ElvenBoots"],"picked":"SKIP","floor":8.0},{"not_picked":["TheRailgun:Hypercharge","TheRailgun:Gekota_Phone","TheRailgun:Recharge"],"picked":"SKIP","floor":8.0},{"not_picked":["TH:Mimic","TH:CursedSword"],"picked":"SKIP","floor":9.0},{"not_picked":["TheRailgun:Crackle","TheRailgun:Oneesama"],"picked":"TheRailgun:Zip","floor":10.0},{"not_picked":["TheRailgun:Lightningbolt","TheRailgun:Iron_Dust_Shield"],"picked":"TheRailgun:Push","floor":12.0},{"not_picked":["TheRailgun:Hypercharge+1","TheRailgun:Crack"],"picked":"TheRailgun:Zap+1","floor":18.0},{"not_picked":["TheRailgun:Scatter_Railgun","TheRailgun:Discharge"],"picked":"TheRailgun:Heroinism","floor":19.0},{"not_picked":["TheRailgun:Iron_Dust_Field+1","TheRailgun:Electrical_Fire"],"picked":"TheRailgun:Sister_Network","floor":20.0}],"player_experience":236956,"relics_obtained":[{"floor":6.0,"key":"Eternal Feather"},{"floor":8.0,"key":"Sundial"},{"floor":9.0,"key":"PreservedInsect"},{"floor":14.0,"key":"Smiling Mask"}],"event_choices":[{"damage_healed":0.0,"max_hp_gain":0.0,"max_hp_loss":0.0,"gold_gain":0.0,"event_name":"Wheel of Change","player_choice":"Relic","floor":14.0,"gold_loss":0.0,"damage_taken":0.0}],"is_beta":false,"boss_relics":[{"not_picked":["Velvet Choker","Cursed Key"],"picked":"SlaversCollar"}],"items_purged_floors":[],"is_endless":false,"potions_floor_spawned":[1,3,8,12,19,20],"killed_by":"Shelled Parasite and Fungi","ascension_level":0}}