{"host":"nukjzc0ca34w6eem","time":1611815631,"event":{"mods":["2.2 Compatiblity","AchievementEnabler","BaseMod","Colored Powertips","Downfall","Minty Spire (QoL Compilation)","StSLib"],"gold_per_floor":[0,12,31,46,59,59,59,71,101,120,155,170,170,620,630,727,727,727,745,759,609,446,462,489,501,546,573,619,631,662,685,707,819,831,643,672,734,155,171,204,204,217,217,229,56,66,83,95,105,105],"floor_reached":51,"language":"ENG","playtime":6283,"items_purged":["champ:Strike","champ:Strike","champ:Strike"],"score":935,"play_id":"f4068a20-8167-4c58-afd4-9dca47ffdeae","local_time":"20210127223351","is_ascension_mode":true,"campfire_choices":[{"data":"champ:HoldFirm","floor":1.0,"key":"SMITH"},{"data":"champ:Taunt","floor":6.0,"key":"SMITH"},{"data":"champ:SkillfulDodge","floor":13.0,"key":"SMITH"},{"data":"champ:Improvising","floor":18.0,"key":"SMITH"},{"data":"Ghostly","floor":29.0,"key":"SMITH"},{"floor":35.0,"key":"RECALL"}],"circlet_count":0,"master_deck":["champ:Strike","champ:Defend","champ:Defend","champ:Defend","champ:Defend","champ:Execute","champ:Taunt+1","champ:HoldFirm+1","champ:GutPunch","champ:SkillfulDodge+1","champ:TornadoPunch","champ:BringItOn","champ:FlashCut","champ:Parry","champ:ShieldWall","downfall:Icky","downfall:Icky","downfall:Icky","champ:Improvising+1","CurseOfTheBell","Ghostly+1","champ:StanceDance","champ:RageSigil","champ:FalseCounter+1","champ:RageSigil","champ:Improvising+1","downfall:Icky","champ:Circumvent","champ:Endure+1","champ:RageSigil","champ:StanceDance","champ:EnchantCrown","champ:ArenaPreparation+1","champ:Duel","champ:Duel","downfall:Icky","champ:SetATrap+1","champ:DefensiveShout+1","champ:Duel","champ:PreemptiveStrike","champ:FlashCut+1"],"relics":["champ:ChampionCrown","Question Card","Du-Vu Doll","Calling Bell","Guardian:PocketSentry","Kunai","Thread and Needle","MawBank","Anchor","Ancient Tea Set","Fusion Hammer","downfall:HeartBlessingGreen","downfall:HeartBlessingBlue","Ice Cream","Bottled Flame","DollysMirror","Nunchaku","Sundial"],"acts_visited":["Exordium","TheCity","TheBeyond"],"potions_floor_usage":[50,50],"damage_taken":[{"damage":10.0,"enemies":"Cultist","floor":2.0,"turns":3.0},{"damage":0.0,"enemies":"Jaw Worm","floor":3.0,"turns":3.0},{"damage":1.0,"enemies":"Small Slimes","floor":4.0,"turns":3.0},{"damage":9.0,"enemies":"Blue Slaver","floor":5.0,"turns":4.0},{"damage":0.0,"enemies":"Gremlin Gang","floor":8.0,"turns":3.0},{"damage":13.0,"enemies":"Lagavulin","floor":9.0,"turns":8.0},{"damage":39.0,"enemies":"Exordium Thugs","floor":10.0,"turns":5.0},{"damage":3.0,"enemies":"3 Sentries","floor":11.0,"turns":5.0},{"damage":10.0,"enemies":"2 Fungi Beasts","floor":12.0,"turns":3.0},{"damage":0.0,"enemies":"Lots of Slimes","floor":15.0,"turns":3.0},{"damage":21.0,"enemies":"SI_SHIV_ARCHETYPE","floor":16.0,"turns":6.0},{"damage":0.0,"enemies":"Spheric Guardian","floor":19.0,"turns":3.0},{"damage":24.0,"enemies":"Snecko","floor":20.0,"turns":4.0},{"damage":0.0,"enemies":"downfall:FleeingMerchant","floor":22.0,"turns":4.0},{"damage":1.0,"enemies":"3 Cultists","floor":23.0,"turns":5.0},{"damage":11.0,"enemies":"Gremlin Leader","floor":26.0,"turns":5.0},{"damage":28.0,"enemies":"Shelled Parasite and Fungi","floor":27.0,"turns":6.0},{"damage":6.0,"enemies":"Book of Stabbing","floor":28.0,"turns":7.0},{"damage":19.0,"enemies":"Snecko","floor":30.0,"turns":5.0},{"damage":10.0,"enemies":"Cultist and Chosen","floor":31.0,"turns":5.0},{"damage":5.0,"enemies":"Snake Plant","floor":32.0,"turns":4.0},{"damage":55.0,"enemies":"IC_MUSHROOM_ARCHETYPE","floor":33.0,"turns":10.0},{"damage":16.0,"enemies":"Orb Walker","floor":36.0,"turns":4.0},{"damage":35.0,"enemies":"Orb Walker","floor":37.0,"turns":7.0},{"damage":25.0,"enemies":"downfall:FleeingMerchant","floor":38.0,"turns":4.0},{"damage":10.0,"enemies":"3 Darklings","floor":39.0,"turns":4.0},{"damage":86.0,"enemies":"Giant Head","floor":40.0,"turns":8.0},{"damage":56.0,"enemies":"Writhing Mass","floor":42.0,"turns":4.0},{"damage":10.0,"enemies":"Spire Growth","floor":44.0,"turns":3.0},{"damage":24.0,"enemies":"downfall:FleeingMerchant","floor":45.0,"turns":4.0},{"damage":10.0,"enemies":"3 Darklings","floor":46.0,"turns":7.0},{"damage":15.0,"enemies":"4 Shapes","floor":47.0,"turns":5.0},{"damage":0.0,"enemies":"Spire Growth","floor":48.0,"turns":3.0},{"damage":21.0,"enemies":"Jaw Worm Horde","floor":49.0,"turns":4.0},{"damage":44,"enemies":"DF_ARCHETYPE_ORBS","floor":50,"turns":8}],"seed_played":"-2862340249852964733","potions_obtained":[{"floor":3.0,"key":"CultistPotion"},{"floor":10.0,"key":"PowerPotion"},{"floor":11.0,"key":"BlessingOfTheForge"},{"floor":12.0,"key":"SkillPotion"},{"floor":16.0,"key":"Fire Potion"},{"floor":23.0,"key":"Slimebound:ThreeZeroPotion"},{"floor":26.0,"key":"Block Potion"},{"floor":27.0,"key":"Fire Potion"},{"floor":30.0,"key":"champ:OpenerPotion"},{"floor":32.0,"key":"Ancient Potion"},{"floor":37.0,"key":"champ:OpenerPotion"},{"floor":40.0,"key":"AttackPotion"},{"floor":44.0,"key":"Weak Potion"},{"floor":48.0,"key":"AttackPotion"}],"is_trial":false,"path_per_floor":["R","M","M","M","M","R","T","M","E","M","E","M","R","?","M","B",null,"R","M","M","?","$","M","T","?","E","M","E","R","M","M","M","B",null,"R","M","?","?","M","E","T","M","?","M","$","M","M","M","M","B",null],"character_chosen":"THE_CHAMP","items_purchased":["champ:RageSigil","Bottled Flame","champ:Duel","DollysMirror","champ:Duel"],"campfire_rested":0,"item_purchase_floors":[22,38,38,38,45],"current_hp_per_floor":[90,90,90,89,85,85,85,85,72,53,50,50,50,50,50,39,90,90,90,76,76,76,75,75,75,74,61,55,55,46,46,46,16,90,100,94,94,94,94,58,58,42,87,87,83,83,78,78,67,38],"gold":105,"neow_bonus":"THREE_RARE_CARDS","is_daily":false,"chose_seed":false,"campfire_upgraded":5,"win_rate":0.0,"timestamp":1611815631,"path_taken":["R","M","M","M","?","R","T","M","E","M","E","M","R","?","M","BOSS","R","M","M","?","$","M","T","?","E","M","E","R","?","M","M","BOSS","R","M","?","?","M","E","T","M","?","?","$","M","M","M","M","BOSS"],"items_purchased_type":["Card","Relic","Card","Relic","Card"],"build_version":"2020-12-22","purchased_purges":3,"victory":true,"max_hp_per_floor":[90,90,90,90,90,90,90,90,90,90,90,90,90,90,90,90,90,90,90,90,90,90,90,90,90,90,90,90,90,90,90,90,90,90,100,100,100,100,100,100,100,100,87,87,87,87,87,87,87,87],"card_choices":[{"not_picked":["champ:HeavySlash","champ:Devastate"],"picked":"champ:HoldFirm","floor":0.0},{"not_picked":["champ:AdrenalArmor","champ:HeartStrike","champ:PerfectedStrike"],"picked":"SKIP","floor":2.0},{"not_picked":["champ:PerfectedStrike","champ:Haymaker"],"picked":"champ:GutPunch","floor":3.0},{"not_picked":["champ:DeathBlow","champ:FancyFootwork"],"picked":"champ:SkillfulDodge","floor":4.0},{"not_picked":["champ:GutPunch","champ:LastStand"],"picked":"champ:TornadoPunch","floor":5.0},{"not_picked":["champ:SwordSigil","champ:Haymaker"],"picked":"champ:BringItOn","floor":8.0},{"not_picked":["champ:FaceSlap","champ:RisingSlash"],"picked":"champ:FlashCut","floor":9.0},{"not_picked":["champ:FlashCut","champ:PerfectedStrike","champ:EnGarde","champ:TornadoPunch"],"picked":"SKIP","floor":10.0},{"not_picked":["champ:ViciousMockery","champ:EndlessRage","champ:CrookedStrike"],"picked":"champ:Parry","floor":11.0},{"not_picked":["champ:Shatter","champ:FlashCut","champ:FaceSlap"],"picked":"champ:ShieldWall","floor":12.0},{"not_picked":["champ:TornadoPunch","champ:GutPunch","champ:PerfectedStrike","champ:CalledShot"],"picked":"SKIP","floor":15.0},{"not_picked":["champ:StrikeOfGenius","champ:EnchantSword","champ:SteelEdge"],"picked":"champ:Improvising","floor":16.0},{"not_picked":["champ:EnragedBash","champ:Parry","champ:EndlessRage","champ:FocusedBerserking"],"picked":"SKIP","floor":19.0},{"not_picked":["champ:Parry","champ:DeathBlow","champ:CalledShot","champ:EnGarde"],"picked":"SKIP","floor":20.0},{"not_picked":["champ:TornadoPunch","champ:ShieldSigil+1","champ:CrookedStrike+1"],"picked":"champ:StanceDance","floor":22.0},{"not_picked":["champ:VampiricStrike","champ:PreciseThrust","champ:Haymaker+1"],"picked":"champ:FalseCounter+1","floor":23.0},{"not_picked":["champ:RecklessLeap","champ:PreciseThrust","champ:FaceSlap","champ:BerserkersShout"],"picked":"SKIP","floor":26.0},{"not_picked":["champ:GutPunch","champ:PreciseThrust","champ:DefensiveShout"],"picked":"champ:Circumvent","floor":27.0},{"not_picked":["champ:BerserkersShout","champ:FalseCounter+1","champ:SwordThrow"],"picked":"champ:Endure+1","floor":28.0},{"not_picked":["champ:ShieldSigil","champ:EnGarde","champ:Lariat"],"picked":"champ:RageSigil","floor":30.0},{"not_picked":["champ:FlashCut","champ:FanOfKnives+1","champ:RecklessLeap","champ:Encircle+1"],"picked":"SKIP","floor":31.0},{"not_picked":["champ:TornadoPunch","champ:Shatter","champ:ShieldSigil"],"picked":"champ:StanceDance","floor":32.0},{"not_picked":["champ:Devastate","champ:SteelEdge","champ:ShieldThrow"],"picked":"champ:EnchantCrown","floor":33.0},{"not_picked":["champ:RisingSlash+1","champ:FancyFootwork","champ:ShieldSlam"],"picked":"champ:ArenaPreparation+1","floor":36.0},{"not_picked":["champ:ArenaPreparation","champ:GladiatorStyle+1","champ:AdrenalArmor+1"],"picked":"champ:Duel","floor":38.0},{"not_picked":["champ:FlashCut","champ:Duel","champ:ShieldSigil+1"],"picked":"champ:SetATrap+1","floor":39.0},{"not_picked":["champ:CrownThrow","champ:FocusedBerserking","champ:Circumvent","champ:FanOfKnives+1"],"picked":"SKIP","floor":40.0},{"not_picked":["champ:GutPunch+1","champ:SkillfulDodge","champ:PerfectedStrike+1","champ:CrownThrow"],"picked":"SKIP","floor":42.0},{"not_picked":["champ:CheapShot","champ:PreciseThrust","champ:EnGarde"],"picked":"champ:DefensiveShout+1","floor":44.0},{"not_picked":["champ:EnragedBash+1","champ:MurderStrike","champ:BerserkersShout","champ:Haymaker+1"],"picked":"SKIP","floor":45.0},{"not_picked":["champ:ShieldSigil","champ:TornadoPunch+1","champ:CrookedStrike","champ:AdrenalArmor"],"picked":"SKIP","floor":46.0},{"not_picked":["champ:GutPunch+1","champ:SwordSigil+1","champ:BringItOn"],"picked":"champ:PreemptiveStrike","floor":47.0},{"not_picked":["champ:ArenaPreparation+1","champ:SwordSigil+1","champ:SetATrap"],"picked":"champ:FlashCut+1","floor":48.0},{"not_picked":["champ:EnragedBash","champ:UltimateStance","champ:GutPunch","champ:Endure+1"],"picked":"SKIP","floor":49}],"player_experience":544789,"relics_obtained":[{"floor":9.0,"key":"Question Card"},{"floor":11.0,"key":"Du-Vu Doll"},{"floor":17.0,"key":"Guardian:PocketSentry"},{"floor":17.0,"key":"Kunai"},{"floor":17.0,"key":"Thread and Needle"},{"floor":24.0,"key":"MawBank"},{"floor":26.0,"key":"Anchor"},{"floor":28.0,"key":"Ancient Tea Set"},{"floor":37.0,"key":"Ice Cream"},{"floor":40.0,"key":"Nunchaku"},{"floor":41.0,"key":"Sundial"}],"event_choices":[],"is_beta":false,"boss_relics":[{"not_picked":["Black Star","Runic Dome"],"picked":"Calling Bell"},{"not_picked":["Philosopher\u0027s Stone","Velvet Choker"],"picked":"Fusion Hammer"}],"items_purged_floors":[22,38,45],"is_endless":false,"potions_floor_spawned":[3,10,11,12,16,23,26,27,30,32,37,40,44,48],"ascension_level":2}}