{"host":"igj4vwc42ivwqexo","time":1611857976,"event":{"mods":["BaseMod","Better Third Choice","Koishi","Marisa????????","Minty Spire (QoL Compilation)","Potionbrewer","Shop Mod","StS++","StSLib","The Disciple","The Hierophant","The Sage","The Servant 0.9.4"],"gold_per_floor":[184,134,144,144,160,160,175,200,251,251,265,38,38,74,74,195,195,232,232,232,232],"floor_reached":20,"language":"ENG","playtime":2326,"items_purged":["Pain"],"score":224,"play_id":"8136bdaa-175f-4f76-9f98-82253d180ba3","local_time":"20210128191936","is_ascension_mode":false,"campfire_choices":[{"data":"sagemod:How_To_Befriend_A_Turtle","floor":6,"key":"SMITH"},{"data":"sagemod:Upwards","floor":10,"key":"SMITH"},{"data":"sagemod:Accumulation","floor":13,"key":"SMITH"},{"data":"sagemod:Prey","floor":15,"key":"SMITH"}],"circlet_count":0,"master_deck":["sagemod:Strike","sagemod:Strike","sagemod:Strike","sagemod:Defend","sagemod:Defend","sagemod:Defend","sagemod:Defend","sagemod:Fly","sagemod:Upwards+1","sagemod:How_To_Befriend_A_Turtle+1","sagemod:Potion_Explosion","sagemod:Armor_Brew","sagemod:Armor_Brew","sagemod:Bouncing_Strike","sagemod:Accumulation+1","sagemod:Meditation","sagemod:Energetic_Brew","sagemod:Catch_Me_If_You_Can"],"relics":["sagemod:Flying_Carpet","WarpedTongs","potionbrewer:WarMedal","Art of War","potionbrewer:SalesContract","Snecko Eye"],"acts_visited":["Exordium","TheCity"],"potions_floor_usage":[8,16,16,16,18,18,18],"damage_taken":[{"damage":4,"enemies":"Small Slimes","floor":1,"turns":6},{"damage":2,"enemies":"Cultist","floor":3,"turns":10},{"damage":3,"enemies":"2 Louse","floor":5,"turns":4},{"damage":2,"enemies":"Blue Slaver","floor":7,"turns":7},{"damage":6,"enemies":"Lagavulin","floor":8,"turns":11},{"damage":5,"enemies":"Exordium Wildlife","floor":11,"turns":4},{"damage":0,"enemies":"Red Slaver","floor":14,"turns":6},{"damage":3,"enemies":"The Guardian","floor":16,"turns":12},{"damage":2,"enemies":"3 Byrds","floor":18,"turns":8},{"damage":0,"enemies":"Shell Parasite","floor":20,"turns":1}],"seed_played":"6823837914376180710","potions_obtained":[{"floor":3,"key":"BlessingOfTheForge"},{"floor":7,"key":"SteroidPotion"},{"floor":11,"key":"Explosive Potion"}],"is_trial":false,"path_per_floor":["M","?","M","?","M","R","M","E","T","R","M","$","R","M","R","B",null,"M","?","M"],"character_chosen":"THE_SAGE","items_purchased":["potionbrewer:SalesContract"],"campfire_rested":0,"item_purchase_floors":[12],"current_hp_per_floor":[51,51,49,49,46,46,44,38,38,38,33,33,33,33,33,44,69,67,67,67,67],"gold":232,"neow_bonus":"TEN_PERCENT_HP_BONUS","is_daily":false,"chose_seed":false,"campfire_upgraded":4,"win_rate":0.0,"timestamp":1611857976,"path_taken":["M","?","M","?","M","R","M","E","T","R","M","$","R","?","R","BOSS","M","?","M"],"items_purchased_type":["Relic"],"build_version":"2020-12-22","purchased_purges":1,"victory":false,"max_hp_per_floor":[55,55,55,55,55,55,55,55,55,55,55,55,55,55,55,69,69,69,69,69,69],"card_choices":[{"not_picked":["sagemod:Step_Back","sagemod:Potion_Trance"],"picked":"sagemod:How_To_Befriend_A_Turtle","floor":1},{"not_picked":["sagemod:Step_Back","sagemod:Undermine"],"picked":"sagemod:Potion_Explosion","floor":3},{"not_picked":["sagemod:How_To_Poke_At_Slimes","sagemod:Slalom"],"picked":"sagemod:Armor_Brew","floor":5},{"not_picked":["sagemod:Step_Back","sagemod:Pincer_Repair"],"picked":"sagemod:Armor_Brew","floor":7},{"not_picked":["sagemod:Study","sagemod:Armor_Brew"],"picked":"sagemod:Bouncing_Strike","floor":8},{"not_picked":["sagemod:Energetic_Brew","sagemod:Step_Back"],"picked":"sagemod:Accumulation","floor":11},{"not_picked":["sagemod:How_To_Befriend_A_Turtle","sagemod:Grounded_Strike"],"picked":"sagemod:Prey","floor":14},{"not_picked":["sagemod:Alchemy_Expert","sagemod:Shatter"],"picked":"sagemod:Meditation","floor":16},{"not_picked":["sagemod:Flight_Feint","sagemod:Ambition+1"],"picked":"sagemod:Energetic_Brew","floor":18}],"player_experience":392109,"relics_obtained":[{"floor":8,"key":"potionbrewer:WarMedal"},{"floor":9,"key":"Art of War"}],"event_choices":[{"cards_removed":["sagemod:Strike"],"damage_healed":0,"gold_gain":0,"player_choice":"Card Removal","damage_taken":0,"max_hp_gain":0,"max_hp_loss":0,"event_name":"The Cleric","floor":2,"gold_loss":50},{"damage_healed":0,"gold_gain":0,"player_choice":"Rummage","damage_taken":0,"relics_obtained":["WarpedTongs"],"max_hp_gain":0,"max_hp_loss":0,"event_name":"Accursed Blacksmith","floor":4,"gold_loss":0,"cards_obtained":["Pain"]},{"damage_healed":0,"gold_gain":0,"player_choice":"Read","damage_taken":0,"max_hp_gain":0,"max_hp_loss":0,"event_name":"The Library","floor":19,"gold_loss":0,"cards_obtained":["sagemod:Catch_Me_If_You_Can"]}],"is_beta":false,"boss_relics":[{"not_picked":["Ectoplasm","Runic Dome"],"picked":"Snecko Eye"}],"items_purged_floors":[12],"is_endless":false,"potions_floor_spawned":[3,7,11],"killed_by":"Shell Parasite","ascension_level":0}}