{"host":"sav7uxregyirlf69","time":1611822472,"event":{"mods":["AchievementEnabler","BaseMod","Colored Map","DeckTracker","Keyboard Shortcuts","Minty Spire (QoL Compilation)","READ ME - Guardian Mod","StSLib","SuperFastMode"],"gold_per_floor":[12,12,28,42,42,42,57,87,155,181,122,122,157,1,1,78,78,88,88,101,101,111,111,31,49,97,117,149,167,192,192,192,270,270,287,287,300,300,52,86,104,129,153,53,65,78,78,103,103,103,103,103],"floor_reached":51,"language":"KOR","playtime":1327,"items_purged":["Defend_R","Injury"],"score":1620,"play_id":"417be838-7807-4cdb-8ea9-6c6d135cf6bc","local_time":"20210128172752","is_ascension_mode":true,"campfire_choices":[{"data":"Uppercut","floor":6,"key":"SMITH"},{"data":"Feel No Pain","floor":12,"key":"SMITH"},{"data":"Intimidate","floor":15,"key":"SMITH"},{"data":"Bash","floor":23,"key":"SMITH"},{"floor":32,"key":"REST"},{"data":"Double Tap","floor":47,"key":"SMITH"},{"floor":49,"key":"RECALL"}],"circlet_count":0,"master_deck":["AscendersBane","Strike_R+1","Strike_R","Defend_R","Defend_R","Defend_R","Bash+1","Power Through","Feel No Pain+1","Uppercut+1","Intimidate+1","Wild Strike+1","Iron Wave+1","Wild Strike+1","Impervious+1","Blood for Blood+1","Corruption","Perfected Strike+1","Evolve","Fire Breathing","Twin Strike+1","Body Slam+1","Second Wind","Impervious","Madness","Madness","Entrench+1","Shrug It Off","Master of Strategy","Double Tap+1","Pommel Strike+1","Feel No Pain","Carnage+1"],"relics":["Burning Blood","Molten Egg 2","Bag of Marbles","Gremlin Horn","Snecko Eye","Nunchaku","Potion Belt","Whetstone","Cursed Key","Bag of Preparation","FossilizedHelix","Anchor"],"acts_visited":["Exordium","TheCity","TheBeyond"],"potions_floor_usage":[10,16,28,33,42,42,50],"damage_taken":[{"damage":4,"enemies":"Small Slimes","floor":1,"turns":5},{"damage":6,"enemies":"2 Louse","floor":3,"turns":4},{"damage":8,"enemies":"Jaw Worm","floor":4,"turns":4},{"damage":18,"enemies":"3 Louse","floor":7,"turns":5},{"damage":15,"enemies":"Lagavulin","floor":10,"turns":7},{"damage":7,"enemies":"3 Sentries","floor":13,"turns":14},{"damage":28,"enemies":"The Guardian","floor":16,"turns":9},{"damage":0,"enemies":"Chosen","floor":18,"turns":5},{"damage":0,"enemies":"Shell Parasite","floor":20,"turns":3},{"damage":0,"enemies":"Shelled Parasite and Fungi","floor":22,"turns":4},{"damage":14,"enemies":"Snake Plant","floor":25,"turns":4},{"damage":2,"enemies":"Snecko","floor":27,"turns":4},{"damage":40,"enemies":"Slavers","floor":28,"turns":5},{"damage":14,"enemies":"Centurion and Healer","floor":29,"turns":4},{"damage":15,"enemies":"Gremlin Leader","floor":30,"turns":5},{"damage":0,"enemies":"Champ","floor":33,"turns":7},{"damage":0,"enemies":"3 Shapes","floor":35,"turns":4},{"damage":8,"enemies":"3 Darklings","floor":37,"turns":5},{"damage":32,"enemies":"Giant Head","floor":40,"turns":8},{"damage":0,"enemies":"Maw","floor":41,"turns":6},{"damage":25,"enemies":"Reptomancer","floor":42,"turns":6},{"damage":8,"enemies":"Sphere and 2 Shapes","floor":45,"turns":4},{"damage":0,"enemies":"Writhing Mass","floor":46,"turns":4},{"damage":0,"enemies":"Giant Head","floor":48,"turns":6},{"damage":40,"enemies":"Donu and Deca","floor":50,"turns":9},{"damage":43,"enemies":"Time Eater","floor":51,"turns":7}],"seed_played":"-1692325189071397789","potions_obtained":[{"floor":1,"key":"Energy Potion"},{"floor":4,"key":"AttackPotion"},{"floor":13,"key":"LiquidMemories"},{"floor":22,"key":"Explosive Potion"},{"floor":27,"key":"PowerPotion"},{"floor":29,"key":"PowerPotion"},{"floor":30,"key":"SteroidPotion"},{"floor":33,"key":"AttackPotion"},{"floor":35,"key":"FairyPotion"},{"floor":45,"key":"DistilledChaos"}],"is_trial":false,"path_per_floor":["M","?","M","M","?","R","M","?","T","E","$","R","E","$","R","B",null,"M","?","M","?","M","R","$","M","T","M","E","M","E","?","R","B",null,"M","?","M","?","$","E","M","E","T","$","M","M","R","E","R","B","B"],"character_chosen":"IRONCLAD","items_purchased":["Wild Strike+1","Blood for Blood+1","Evolve","Shrug It Off","Master of Strategy"],"campfire_rested":1,"item_purchase_floors":[11,14,24,39,39],"current_hp_per_floor":[84,84,84,82,75,75,63,63,63,54,54,54,53,53,53,31,75,81,81,87,87,89,89,89,81,81,85,51,43,34,8,36,42,81,87,70,68,68,68,42,48,29,29,29,27,33,33,39,39,34,0,0],"gold":103,"neow_bonus":"TWENTY_PERCENT_HP_BONUS","is_daily":false,"chose_seed":false,"campfire_upgraded":5,"win_rate":0.0,"timestamp":1611822472,"path_taken":["M","?","M","M","?","R","M","?","T","E","$","R","E","?","R","BOSS","M","?","M","?","?","R","?","M","T","M","E","M","E","?","R","BOSS","M","?","M","?","$","E","M","E","T","?","M","M","R","E","R","BOSS","BOSS"],"items_purchased_type":["Card","Card","Card","Card","Card"],"build_version":"2020-12-22","purchased_purges":2,"victory":false,"max_hp_per_floor":[89,89,89,89,89,89,89,89,89,89,89,89,89,89,89,89,89,89,89,89,89,89,89,89,89,89,89,89,89,89,94,94,94,94,94,94,94,94,94,94,94,94,94,94,94,94,94,94,94,94,94,94],"card_choices":[{"not_picked":["Burning Pact","Headbutt"],"picked":"Power Through","floor":1},{"not_picked":["Sword Boomerang","Pommel Strike"],"picked":"Uppercut","floor":3},{"not_picked":["Dual Wield","Clash"],"picked":"Intimidate","floor":4},{"not_picked":["Shrug It Off","Sever Soul"],"picked":"Wild Strike","floor":7},{"not_picked":["Clothesline+1","Headbutt+1"],"picked":"Iron Wave+1","floor":10},{"not_picked":["Pummel+1","Headbutt+1"],"picked":"Impervious","floor":13},{"not_picked":["Immolate+1","Double Tap"],"picked":"Corruption","floor":16},{"not_picked":["True Grit","Cleave+1","Anger+1"],"picked":"SKIP","floor":18},{"not_picked":["Iron Wave+1","Battle Trance","Clash+1"],"picked":"SKIP","floor":20},{"not_picked":["Impervious","Clash+1"],"picked":"Perfected Strike+1","floor":22},{"not_picked":["Thunderclap+1","Iron Wave+1"],"picked":"Fire Breathing","floor":25},{"not_picked":["Iron Wave+1","Sword Boomerang+1"],"picked":"Twin Strike+1","floor":27},{"not_picked":["Brutality","Anger+1"],"picked":"Body Slam+1","floor":28},{"not_picked":["Dropkick+1","Flex","Headbutt+1"],"picked":"SKIP","floor":29},{"not_picked":["Juggernaut","Infernal Blade+1"],"picked":"Second Wind","floor":30},{"not_picked":["Limit Break","Double Tap"],"picked":"Impervious","floor":33},{"not_picked":["Wild Strike+1","Twin Strike+1","Flex"],"picked":"SKIP","floor":35},{"not_picked":["Clash+1","Body Slam+1"],"picked":"Entrench+1","floor":37},{"not_picked":["Disarm","Inflame"],"picked":"Double Tap","floor":40},{"not_picked":["Clash+1","Uppercut+1","Headbutt+1"],"picked":"SKIP","floor":41},{"not_picked":["Uppercut+1","Flex+1"],"picked":"Pommel Strike+1","floor":42},{"not_picked":["Anger+1","Havoc","Whirlwind+1"],"picked":"SKIP","floor":45},{"not_picked":["Pommel Strike+1","Rupture"],"picked":"Feel No Pain","floor":46},{"not_picked":["True Grit","Evolve"],"picked":"Carnage+1","floor":48}],"player_experience":1417020,"relics_obtained":[{"floor":9,"key":"Molten Egg 2"},{"floor":10,"key":"Bag of Marbles"},{"floor":13,"key":"Gremlin Horn"},{"floor":26,"key":"Nunchaku"},{"floor":28,"key":"Potion Belt"},{"floor":30,"key":"Whetstone"},{"floor":40,"key":"Bag of Preparation"},{"floor":42,"key":"FossilizedHelix"},{"floor":48,"key":"Anchor"}],"event_choices":[{"damage_healed":0,"gold_gain":0,"cards_transformed":["Strike_R"],"player_choice":"Change","damage_taken":0,"max_hp_gain":0,"max_hp_loss":0,"event_name":"Living Wall","floor":2,"gold_loss":0,"cards_obtained":["Feel No Pain"]},{"cards_removed":["Strike_R"],"damage_healed":0,"gold_gain":0,"player_choice":"Card Removal","damage_taken":7,"max_hp_gain":0,"max_hp_loss":0,"event_name":"Golden Wing","floor":5,"gold_loss":0},{"damage_healed":0,"gold_gain":30,"player_choice":"Searched \u00271\u0027 times","damage_taken":0,"max_hp_gain":0,"max_hp_loss":0,"event_name":"Dead Adventurer","floor":8,"gold_loss":0},{"damage_healed":0,"gold_gain":0,"player_choice":"Ignored","damage_taken":0,"max_hp_gain":0,"max_hp_loss":0,"event_name":"Vampires","floor":19,"gold_loss":0},{"damage_healed":0,"gold_gain":0,"player_choice":"Forge","damage_taken":0,"max_hp_gain":0,"max_hp_loss":0,"event_name":"Accursed Blacksmith","floor":21,"gold_loss":0,"cards_upgraded":["Impervious"]},{"damage_healed":0,"gold_gain":0,"player_choice":"Shed Blood","damage_taken":31,"max_hp_gain":5,"max_hp_loss":0,"event_name":"Forgotten Altar","floor":31,"gold_loss":0},{"damage_healed":0,"gold_gain":0,"player_choice":"Embrace Madness","damage_taken":17,"max_hp_gain":0,"max_hp_loss":0,"event_name":"Winding Halls","floor":36,"gold_loss":0,"cards_obtained":["Madness","Madness"]},{"cards_removed":["Strike_R"],"damage_healed":0,"gold_gain":0,"player_choice":"Removed Attack","damage_taken":0,"max_hp_gain":0,"max_hp_loss":0,"event_name":"Falling","floor":38,"gold_loss":0}],"is_beta":false,"boss_relics":[{"not_picked":["Ectoplasm","Philosopher\u0027s Stone"],"picked":"Snecko Eye"},{"not_picked":["Busted Crown","Calling Bell"],"picked":"Cursed Key"}],"items_purged_floors":[14,44],"is_endless":false,"potions_floor_spawned":[1,4,7,13,22,27,29,30,33,35,37,45],"killed_by":"Time Eater","ascension_level":20}}