{"host":"cmxkjr0hek4mqvmn","time":1611794285,"event":{"mods":["BaseMod","Beaked The Cultist","Better Match","Better Skull","Better Third Choice","BetterRewards","Clawfect","Colored Map","Displayed Cursed Tome","Duelist Mod","GifTheSpireLib","Hermit","Hubris","JesterMod","Mimic Mod","Minty Spire (QoL Compilation)","Quick Restart","Robot Space Explorer","StSLib","The Bladedancer","The Blue Laboratory","The Cursed","Thieving Mod","Waifu the Spire"],"gold_per_floor":[117,192,192,117,133,165,165,198,198,226,244,276,294,294,294,389,389,403,422,441,441,457,492,492,492,573,601,601,526,4,27,27,124,124,144,193,193,206,206,206,220,252,277,277,308,326,326,350,350,350,350],"floor_reached":50,"language":"ENG","playtime":5798,"items_purged":[],"score":692,"play_id":"7c83a3d2-5a8a-481d-bef9-62b81b39ed1b","local_time":"20210127193805","is_ascension_mode":true,"campfire_choices":[{"data":"hermit:Headshot","floor":15.0,"key":"SMITH"},{"floor":25.0,"key":"RECALL"},{"floor":28.0,"key":"REST"},{"data":"hermit:RoundhouseKick","floor":32.0,"key":"SMITH"},{"data":"hermit:GoldenBullet","floor":40.0,"key":"SMITH"},{"floor":47.0,"key":"REST"},{"floor":49.0,"key":"REST"}],"circlet_count":0,"master_deck":["hermit:Strike_Hermit","hermit:Strike_Hermit","hermit:Strike_Hermit","hermit:Strike_Hermit","hermit:Defend_Hermit+1","hermit:Defend_Hermit+1","hermit:Snapshot","hermit:Covet","hermit:Headshot+1","hermit:EternalForm+1","hermit:RoundhouseKick+1","hermit:HighNoon+1","hermit:GhostlyPresence","hermit:WideOpen","hermit:Quickdraw","hermit:GoldenBullet+1","hermit:RoundhouseKick+1","hermit:Maintenance+1","hermit:Purgatory+1","hermit:Magnum+1","hermit:Vantage","hermit:Headshot+1","hermit:Grudge+1","hermit:Feint+1","hermit:SprayPray+1","hermit:Dive+1","hermit:HeroicBravado+1","hermit:DeadOrAlive+1","hermit:RoundhouseKick+1","hermit:CursedWeapon","Bandage Up+1","hermit:Reprieve+1","hermit:ShadowCloak+1","hermit:GoldenBullet+1","hermit:Maintenance+1","hermit:Shortfuse+1","hermit:Ricochet+1","Parasite","hermit:Dive+1","hermit:TrackingShot"],"relics":["hermit:Momento","War Paint","hubris:Icosahedron","Toy Ornithopter","Mercury Hourglass","Frozen Egg 2","Bronze Scales","Astrolabe","Strawberry","Toxic Egg 2","White Beast Statue","TungstenRod","Centennial Puzzle","hubris:Backtick","Du-Vu Doll","hubris:64BitClover","Gremlin Horn","Bag of Marbles","CeramicFish"],"acts_visited":["Exordium","TheCity","TheBeyond"],"potions_floor_usage":[50],"damage_taken":[{"damage":0.0,"enemies":"Jaw Worm","floor":1.0,"turns":4.0},{"damage":0.0,"enemies":"2 Louse","floor":5.0,"turns":2.0},{"damage":0.0,"enemies":"Gremlin Nob","floor":6.0,"turns":4.0},{"damage":5.0,"enemies":"3 Sentries","floor":8.0,"turns":6.0},{"damage":27.0,"enemies":"Gremlin Nob","floor":10.0,"turns":4.0},{"damage":0.0,"enemies":"Cultist","floor":11.0,"turns":3.0},{"damage":0.0,"enemies":"Lagavulin","floor":12.0,"turns":4.0},{"damage":0.0,"enemies":"3 Louse","floor":13.0,"turns":1.0},{"damage":33.0,"enemies":"Hexaghost","floor":16.0,"turns":7.0},{"damage":36.0,"enemies":"Spheric Guardian","floor":18.0,"turns":1.0},{"damage":6.0,"enemies":"Chosen","floor":19.0,"turns":3.0},{"damage":0.0,"enemies":"3 Cultists","floor":20.0,"turns":3.0},{"damage":10.0,"enemies":"Snake Plant","floor":22.0,"turns":3.0},{"damage":21.0,"enemies":"Slavers","floor":23.0,"turns":4.0},{"damage":6.0,"enemies":"theDuelist:KaibaA2","floor":27.0,"turns":3.0},{"damage":58.0,"enemies":"Champ","floor":33.0,"turns":13.0},{"damage":8.0,"enemies":"3 Darklings","floor":35.0,"turns":4.0},{"damage":18.0,"enemies":"2 Orb Walkers","floor":36.0,"turns":3.0},{"damage":1.0,"enemies":"Orb Walker","floor":38.0,"turns":2.0},{"damage":41.0,"enemies":"Transient","floor":41.0,"turns":5.0},{"damage":46.0,"enemies":"Nemesis","floor":42.0,"turns":5.0},{"damage":30.0,"enemies":"Writhing Mass","floor":45.0,"turns":8.0},{"damage":3.0,"enemies":"Spire Growth","floor":46.0,"turns":3.0},{"damage":4.0,"enemies":"Transient","floor":48.0,"turns":5.0},{"damage":78,"enemies":"hubris:GrandSnecko","floor":50,"turns":12}],"seed_played":"-173013052521914837","potions_obtained":[{"floor":5.0,"key":"blueLaboratory:FrostheartPotion"},{"floor":6.0,"key":"Regen Potion"},{"floor":10.0,"key":"blueLaboratory:FrostheartPotion"},{"floor":18.0,"key":"Fire Potion"},{"floor":22.0,"key":"SkillPotion"},{"floor":27.0,"key":"blueLaboratory:EmptyBottle"},{"floor":33.0,"key":"Weak Potion"},{"floor":35.0,"key":"Strength Potion"},{"floor":36.0,"key":"Fire Potion"},{"floor":38.0,"key":"blueLaboratory:PhilterOfMotion"},{"floor":41.0,"key":"Dexterity Potion"},{"floor":42.0,"key":"blueLaboratory:FrostheartPotion"},{"floor":45.0,"key":"SkillPotion"},{"floor":46.0,"key":"SpeedPotion"},{"floor":48.0,"key":"blueLaboratory:Moonshine"}],"is_trial":false,"path_per_floor":["M","?","?","?","M","E","?","E","T","E","M","E","M","?","R","B",null,"M","M","M","?","M","E","?","R","T","E","R","?","$","T","R","B",null,"M","?","?","M","T","R","M","E","T","?","M","M","R","M","R","B"],"character_chosen":"HERMIT","items_purchased":["TungstenRod","hermit:Eclipse","hermit:CursedWeapon","Bandage Up+1"],"campfire_rested":3,"item_purchase_floors":[30,30,30,30],"current_hp_per_floor":[75,64,64,64,64,64,85,80,80,53,53,75,75,75,75,42,85,49,43,48,48,38,29,59,59,59,53,80,80,80,80,80,38,92,89,74,74,78,78,78,43,21,21,21,6,8,35,37,64,0,0],"gold":350,"neow_bonus":"RANDOM_COMMON_RELIC","is_daily":false,"chose_seed":false,"campfire_upgraded":3,"win_rate":0.0,"timestamp":1611794285,"path_taken":["M","?","?","?","M","E","?","E","T","E","?","E","?","?","R","BOSS","M","M","M","?","M","E","?","R","T","E","R","?","?","?","R","BOSS","M","?","?","?","?","R","M","E","T","?","?","M","R","M","R","BOSS"],"items_purchased_type":["Relic","Potion","Card","Card"],"build_version":"2020-12-22","purchased_purges":0,"victory":false,"max_hp_per_floor":[75,75,75,75,75,75,85,85,85,85,85,85,85,85,85,85,85,85,85,85,85,85,92,92,92,92,92,92,92,92,92,92,92,92,92,92,92,92,92,92,92,92,92,92,92,92,92,92,92,92,92],"card_choices":[{"not_picked":["hermit:BodyArmor","hermit:Quickdraw"],"picked":"hermit:Headshot","floor":1.0},{"not_picked":["hermit:HighNoon+1","hermit:OverwhelmingPower+1"],"picked":"hermit:EternalForm+1","floor":4.0},{"not_picked":["hermit:FinalCanter+1","hermit:Purgatory+1"],"picked":"hermit:RoundhouseKick+1","floor":4.0},{"not_picked":["hermit:RoundhouseKick+1","hermit:Purgatory+1"],"picked":"hermit:HighNoon+1","floor":4.0},{"not_picked":["hermit:Midnight","hermit:Brawl"],"picked":"hermit:GhostlyPresence","floor":5.0},{"not_picked":["hermit:Horror","hermit:HighNoon"],"picked":"hermit:DeadOrAlive","floor":6.0},{"not_picked":["hermit:Grudge","hermit:Showdown"],"picked":"hermit:GhostlyPresence","floor":8.0},{"not_picked":["hermit:Brawl+1","hermit:DeadMansHand"],"picked":"hermit:WideOpen","floor":10.0},{"not_picked":["hermit:FullyLoaded","hermit:Desperado","hermit:Coalescence"],"picked":"SKIP","floor":11.0},{"not_picked":["hermit:Desperado","hermit:Spite"],"picked":"hermit:Quickdraw","floor":12.0},{"not_picked":["hermit:FlashPowder","hermit:OverwhelmingPower+1"],"picked":"hermit:GoldenBullet","floor":13.0},{"not_picked":["hermit:Roughhouse","hermit:DeadOrAlive"],"picked":"hermit:RoundhouseKick","floor":16.0},{"not_picked":["hermit:ItchyTrigger+1","hermit:Misfire"],"picked":"hermit:Vantage","floor":18.0},{"not_picked":["hermit:Feint","hermit:DeadMansHand"],"picked":"hermit:Headshot","floor":19.0},{"not_picked":["hermit:OverwhelmingPower+1","hermit:LuckOfTheDraw"],"picked":"hermit:Grudge+1","floor":20.0},{"not_picked":["hermit:PistolWhip","hermit:ShadowCloak+1"],"picked":"hermit:Feint+1","floor":22.0},{"not_picked":["hermit:LuckOfTheDraw","hermit:GhostlyPresence"],"picked":"hermit:SprayPray+1","floor":23.0},{"not_picked":["hermit:Combo+1","hermit:FinalCanter"],"picked":"hermit:Dive+1","floor":27.0},{"not_picked":["hermit:Purgatory+1","hermit:HighNoon+1"],"picked":"hermit:HeroicBravado+1","floor":29.0},{"not_picked":["hermit:Adapt+1","hermit:FatalDesire+1"],"picked":"hermit:DeadOrAlive+1","floor":29.0},{"not_picked":["hermit:Purgatory+1","hermit:FinalCanter+1"],"picked":"hermit:RoundhouseKick+1","floor":29.0},{"not_picked":["hermit:FinalCanter","hermit:Gambit+1"],"picked":"hermit:Reprieve+1","floor":33.0},{"not_picked":["hermit:Cheat+1","hermit:Malice+1"],"picked":"hermit:ShadowCloak+1","floor":35.0},{"not_picked":["hermit:LowProfile+1","hermit:WideOpen+1"],"picked":"hermit:GoldenBullet","floor":36.0},{"not_picked":["hermit:HoleUp+1","hermit:HighCaliber+1"],"picked":"hermit:Shortfuse+1","floor":38.0},{"not_picked":["hermit:Deadeye+1","hermit:ItchyTrigger"],"picked":"hermit:Ricochet+1","floor":41.0},{"not_picked":["hermit:Horror+1","hermit:Midnight+1","hermit:Maintenance+1"],"picked":"SKIP","floor":42.0},{"not_picked":["hermit:HeroicBravado+1","hermit:Ricochet+1"],"picked":"hermit:Dive+1","floor":45.0},{"not_picked":["hermit:Headshot","hermit:HighCaliber","hermit:Ricochet"],"picked":"SKIP","floor":46.0},{"not_picked":["hermit:CalledShot","hermit:Deadeye+1"],"picked":"hermit:TrackingShot","floor":48.0}],"player_experience":624416,"relics_obtained":[{"floor":6.0,"key":"Toy Ornithopter"},{"floor":8.0,"key":"Mercury Hourglass"},{"floor":10.0,"key":"Frozen Egg 2"},{"floor":12.0,"key":"Bronze Scales"},{"floor":23.0,"key":"Strawberry"},{"floor":26.0,"key":"Toxic Egg 2"},{"floor":27.0,"key":"White Beast Statue"},{"floor":31.0,"key":"Centennial Puzzle"},{"floor":36.0,"key":"hubris:64BitClover"},{"floor":39.0,"key":"Gremlin Horn"},{"floor":42.0,"key":"Bag of Marbles"},{"floor":43.0,"key":"CeramicFish"}],"event_choices":[{"damage_healed":0.0,"max_hp_gain":0.0,"max_hp_loss":0.0,"gold_gain":75.0,"event_name":"betterThird:BetterGoop","player_choice":"Gold","floor":2.0,"gold_loss":0.0,"damage_taken":11.0},{"damage_healed":0.0,"max_hp_gain":0.0,"max_hp_loss":0.0,"gold_gain":0.0,"event_name":"betterMatch:BetterMatch","player_choice":"3","floor":4.0,"gold_loss":0.0,"damage_taken":0.0,"cards_obtained":["betterMatch:RareCard"]},{"cards_removed":["hermit:DeadOrAlive"],"damage_healed":11.0,"max_hp_gain":10.0,"max_hp_loss":0.0,"gold_gain":0.0,"event_name":"Bonfire Elementals","player_choice":"Offered Rare","floor":7.0,"gold_loss":0.0,"damage_taken":0.0},{"damage_healed":30.0,"max_hp_gain":0.0,"max_hp_loss":0.0,"gold_gain":0.0,"event_name":"The Library","player_choice":"Heal","floor":24.0,"gold_loss":0.0,"damage_taken":0.0},{"damage_healed":0.0,"max_hp_gain":0.0,"max_hp_loss":0.0,"gold_gain":0.0,"event_name":"betterMatch:BetterMatch","player_choice":"3","floor":29.0,"gold_loss":0.0,"damage_taken":0.0,"cards_obtained":["betterMatch:RareCard"]},{"damage_healed":0.0,"max_hp_gain":0.0,"max_hp_loss":0.0,"gold_gain":0.0,"event_name":"Mysterious Sphere","player_choice":"Fight","floor":36.0,"gold_loss":0.0,"damage_taken":0.0},{"damage_healed":0.0,"max_hp_gain":0.0,"max_hp_loss":0.0,"gold_gain":0.0,"event_name":"Duplicator","player_choice":"Copied","floor":37.0,"gold_loss":0.0,"damage_taken":0.0,"cards_obtained":["hermit:Maintenance"]},{"damage_healed":0.0,"max_hp_gain":0.0,"max_hp_loss":0.0,"gold_gain":0.0,"event_name":"Upgrade Shrine","player_choice":"Upgraded","floor":44.0,"gold_loss":0.0,"damage_taken":0.0,"cards_upgraded":["hermit:Headshot"]}],"is_beta":false,"boss_relics":[{"not_picked":["hubris:CrackedHourglass","Empty Cage"],"picked":"Astrolabe"},{"not_picked":["hubris:ScarierMask","hubris:BlackHole"],"picked":"hubris:Backtick"}],"items_purged_floors":[],"is_endless":false,"potions_floor_spawned":[5,6,10,18,20,22,27,33,35,36,38,41,42,45,46,48],"killed_by":"hubris:GrandSnecko","ascension_level":1}}