{"host":"kydqlojjt9mno5rv","time":1611873804,"event":{"mods":["AchievementEnabler","BaseMod","Colored Powertips","Curses Come First","DeckTracker","Minty Spire (QoL Compilation)","Quick Restart","Replay The Spire","Shop Mod","Spicy Shops","StSLib","SuperFastMode","Synergy Search","Weighted Paths"],"gold_per_floor":[111,59,9,24,24,24,49,49,118,153,164,10,10,42,42,146,146,161,181,106,118,132,132,164,93,93,8,8,42,42,61,61,166,166,179,194,212,232,188,188,217,217,217,250,268,321,321,353,353,353,353,353,36,67,67,67],"floor_reached":55,"language":"ENG","playtime":2692,"items_purged":["Hemogenesis","CommonCold"],"score":1212,"play_id":"ae90cffa-4ccd-4824-96e2-f7d81e20c60f","local_time":"20210128174324","is_ascension_mode":true,"campfire_choices":[{"data":"Inflame","floor":6,"key":"SMITH"},{"floor":13,"key":"REST"},{"floor":15,"key":"REST"},{"floor":23,"key":"REST"},{"floor":30,"key":"REST"},{"floor":32,"key":"DIG"},{"floor":40,"key":"RECALL"},{"data":"Double Tap","floor":42,"key":"SMITH"},{"floor":49,"key":"DIG"},{"floor":52,"key":"DIG"}],"circlet_count":0,"master_deck":["Strike_R","Strike_R+1","Strike_R+1","Defend_R+1","Defend_R","Defend_R","Bash","Inflame+1","Flex","Intimidate+1","Shrug It Off","Inflame+1","Seeing Red","Hemogenesis+1","Inflame+1","Shrug It Off+1","Heavy Blade","Heavy Blade+1","Heavy Blade","Pummel+1","Barricade","Heavy Blade+1","Double Tap+1","Headbutt","Flex+1","Heavy Blade+1","Flex+1"],"relics":["Burning Blood","NeowsBlessing","Matryoshka","Singing Bowl","Gremlin Food","Replay:Rubber Ducky","DollysMirror","BranchBurnRelic","Honey Jar","ReplayTheSpireMod:TigerMarble","Incense Burner","Smiling Mask","Omamori","Iron Hammer","Ginger","Cursed Key","Sling","ReplayTheSpireMod:CursedCoin","Replay:Bottled Eggs","Shovel","Blood Vial","Simple Rune","Orichalcum","Sundial","King of Hearts","ReplayTheSpireMod:ShopPack","Vajra"],"acts_visited":["Exordium","TheCity","TheBeyond","TheEnding"],"potions_floor_usage":[41,41,41,55,55],"damage_taken":[{"damage":0,"enemies":"Jaw Worm","floor":1,"turns":1},{"damage":0,"enemies":"2 Louse","floor":4,"turns":1},{"damage":0,"enemies":"Gremlin Nob","floor":7,"turns":1},{"damage":39,"enemies":"Lagavulin","floor":10,"turns":7},{"damage":4,"enemies":"Small Slimes","floor":11,"turns":4},{"damage":35,"enemies":"3 Sentries","floor":14,"turns":9},{"damage":84,"enemies":"Hexaghost","floor":16,"turns":10},{"damage":27,"enemies":"Spheric Guardian","floor":18,"turns":5},{"damage":35,"enemies":"3 Byrds","floor":19,"turns":7},{"damage":21,"enemies":"Centurion and Healer","floor":21,"turns":6},{"damage":29,"enemies":"Shelled Parasite and Fungi","floor":22,"turns":5},{"damage":28,"enemies":"Slavers","floor":24,"turns":6},{"damage":61,"enemies":"Book of Stabbing","floor":29,"turns":5},{"damage":27,"enemies":"Snake Plant","floor":31,"turns":4},{"damage":35,"enemies":"Pondfish","floor":33,"turns":6},{"damage":29,"enemies":"3 Shapes","floor":35,"turns":4},{"damage":6,"enemies":"Orb Walker","floor":36,"turns":2},{"damage":1,"enemies":"Transient","floor":37,"turns":5},{"damage":47,"enemies":"3 Darklings","floor":38,"turns":4},{"damage":4,"enemies":"Giant Head","floor":41,"turns":3},{"damage":6,"enemies":"R_Hoarder","floor":44,"turns":5},{"damage":13,"enemies":"Spire Growth","floor":45,"turns":4},{"damage":2,"enemies":"Giant Head","floor":48,"turns":4},{"damage":19,"enemies":"Time Eater","floor":50,"turns":6},{"damage":42,"enemies":"Shield and Spear","floor":54,"turns":4},{"damage":126,"enemies":"The Heart","floor":55,"turns":6}],"seed_played":"-5908330969957475715","potions_obtained":[{"floor":7,"key":"FairyPotion"},{"floor":14,"key":"Explosive Potion"},{"floor":18,"key":"SteroidPotion"},{"floor":19,"key":"Venom Potion"},{"floor":22,"key":"Cursed Concoction"},{"floor":31,"key":"Fire Potion"},{"floor":35,"key":"Ancient Potion"},{"floor":36,"key":"FearPotion"},{"floor":48,"key":"Weak Potion"},{"floor":54,"key":"Strength Potion"}],"is_trial":false,"path_per_floor":["M","$","?","M","$","R","E","?","T","E","M","$","R","E","R","B",null,"M","M","?","M","M","R","E","$","T","?","?","E","R","M","R","B",null,"M","M","M","M","$","R","E","R","T","E","M","T","?","E","R","B",null,"R","$","E","B"],"character_chosen":"IRONCLAD","items_purchased":["Flex","DollysMirror","Pummel","Sling","ReplayTheSpireMod:CursedCoin","King of Hearts","ReplayTheSpireMod:ShopPack"],"campfire_rested":4,"item_purchase_floors":[2,12,25,39,39,53,53],"current_hp_per_floor":[80,80,80,80,80,80,80,73,73,47,54,54,78,54,78,15,82,61,49,49,43,35,59,72,72,72,72,72,49,73,64,64,82,82,67,83,86,59,59,59,72,72,72,86,81,81,83,89,89,82,92,92,98,81,0,0],"gold":67,"neow_bonus":"THREE_ENEMY_KILL","is_daily":false,"chose_seed":false,"campfire_upgraded":2,"win_rate":0.0,"timestamp":1611873804,"path_taken":["M","$","?","M","$","R","E","?","T","E","M","$","R","E","R","BOSS","M","M","?","M","M","R","E","$","T","?","?","E","R","M","R","BOSS","M","?","M","M","$","R","E","R","T","E","M","?","?","E","R","BOSS","R","$","E","BOSS"],"items_purchased_type":["Card","Relic","Card","Relic","Relic","Relic","Relic"],"build_version":"2020-12-22","purchased_purges":2,"victory":false,"max_hp_per_floor":[80,80,80,80,80,80,80,80,80,82,82,82,82,82,82,82,82,82,82,82,82,82,82,82,82,82,82,82,82,82,82,82,82,82,82,84,86,86,86,86,88,88,88,88,90,90,92,92,92,92,92,92,98,100,100,100],"card_choices":[{"not_picked":["Pommel Strike","Life Link"],"picked":"Inflame","floor":1},{"not_picked":["Whirlwind","Rampage"],"picked":"Intimidate","floor":4},{"not_picked":["Havoc","Cleave"],"picked":"Hemogenesis","floor":7},{"not_picked":["Abandon","Twin Strike","Armaments"],"picked":"Singing Bowl","floor":10},{"not_picked":["Defy Death","Wild Strike"],"picked":"Shrug It Off","floor":11},{"not_picked":["ReplayTheSpireMod:Corrosion Curse","Abandon"],"picked":"Seeing Red","floor":14},{"not_picked":["Bludgeon","Corruption"],"picked":"Hemogenesis","floor":16},{"not_picked":["Sentinel","Havoc","ReplayReversal+1"],"picked":"Inflame","floor":18},{"not_picked":["Clothesline+1","Sentinel","Armaments+1"],"picked":"Shrug It Off+1","floor":19},{"not_picked":["Headbutt","Spot Weakness","Shrug It Off+1"],"picked":"Heavy Blade","floor":21},{"not_picked":["Disarm","Sword Boomerang","Headbutt"],"picked":"Heavy Blade+1","floor":22},{"not_picked":["Twin Strike","ReplayTheSpireMod:LeadingStrike+1","Warcry"],"picked":"Heavy Blade","floor":24},{"not_picked":["Massacre","Pummel+1","Headbutt+1"],"picked":"Barricade","floor":29},{"not_picked":["Perfected Strike","Flex","Body Slam"],"picked":"Heavy Blade+1","floor":31},{"not_picked":["Berserk","Juggernaut","Eclipse"],"picked":"Double Tap","floor":33},{"not_picked":["Anger","Twin Strike+1","Clothesline"],"picked":"Headbutt","floor":35},{"not_picked":["Metallicize","Clothesline+1","Rage+1","Body Slam+1"],"picked":"Singing Bowl","floor":36},{"not_picked":["True Grit","Cleave","Defy Death+1","Iron Wave"],"picked":"Singing Bowl","floor":37},{"not_picked":["Dual Wield","Body Slam+1","Defy Death+1"],"picked":"Flex+1","floor":38},{"not_picked":["ReplayTheSpireMod:Strike From Hell+1","Replay:Undeath\u0027s Touch+1","Flame Barrier+1","Bludgeon"],"picked":"Singing Bowl","floor":41},{"not_picked":["Pommel Strike+1","Anger+1","Run Through"],"picked":"Heavy Blade+1","floor":44},{"not_picked":["Cleave","Combust","Body Slam+1","Run Through+1"],"picked":"Singing Bowl","floor":45},{"not_picked":["Replay:Bootleg Shield Generator","Replay:BasicMightCard","Mind Blast","ReplayTheSpireMod:Trickstab"],"picked":"Singing Bowl","floor":47},{"not_picked":["Massacre+1","Searing Blow+1","Feel No Pain+1"],"picked":"Flex+1","floor":48},{"not_picked":["Sadistic Nature","Apotheosis","Metamorphosis","Crow Ritual"],"picked":"Singing Bowl","floor":53},{"not_picked":["Good Instincts","Impatience","Flash of Steel","Jack Of All Trades"],"picked":"Singing Bowl","floor":53},{"not_picked":["Purity","Blind","Forethought","Sadistic Nature"],"picked":"Singing Bowl","floor":53},{"not_picked":["Pommel Strike","Twin Strike+1","Clothesline+1","Run Through"],"picked":"Singing Bowl","floor":54}],"player_experience":155519,"relics_obtained":[{"floor":7,"key":"Matryoshka"},{"floor":9,"key":"Singing Bowl"},{"floor":9,"key":"Gremlin Food"},{"floor":10,"key":"Replay:Rubber Ducky"},{"floor":14,"key":"Dead Branch"},{"floor":24,"key":"ReplayTheSpireMod:TigerMarble"},{"floor":26,"key":"Incense Burner"},{"floor":26,"key":"Smiling Mask"},{"floor":29,"key":"Iron Hammer"},{"floor":32,"key":"Ginger"},{"floor":41,"key":"Replay:Bottled Eggs"},{"floor":44,"key":"Shovel"},{"floor":46,"key":"Blood Vial"},{"floor":48,"key":"Simple Rune"},{"floor":49,"key":"Orichalcum"},{"floor":52,"key":"Sundial"},{"floor":54,"key":"Vajra"}],"event_choices":[{"cards_removed":["Strike_R"],"damage_healed":0,"gold_gain":0,"player_choice":"Card Removal","damage_taken":0,"max_hp_gain":0,"max_hp_loss":0,"event_name":"The Cleric","floor":3,"gold_loss":50},{"cards_removed":["Strike_R"],"damage_healed":0,"gold_gain":0,"player_choice":"Card Removal","damage_taken":7,"max_hp_gain":0,"max_hp_loss":0,"event_name":"Golden Wing","floor":8,"gold_loss":0},{"cards_removed":["Defend_R"],"damage_healed":0,"gold_gain":0,"player_choice":"Gave Gold","damage_taken":0,"max_hp_gain":0,"max_hp_loss":0,"event_name":"Beggar","floor":20,"gold_loss":75},{"damage_healed":0,"gold_gain":0,"player_choice":"Obtained Relic","damage_taken":0,"relics_obtained":["Omamori"],"max_hp_gain":0,"max_hp_loss":0,"event_name":"Addict","floor":27,"gold_loss":85},{"damage_healed":0,"gold_gain":0,"player_choice":"0 cards matched","damage_taken":0,"max_hp_gain":0,"max_hp_loss":0,"event_name":"Match and Keep!","floor":28,"gold_loss":0,"cards_obtained":[]},{"damage_healed":0,"gold_gain":0,"player_choice":"Memory 1","damage_taken":0,"max_hp_gain":0,"max_hp_loss":0,"event_name":"SensoryStone","floor":47,"gold_loss":0}],"is_beta":false,"boss_relics":[{"not_picked":["ChewingGum","Tiny House"],"picked":"Honey Jar"},{"not_picked":["Ooze Armor","Kintsugi"],"picked":"Cursed Key"}],"items_purged_floors":[39,53],"is_endless":false,"potions_floor_spawned":[7,14,18,19,22,31,35,36,48,54],"killed_by":"The Heart","ascension_level":2}}