{"host":"i0avyit1s6jb1siw","time":1611828980,"event":{"mods":["BaseMod","DeckTracker","Dota2Spire","Highlight Path","Minty Spire (QoL Compilation)","Quick Restart","StSLib","SuperFastMode"],"gold_per_floor":[119,119,18,37,37,52,52,52,72,72,72,99,118,133,167,178,197,232,16,16,91,91,111,123,123,123,123,123,123,123],"floor_reached":29,"language":"ENG","playtime":678,"items_purged":["Regret"],"score":466,"play_id":"def9ba79-c403-4197-b1c5-230d38cb69a4","local_time":"20210128111620","is_ascension_mode":true,"campfire_choices":[{"floor":8,"key":"REST"},{"floor":11,"key":"REST"},{"floor":20,"key":"REST"},{"floor":28,"key":"REST"}],"circlet_count":0,"master_deck":["AscendersBane","Strike_G","Strike_G+1","Defend_G","Defend_G+1","Defend_G","Defend_G","Defend_G","Survivor","Neutralize","Deadly Poison","Dagger Spray","All Out Attack","Dagger Throw","Reflex","Underhanded Strike","Concentrate","Acrobatics","Flechettes","Adrenaline","Deflect+1","Blade Dance+1","Writhe"],"relics":["Fusion Hammer","Dota2Spire:MaskOfMadness","Odd Mushroom","Dota2Spire:DrumOfEndurance","Ice Cream","Orichalcum","OrangePellets","Empty Cage","Dota2Spire:BlackKingBar"],"acts_visited":["Exordium","TheCity"],"potions_floor_usage":[15,17,29],"damage_taken":[{"damage":6,"enemies":"Jaw Worm","floor":1,"turns":4},{"damage":5,"enemies":"2 Louse","floor":4,"turns":3},{"damage":8,"enemies":"Small Slimes","floor":6,"turns":2},{"damage":5,"enemies":"The Mushroom Lair","floor":9,"turns":3},{"damage":2,"enemies":"Exordium Wildlife","floor":13,"turns":4},{"damage":0,"enemies":"2 Fungi Beasts","floor":14,"turns":3},{"damage":1,"enemies":"3 Sentries","floor":15,"turns":5},{"damage":4,"enemies":"Large Slime","floor":16,"turns":5},{"damage":0,"enemies":"Gremlin Gang","floor":17,"turns":3},{"damage":10,"enemies":"Lagavulin","floor":18,"turns":7},{"damage":11,"enemies":"The Guardian","floor":21,"turns":14},{"damage":8,"enemies":"Spheric Guardian","floor":23,"turns":4},{"damage":16,"enemies":"Shell Parasite","floor":24,"turns":4},{"damage":43,"enemies":"Slavers","floor":29,"turns":4}],"seed_played":"-4047260941124220867","potions_obtained":[{"floor":4,"key":"Dota2Spire:HealingSalve"},{"floor":6,"key":"Fire Potion"},{"floor":13,"key":"LiquidMemories"},{"floor":15,"key":"LiquidMemories"}],"is_trial":false,"path_per_floor":["M","?","$","M","$","M","?","R","?","?","R","T","M","M","E","M","M","E","$","R","B",null,"M","M","?","?","?","R","E"],"character_chosen":"THE_SILENT","items_purchased":["Dagger Spray","OrangePellets","Strength Potion"],"campfire_rested":4,"item_purchase_floors":[3,19,19],"current_hp_per_floor":[53,53,53,48,48,40,20,39,34,27,46,46,44,44,43,39,39,29,29,48,37,59,51,35,17,17,17,38,0,0],"gold":123,"neow_bonus":"BOSS_RELIC","is_daily":false,"chose_seed":false,"campfire_upgraded":0,"win_rate":0.0,"timestamp":1611828980,"path_taken":["M","?","$","M","$","M","?","R","?","?","R","T","M","?","E","M","M","E","$","R","BOSS","M","M","?","?","?","R","E"],"items_purchased_type":["Card","Relic","Potion"],"build_version":"2020-12-22","purchased_purges":1,"victory":false,"max_hp_per_floor":[66,66,66,66,66,66,66,66,66,66,66,66,66,66,66,66,66,66,66,66,66,66,66,66,71,71,71,71,71,71],"card_choices":[{"not_picked":["Outmaneuver","Backflip"],"picked":"Deadly Poison","floor":1},{"not_picked":["Outmaneuver","Sucker Punch"],"picked":"All Out Attack","floor":4},{"not_picked":["PiercingWail","Accuracy"],"picked":"Dagger Throw","floor":6},{"not_picked":["Distraction","Deadly Poison"],"picked":"Reflex","floor":9},{"not_picked":["Escape Plan","Catalyst","Quick Slash"],"picked":"SKIP","floor":13},{"not_picked":["Skewer","Poisoned Stab","Escape Plan"],"picked":"SKIP","floor":14},{"not_picked":["Night Terror","Sucker Punch"],"picked":"Underhanded Strike","floor":15},{"not_picked":["Cloak And Dagger","Bane"],"picked":"Concentrate","floor":16},{"not_picked":["Flying Knee","Slice"],"picked":"Acrobatics","floor":17},{"not_picked":["Footwork","Unload"],"picked":"Flechettes","floor":18},{"not_picked":["Die Die Die","Unload"],"picked":"Adrenaline","floor":21},{"not_picked":["Bane","Prepared","Deflect+1"],"picked":"SKIP","floor":23},{"not_picked":["Bane","Prepared"],"picked":"Deflect+1","floor":23},{"not_picked":["Quick Slash+1","Cloak And Dagger+1"],"picked":"Blade Dance+1","floor":24}],"player_experience":2359452,"relics_obtained":[{"floor":9,"key":"Odd Mushroom"},{"floor":12,"key":"Dota2Spire:DrumOfEndurance"},{"floor":15,"key":"Ice Cream"},{"floor":18,"key":"Orichalcum"}],"event_choices":[{"damage_healed":0,"gold_gain":0,"player_choice":"Box","damage_taken":0,"relics_obtained":["Dota2Spire:MaskOfMadness"],"max_hp_gain":0,"max_hp_loss":0,"event_name":"Big Fish","floor":2,"gold_loss":0,"cards_obtained":["Regret"]},{"damage_healed":0,"gold_gain":0,"player_choice":"Entered Light","damage_taken":20,"max_hp_gain":0,"max_hp_loss":0,"event_name":"Shining Light","floor":7,"gold_loss":0,"cards_upgraded":["Defend_G","Strike_G"]},{"damage_healed":0,"gold_gain":0,"player_choice":"Fought Mushrooms","damage_taken":0,"max_hp_gain":0,"max_hp_loss":0,"event_name":"Mushrooms","floor":9,"gold_loss":0},{"cards_removed":["Strike_G"],"damage_healed":0,"gold_gain":0,"player_choice":"Card Removal","damage_taken":7,"max_hp_gain":0,"max_hp_loss":0,"event_name":"Golden Wing","floor":10,"gold_loss":0},{"damage_healed":0,"gold_gain":0,"player_choice":"Shed Blood","damage_taken":23,"max_hp_gain":5,"max_hp_loss":0,"event_name":"Forgotten Altar","floor":25,"gold_loss":0},{"damage_healed":0,"gold_gain":0,"player_choice":"Opened","damage_taken":0,"relics_obtained":["Dota2Spire:BlackKingBar"],"max_hp_gain":0,"max_hp_loss":0,"event_name":"The Mausoleum","floor":26,"gold_loss":0,"cards_obtained":["Writhe"]},{"damage_healed":0,"gold_gain":0,"player_choice":"Got Potions","damage_taken":0,"max_hp_gain":0,"max_hp_loss":0,"event_name":"Lab","floor":27,"gold_loss":0}],"is_beta":false,"boss_relics":[{"not_picked":["Ectoplasm","Dota2Spire:RefresherOrb"],"picked":"Empty Cage"}],"items_purged_floors":[3],"is_endless":false,"potions_floor_spawned":[4,6,13,15,16,23],"killed_by":"Slavers","ascension_level":20}}