{"host":"m0bekkrd201b63ug","time":1611859651,"event":{"mods":["AchievementEnabler","BaseMod","Colored Powertips","Minty Spire (QoL Compilation)","Rare Cards Sparkle","StSLib","SuperFastMode","everything is the same but u backflip on backflip","slay the spire mod where everything is the same but ironclad has a cowboy hat"],"gold_per_floor":[116,116,41,60,60,60,89,89,89,99,109,9,35,47,47,121,121,93,143,158,33,123,123,123],"floor_reached":23,"language":"ENG","playtime":734,"items_purged":["Strike_G","Strike_G","Strike_G"],"score":348,"play_id":"8267feed-9524-4a62-92db-e6f4b3aaaa4b","local_time":"20210128164731","is_ascension_mode":true,"campfire_choices":[{"data":"Deadly Poison","floor":6,"key":"SMITH"},{"data":"Neutralize","floor":8,"key":"SMITH"},{"floor":15,"key":"REST"}],"circlet_count":0,"master_deck":["AscendersBane","Strike_G","Strike_G","Defend_G","Defend_G","Defend_G","Defend_G","Defend_G","Survivor","Neutralize+1","CurseOfTheBell","Deadly Poison+1","Footwork+1","PiercingWail","PiercingWail","Malaise","Poisoned Stab"],"relics":["Calling Bell","MealTicket","Mercury Hourglass","StoneCalendar","Sundial","Frozen Egg 2","Question Card","HornCleat","Black Star"],"acts_visited":["Exordium","TheCity"],"potions_floor_usage":[7,11,18,23,23],"damage_taken":[{"damage":0,"enemies":"Small Slimes","floor":1,"turns":4},{"damage":10,"enemies":"Jaw Worm","floor":4,"turns":5},{"damage":26,"enemies":"Gremlin Nob","floor":7,"turns":4},{"damage":1,"enemies":"Cultist","floor":10,"turns":4},{"damage":4,"enemies":"Exordium Wildlife","floor":11,"turns":6},{"damage":18,"enemies":"3 Sentries","floor":13,"turns":7},{"damage":12,"enemies":"Large Slime","floor":14,"turns":7},{"damage":10,"enemies":"Hexaghost","floor":16,"turns":13},{"damage":9,"enemies":"2 Thieves","floor":18,"turns":5},{"damage":12,"enemies":"Spheric Guardian","floor":20,"turns":5},{"damage":42,"enemies":"Book of Stabbing","floor":23,"turns":8}],"seed_played":"-8915066919707000060","potions_obtained":[{"floor":4,"key":"Fire Potion"},{"floor":7,"key":"Fruit Juice"},{"floor":11,"key":"SpeedPotion"},{"floor":16,"key":"AttackPotion"},{"floor":18,"key":"LiquidMemories"}],"is_trial":false,"path_per_floor":["M","?","$","M","?","R","E","R","T","M","M","$","E","M","R","B",null,"M","?","M","$","?","E"],"character_chosen":"THE_SILENT","items_purchased":[],"campfire_rested":1,"item_purchase_floors":[],"current_hp_per_floor":[59,54,66,56,56,56,30,30,30,29,30,45,27,15,36,26,60,51,51,39,54,42,0,0],"gold":123,"neow_bonus":"BOSS_RELIC","is_daily":false,"chose_seed":false,"campfire_upgraded":2,"win_rate":0.0,"timestamp":1611859651,"path_taken":["M","?","$","M","?","R","E","R","T","M","M","$","E","M","R","BOSS","M","?","M","$","?","E"],"items_purchased_type":[],"build_version":"2020-12-22","purchased_purges":3,"victory":false,"max_hp_per_floor":[66,66,66,66,66,66,66,66,66,66,71,71,71,71,71,71,71,71,71,71,71,71,71,71],"card_choices":[{"not_picked":["Choke","Slice","Terror"],"picked":"SKIP","floor":1},{"not_picked":["Underhanded Strike","Skewer"],"picked":"Deadly Poison","floor":4},{"not_picked":["Dagger Throw","Slice","Outmaneuver"],"picked":"SKIP","floor":7},{"not_picked":["Outmaneuver","Quick Slash","Well Laid Plans+1"],"picked":"Footwork+1","floor":10},{"not_picked":["Slice","Flying Knee","Envenom+1"],"picked":"PiercingWail","floor":11},{"not_picked":["Deflect","Bane","Dagger Throw"],"picked":"PiercingWail","floor":13},{"not_picked":["Dodge and Roll","Prepared","Endless Agony","Finisher"],"picked":"SKIP","floor":14},{"not_picked":["Grand Finale","Doppelganger","Bullet Time"],"picked":"Malaise","floor":16},{"not_picked":["PiercingWail","Caltrops+1","Underhanded Strike+1"],"picked":"Poisoned Stab","floor":18},{"not_picked":["Outmaneuver","Deflect+1","Flechettes","Blade Dance"],"picked":"SKIP","floor":20}],"player_experience":219343,"relics_obtained":[{"floor":0,"key":"MealTicket"},{"floor":0,"key":"Mercury Hourglass"},{"floor":0,"key":"StoneCalendar"},{"floor":7,"key":"Frozen Egg 2"},{"floor":9,"key":"Question Card"},{"floor":13,"key":"HornCleat"}],"event_choices":[{"damage_healed":0,"gold_gain":0,"player_choice":"Success","damage_taken":5,"relics_obtained":["Sundial"],"max_hp_gain":0,"max_hp_loss":0,"event_name":"Scrap Ooze","floor":2,"gold_loss":0},{"damage_healed":0,"gold_gain":0,"player_choice":"Leave","damage_taken":0,"max_hp_gain":0,"max_hp_loss":0,"event_name":"The Cleric","floor":5,"gold_loss":0},{"damage_healed":0,"gold_gain":50,"player_choice":"Stole From Cult","damage_taken":0,"max_hp_gain":0,"max_hp_loss":0,"event_name":"Nest","floor":19,"gold_loss":0},{"damage_healed":0,"gold_gain":90,"player_choice":"GOLD ","damage_taken":12,"max_hp_gain":0,"max_hp_loss":0,"event_name":"Knowing Skull","floor":22,"potions_obtained":[],"gold_loss":0,"cards_obtained":[]}],"is_beta":false,"boss_relics":[{"not_picked":["Snecko Eye","Coffee Dripper"],"picked":"Black Star"}],"items_purged_floors":[3,12,21],"is_endless":false,"potions_floor_spawned":[4,7,11,16,18],"killed_by":"Book of Stabbing","ascension_level":15}}