{"host":"c52z9ixzgdjttcmx","time":1611862432,"event":{"mods":["BaseMod","Colored Powertips","Downfall","Filter the Spire","Minty Spire (QoL Compilation)","Rare Cards Sparkle","Relic Stats","StSLib"],"gold_per_floor":[112,112,131,131,47,47,74,74,74,87,57,57,67,100,100,175,175,190,205,205,220,1,1,1],"floor_reached":23,"language":"ENG","playtime":818,"items_purged":[],"score":403,"play_id":"2886b12b-d948-4cf3-bc9f-7f1ec1cbf273","local_time":"20210128133352","is_ascension_mode":true,"campfire_choices":[{"data":"Zap","floor":6,"key":"SMITH"},{"data":"Rainbow","floor":8,"key":"SMITH"},{"data":"Coolheaded","floor":12,"key":"SMITH"},{"floor":15,"key":"REST"}],"circlet_count":0,"master_deck":["AscendersBane","Strike_B","Strike_B","Strike_B","Defend_B","Defend_B","Defend_B+1","Defend_B+1","Zap+1","Dualcast","Ball Lightning","Coolheaded+1","Consume","Undo","Rainbow+1","Gash","Conserve Battery","Core Surge","All For One","Sweeping Beam","Hologram","Ball Lightning","Sweeping Beam"],"relics":["Cracked Core","NeowsBlessing","Boot","Incense Burner","Nunchaku","Inserter","MealTicket"],"acts_visited":["Exordium","TheCity"],"potions_floor_usage":[7,23],"damage_taken":[{"damage":0,"enemies":"2 Louse","floor":1,"turns":1},{"damage":0,"enemies":"Jaw Worm","floor":3,"turns":1},{"damage":0,"enemies":"Gremlin Nob","floor":7,"turns":1},{"damage":0,"enemies":"Cultist","floor":10,"turns":3},{"damage":9,"enemies":"Blue Slaver","floor":13,"turns":2},{"damage":17,"enemies":"Lagavulin","floor":14,"turns":6},{"damage":9,"enemies":"The Guardian","floor":16,"turns":14},{"damage":41,"enemies":"3 Byrds","floor":18,"turns":5},{"damage":7,"enemies":"Chosen","floor":19,"turns":6},{"damage":20,"enemies":"Centurion and Healer","floor":21,"turns":9},{"damage":27,"enemies":"Gremlin Leader","floor":23,"turns":6}],"seed_played":"2102803754530963402","potions_obtained":[{"floor":7,"key":"Fruit Juice"},{"floor":11,"key":"Slimebound:ThreeZeroPotion"},{"floor":11,"key":"FairyPotion"},{"floor":21,"key":"Strength Potion"}],"is_trial":false,"path_per_floor":["M","?","M","?","$","R","E","R","T","M","?","R","M","E","R","B",null,"M","M","?","M","$","E"],"character_chosen":"DEFECT","items_purchased":["Undo","MealTicket","Sweeping Beam"],"campfire_rested":1,"item_purchase_floors":[5,22,22],"current_hp_per_floor":[64,43,43,43,43,43,48,48,48,48,48,48,39,22,44,35,66,25,18,12,20,20,0,0],"gold":1,"neow_bonus":"THREE_ENEMY_KILL","is_daily":false,"chose_seed":false,"campfire_upgraded":3,"win_rate":0.0,"timestamp":1611862432,"path_taken":["M","?","M","?","$","R","E","R","T","M","?","R","?","E","R","BOSS","M","M","?","?","$","E"],"items_purchased_type":["Card","Relic","Card"],"build_version":"2020-12-22","purchased_purges":0,"victory":false,"max_hp_per_floor":[71,71,71,71,71,71,76,76,76,76,76,76,76,76,76,76,76,76,76,76,76,76,76,76],"relic_stats":{"Nunchaku":[4],"Inserter":[13],"counters":[11,54],"MealTicket":0,"Boot":[35],"obtain_stats":[{"Nunchaku":14,"Inserter":17,"NeowsBlessing":0,"MealTicket":22,"Incense Burner":9,"Cracked Core":0,"Boot":7},{"Nunchaku":6,"Inserter":7,"NeowsBlessing":0,"MealTicket":10,"Incense Burner":3,"Cracked Core":0,"Boot":3},{"Nunchaku":14,"Inserter":28,"NeowsBlessing":0,"MealTicket":48,"Incense Burner":3,"Cracked Core":0,"Boot":3}]},"card_choices":[{"not_picked":["Barrage","Hello World"],"picked":"Ball Lightning","floor":1},{"not_picked":["Auto Shields","BootSequence"],"picked":"Coolheaded","floor":3},{"not_picked":["Sweeping Beam","Force Field"],"picked":"Rainbow","floor":7},{"not_picked":["Heatsinks","Reinforced Body"],"picked":"Gash","floor":10},{"not_picked":["Beam Cell","Go for the Eyes"],"picked":"Conserve Battery","floor":13},{"not_picked":["Streamline","Beam Cell"],"picked":"Core Surge","floor":14},{"not_picked":["Thunder Strike","Biased Cognition"],"picked":"All For One","floor":16},{"not_picked":["Aggregate","Beam Cell"],"picked":"Sweeping Beam","floor":18},{"not_picked":["Stack+1","Steam Power+1"],"picked":"Hologram","floor":19},{"not_picked":["Blizzard","Chaos"],"picked":"Ball Lightning","floor":21}],"player_experience":3371003,"relics_obtained":[{"floor":7,"key":"Boot"},{"floor":9,"key":"Incense Burner"},{"floor":14,"key":"Nunchaku"}],"event_choices":[{"damage_healed":0,"gold_gain":0,"player_choice":"Entered Light","damage_taken":21,"max_hp_gain":0,"max_hp_loss":0,"event_name":"Shining Light","floor":2,"gold_loss":0,"cards_upgraded":["Defend_B","Defend_B"]},{"damage_healed":0,"gold_gain":0,"cards_transformed":["Strike_B"],"player_choice":"Change","damage_taken":0,"max_hp_gain":0,"max_hp_loss":0,"event_name":"Living Wall","floor":4,"gold_loss":0,"cards_obtained":["Consume"]},{"damage_healed":0,"gold_gain":0,"player_choice":"Bought 2 Potions","damage_taken":0,"max_hp_gain":0,"max_hp_loss":0,"event_name":"The Woman in Blue","floor":11,"gold_loss":0},{"damage_healed":0,"gold_gain":0,"player_choice":"","damage_taken":6,"max_hp_gain":0,"max_hp_loss":0,"event_name":"Knowing Skull","floor":20,"potions_obtained":[],"gold_loss":0,"cards_obtained":[]}],"is_beta":false,"boss_relics":[{"not_picked":["Tiny House","SacredBark"],"picked":"Inserter"}],"items_purged_floors":[],"is_endless":false,"potions_floor_spawned":[7,13,16,19,21],"killed_by":"Gremlin Leader","ascension_level":16}}