{"host":"Qube","time":1611807780,"event":{"mods":["AchievementEnabler","BaseMod","Colored Map","Colored Powertips","Highlight Path","Minty Spire (QoL Compilation)","Permanent Neow","Quick Restart","Random Character Button","StSLib"],"gold_per_floor":[110,126,137,153,5,33,33,62,130,145,145,160,173,193,193,290,290,273,273,183,203,220,220,255,271,271,271,287,35,60,79,79,179,179,192,192,192,37,48,48,75,85,85,85,118,168,168,468,468,468,468,468,98,123,123],"floor_reached":56,"language":"ENG","playtime":7043,"items_purged":["Pain","Strike_G"],"score":1332,"play_id":"1833da16-4d32-4a63-9cfa-1f0750a5320b","local_time":"20210127202300","is_ascension_mode":true,"campfire_choices":[{"data":"Prepared","floor":11.0,"key":"SMITH"},{"data":"Leg Sweep","floor":15.0,"key":"SMITH"},{"data":"Ghostly","floor":23.0,"key":"SMITH"},{"data":"1","floor":32.0,"key":"LIFT"},{"data":"Noxious Fumes","floor":40.0,"key":"SMITH"},{"data":"2","floor":44.0,"key":"LIFT"},{"floor":47.0,"key":"RECALL"},{"data":"3","floor":49.0,"key":"LIFT"},{"data":"Ghostly","floor":52.0,"key":"SMITH"}],"circlet_count":0,"master_deck":["Strike_G","Strike_G","Strike_G","Strike_G","Defend_G","Defend_G","Defend_G","Survivor","Neutralize","Poisoned Stab","Choke","Crippling Poison","Slice","Dagger Throw","Prepared+1","Cloak And Dagger","Slice","Leg Sweep+1","Poisoned Stab","Burst","Prepared","Ghostly","Ghostly+1","Ghostly","Ghostly+1","Ghostly+1","Caltrops","Dash","Bouncing Flask","PiercingWail+1","Calculated Gamble","Madness","Madness","Noxious Fumes+1","Catalyst","Terror+1","Caltrops+1","Sadistic Nature","Footwork","Adrenaline"],"relics":["Runic Pyramid","Bronze Scales","Calipers","Ginger","White Beast Statue","Philosopher\u0027s Stone","Blood Vial","Girya","WarpedTongs","Juzu Bracelet","SacredBark","Anchor","Nunchaku","Bottled Flame","CaptainsWheel","Mango"],"acts_visited":["Exordium","TheCity","TheBeyond","TheEnding"],"potions_floor_usage":[55,55,55],"damage_taken":[{"damage":2.0,"enemies":"Cultist","floor":1.0,"turns":4.0},{"damage":0.0,"enemies":"Jaw Worm","floor":2.0,"turns":4.0},{"damage":0.0,"enemies":"Small Slimes","floor":3.0,"turns":2.0},{"damage":8.0,"enemies":"3 Louse","floor":4.0,"turns":3.0},{"damage":3.0,"enemies":"Lagavulin","floor":6.0,"turns":7.0},{"damage":4.0,"enemies":"Gremlin Nob","floor":8.0,"turns":3.0},{"damage":4.0,"enemies":"Gremlin Gang","floor":10.0,"turns":4.0},{"damage":6.0,"enemies":"Lots of Slimes","floor":12.0,"turns":2.0},{"damage":0.0,"enemies":"Large Slime","floor":13.0,"turns":3.0},{"damage":0.0,"enemies":"Gremlin Gang","floor":14.0,"turns":3.0},{"damage":8.0,"enemies":"Hexaghost","floor":16.0,"turns":9.0},{"damage":1.0,"enemies":"2 Thieves","floor":18.0,"turns":4.0},{"damage":2.0,"enemies":"Spheric Guardian","floor":21.0,"turns":6.0},{"damage":2.0,"enemies":"Snecko","floor":22.0,"turns":6.0},{"damage":2.0,"enemies":"Gremlin Leader","floor":24.0,"turns":6.0},{"damage":3.0,"enemies":"Centurion and Healer","floor":25.0,"turns":6.0},{"damage":0.0,"enemies":"Snake Plant","floor":28.0,"turns":4.0},{"damage":2.0,"enemies":"Slavers","floor":30.0,"turns":7.0},{"damage":1.0,"enemies":"3 Cultists","floor":31.0,"turns":6.0},{"damage":6.0,"enemies":"Champ","floor":33.0,"turns":9.0},{"damage":1.0,"enemies":"3 Shapes","floor":35.0,"turns":6.0},{"damage":1.0,"enemies":"Orb Walker","floor":39.0,"turns":5.0},{"damage":1.0,"enemies":"Reptomancer","floor":41.0,"turns":7.0},{"damage":11.0,"enemies":"Transient","floor":42.0,"turns":5.0},{"damage":0.0,"enemies":"Nemesis","floor":45.0,"turns":7.0},{"damage":0.0,"enemies":"Mind Bloom Boss Battle","floor":46.0,"turns":6.0},{"damage":16.0,"enemies":"Donu and Deca","floor":50.0,"turns":12.0},{"damage":2,"enemies":"Shield and Spear","floor":54,"turns":7},{"damage":67,"enemies":"The Heart","floor":55,"turns":10}],"seed_played":"2019168429232852986","potions_obtained":[{"floor":1.0,"key":"DistilledChaos"},{"floor":2.0,"key":"Weak Potion"},{"floor":10.0,"key":"GamblersBrew"},{"floor":12.0,"key":"Block Potion"},{"floor":13.0,"key":"Regen Potion"},{"floor":16.0,"key":"Poison Potion"},{"floor":18.0,"key":"SteroidPotion"},{"floor":22.0,"key":"Strength Potion"},{"floor":25.0,"key":"Regen Potion"},{"floor":30.0,"key":"Swift Potion"},{"floor":31.0,"key":"Swift Potion"},{"floor":33.0,"key":"Explosive Potion"},{"floor":35.0,"key":"ColorlessPotion"},{"floor":37.0,"key":"GhostInAJar"},{"floor":41.0,"key":"LiquidMemories"},{"floor":42.0,"key":"Explosive Potion"},{"floor":46.0,"key":"Regen Potion"}],"is_trial":false,"path_per_floor":["M","M","M","M","$","E","?","E","T","M","R","M","M","M","R","B",null,"M","?","?","M","M","R","E","M","T","?","M","$","E","M","R","B",null,"M","?","?","$","M","R","E","M","T","R","E","?","R","?","R","B",null,"R","$","E","B",null],"character_chosen":"THE_SILENT","items_purchased":["Bronze Scales","Calculated Gamble","CultistPotion","Anchor","Sadistic Nature","BlessingOfTheForge","Footwork"],"campfire_rested":0,"item_purchase_floors":[5,29,29,38,53,53,53],"current_hp_per_floor":[68,68,68,60,60,57,57,53,53,49,49,43,43,43,43,50,70,69,35,35,33,31,31,29,28,28,28,30,30,35,34,34,29,35,34,30,30,30,31,31,32,23,23,23,25,27,27,27,27,13,35,35,35,47,15],"gold":123,"neow_bonus":"BOSS_RELIC","is_daily":false,"chose_seed":false,"campfire_upgraded":5,"win_rate":0.0,"timestamp":1611807780,"path_taken":["M","M","M","M","?","E","?","E","T","M","R","M","?","M","R","BOSS","M","?","?","?","M","R","E","?","T","?","M","$","E","M","R","BOSS","M","?","?","$","M","R","E","M","T","R","E","?","R","?","R","BOSS","R","$","E","BOSS"],"items_purchased_type":["Relic","Card","Potion","Relic","Card","Potion","Card"],"build_version":"2020-12-18","purchased_purges":2,"victory":true,"max_hp_per_floor":[70,70,70,70,70,70,70,70,70,70,70,70,70,70,70,70,70,70,35,35,35,35,35,35,35,35,35,35,35,35,35,35,35,35,35,35,35,35,35,35,35,35,35,35,35,35,35,35,35,35,35,35,35,49,49],"card_choices":[{"not_picked":["Heel Hook","Dodge and Roll"],"picked":"Poisoned Stab","floor":1.0},{"not_picked":["Blade Dance","Dagger Spray"],"picked":"Choke","floor":2.0},{"not_picked":["Poisoned Stab","Quick Slash"],"picked":"Crippling Poison","floor":3.0},{"not_picked":["Outmaneuver","Deadly Poison"],"picked":"Slice","floor":4.0},{"not_picked":["Setup","Wraith Form v2"],"picked":"Dagger Throw","floor":6.0},{"not_picked":["Dodge and Roll","Predator"],"picked":"Prepared","floor":8.0},{"not_picked":["Dagger Throw","Distraction"],"picked":"Cloak And Dagger","floor":10.0},{"not_picked":["Reflex","Finisher"],"picked":"Slice","floor":12.0},{"not_picked":["Prepared","Infinite Blades"],"picked":"Leg Sweep","floor":13.0},{"not_picked":["Expertise","Wraith Form v2"],"picked":"Poisoned Stab","floor":14.0},{"not_picked":["Wraith Form v2","Grand Finale"],"picked":"Burst","floor":16.0},{"not_picked":["Bane","Infinite Blades"],"picked":"Prepared","floor":18.0},{"not_picked":["Crippling Poison","Quick Slash"],"picked":"Caltrops","floor":21.0},{"not_picked":["Bane","Poisoned Stab"],"picked":"Dash","floor":22.0},{"not_picked":["Die Die Die","Prepared","Escape Plan"],"picked":"SKIP","floor":24.0},{"not_picked":["Dagger Spray","Prepared"],"picked":"Bouncing Flask","floor":25.0},{"not_picked":["Dagger Throw","Blade Dance"],"picked":"PiercingWail+1","floor":28.0},{"not_picked":["PiercingWail","Dodge and Roll+1","Tactician"],"picked":"SKIP","floor":30.0},{"not_picked":["Sucker Punch","Underhanded Strike","Calculated Gamble"],"picked":"SKIP","floor":31.0},{"not_picked":["Well Laid Plans+1","Masterful Stab+1","Choke"],"picked":"SKIP","floor":35.0},{"not_picked":["Dodge and Roll","Flying Knee"],"picked":"Noxious Fumes","floor":39.0},{"not_picked":["Slice+1","Sucker Punch+1"],"picked":"Catalyst","floor":41.0},{"not_picked":["Acrobatics+1","Dagger Spray+1","Accuracy"],"picked":"SKIP","floor":42.0},{"not_picked":["Backflip","Dodge and Roll"],"picked":"Terror+1","floor":45.0},{"not_picked":["Deadly Poison","Calculated Gamble+1"],"picked":"Caltrops+1","floor":46.0},{"not_picked":["Terror+1","Dash+1"],"picked":"Adrenaline","floor":54}],"player_experience":993841,"relics_obtained":[{"floor":6.0,"key":"Calipers"},{"floor":8.0,"key":"Ginger"},{"floor":9.0,"key":"White Beast Statue"},{"floor":24.0,"key":"Blood Vial"},{"floor":26.0,"key":"Girya"},{"floor":30.0,"key":"Juzu Bracelet"},{"floor":41.0,"key":"Nunchaku"},{"floor":45.0,"key":"Bottled Flame"},{"floor":46.0,"key":"CaptainsWheel"},{"floor":54,"key":"Mango"}],"event_choices":[{"cards_removed":["Defend_G"],"damage_healed":0.0,"max_hp_gain":0.0,"max_hp_loss":0.0,"gold_gain":0.0,"event_name":"Purifier","player_choice":"Purged","floor":7.0,"gold_loss":0.0,"damage_taken":0.0},{"damage_healed":0.0,"max_hp_gain":0.0,"max_hp_loss":35.0,"gold_gain":0.0,"event_name":"Ghosts","player_choice":"Became a Ghost","floor":19.0,"gold_loss":0.0,"damage_taken":0.0,"cards_obtained":["Ghostly","Ghostly","Ghostly","Ghostly","Ghostly"]},{"cards_removed":["Defend_G"],"damage_healed":0.0,"max_hp_gain":0.0,"max_hp_loss":0.0,"gold_gain":0.0,"event_name":"Designer","player_choice":"Upgrade and Remove","floor":20.0,"gold_loss":90.0,"damage_taken":0.0,"cards_upgraded":["Ghostly"]},{"damage_healed":0.0,"max_hp_gain":0.0,"max_hp_loss":0.0,"gold_gain":0.0,"event_name":"Accursed Blacksmith","player_choice":"Rummage","floor":27.0,"gold_loss":0.0,"damage_taken":0.0,"relics_obtained":["WarpedTongs"],"cards_obtained":["Pain"]},{"damage_healed":0.0,"max_hp_gain":0.0,"max_hp_loss":0.0,"gold_gain":0.0,"event_name":"Winding Halls","player_choice":"Embrace Madness","floor":36.0,"gold_loss":0.0,"damage_taken":4.0,"cards_obtained":["Madness","Madness"]},{"damage_healed":0.0,"max_hp_gain":0.0,"max_hp_loss":0.0,"gold_gain":0.0,"event_name":"Lab","player_choice":"Got Potions","floor":37.0,"gold_loss":0.0,"damage_taken":0.0},{"damage_healed":0.0,"max_hp_gain":0.0,"max_hp_loss":0.0,"gold_gain":0.0,"event_name":"MindBloom","player_choice":"Fight","floor":46.0,"gold_loss":0.0,"damage_taken":0.0},{"damage_healed":0.0,"max_hp_gain":0.0,"max_hp_loss":0.0,"gold_gain":300.0,"event_name":"Wheel of Change","player_choice":"Gold","floor":48.0,"gold_loss":0.0,"damage_taken":0.0}],"is_beta":true,"boss_relics":[{"not_picked":["SlaversCollar","WristBlade"],"picked":"Philosopher\u0027s Stone"},{"not_picked":["Fusion Hammer","Empty Cage"],"picked":"SacredBark"}],"items_purged_floors":[29,53],"is_endless":false,"potions_floor_spawned":[1,2,10,12,13,14,16,18,21,22,24,25,28,30,31,33,35,39,41,42,45,46,54],"ascension_level":1}}