{"host":"vumwfieg2b2mnrfl","time":1611811257,"event":{"mods":["AchievementEnabler","BaseMod","Minty Spire (QoL Compilation)","Rare Cards Sparkle","Relic Stats"],"gold_per_floor":[111,125,125,125,50,50,89,89,89,113,126,162,178,193,193,286,586,570,416,149,149,424,457,473,473,473],"floor_reached":25,"language":"ENG","playtime":666,"items_purged":["Writhe","Strike_R"],"score":439,"play_id":"3bcfaca7-7389-4c5b-b653-e4d404fc94ac","local_time":"20210127232057","is_ascension_mode":true,"campfire_choices":[{"data":"Apotheosis","floor":6.0,"key":"SMITH"},{"floor":8.0,"key":"REST"},{"data":"Uppercut","floor":15.0,"key":"SMITH"}],"circlet_count":0,"master_deck":["AscendersBane","Strike_R","Strike_R","Strike_R","Defend_R","Defend_R","Defend_R","Defend_R","Bash","Apotheosis+1","Shrug It Off","Clothesline","Thunderclap","Spot Weakness+1","Sword Boomerang","Whirlwind","Uppercut+1","Shrug It Off+1","Demon Form","CurseOfTheBell","True Grit+1","Battle Trance+1","Feed","Regret","Pummel","True Grit+1"],"relics":["Burning Blood","Golden Idol","PreservedInsect","Toxic Egg 2","Akabeko","Calling Bell","Ancient Tea Set","Darkstone Periapt","Old Coin","Pear"],"acts_visited":["Exordium","TheCity"],"potions_floor_usage":[25,25],"damage_taken":[{"damage":14.0,"enemies":"Small Slimes","floor":1.0,"turns":4.0},{"damage":0.0,"enemies":"Jaw Worm","floor":2.0,"turns":5.0},{"damage":12.0,"enemies":"Gremlin Nob","floor":7.0,"turns":4.0},{"damage":4.0,"enemies":"Cultist","floor":10.0,"turns":3.0},{"damage":11.0,"enemies":"Large Slime","floor":11.0,"turns":6.0},{"damage":14.0,"enemies":"Lagavulin","floor":12.0,"turns":6.0},{"damage":0.0,"enemies":"2 Fungi Beasts","floor":13.0,"turns":2.0},{"damage":6.0,"enemies":"Exordium Thugs","floor":14.0,"turns":3.0},{"damage":13.0,"enemies":"Hexaghost","floor":16.0,"turns":9.0},{"damage":20.0,"enemies":"2 Thieves","floor":18.0,"turns":4.0},{"damage":39.0,"enemies":"Gremlin Leader","floor":23.0,"turns":6.0},{"damage":19.0,"enemies":"Shell Parasite","floor":24.0,"turns":5.0},{"damage":29,"enemies":"Book of Stabbing","floor":25,"turns":4}],"seed_played":"-6019625495089273841","potions_obtained":[{"floor":2.0,"key":"HeartOfIron"},{"floor":7.0,"key":"SteroidPotion"},{"floor":11.0,"key":"Dexterity Potion"},{"floor":24.0,"key":"PowerPotion"}],"is_trial":false,"path_per_floor":["M","M","?","?","$","R","E","R","T","M","M","E","M","M","R","B",null,"M","$","$","?","?","E","M","E"],"character_chosen":"IRONCLAD","items_purchased":["True Grit+1","Battle Trance+1","Feed"],"campfire_rested":1,"item_purchase_floors":[19,20,20],"current_hp_per_floor":[60,66,66,40,40,40,34,56,56,58,53,45,51,51,51,44,67,53,53,53,53,59,36,23,0,0],"gold":473,"neow_bonus":"RANDOM_COLORLESS_2","is_daily":false,"chose_seed":false,"campfire_upgraded":2,"win_rate":0.0,"timestamp":1611811257,"path_taken":["M","M","?","?","?","R","E","R","T","M","M","E","M","?","R","BOSS","M","?","$","?","?","E","?","E"],"items_purchased_type":["Card","Card","Card"],"build_version":"2020-12-22","purchased_purges":2,"victory":false,"max_hp_per_floor":[75,75,75,75,75,75,75,75,75,75,75,75,75,75,75,75,75,75,75,75,75,81,91,91,91,91],"relic_stats":{"Darkstone Periapt":6,"counters":[13,61],"Golden Idol":63,"PreservedInsect":117,"obtain_stats":[{"Calling Bell":17,"Darkstone Periapt":17,"Pear":23,"Golden Idol":4,"PreservedInsect":7,"Toxic Egg 2":9,"Ancient Tea Set":17,"Burning Blood":0,"Akabeko":12,"Old Coin":17},{"Calling Bell":9,"Darkstone Periapt":9,"Pear":11,"Golden Idol":2,"PreservedInsect":3,"Toxic Egg 2":3,"Ancient Tea Set":9,"Burning Blood":0,"Akabeko":6,"Old Coin":9},{"Calling Bell":42,"Darkstone Periapt":42,"Pear":52,"Golden Idol":9,"PreservedInsect":13,"Toxic Egg 2":13,"Ancient Tea Set":42,"Burning Blood":0,"Akabeko":28,"Old Coin":42}],"Burning Blood":72},"card_choices":[{"not_picked":["Secret Technique","Violence"],"picked":"Apotheosis","floor":0.0},{"not_picked":["Warcry","Flex"],"picked":"Shrug It Off","floor":1.0},{"not_picked":["Pommel Strike","Warcry"],"picked":"Clothesline","floor":2.0},{"not_picked":["Dropkick","Rage","Clothesline"],"picked":"SKIP","floor":7.0},{"not_picked":["Cleave","Warcry+1"],"picked":"Spot Weakness+1","floor":10.0},{"not_picked":["Sentinel+1","Clothesline"],"picked":"Sword Boomerang","floor":11.0},{"not_picked":["Warcry+1","Berserk"],"picked":"Whirlwind","floor":12.0},{"not_picked":["Shockwave+1","Rampage"],"picked":"Uppercut","floor":13.0},{"not_picked":["Pummel","Warcry+1"],"picked":"Shrug It Off+1","floor":14.0},{"not_picked":["Offering+1","Feed"],"picked":"Demon Form","floor":16.0},{"not_picked":["Wild Strike+1","Clash","Dropkick"],"picked":"SKIP","floor":18.0},{"not_picked":["Blood for Blood","Disarm+1"],"picked":"Pummel","floor":23.0},{"not_picked":["Inflame","Warcry+1"],"picked":"True Grit+1","floor":24.0}],"player_experience":481874,"relics_obtained":[{"floor":7.0,"key":"PreservedInsect"},{"floor":9.0,"key":"Toxic Egg 2"},{"floor":12.0,"key":"Akabeko"},{"floor":17.0,"key":"Ancient Tea Set"},{"floor":17.0,"key":"Darkstone Periapt"},{"floor":17.0,"key":"Old Coin"},{"floor":23.0,"key":"Pear"}],"event_choices":[{"damage_healed":0.0,"max_hp_gain":0.0,"max_hp_loss":0.0,"gold_gain":0.0,"cards_transformed":["Strike_R"],"event_name":"Living Wall","player_choice":"Change","floor":3.0,"gold_loss":0.0,"damage_taken":0.0,"cards_obtained":["Thunderclap"]},{"damage_healed":0.0,"max_hp_gain":0.0,"max_hp_loss":0.0,"gold_gain":0.0,"event_name":"Golden Idol","player_choice":"Take Damage","floor":4.0,"gold_loss":0.0,"damage_taken":26.0,"relics_obtained":["Golden Idol"]},{"damage_healed":0.0,"max_hp_gain":0.0,"max_hp_loss":0.0,"gold_gain":0.0,"event_name":"The Mausoleum","player_choice":"Ignored","floor":21.0,"gold_loss":0.0,"damage_taken":0.0},{"damage_healed":0.0,"max_hp_gain":0.0,"max_hp_loss":0.0,"gold_gain":275.0,"event_name":"Golden Shrine","player_choice":"Desecrate","floor":22.0,"gold_loss":0.0,"damage_taken":0.0,"cards_obtained":["Regret"]}],"is_beta":false,"boss_relics":[{"not_picked":["SacredBark","Black Blood"],"picked":"Calling Bell"}],"items_purged_floors":[5,19],"is_endless":false,"potions_floor_spawned":[2,7,11,13,24],"killed_by":"Book of Stabbing","ascension_level":18}}