{"host":"9qk11wtevf51xvhl","time":1611859339,"event":{"mods":["BaseMod","Minty Spire (QoL Compilation)"],"gold_per_floor":[115,115,130,145,145,145,158,196,196,220,253,253,287,303,303,432,432,452,467,467,52,68,68,106,106,106,146,165,188,228,247,247,377,377,395,416,416],"floor_reached":36,"language":"ENG","playtime":3733,"items_purged":["Injury"],"score":694,"play_id":"f89adadd-bf05-46df-ad37-526b633b26a1","local_time":"20210128194219","is_ascension_mode":true,"campfire_choices":[{"data":"Perfected Strike","floor":6,"key":"SMITH"},{"floor":15,"key":"REST"},{"floor":23,"key":"REST"},{"data":"Juggernaut","floor":25,"key":"SMITH"},{"floor":32,"key":"REST"}],"circlet_count":0,"master_deck":["AscendersBane","Strike_R+1","Strike_R+1","Strike_R+1","Strike_R+1","Defend_R+1","Defend_R+1","Defend_R+1","Defend_R+1","Bash","Perfected Strike+1","Metallicize","True Grit","Rampage","Metallicize","Flame Barrier","Juggernaut+1","Offering","Feel No Pain","Shrug It Off","Dual Wield","Dark Embrace","Dark Embrace+1","Shockwave","Exhume","Second Wind+1","Juggernaut"],"relics":["Burning Blood","Golden Idol","Omamori","HornCleat","StoneCalendar","Darkstone Periapt","Regal Pillow","Philosopher\u0027s Stone","Bottled Tornado","PreservedInsect","Shuriken","Bottled Flame","Bag of Preparation","Black Star"],"acts_visited":["Exordium","TheCity","TheBeyond"],"potions_floor_usage":[3,11,16,24,24,24,27,30,33],"damage_taken":[{"damage":4,"enemies":"Small Slimes","floor":1,"turns":4},{"damage":0,"enemies":"2 Louse","floor":3,"turns":3},{"damage":12,"enemies":"Jaw Worm","floor":4,"turns":5},{"damage":4,"enemies":"Red Slaver","floor":7,"turns":4},{"damage":36,"enemies":"3 Sentries","floor":8,"turns":16},{"damage":24,"enemies":"Gremlin Gang","floor":10,"turns":8},{"damage":12,"enemies":"Gremlin Nob","floor":11,"turns":5},{"damage":11,"enemies":"Lagavulin","floor":13,"turns":7},{"damage":0,"enemies":"2 Fungi Beasts","floor":14,"turns":5},{"damage":42,"enemies":"The Guardian","floor":16,"turns":10},{"damage":22,"enemies":"2 Thieves","floor":18,"turns":4},{"damage":38,"enemies":"3 Byrds","floor":19,"turns":5},{"damage":0,"enemies":"Snecko","floor":22,"turns":5},{"damage":29,"enemies":"Gremlin Leader","floor":24,"turns":6},{"damage":13,"enemies":"Book of Stabbing","floor":27,"turns":4},{"damage":13,"enemies":"Snake Plant","floor":28,"turns":3},{"damage":21,"enemies":"Cultist and Chosen","floor":29,"turns":5},{"damage":28,"enemies":"Gremlin Leader","floor":30,"turns":5},{"damage":6,"enemies":"3 Cultists","floor":31,"turns":5},{"damage":61,"enemies":"Automaton","floor":33,"turns":13},{"damage":33,"enemies":"3 Darklings","floor":35,"turns":5},{"damage":40,"enemies":"3 Shapes","floor":36,"turns":4}],"seed_played":"-5206325561686424372","potions_obtained":[{"floor":3,"key":"Fruit Juice"},{"floor":8,"key":"Regen Potion"},{"floor":10,"key":"Ancient Potion"},{"floor":14,"key":"Ancient Potion"},{"floor":16,"key":"SmokeBomb"},{"floor":19,"key":"Fire Potion"},{"floor":22,"key":"EntropicBrew"},{"floor":29,"key":"EssenceOfSteel"},{"floor":31,"key":"PowerPotion"},{"floor":35,"key":"ElixirPotion"}],"is_trial":false,"path_per_floor":["M","?","M","M","?","R","M","E","T","M","E","?","E","M","R","B",null,"M","M","?","$","M","R","E","R","T","E","M","M","E","M","R","B",null,"M","M"],"character_chosen":"IRONCLAD","items_purchased":["Feel No Pain","Bottled Tornado","Shrug It Off"],"campfire_rested":3,"item_purchase_floors":[21,21,21],"current_hp_per_floor":[82,75,86,80,80,80,82,52,52,34,40,28,23,29,71,35,79,63,31,31,31,37,79,71,71,71,64,57,42,20,20,62,7,72,45,11,11],"gold":416,"neow_bonus":"TEN_PERCENT_HP_BONUS","is_daily":false,"chose_seed":false,"campfire_upgraded":2,"win_rate":0.0,"timestamp":1611859339,"path_taken":["M","?","M","M","?","R","M","E","T","M","E","?","E","M","R","BOSS","M","M","?","$","M","R","E","R","T","E","M","M","E","M","R","BOSS","M","M"],"items_purchased_type":["Card","Relic","Card"],"build_version":"2020-12-22","purchased_purges":1,"victory":false,"max_hp_per_floor":[88,88,93,93,93,93,93,93,93,93,93,93,93,93,93,93,93,93,93,93,93,93,93,93,93,93,93,93,93,93,93,93,93,93,93,93,93],"card_choices":[{"not_picked":["Pommel Strike","Cleave"],"picked":"Perfected Strike","floor":1},{"not_picked":["Shrug It Off","Anger"],"picked":"Metallicize","floor":3},{"not_picked":["Uppercut","Reckless Charge","Body Slam"],"picked":"SKIP","floor":4},{"not_picked":["Thunderclap","Flex"],"picked":"True Grit","floor":7},{"not_picked":["Shrug It Off","Anger","Pommel Strike"],"picked":"SKIP","floor":8},{"not_picked":["Wild Strike","Armaments"],"picked":"Rampage","floor":10},{"not_picked":["Flame Barrier","Clothesline"],"picked":"Metallicize","floor":11},{"not_picked":["Blood for Blood","Battle Trance"],"picked":"Flame Barrier","floor":13},{"not_picked":["Havoc","Inflame"],"picked":"Juggernaut","floor":14},{"not_picked":["Fiend Fire","Corruption"],"picked":"Offering","floor":16},{"not_picked":["Metallicize","Anger+1","Hemokinesis"],"picked":"SKIP","floor":18},{"not_picked":["Rampage","Anger","Pommel Strike+1"],"picked":"SKIP","floor":19},{"not_picked":["Pommel Strike+1","Iron Wave","Reckless Charge"],"picked":"SKIP","floor":22},{"not_picked":["Twin Strike","Sword Boomerang"],"picked":"Dual Wield","floor":24},{"not_picked":["Anger+1","Dropkick"],"picked":"Dark Embrace","floor":27},{"not_picked":["Clothesline","Pummel"],"picked":"Dark Embrace+1","floor":28},{"not_picked":["Blood for Blood+1","Flex+1"],"picked":"Shockwave","floor":29},{"not_picked":["Clothesline","Warcry"],"picked":"Exhume","floor":30},{"not_picked":["Armaments","Pommel Strike+1"],"picked":"Second Wind+1","floor":31},{"not_picked":["Offering","Fiend Fire"],"picked":"Juggernaut","floor":33},{"not_picked":["Shockwave+1","Wild Strike","Heavy Blade"],"picked":"SKIP","floor":35},{"not_picked":["Intimidate+1","Cleave+1","Pummel+1"],"picked":"SKIP","floor":36}],"player_experience":528031,"relics_obtained":[{"floor":8,"key":"Omamori"},{"floor":9,"key":"HornCleat"},{"floor":11,"key":"StoneCalendar"},{"floor":13,"key":"Regal Pillow"},{"floor":24,"key":"PreservedInsect"},{"floor":26,"key":"Shuriken"},{"floor":27,"key":"Bottled Flame"},{"floor":30,"key":"Bag of Preparation"}],"event_choices":[{"cards_removed":["Strike_R"],"damage_healed":0,"gold_gain":0,"player_choice":"Card Removal","damage_taken":7,"max_hp_gain":0,"max_hp_loss":0,"event_name":"Golden Wing","floor":2,"gold_loss":0},{"damage_healed":0,"gold_gain":0,"player_choice":"Take Wound","damage_taken":0,"relics_obtained":["Golden Idol"],"max_hp_gain":0,"max_hp_loss":0,"event_name":"Golden Idol","floor":5,"gold_loss":0,"cards_obtained":["Injury"]},{"damage_healed":0,"gold_gain":0,"player_choice":"Success","damage_taken":12,"relics_obtained":["Darkstone Periapt"],"max_hp_gain":0,"max_hp_loss":0,"event_name":"Scrap Ooze","floor":12,"gold_loss":0},{"damage_healed":0,"gold_gain":0,"player_choice":"Simplicity","damage_taken":0,"max_hp_gain":0,"max_hp_loss":0,"event_name":"Back to Basics","floor":20,"gold_loss":0,"cards_upgraded":["Strike_R","Strike_R","Strike_R","Strike_R","Defend_R","Defend_R","Defend_R","Defend_R"]}],"is_beta":false,"boss_relics":[{"not_picked":["Runic Dome","Coffee Dripper"],"picked":"Philosopher\u0027s Stone"},{"not_picked":["Runic Cube","Tiny House"],"picked":"Black Star"}],"items_purged_floors":[21],"is_endless":false,"potions_floor_spawned":[3,8,10,14,16,19,22,29,31,35],"killed_by":"3 Shapes","ascension_level":11}}