{"host":"aukiz5jlacd3g5yc","time":1611802985,"event":{"mods":["2.2 Compatiblity","BaseMod","Bestiary","Colored Map","Colored Powertips","Downfall","GifTheSpireLib","Minty Spire (QoL Compilation)","Permanent Neow","Quick Restart","Random Character Button","Rare Cards Sparkle","Relic Sorter","Relic Stats","Replay The Spire","StSLib","everything is the same but u backflip on backflip","slay the spire mod where everything is the same but ironclad has a cowboy hat"],"gold_per_floor":[99,112,112,128,29,29,29,42,42,27,54,54,80,105,119,119,119,119],"floor_reached":16,"language":"ENG","playtime":992,"items_purged":[],"score":133,"play_id":"9fd96b8b-0137-4c4c-b0cf-d61c4d5fbe0e","local_time":"20210127210305","is_ascension_mode":false,"campfire_choices":[{"floor":1,"key":"RECALL"},{"data":"bronze:Terminator","floor":12,"key":"SMITH"}],"circlet_count":0,"master_deck":["bronze:Strike","bronze:Strike","bronze:Strike","bronze:Strike","bronze:Defend","bronze:Defend","bronze:Defend","bronze:Defend","bronze:FollowUp","bronze:Iterate","Regret","bronze:ForLoop","bronze:ForLoop","bronze:FineTuning","bronze:Terminator+1","bronze:Iterate","bronze:Overheat","m_BronzeAgony","m_BronzeSurvivor","bronze:FineTuning","bronze:Flail","Pot Of Greed","Pot Of Greed","bronze:Iterate","bronze:CloningBeam"],"relics":["bronze:BronzeCore","Grinning Jar","ReplayTheSpireMod:Shallot","Prayer Wheel","Bag of Marbles","Pen Nib"],"acts_visited":["Exordium"],"potions_floor_usage":[16,16,16],"damage_taken":[{"damage":0,"enemies":"Small Slimes","floor":2,"turns":3},{"damage":2,"enemies":"Cultist","floor":4,"turns":4},{"damage":11,"enemies":"downfall:FleeingMerchant","floor":5,"turns":4},{"damage":11,"enemies":"2 Louse","floor":8,"turns":2},{"damage":7,"enemies":"downfall:FleeingMerchant","floor":10,"turns":4},{"damage":8,"enemies":"Gremlin Nob","floor":11,"turns":3},{"damage":0,"enemies":"3 Sentries","floor":14,"turns":2},{"damage":0,"enemies":"Blue Slaver","floor":15,"turns":2},{"damage":33,"enemies":"DF_ARCHETYPE_STREAMLINE","floor":16,"turns":4}],"seed_played":"-3750949531078979197","potions_obtained":[{"floor":4,"key":"GamblersBrew"},{"floor":6,"key":"LiquidMemories"},{"floor":6,"key":"DistilledChaos"}],"is_trial":false,"path_per_floor":["R","M","?","M","$","?","T","M","?","$","E","R","T","E","M","B"],"character_chosen":"THE_AUTOMATON","items_purchased":["bronze:FineTuning","bronze:Terminator"],"campfire_rested":0,"item_purchase_floors":[5,5],"current_hp_per_floor":[70,70,70,68,57,57,57,46,46,39,31,31,31,31,31,0,0,0],"gold":119,"neow_bonus":"THREE_CARDS","is_daily":false,"chose_seed":false,"campfire_upgraded":1,"win_rate":0.0,"timestamp":1611802985,"path_taken":["R","M","?","M","$","?","T","?","?","$","E","R","?","E","M","BOSS"],"items_purchased_type":["Card","Card"],"build_version":"2020-12-22","purchased_purges":0,"victory":false,"max_hp_per_floor":[70,70,70,70,70,70,70,70,70,70,70,70,70,70,70,70,70,70],"relic_stats":{"counters":[9,28],"Prayer Wheel":2,"Pen Nib":[2],"obtain_stats":[{"bronze:BronzeCore":0,"ReplayTheSpireMod:Shallot":3,"Prayer Wheel":7,"Pen Nib":13,"Bag of Marbles":11,"Grinning Jar":14},{"bronze:BronzeCore":0,"ReplayTheSpireMod:Shallot":1,"Prayer Wheel":3,"Pen Nib":6,"Bag of Marbles":6,"Grinning Jar":7},{"bronze:BronzeCore":0,"ReplayTheSpireMod:Shallot":3,"Prayer Wheel":11,"Pen Nib":20,"Bag of Marbles":20,"Grinning Jar":22}]},"card_choices":[{"not_picked":["bronze:Constructor","bronze:ForceShield"],"picked":"bronze:FollowUp","floor":0},{"not_picked":["bronze:DelayedSlice","bronze:DelayedGuard"],"picked":"bronze:Iterate","floor":2},{"not_picked":["bronze:Return","bronze:WildBeam"],"picked":"bronze:ForLoop","floor":4},{"not_picked":["bronze:Frontload","bronze:AlphaBuild"],"picked":"bronze:ForLoop","floor":5},{"not_picked":["bronze:DelayedGuard","bronze:Constructor"],"picked":"bronze:Iterate","floor":8},{"not_picked":["bronze:WhirlingStrike","bronze:BuggyMess"],"picked":"bronze:Overheat","floor":8},{"not_picked":["bronze:CutThrough","bronze:Refactor"],"picked":"bronze:FineTuning","floor":10},{"not_picked":["bronze:Overload","bronze:FineTuning"],"picked":"bronze:Flail","floor":11},{"not_picked":["bronze:WhirlingStrike","bronze:Return","bronze:OilSpill"],"picked":"SKIP","floor":14},{"not_picked":["bronze:BugBarrage","bronze:BuggyMess"],"picked":"bronze:Iterate","floor":15},{"not_picked":["bronze:Separator","bronze:ShipIt"],"picked":"bronze:CloningBeam","floor":15}],"player_experience":362599,"relics_obtained":[{"floor":7,"key":"Prayer Wheel"},{"floor":11,"key":"Bag of Marbles"},{"floor":13,"key":"Pen Nib"},{"floor":14,"key":"Grinning Jar"}],"event_choices":[{"damage_healed":0,"gold_gain":0,"player_choice":"Box","damage_taken":0,"relics_obtained":["ReplayTheSpireMod:Shallot"],"max_hp_gain":0,"max_hp_loss":0,"event_name":"Big Fish","floor":3,"gold_loss":0,"cards_obtained":["Regret"]},{"damage_healed":0,"gold_gain":0,"player_choice":"Got Potions","damage_taken":0,"max_hp_gain":0,"max_hp_loss":0,"event_name":"Lab","floor":6,"gold_loss":0}],"is_beta":false,"boss_relics":[],"items_purged_floors":[],"is_endless":false,"potions_floor_spawned":[4,8,15],"killed_by":"DF_ARCHETYPE_STREAMLINE","ascension_level":0}}