{"host":"anox4050deqdcqoh","time":1611812088,"event":{"mods":["BaseMod","Colored Map","Highlight Path","Minty Spire (QoL Compilation)","Quick Restart","Rare Cards Sparkle","everything is the same but u backflip on backflip"],"gold_per_floor":[109,74,91,91,115,115,145,145,145,164,191,215,237,237,237,348,348,367,367,292,292,70,70,98,98,98,98,134,145,156,180,180,290,290,302,157,180,0,21,21,21],"floor_reached":40,"language":"ENG","playtime":2257,"items_purged":["Strike_B"],"score":497,"play_id":"3d128632-a5b5-4066-adfd-86645c23f680","local_time":"20210128003448","is_ascension_mode":true,"campfire_choices":[{"floor":6,"key":"REST"},{"data":"Defragment","floor":8,"key":"SMITH"},{"floor":15,"key":"REST"},{"data":"Electrodynamics","floor":23,"key":"SMITH"},{"data":"Zap","floor":25,"key":"SMITH"},{"floor":27,"key":"REST"},{"floor":32,"key":"REST"}],"circlet_count":0,"master_deck":["Strike_B+1","Strike_B","Defend_B","Defend_B","Defend_B","Defend_B","Zap+1","Dualcast","Cold Snap+1","Defragment+1","Electrodynamics+1","Conserve Battery","Conserve Battery","Heatsinks","All For One","Go for the Eyes","Steam+1","Leap+1","Core Surge","Echo Form","Skim","Hologram"],"relics":["Cracked Core","TungstenRod","Toy Ornithopter","Happy Flower","Kunai","Letter Opener","CeramicFish","Anchor","Pantograph","Mercury Hourglass","Juzu Bracelet","Busted Crown","Red Mask"],"acts_visited":["Exordium","TheCity","TheBeyond"],"potions_floor_usage":[24,28,33,40],"damage_taken":[{"damage":3,"enemies":"Small Slimes","floor":1,"turns":4},{"damage":4,"enemies":"Jaw Worm","floor":3,"turns":3},{"damage":27,"enemies":"Gremlin Nob","floor":7,"turns":4},{"damage":0,"enemies":"Cultist","floor":10,"turns":3},{"damage":11,"enemies":"3 Sentries","floor":11,"turns":3},{"damage":12,"enemies":"Exordium Thugs","floor":13,"turns":2},{"damage":4,"enemies":"The Guardian","floor":16,"turns":12},{"damage":0,"enemies":"3 Byrds","floor":18,"turns":3},{"damage":34,"enemies":"Gremlin Leader","floor":24,"turns":6},{"damage":5,"enemies":"Slavers","floor":28,"turns":3},{"damage":0,"enemies":"Shell Parasite","floor":29,"turns":4},{"damage":1,"enemies":"Chosen and Byrds","floor":30,"turns":3},{"damage":9,"enemies":"3 Cultists","floor":31,"turns":3},{"damage":27,"enemies":"Collector","floor":33,"turns":12},{"damage":0,"enemies":"3 Shapes","floor":35,"turns":4},{"damage":7,"enemies":"Orb Walker","floor":37,"turns":4},{"damage":21,"enemies":"Transient","floor":39,"turns":5},{"damage":53,"enemies":"Giant Head","floor":40,"turns":9}],"seed_played":"4449210198704348718","potions_obtained":[{"floor":7,"key":"SteroidPotion"},{"floor":13,"key":"EssenceOfSteel"},{"floor":16,"key":"EntropicBrew"},{"floor":24,"key":"SkillPotion"},{"floor":35,"key":"Energy Potion"}],"is_trial":false,"path_per_floor":["M","?","M","?","T","R","E","R","T","M","E","T","M","?","R","B",null,"M","?","?","?","$","R","E","R","T","R","E","M","M","M","R","B",null,"M","$","M","?","M","E"],"character_chosen":"DEFECT","items_purchased":["Anchor","Echo Form"],"campfire_rested":4,"item_purchase_floors":[22,36],"current_hp_per_floor":[51,69,65,51,51,73,46,46,46,46,35,35,23,23,45,41,75,75,75,75,75,75,75,46,46,46,68,68,68,67,58,75,53,75,75,75,68,68,47,0,0],"gold":21,"neow_bonus":"ONE_RARE_RELIC","is_daily":false,"chose_seed":false,"campfire_upgraded":3,"win_rate":0.0,"timestamp":1611812088,"path_taken":["M","?","M","?","?","R","E","R","T","?","E","?","M","?","R","BOSS","M","?","?","?","$","R","E","R","T","R","E","M","M","M","R","BOSS","M","$","M","?","M","E"],"items_purchased_type":["Relic","Card"],"build_version":"2020-12-22","purchased_purges":1,"victory":false,"max_hp_per_floor":[75,75,75,75,75,75,75,75,75,75,75,75,75,75,75,75,75,75,75,75,75,75,75,75,75,75,75,75,75,75,75,75,75,75,75,75,75,75,75,75,75],"card_choices":[{"not_picked":["Redo","Rebound"],"picked":"Cold Snap","floor":1},{"not_picked":["Sweeping Beam","Hologram"],"picked":"Defragment","floor":3},{"not_picked":["Tempest","Cold Snap"],"picked":"Electrodynamics","floor":7},{"not_picked":["Coolheaded","Static Discharge"],"picked":"Conserve Battery","floor":10},{"not_picked":["Beam Cell","Hello World"],"picked":"Conserve Battery","floor":11},{"not_picked":["Scrape","Steam"],"picked":"Heatsinks","floor":13},{"not_picked":["Fission","Rainbow"],"picked":"All For One","floor":16},{"not_picked":["Turbo","Gash"],"picked":"Go for the Eyes","floor":18},{"not_picked":["Compile Driver+1","Coolheaded","Gash"],"picked":"SKIP","floor":24},{"not_picked":["Fission","Hello World"],"picked":"Steam+1","floor":28},{"not_picked":["Beam Cell","FTL","Compile Driver"],"picked":"SKIP","floor":29},{"not_picked":["Ball Lightning","Rip and Tear","Cold Snap"],"picked":"SKIP","floor":30},{"not_picked":["Go for the Eyes+1","Coolheaded"],"picked":"Leap+1","floor":31},{"not_picked":["Buffer","Reboot"],"picked":"Core Surge","floor":33},{"not_picked":["Scrape+1"],"picked":"SKIP","floor":35},{"not_picked":[],"picked":"Skim","floor":37},{"not_picked":[],"picked":"Hologram","floor":39}],"player_experience":404645,"relics_obtained":[{"floor":5,"key":"Toy Ornithopter"},{"floor":7,"key":"Happy Flower"},{"floor":9,"key":"Kunai"},{"floor":11,"key":"Letter Opener"},{"floor":12,"key":"CeramicFish"},{"floor":24,"key":"Pantograph"},{"floor":26,"key":"Mercury Hourglass"},{"floor":28,"key":"Juzu Bracelet"}],"event_choices":[{"damage_healed":18,"gold_gain":0,"player_choice":"Healed","damage_taken":0,"max_hp_gain":0,"max_hp_loss":0,"event_name":"The Cleric","floor":2,"gold_loss":35},{"damage_healed":0,"gold_gain":0,"player_choice":"Entered Light","damage_taken":15,"max_hp_gain":0,"max_hp_loss":0,"event_name":"Shining Light","floor":4,"gold_loss":0,"cards_upgraded":["Cold Snap","Strike_B"]},{"damage_healed":0,"gold_gain":0,"player_choice":"Searched \u00270\u0027 times","damage_taken":0,"max_hp_gain":0,"max_hp_loss":0,"event_name":"Dead Adventurer","floor":14,"gold_loss":0},{"damage_healed":0,"gold_gain":0,"player_choice":"Ignored","damage_taken":0,"max_hp_gain":0,"max_hp_loss":0,"event_name":"Ghosts","floor":19,"gold_loss":0},{"cards_removed":["Strike_B"],"damage_healed":0,"gold_gain":0,"player_choice":"Gave Gold","damage_taken":0,"max_hp_gain":0,"max_hp_loss":0,"event_name":"Beggar","floor":20,"gold_loss":75},{"damage_healed":0,"gold_gain":0,"player_choice":"Ignored","damage_taken":0,"max_hp_gain":0,"max_hp_loss":0,"event_name":"Vampires","floor":21,"gold_loss":0},{"damage_healed":0,"gold_gain":0,"player_choice":"Paid","damage_taken":0,"relics_obtained":["Red Mask"],"max_hp_gain":0,"max_hp_loss":0,"event_name":"Tomb of Lord Red Mask","floor":38,"gold_loss":180}],"is_beta":false,"boss_relics":[{"not_picked":["Snecko Eye","Fusion Hammer","Coffee Dripper"]},{"not_picked":["Runic Dome","Sozu"],"picked":"Busted Crown"}],"items_purged_floors":[22],"is_endless":false,"potions_floor_spawned":[7,13,16,24,35],"killed_by":"Giant Head","ascension_level":3}}