{"host":"27wa8ufp4ryspt1p","time":1611821040,"event":{"mods":["2.2 Compatiblity","A Penny For Your Troubles","Abigail Mod","Act Like it!","Aspiration","BaseMod","Better Altar","Better Match","Better Note","Better Skull","Better Third Choice","Colored Map","Conspire","Curses Come First","Dota2Spire","Downfall-Rebalance","Elementarium","Energized Spire","Fox Events","Friendly Minions","Gensokyo","GifTheSpireLib","Gold Saver","Halation","Hallownest","HololiveMod","Hubris","Humility","Infinite Spire","Keyboard Shortcuts","Menagerie","Mimic Mod","Minty Spire (QoL Compilation)","Pale of the Ancients","Poor People Problems","Quarter Circle Forward PUNCH!","Reimu??????","Relic Filter Mod","Relic Sorter","Relic Stats","Reliquary","Replay The Spire","Reworked Bosses","Shop Mod","Spicy Shops","Spikes Relics","Spire Arcade","StSLib","Stuff the Spire","SuperFastMode","The Cursed","The Exalted","The Judge","The Necromancer","Trackpad","Waifu the Spire","Wandering Minibosses","[IsaacMod]????","??????REMEMod","????"],"gold_per_floor":[1144,1144,1161,852,852,852,878,878,913,933,410,13,42,58,58,133,133,148,165,51,69,89,89,89,89,89,89],"floor_reached":26,"language":"SPA","playtime":1023,"items_purged":[],"score":408,"play_id":"f606494d-49b0-4a79-8666-28c238045570","local_time":"20210128020400","daily_mods":["SealedDeck","Colorless Cards","Heirloom","Elite Swarm","Lethality"],"is_ascension_mode":true,"campfire_choices":[{"floor":6.0,"key":"RECALL"},{"data":"DoctorFetus","floor":8.0,"key":"SMITH"},{"data":"expansioncontent:StudyTheSpire","floor":15.0,"key":"SMITH"},{"data":"REME_MawOfCthun","floor":23,"key":"SMITH"}],"circlet_count":0,"master_deck":["AscendersBane","DoctorFetus+1","Bones_to_Steel","Bone_Bullets","Bandage Up","Blood_Curse","Vampiric_Strike","Sharp Hide","Spectral_Walk","Blood_Curse","Bone_Bullets","expansioncontent:BronzeBeam","Spectral_Armor","Blood_Curse","Consume_Illness+1","expansioncontent:StudyTheSpire+1","Panacea","Bone_Armory+1","REME_MawOfCthun+1","REME_MawOfCthun","REME_MawOfCthun","Summon_Undead_Army+1","Death_March_Dance"],"relics":["Vampire_Amulet","HushsDoor","REME_ComplimentaryCards","D6","MerchantsRug","REME_HandOfSuture","Dota2Spire:Dagon","Frozen Egg 2","StuffTheSpire:Saxophone","SharpPlug","Abe\u0027s Treasure","Replay:Rubber Ducky"],"acts_visited":["Menagerie:Menagerie","TheCity"],"potions_floor_usage":[],"damage_taken":[{"damage":0.0,"enemies":"Menagerie:StygianBoar","floor":3.0,"turns":2.0},{"damage":4.0,"enemies":"Menagerie:Hydra","floor":7.0,"turns":4.0},{"damage":20.0,"enemies":"Menagerie:2_RABBITS","floor":9.0,"turns":5.0},{"damage":0.0,"enemies":"Menagerie:2_RABBITS","floor":10.0,"turns":2.0},{"damage":27.0,"enemies":"Menagerie:MaskedSummoner","floor":13.0,"turns":5.0},{"damage":6.0,"enemies":"Menagerie:WhisperingWraith","floor":14.0,"turns":4.0},{"damage":7.0,"enemies":"Menagerie:Chimera","floor":16.0,"turns":8.0},{"damage":29.0,"enemies":"Shell Parasite","floor":18.0,"turns":6.0},{"damage":40.0,"enemies":"3 Byrds","floor":19.0,"turns":5.0},{"damage":20,"enemies":"conspire:HollyBat","floor":21,"turns":7},{"damage":0,"enemies":"Snecko","floor":22,"turns":4},{"damage":25,"enemies":"Book of Stabbing","floor":26,"turns":3}],"seed_played":"4643922520778321419","potions_obtained":[{"floor":3.0,"key":"Swift Potion"},{"floor":14.0,"key":"Energy Potion"},{"floor":18.0,"key":"AttackPotion"},{"floor":19,"key":"Dota2Spire:Clarity"},{"floor":22,"key":"Elixir"}],"is_trial":true,"path_per_floor":["?","?","M","$","T","R","E","R","MIM","M","R","$","E","M","R","B",null,"M","M","$","M","M","R","PTL","PTL","E"],"character_chosen":"NECROMANCER","items_purchased":["MerchantsRug","Consume_Illness+1","REME_HandOfSuture","Frozen Egg 2","StuffTheSpire:Saxophone","Bone_Armory+1","Potion Belt","Omamori","halation:NonexistentMirror","Summon_Undead_Army+1","Replay:Rubber Ducky"],"campfire_rested":0,"item_purchase_floors":[4,4,4,11,11,11,12,12,12,20,20],"current_hp_per_floor":[64,64,70,70,70,70,71,71,53,61,61,61,50,50,50,49,66,47,18,18,4,8,8,8,8,0,0],"gold":89,"neow_bonus":"","is_daily":false,"chose_seed":false,"campfire_upgraded":3,"win_rate":0.0,"timestamp":1611821040,"path_taken":["?","?","M","$","?","R","E","R","MIM","M","R","?","E","?","R","BOSS","M","M","$","M","M","R","PTL","PTL","E"],"items_purchased_type":["Relic","Card","Relic","Relic","Relic","Card","Relic","Relic","Relic","Card","Relic"],"build_version":"2020-12-22","purchased_purges":0,"victory":false,"max_hp_per_floor":[71,71,71,71,71,71,71,71,71,71,71,71,71,71,71,71,71,71,71,71,71,71,71,71,71,71,71],"relic_stats":{"counters":[12,55],"obtain_stats":[{"KeepersGift":0,"Potion Belt":12,"MerchantsRug":4,"hubris:Teleporter":0,"Dota2Spire:Dagon":7,"StuffTheSpire:Saxophone":11,"SharpPlug":13,"Omamori":12,"Frozen Egg 2":11,"Akabeko":9,"Replay:Rubber Ducky":20,"halation:NonexistentMirror":12,"D6":0,"Vampire_Amulet":0,"REME_HandOfSuture":4,"HushsDoor":0,"Abe\u0027s Treasure":17,"REME_ComplimentaryCards":0},{"KeepersGift":0,"Potion Belt":4,"MerchantsRug":1,"hubris:Teleporter":0,"Dota2Spire:Dagon":2,"StuffTheSpire:Saxophone":4,"SharpPlug":5,"Omamori":4,"Frozen Egg 2":4,"Akabeko":3,"Replay:Rubber Ducky":9,"halation:NonexistentMirror":4,"D6":0,"Vampire_Amulet":0,"REME_HandOfSuture":1,"HushsDoor":0,"Abe\u0027s Treasure":7,"REME_ComplimentaryCards":0},{"KeepersGift":0,"Potion Belt":13,"MerchantsRug":2,"hubris:Teleporter":0,"Dota2Spire:Dagon":6,"StuffTheSpire:Saxophone":13,"SharpPlug":18,"Omamori":13,"Frozen Egg 2":13,"Akabeko":11,"Replay:Rubber Ducky":41,"halation:NonexistentMirror":13,"D6":0,"Vampire_Amulet":0,"REME_HandOfSuture":2,"HushsDoor":0,"Abe\u0027s Treasure":30,"REME_ComplimentaryCards":0}]},"card_choices":[{"not_picked":[],"picked":"DoctorFetus","floor":0.0},{"not_picked":["Negative_Energy_Mist","Blood_Whip"],"picked":"Blood_Curse","floor":3.0},{"not_picked":["Reap_The_Weak","Thinking Ahead"],"picked":"expansioncontent:StudyTheSpire","floor":7.0},{"not_picked":["Blood_Shield","REME_MagicPocketWatch"],"picked":"Panacea","floor":10.0},{"not_picked":["Panache+1","Metamorphosis"],"picked":"REME_MawOfCthun","floor":13.0},{"not_picked":["Negative_Energy_Sphere","Bone_Bullets","Blood_Curse"],"picked":"SKIP","floor":14.0},{"not_picked":["Negative_Energy_Sphere","Blind","expansioncontent:FaceSlap"],"picked":"SKIP","floor":18.0},{"not_picked":["Blood_Curse","Spectral_Walk","Toxic_Smoke_Screen"],"picked":"SKIP","floor":19},{"not_picked":["expansioncontent:ManipulateTime","Negative_Energy_Burst"],"picked":"Death_March_Dance","floor":21},{"not_picked":["Bone_Armor","Negative_Energy_Sphere","Bones_to_Steel"],"picked":"SKIP","floor":22}],"player_experience":3969886,"relics_obtained":[{"floor":7.0,"key":"Dota2Spire:Dagon"},{"floor":9.0,"key":"Akabeko"},{"floor":13.0,"key":"SharpPlug"}],"event_choices":[],"is_beta":false,"boss_relics":[{"not_picked":["reliquary:WritOfMandamus","reliquary:RedPaperclip"],"picked":"Abe\u0027s Treasure"},{"not_picked":[]}],"items_purged_floors":[],"is_endless":false,"potions_floor_spawned":[3,14,18,19,22],"killed_by":"Book of Stabbing","ascension_level":20,"is_humility":true}}