{"host":"x38j7js0du66rp5l","time":1611808824,"event":{"mods":["Act Like it!","BaseMod","Conspire","Duelist Mod","Elementarium","Hermit","Hubris","Minty Spire (QoL Compilation)","StSLib","The Bladedancer","The Bug Knight","The Cursed","The Death Knight","The Gatherer","The Hierophant","The Marked","The Mystic","The Necromancer","The Runesmith","The Senshi","The Servant 0.9.4"],"gold_per_floor":[111,130,150,150,167,167,202,202,247,275,317,317,317],"floor_reached":12,"language":"ENG","playtime":770,"items_purged":[],"score":88,"play_id":"2c8fd088-69bf-4196-b560-4bbab3807227","local_time":"20210127234024","is_ascension_mode":false,"campfire_choices":[{"data":"DeathKnight:Hysteria","floor":6,"key":"SMITH"},{"floor":8,"key":"REST"}],"circlet_count":0,"master_deck":["DeathKnight:Strike_DeathKnight","DeathKnight:Strike_DeathKnight","DeathKnight:Strike_DeathKnight","DeathKnight:Strike_DeathKnight","DeathKnight:Strike_DeathKnight","DeathKnight:Defend_DeathKnight","DeathKnight:Defend_DeathKnight","DeathKnight:Defend_DeathKnight","DeathKnight:Defend_DeathKnight+1","DeathKnight:Defend_DeathKnight","DeathKnight:RuneTap+1","DeathKnight:RuneStrike","DeathKnight:DeathGrip","DeathKnight:Hysteria+1","DeathKnight:BoneSpear","DeathKnight:Outbreak","DeathKnight:BludPresence","DeathKnight:PathOfFrost+1","DeathKnight:IcyTouch+1"],"relics":["DeathKnight:BrokenRuneblade","DeathKnight:TomeOfFrostSpecialization","War Paint","Blood Vial"],"acts_visited":["Exordium"],"potions_floor_usage":[10,11,12],"damage_taken":[{"damage":3,"enemies":"Cultist","floor":1,"turns":5},{"damage":3,"enemies":"2 Louse","floor":2,"turns":5},{"damage":5,"enemies":"Small Slimes","floor":3,"turns":4},{"damage":12,"enemies":"Looter","floor":5,"turns":3},{"damage":32,"enemies":"3 Sentries","floor":7,"turns":8},{"damage":18,"enemies":"Lagavulin","floor":10,"turns":5},{"damage":30,"enemies":"conspire:MimicChest","floor":11,"turns":6},{"damage":0,"enemies":"3 Sentries","floor":12,"turns":2}],"seed_played":"-7015966651663235230","potions_obtained":[{"floor":2,"key":"DistilledChaos"},{"floor":5,"key":"ColorlessPotion"},{"floor":11,"key":"DeathKnight:BottledBloodEchoes"}],"is_trial":false,"path_per_floor":["M","M","M","?","M","R","E","R","T","E","?","E"],"character_chosen":"DEATH_KNIGHT","items_purchased":[],"campfire_rested":1,"item_purchase_floors":[],"current_hp_per_floor":[79,76,71,71,59,59,27,51,51,33,3,5,5],"gold":317,"neow_bonus":"TEN_PERCENT_HP_BONUS","is_daily":false,"chose_seed":false,"campfire_upgraded":1,"win_rate":0.0,"timestamp":1611808824,"path_taken":["M","?","M","?","M","R","E","R","T","E","?","E"],"items_purchased_type":[],"build_version":"2020-12-22","purchased_purges":0,"victory":false,"max_hp_per_floor":[82,82,82,82,82,82,82,82,82,82,82,82,82],"card_choices":[{"not_picked":["DeathKnight:ShatteringStrikes","DeathKnight:DeathRune"],"picked":"DeathKnight:DeathGrip","floor":1},{"not_picked":["DeathKnight:FrosPresence","DeathKnight:MutagenicPlague"],"picked":"DeathKnight:Hysteria","floor":2},{"not_picked":["DeathKnight:MutagenicPlague","DeathKnight:FrosPresence"],"picked":"DeathKnight:BoneSpear","floor":3},{"not_picked":["DeathKnight:UnholyPresence","DeathKnight:DeathAndDecay"],"picked":"DeathKnight:Outbreak","floor":5},{"not_picked":["DeathKnight:ShatteringStrikes","DeathKnight:PillarOfFrost"],"picked":"DeathKnight:BludPresence","floor":7},{"not_picked":["DeathKnight:UnholyFrenzy","DeathKnight:DeathCoil"],"picked":"DeathKnight:PathOfFrost+1","floor":10},{"not_picked":["DeathKnight:IceboundArmor+1","DeathKnight:FoulBulwark"],"picked":"DeathKnight:IcyTouch+1","floor":11}],"player_experience":7965,"relics_obtained":[{"floor":7,"key":"DeathKnight:TomeOfFrostSpecialization"},{"floor":10,"key":"War Paint"},{"floor":11,"key":"Blood Vial"}],"event_choices":[{"damage_healed":0,"gold_gain":0,"player_choice":"Ignored","damage_taken":0,"max_hp_gain":0,"max_hp_loss":0,"event_name":"Liars Game","floor":4,"gold_loss":0}],"is_beta":false,"boss_relics":[],"items_purged_floors":[],"is_endless":false,"potions_floor_spawned":[2,5,11],"killed_by":"3 Sentries","ascension_level":0}}