{"host":"Jinnai","time":1611808257,"event":{"mods":["BaseMod","Bestiary","Block Reminder","Colored Map","Colored Powertips","Highlight Path","Minty Spire (QoL Compilation)","Quick Restart","Relic Stats","StSLib"],"gold_per_floor":[113,113,124,124,34,34,54,83,83,83,102,116,129,140,140,140,140],"floor_reached":16,"language":"ENG","playtime":603,"items_purged":[],"score":204,"play_id":"80e621db-dfa3-4008-a630-5de4d0353cea","local_time":"20210127233057","is_ascension_mode":true,"campfire_choices":[{"floor":6.0,"key":"REST"},{"floor":10,"key":"REST"},{"floor":15,"key":"REST"}],"circlet_count":0,"master_deck":["AscendersBane","Strike_G","Strike_G","Strike_G","Strike_G","Strike_G+1","Defend_G","Defend_G","Defend_G+1","Defend_G","Defend_G","Survivor","Neutralize","Dagger Throw","Underhanded Strike","All Out Attack","Backflip","Grand Finale","Cloak And Dagger","Poisoned Stab","Dash","PiercingWail"],"relics":["Ring of the Snake","Potion Belt","Odd Mushroom","Blood Vial","The Courier"],"acts_visited":["Exordium"],"potions_floor_usage":[8,12,14],"damage_taken":[{"damage":7.0,"enemies":"Small Slimes","floor":1.0,"turns":6.0},{"damage":1.0,"enemies":"2 Louse","floor":3.0,"turns":3.0},{"damage":0,"enemies":"The Mushroom Lair","floor":7,"turns":2},{"damage":44,"enemies":"Lagavulin","floor":8,"turns":8},{"damage":4,"enemies":"Jaw Worm","floor":11,"turns":5},{"damage":5,"enemies":"Lots of Slimes","floor":12,"turns":4},{"damage":5,"enemies":"3 Louse","floor":13,"turns":4},{"damage":0,"enemies":"Large Slime","floor":14,"turns":5},{"damage":45,"enemies":"Slime Boss","floor":16,"turns":6}],"seed_played":"-6857348469545551312","potions_obtained":[{"floor":3.0,"key":"Ancient Potion"},{"floor":7,"key":"Energy Potion"},{"floor":11,"key":"DistilledChaos"}],"is_trial":false,"path_per_floor":["M","?","M","?","$","R","?","E","T","R","M","M","M","M","R","B"],"character_chosen":"THE_SILENT","items_purchased":["All Out Attack"],"campfire_rested":3,"item_purchase_floors":[5],"current_hp_per_floor":[52,52,51,31,31,50,50,6,6,25,23,20,17,19,38,0,0],"gold":140,"neow_bonus":"RANDOM_COMMON_RELIC","is_daily":false,"chose_seed":false,"campfire_upgraded":0,"win_rate":0.0,"timestamp":1611808257,"path_taken":["M","?","M","?","$","R","?","E","T","R","M","?","M","?","R","BOSS"],"items_purchased_type":["Card"],"build_version":"2020-12-18","purchased_purges":0,"victory":false,"max_hp_per_floor":[66,66,66,66,66,66,66,66,66,66,66,66,66,66,66,66,66],"relic_stats":{"Blood Vial":10,"counters":[9,43],"obtain_stats":[{"Potion Belt":0,"Blood Vial":8,"The Courier":9,"Odd Mushroom":7,"Ring of the Snake":0},{"Potion Belt":0,"Blood Vial":4,"The Courier":4,"Odd Mushroom":3,"Ring of the Snake":0},{"Potion Belt":0,"Blood Vial":19,"The Courier":19,"Odd Mushroom":11,"Ring of the Snake":0}],"Ring of the Snake":[18]},"card_choices":[{"not_picked":["Outmaneuver","Dodge and Roll"],"picked":"Dagger Throw","floor":1.0},{"not_picked":["Footwork","Choke"],"picked":"Underhanded Strike","floor":3.0},{"not_picked":["Concentrate","Dodge and Roll"],"picked":"Backflip","floor":7},{"not_picked":["Poisoned Stab","Dagger Throw"],"picked":"Grand Finale","floor":8},{"not_picked":["Acrobatics","Outmaneuver"],"picked":"Cloak And Dagger","floor":11},{"not_picked":["Deadly Poison","Deflect"],"picked":"Poisoned Stab","floor":12},{"not_picked":["Bane","Predator"],"picked":"Dash","floor":13},{"not_picked":["Bane","Slice"],"picked":"PiercingWail","floor":14}],"player_experience":1577049,"relics_obtained":[{"floor":7,"key":"Odd Mushroom"},{"floor":8,"key":"Blood Vial"},{"floor":9,"key":"The Courier"}],"event_choices":[{"damage_healed":0.0,"max_hp_gain":0.0,"max_hp_loss":0.0,"gold_gain":0.0,"event_name":"Liars Game","player_choice":"Ignored","floor":2.0,"gold_loss":0.0,"damage_taken":0.0},{"damage_healed":0.0,"max_hp_gain":0.0,"max_hp_loss":0.0,"gold_gain":0.0,"event_name":"Shining Light","player_choice":"Entered Light","floor":4.0,"gold_loss":0.0,"damage_taken":20.0,"cards_upgraded":["Strike_G","Defend_G"]},{"damage_healed":0,"gold_gain":0,"player_choice":"Fought Mushrooms","damage_taken":0,"max_hp_gain":0,"max_hp_loss":0,"event_name":"Mushrooms","floor":7,"gold_loss":0}],"is_beta":true,"boss_relics":[],"items_purged_floors":[],"is_endless":false,"potions_floor_spawned":[3,7,11],"killed_by":"Slime Boss","ascension_level":20}}