{"host":"zlrtw6zx2qjb37pc","time":1611816020,"event":{"mods":["BaseMod","Better Altar","Better Match","Better Note","Better Sensory Stone","Better Skull","Better Third Choice","Colored Map","Colored Powertips","Downfall","Highlight Path","Minty Spire (QoL Compilation)","Relic Stats","StSLib"],"gold_per_floor":[99,112,124,139,156,181,252,266,285,195,226,172,97,97,108,108,108,108],"floor_reached":16,"language":"ENG","playtime":971,"items_purged":["bronze:Strike"],"score":114,"play_id":"5bc689fa-4495-4379-acbb-cb5ebe0ea8b6","local_time":"20210128144020","is_ascension_mode":false,"campfire_choices":[{"floor":1,"key":"RECALL"}],"circlet_count":0,"master_deck":["bronze:Strike","bronze:Strike","bronze:Strike","bronze:Defend","bronze:Defend","bronze:Defend","bronze:Defend","bronze:Replicate","bronze:Goto","bronze:ChildClass","bronze:DigitalCarnage","bronze:Boost","bronze:BronzeOrb","bronze:DelayedSlice","bronze:Overload","bronze:WhirlingStrike","bronze:DigitalCarnage","bronze:BronzeArmor+1"],"relics":["bronze:BronzeCore","CaptainsWheel","Art of War"],"acts_visited":["Exordium"],"potions_floor_usage":[11,16],"damage_taken":[{"damage":5,"enemies":"Small Slimes","floor":2,"turns":5},{"damage":0,"enemies":"Cultist","floor":3,"turns":3},{"damage":0,"enemies":"2 Louse","floor":4,"turns":2},{"damage":2,"enemies":"Blue Slaver","floor":5,"turns":3},{"damage":13,"enemies":"3 Sentries","floor":6,"turns":6},{"damage":7,"enemies":"Red Slaver","floor":8,"turns":4},{"damage":0,"enemies":"Exordium Thugs","floor":9,"turns":4},{"damage":2,"enemies":"downfall:FleeingMerchant","floor":10,"turns":4},{"damage":6,"enemies":"Gremlin Nob","floor":11,"turns":4},{"damage":0,"enemies":"downfall:FleeingMerchant","floor":12,"turns":4},{"damage":0,"enemies":"Red Slaver","floor":15,"turns":1},{"damage":73,"enemies":"SI_SHIV_ARCHETYPE","floor":16,"turns":11}],"seed_played":"-5230533657339943040","potions_obtained":[{"floor":2,"key":"Weak Potion"},{"floor":6,"key":"SpeedPotion"},{"floor":8,"key":"SpeedPotion"},{"floor":9,"key":"FairyPotion"}],"is_trial":false,"path_per_floor":["R","M","M","M","M","E","T","M","M","$","E","$","?","?","M","B"],"character_chosen":"THE_AUTOMATON","items_purchased":["bronze:DigitalCarnage"],"campfire_rested":0,"item_purchase_floors":[12],"current_hp_per_floor":[77,72,72,72,70,57,57,50,50,48,42,42,42,42,42,0,0,0],"gold":108,"neow_bonus":"TEN_PERCENT_HP_BONUS","is_daily":false,"chose_seed":false,"campfire_upgraded":0,"win_rate":0.0,"timestamp":1611816020,"path_taken":["R","M","M","M","M","E","T","M","M","$","E","$","?","?","M","BOSS"],"items_purchased_type":["Card"],"build_version":"2020-12-22","purchased_purges":1,"victory":false,"max_hp_per_floor":[77,77,77,77,77,77,77,77,77,77,77,77,77,77,77,77,77,77],"relic_stats":{"counters":[12,51],"Art of War":[0],"obtain_stats":[{"CaptainsWheel":6,"bronze:BronzeCore":0,"Art of War":11},{"CaptainsWheel":5,"bronze:BronzeCore":0,"Art of War":9},{"CaptainsWheel":19,"bronze:BronzeCore":0,"Art of War":35}]},"card_choices":[{"not_picked":["bronze:Shield","bronze:Turbo"],"picked":"bronze:ChildClass","floor":2},{"not_picked":["bronze:Overheat","bronze:Turbo"],"picked":"bronze:DigitalCarnage","floor":3},{"not_picked":["bronze:Fortify","bronze:Shell"],"picked":"bronze:Boost","floor":4},{"not_picked":["bronze:OilSpill","bronze:Allocate"],"picked":"bronze:BronzeOrb","floor":5},{"not_picked":["bronze:BugBarrage","bronze:Safeguard","bronze:BuggyMess"],"picked":"SKIP","floor":6},{"not_picked":["bronze:WildBeam","bronze:Backtrace"],"picked":"bronze:DelayedSlice","floor":8},{"not_picked":["bronze:WildBeam","bronze:Break","bronze:CutThrough"],"picked":"SKIP","floor":9},{"not_picked":["bronze:Turbo","bronze:FollowUp"],"picked":"bronze:Overload","floor":10},{"not_picked":["bronze:DarkDash","bronze:ChosenStrike"],"picked":"bronze:WhirlingStrike","floor":11},{"not_picked":["bronze:FineTuning","bronze:Allocate","bronze:Branch"],"picked":"SKIP","floor":12},{"not_picked":["bronze:Allocate+1","bronze:ClassDefault+1"],"picked":"bronze:BronzeArmor+1","floor":13},{"not_picked":["bronze:Fortify","bronze:BitShift","bronze:ItsAFeature"],"picked":"SKIP","floor":15}],"player_experience":128132,"relics_obtained":[{"floor":6,"key":"CaptainsWheel"},{"floor":11,"key":"Art of War"}],"event_choices":[{"damage_healed":0,"gold_gain":0,"player_choice":"2","damage_taken":0,"max_hp_gain":0,"max_hp_loss":0,"event_name":"betterMatch:BetterMatch","floor":13,"gold_loss":0,"cards_obtained":["betterMatch:UncommonCard"]}],"is_beta":false,"boss_relics":[],"items_purged_floors":[10],"is_endless":false,"potions_floor_spawned":[2,6,8,9],"killed_by":"SI_SHIV_ARCHETYPE","ascension_level":0}}