{"host":"8kd0mw0b4mjhs7vl","time":1611861931,"event":{"mods":["BaseMod","Colored Map","Downfall","Friendly Minions","Minty Spire (QoL Compilation)","StSLib","SuperFastMode"],"gold_per_floor":[99,110,128,128,140,158,208,43,70,70,170,170,186,186,200,200,200,200],"floor_reached":16,"language":"ENG","playtime":935,"items_purged":[],"score":102,"play_id":"1728853e-36bd-4e22-a5be-7f066ef34680","local_time":"20210128192531","is_ascension_mode":false,"campfire_choices":[{"data":"hexamod:CatchUp","floor":1,"key":"SMITH"},{"data":"hexamod:TurnItUp","floor":10,"key":"SMITH"},{"data":"hexamod:PhantomCloak","floor":12,"key":"SMITH"}],"circlet_count":0,"master_deck":["hexamod:Strike","hexamod:Strike","hexamod:Strike","hexamod:Defend","hexamod:Defend","hexamod:Defend","hexamod:Defend","hexamod:Sear","hexamod:Float","hexamod:CatchUp+1","hexamod:GhostShield","hexamod:NightmareGuise","hexamod:PhantomCloak+1","hexamod:InspiringFlames","hexamod:FourthSeal","hexamod:UnleashSpirits","hexamod:TurnItUp+1","hexamod:NightmareStrike","hexamod:SpectersWail"],"relics":["hexamod:SpiritBrand","Pen Nib","Orichalcum","White Beast Statue","Singing Bowl"],"acts_visited":["Exordium"],"potions_floor_usage":[5,11,11,15,16],"damage_taken":[{"damage":0,"enemies":"Jaw Worm","floor":2,"turns":3},{"damage":0,"enemies":"Cultist","floor":3,"turns":4},{"damage":0,"enemies":"Small Slimes","floor":5,"turns":5},{"damage":0,"enemies":"Gremlin Gang","floor":6,"turns":8},{"damage":0,"enemies":"downfall:FleeingMerchant","floor":8,"turns":4},{"damage":6,"enemies":"Lagavulin","floor":9,"turns":9},{"damage":35,"enemies":"downfall:LadyInBlue","floor":11,"turns":14},{"damage":0,"enemies":"Large Slime","floor":13,"turns":5},{"damage":0,"enemies":"Blue Slaver","floor":15,"turns":3},{"damage":32,"enemies":"IC_STATUS_ARCHETYPE","floor":16,"turns":8}],"seed_played":"5256299118633647138","potions_obtained":[{"floor":5,"key":"Fruit Juice"},{"floor":6,"key":"Guardian:BlockOnCardUsePotion"},{"floor":9,"key":"Block Potion"},{"floor":11,"key":"Guardian:BlockOnCardUsePotion"},{"floor":11,"key":"Energy Potion"},{"floor":11,"key":"Block Potion"},{"floor":11,"key":"DistilledChaos"},{"floor":15,"key":"DuplicationPotion"},{"floor":15,"key":"CultistPotion"}],"is_trial":false,"path_per_floor":["R","M","M","?","M","M","T","$","E","R","?","R","M","?","M","B"],"character_chosen":"THE_SPIRIT","items_purchased":["hexamod:UnleashSpirits"],"campfire_rested":0,"item_purchase_floors":[8],"current_hp_per_floor":[70,70,70,70,75,75,75,75,69,69,34,34,34,27,29,0,0,0],"gold":200,"neow_bonus":"THREE_CARDS","is_daily":false,"chose_seed":false,"campfire_upgraded":3,"win_rate":0.0,"timestamp":1611861931,"path_taken":["R","M","M","?","M","M","T","?","E","R","?","R","?","?","M","BOSS"],"items_purchased_type":["Card"],"build_version":"2020-12-22","purchased_purges":0,"victory":false,"max_hp_per_floor":[70,70,70,70,75,75,75,75,75,75,75,75,75,75,77,77,77,77],"card_choices":[{"not_picked":["hexamod:HeatMetal","hexamod:BurningTouch"],"picked":"hexamod:CatchUp","floor":0},{"not_picked":["hexamod:NightmareGuise","hexamod:PhantomFireball"],"picked":"hexamod:GhostShield","floor":2},{"not_picked":["hexamod:HeatMetal","hexamod:ShieldOfDarkness"],"picked":"hexamod:NightmareGuise","floor":3},{"not_picked":["hexamod:AdvancingGuard","hexamod:SoulSteal"],"picked":"hexamod:PhantomCloak","floor":5},{"not_picked":["hexamod:AdvancingGuard","hexamod:PhantomFireball"],"picked":"hexamod:InspiringFlames","floor":6},{"not_picked":["hexamod:Incineration","hexamod:GhostShield"],"picked":"hexamod:FourthSeal","floor":8},{"not_picked":["hexamod:SwordOfDarkness","hexamod:GhostflameInferno"],"picked":"hexamod:TurnItUp","floor":9},{"not_picked":["hexamod:AdvancingGuard","hexamod:Incineration"],"picked":"hexamod:NightmareStrike","floor":11},{"not_picked":["hexamod:NightmareGuise","hexamod:NightmareStrike"],"picked":"hexamod:SpectersWail","floor":13},{"not_picked":["hexamod:HeatMetal","hexamod:GhostflameInferno","hexamod:ExtraCrispy"],"picked":"Singing Bowl","floor":15}],"player_experience":289612,"relics_obtained":[{"floor":7,"key":"Pen Nib"},{"floor":9,"key":"Orichalcum"},{"floor":11,"key":"White Beast Statue"}],"event_choices":[{"damage_healed":0,"gold_gain":0,"player_choice":"Success","damage_taken":7,"relics_obtained":["Singing Bowl"],"max_hp_gain":0,"max_hp_loss":0,"event_name":"Scrap Ooze","floor":14,"gold_loss":0}],"is_beta":false,"boss_relics":[],"items_purged_floors":[],"is_endless":false,"potions_floor_spawned":[5,6,9,13,15],"killed_by":"IC_STATUS_ARCHETYPE","ascension_level":0}}