{"host":"0pqkjyfh91td6rj0","time":1611793110,"event":{"mods":["BaseMod","Colored Map","Minty Spire (QoL Compilation)","Relic Stats","UnlockEverythingMod"],"gold_per_floor":[112,187,187,201,201,241,241,254,254,278,321,77,100,121,121,214,214,233,246,246,104,124,160,178,219,219,255,278,278,303,347,347,438,438,457,475,88,0,999,1032,1046,1046,1046],"floor_reached":42,"language":"ENG","playtime":4022,"items_purged":["Strike_R","Shame","Strike_R"],"score":1165,"play_id":"04b7cb17-6b6d-42f8-be2d-2fc0cadd2b1d","local_time":"20210127191830","is_ascension_mode":true,"campfire_choices":[{"data":"Armaments","floor":7.0,"key":"SMITH"},{"data":"1","floor":15.0,"key":"LIFT"},{"data":"2","floor":32.0,"key":"LIFT"}],"circlet_count":0,"master_deck":["AscendersBane","Strike_R","Strike_R","Defend_R+1","Defend_R+1","Defend_R","Defend_R","Bash","Armaments+1","Anger","Pommel Strike","Shrug It Off","Feel No Pain","Disarm","Shockwave","Sword Boomerang","Feed","True Grit+1","Shrug It Off","Spot Weakness","Shrug It Off","Burning Pact","Corruption","Shockwave+1","Rage+1","Necronomicurse","Feel No Pain","Shrug It Off","Limit Break","Dropkick+1","Normality","Normality","Pommel Strike"],"relics":["Burning Blood","NeowsBlessing","Girya","Golden Idol","Letter Opener","Ornamental Fan","Bottled Tornado","Happy Flower","Cursed Key","Meat on the Bone","Bag of Marbles","War Paint","Ice Cream","Necronomicon","Paper Frog","Empty Cage","Membership Card","Incense Burner","Red Mask","Turnip"],"acts_visited":["Exordium","TheCity","TheBeyond"],"potions_floor_usage":[33],"damage_taken":[{"damage":0.0,"enemies":"Small Slimes","floor":1.0,"turns":1.0},{"damage":0.0,"enemies":"2 Louse","floor":4.0,"turns":1.0},{"damage":0.0,"enemies":"Gremlin Nob","floor":6.0,"turns":1.0},{"damage":1.0,"enemies":"Cultist","floor":8.0,"turns":3.0},{"damage":10.0,"enemies":"Large Slime","floor":10.0,"turns":6.0},{"damage":25.0,"enemies":"Lagavulin","floor":11.0,"turns":8.0},{"damage":7.0,"enemies":"Exordium Thugs","floor":13.0,"turns":5.0},{"damage":6.0,"enemies":"Lots of Slimes","floor":14.0,"turns":6.0},{"damage":9.0,"enemies":"The Guardian","floor":16.0,"turns":14.0},{"damage":9.0,"enemies":"Spheric Guardian","floor":18.0,"turns":4.0},{"damage":7.0,"enemies":"Shell Parasite","floor":19.0,"turns":4.0},{"damage":10.0,"enemies":"Cultist and Chosen","floor":22.0,"turns":8.0},{"damage":41.0,"enemies":"Gremlin Leader","floor":23.0,"turns":11.0},{"damage":7.0,"enemies":"Centurion and Healer","floor":24.0,"turns":10.0},{"damage":19.0,"enemies":"Book of Stabbing","floor":25.0,"turns":8.0},{"damage":18.0,"enemies":"Slavers","floor":27.0,"turns":6.0},{"damage":10.0,"enemies":"Shelled Parasite and Fungi","floor":28.0,"turns":5.0},{"damage":10.0,"enemies":"Snecko","floor":30.0,"turns":8.0},{"damage":30.0,"enemies":"Gremlin Leader","floor":31.0,"turns":10.0},{"damage":24,"enemies":"Champ","floor":33,"turns":14},{"damage":15,"enemies":"3 Shapes","floor":35,"turns":8},{"damage":2,"enemies":"Orb Walker","floor":36,"turns":4},{"damage":81,"enemies":"Reptomancer","floor":40,"turns":10},{"damage":11,"enemies":"Spire Growth","floor":41,"turns":7},{"damage":30,"enemies":"Nemesis","floor":42,"turns":9}],"seed_played":"-8867260335021678666","potions_obtained":[{"floor":6.0,"key":"BlessingOfTheForge"},{"floor":8.0,"key":"LiquidBronze"},{"floor":10.0,"key":"Fire Potion"},{"floor":14.0,"key":"BloodPotion"},{"floor":16.0,"key":"LiquidMemories"},{"floor":27.0,"key":"Ancient Potion"},{"floor":28.0,"key":"BlessingOfTheForge"},{"floor":30.0,"key":"EssenceOfSteel"},{"floor":41,"key":"Strength Potion"}],"is_trial":false,"path_per_floor":["M","?","?","M","?","E","R","M","T","M","E","$","M","M","R","B",null,"M","M","?","$","M","E","M","E","T","E","M","?","M","E","R","B",null,"M","M","$","?","?","E","M","E"],"character_chosen":"IRONCLAD","items_purchased":["Happy Flower","Spot Weakness","Membership Card","Incense Burner"],"campfire_rested":0,"item_purchase_floors":[12,21,37,37],"current_hp_per_floor":[74,63,63,69,68,68,68,68,68,64,45,45,44,44,44,54,65,65,67,67,67,66,47,49,52,52,55,54,33,44,35,35,32,85,79,86,86,86,86,23,30,0,0],"gold":1046,"neow_bonus":"THREE_ENEMY_KILL","is_daily":false,"chose_seed":false,"campfire_upgraded":1,"win_rate":0.0,"timestamp":1611793110,"path_taken":["M","?","?","?","?","E","R","M","T","M","E","?","M","M","R","BOSS","M","?","?","$","M","E","M","E","T","E","M","?","M","E","R","BOSS","M","M","$","?","?","E","M","E"],"items_purchased_type":["Relic","Card","Relic","Relic"],"build_version":"2020-12-22","purchased_purges":3,"victory":false,"max_hp_per_floor":[75,75,75,75,68,68,68,68,68,68,68,68,68,68,68,68,68,71,74,74,74,77,81,84,88,88,91,94,94,97,100,100,103,103,106,109,109,109,109,109,109,109,109],"relic_stats":{"Happy Flower":[50],"counters":[25,171],"Golden Idol":145,"Ornamental Fan":[148],"Turnip":[0],"Necronomicon":[11],"Letter Opener":[383],"War Paint":["Defend_R","Defend_R"],"Cursed Key":1,"obtain_stats":[{"Ice Cream":27,"Girya":3,"NeowsBlessing":0,"Happy Flower":12,"Golden Idol":5,"Incense Burner":37,"Letter Opener":6,"Bottled Tornado":11,"War Paint":25,"Cursed Key":17,"Empty Cage":34,"Burning Blood":0,"Ornamental Fan":9,"Turnip":40,"Bag of Marbles":23,"Necronomicon":29,"Red Mask":38,"Membership Card":37,"Meat on the Bone":20,"Paper Frog":31},{"Ice Cream":16,"Girya":1,"NeowsBlessing":0,"Happy Flower":6,"Golden Idol":2,"Incense Burner":22,"Letter Opener":3,"Bottled Tornado":6,"War Paint":15,"Cursed Key":9,"Empty Cage":20,"Burning Blood":0,"Ornamental Fan":4,"Turnip":23,"Bag of Marbles":13,"Necronomicon":17,"Red Mask":22,"Membership Card":22,"Meat on the Bone":11,"Paper Frog":19},{"Ice Cream":96,"Girya":1,"NeowsBlessing":0,"Happy Flower":20,"Golden Idol":2,"Incense Burner":145,"Letter Opener":3,"Bottled Tornado":20,"War Paint":90,"Cursed Key":45,"Empty Cage":133,"Burning Blood":0,"Ornamental Fan":6,"Turnip":155,"Bag of Marbles":72,"Necronomicon":101,"Red Mask":145,"Membership Card":145,"Meat on the Bone":53,"Paper Frog":119}],"Burning Blood":133,"Meat on the Bone":96},"card_choices":[{"not_picked":["Sword Boomerang","Rage"],"picked":"Armaments","floor":1.0},{"not_picked":["Reckless Charge","Headbutt"],"picked":"Anger","floor":4.0},{"not_picked":["Rupture","Juggernaut"],"picked":"Pommel Strike","floor":6.0},{"not_picked":["Havoc","Anger"],"picked":"Shrug It Off","floor":8.0},{"not_picked":["Shrug It Off","Cleave"],"picked":"Feel No Pain","floor":10.0},{"not_picked":["Iron Wave","Dual Wield"],"picked":"Disarm","floor":11.0},{"not_picked":["Havoc","Inflame"],"picked":"Shockwave","floor":13.0},{"not_picked":["Headbutt","Body Slam"],"picked":"Sword Boomerang","floor":14.0},{"not_picked":["Limit Break","Impervious"],"picked":"Feed","floor":16.0},{"not_picked":["Spot Weakness","Cleave+1"],"picked":"True Grit+1","floor":18.0},{"not_picked":["Perfected Strike","Dropkick"],"picked":"Shrug It Off","floor":19.0},{"not_picked":["Inflame","Warcry"],"picked":"Shrug It Off","floor":22.0},{"not_picked":["Infernal Blade","Clash","Sever Soul"],"picked":"SKIP","floor":23.0},{"not_picked":["Perfected Strike","Combust"],"picked":"Burning Pact","floor":24.0},{"not_picked":["Bludgeon","Body Slam+1"],"picked":"Corruption","floor":25.0},{"not_picked":["Sword Boomerang+1","Pommel Strike"],"picked":"Shockwave+1","floor":27.0},{"not_picked":["Searing Blow","Combust"],"picked":"Rage+1","floor":28.0},{"not_picked":["Cleave","Perfected Strike"],"picked":"Feel No Pain","floor":30.0},{"not_picked":["Cleave","Searing Blow"],"picked":"Shrug It Off","floor":31.0},{"not_picked":["Berserk","Bludgeon"],"picked":"Limit Break","floor":33},{"not_picked":["Twin Strike","Shrug It Off"],"picked":"Dropkick+1","floor":35},{"not_picked":["Sever Soul+1","Flame Barrier","Shockwave"],"picked":"SKIP","floor":36},{"not_picked":["Sever Soul+1","Flame Barrier","Shockwave"],"picked":"SKIP","floor":36},{"not_picked":["Clash","Rupture","Clothesline"],"picked":"SKIP","floor":40},{"not_picked":["Seeing Red","Rampage"],"picked":"Pommel Strike","floor":41}],"player_experience":108808,"relics_obtained":[{"floor":3.0,"key":"Girya"},{"floor":6.0,"key":"Letter Opener"},{"floor":9.0,"key":"Ornamental Fan"},{"floor":11.0,"key":"Bottled Tornado"},{"floor":23.0,"key":"Bag of Marbles"},{"floor":25.0,"key":"War Paint"},{"floor":27.0,"key":"Ice Cream"},{"floor":29.0,"key":"Necronomicon"},{"floor":31.0,"key":"Paper Frog"},{"floor":40,"key":"Turnip"}],"event_choices":[{"damage_healed":0.0,"max_hp_gain":0.0,"max_hp_loss":0.0,"gold_gain":75.0,"event_name":"World of Goop","player_choice":"Gather Gold","floor":2.0,"gold_loss":0.0,"damage_taken":11.0},{"damage_healed":0.0,"max_hp_gain":0.0,"max_hp_loss":0.0,"gold_gain":0.0,"event_name":"Wheel of Change","player_choice":"Relic","floor":3.0,"gold_loss":0.0,"damage_taken":0.0},{"damage_healed":0.0,"max_hp_gain":0.0,"max_hp_loss":7.0,"gold_gain":0.0,"event_name":"Golden Idol","player_choice":"Lose Max HP","floor":5.0,"gold_loss":0.0,"damage_taken":0.0,"relics_obtained":["Golden Idol"]},{"damage_healed":0.0,"max_hp_gain":0.0,"max_hp_loss":0.0,"gold_gain":0.0,"event_name":"Addict","player_choice":"Stole Relic","floor":20.0,"gold_loss":0.0,"damage_taken":0.0,"relics_obtained":["Meat on the Bone"],"cards_obtained":["Shame"]},{"damage_healed":0.0,"max_hp_gain":0.0,"max_hp_loss":0.0,"gold_gain":0.0,"event_name":"Cursed Tome","player_choice":"Obtained Book","floor":29.0,"gold_loss":0.0,"damage_taken":21.0},{"damage_healed":0,"gold_gain":0,"player_choice":"Paid","damage_taken":0,"relics_obtained":["Red Mask"],"max_hp_gain":0,"max_hp_loss":0,"event_name":"Tomb of Lord Red Mask","floor":38,"gold_loss":88},{"damage_healed":0,"gold_gain":999,"player_choice":"Gold","damage_taken":0,"max_hp_gain":0,"max_hp_loss":0,"event_name":"MindBloom","floor":39,"gold_loss":0,"cards_obtained":["Normality","Normality"]}],"is_beta":false,"boss_relics":[{"not_picked":["Sozu","Astrolabe"],"picked":"Cursed Key"},{"not_picked":["Philosopher\u0027s Stone","Calling Bell"],"picked":"Empty Cage"}],"items_purged_floors":[12,21,37],"is_endless":false,"potions_floor_spawned":[6,8,10,14,16,19,27,28,30,41],"killed_by":"Nemesis","ascension_level":20}}