{"host":"jhy70w0yh8dayqay","time":1611859399,"event":{"mods":["AchievementEnabler","BaseMod","Colored Map","Colored Powertips","DeckTracker","Minty Spire (QoL Compilation)","Permanent Neow","SuperFastMode"],"gold_per_floor":[109,125,141,157,174,203,217,217,242,277,277,277,277,295,295,392,392,405,113,127,144,157,157,174,74,74,174,174,253,253,271,271,271,271],"floor_reached":33,"language":"KOR","playtime":1277,"items_purged":["Strike_R","Strike_R"],"score":418,"play_id":"fe24013a-4f6b-4475-bf00-68d5be61161e","local_time":"20210129034319","is_ascension_mode":true,"campfire_choices":[{"data":"Searing Blow","floor":8,"key":"SMITH"},{"data":"Armaments","floor":12,"key":"SMITH"},{"data":"Searing Blow+1","floor":15,"key":"SMITH"},{"data":"Searing Blow+2","floor":23,"key":"SMITH"},{"data":"Searing Blow+3","floor":30,"key":"SMITH"},{"data":"Searing Blow+4","floor":32,"key":"SMITH"}],"circlet_count":0,"master_deck":["AscendersBane","Strike_R","Strike_R","Strike_R","Defend_R","Defend_R","Defend_R","Defend_R","Bash+1","Pommel Strike+1","Inflame","Twin Strike","Armaments+1","Cleave","Searing Blow+5","Shrug It Off","Immolate","CurseOfTheBell","Disarm","Dual Wield","Fire Breathing","Fiend Fire","Warcry+1","True Grit+1"],"relics":["Burning Blood","Anchor","Happy Flower","Centennial Puzzle","InkBottle","Blood Vial","Calling Bell","Orichalcum","Matryoshka","CaptainsWheel","Whetstone","Art of War","Toxic Egg 2","WingedGreaves","Eternal Feather","Mercury Hourglass","Potion Belt","Gremlin Horn"],"acts_visited":["Exordium","TheCity"],"potions_floor_usage":[3,6,20,27,33],"damage_taken":[{"damage":3,"enemies":"2 Louse","floor":1,"turns":3},{"damage":7,"enemies":"Jaw Worm","floor":2,"turns":3},{"damage":6,"enemies":"Cultist","floor":3,"turns":4},{"damage":11,"enemies":"Blue Slaver","floor":4,"turns":4},{"damage":2,"enemies":"3 Louse","floor":5,"turns":4},{"damage":10,"enemies":"Lagavulin","floor":6,"turns":5},{"damage":30,"enemies":"Gremlin Gang","floor":7,"turns":4},{"damage":16,"enemies":"Gremlin Nob","floor":10,"turns":3},{"damage":1,"enemies":"Lots of Slimes","floor":14,"turns":3},{"damage":33,"enemies":"Slime Boss","floor":16,"turns":8},{"damage":10,"enemies":"Spheric Guardian","floor":18,"turns":4},{"damage":1,"enemies":"3 Byrds","floor":20,"turns":4},{"damage":19,"enemies":"Snake Plant","floor":21,"turns":5},{"damage":14,"enemies":"Sentry and Sphere","floor":22,"turns":5},{"damage":23,"enemies":"Centurion and Healer","floor":24,"turns":6},{"damage":1,"enemies":"Colosseum Slavers","floor":27,"turns":3},{"damage":17,"enemies":"Colosseum Nobs","floor":27,"turns":4},{"damage":7,"enemies":"3 Cultists","floor":31,"turns":4},{"damage":48,"enemies":"Champ","floor":33,"turns":7}],"seed_played":"-2045528823919150070","potions_obtained":[{"floor":1,"key":"Fruit Juice"},{"floor":2,"key":"Dexterity Potion"},{"floor":3,"key":"ColorlessPotion"},{"floor":14,"key":"FairyPotion"},{"floor":18,"key":"AttackPotion"},{"floor":21,"key":"Energy Potion"},{"floor":22,"key":"Fire Potion"},{"floor":27,"key":"Strength Potion"}],"is_trial":false,"path_per_floor":["M","M","M","M","M","E","M","R","T","E","?","R","?","M","R","B",null,"M","$","M","M","M","R","M","$","T","?","?","T","R","M","R","B"],"character_chosen":"IRONCLAD","items_purchased":["Whetstone","Disarm"],"campfire_rested":0,"item_purchase_floors":[19,19],"current_hp_per_floor":[75,74,79,74,78,74,50,50,50,40,40,40,40,47,47,22,69,67,67,74,63,57,57,42,42,42,40,40,40,52,53,65,19,19],"gold":271,"neow_bonus":"RANDOM_COMMON_RELIC","is_daily":false,"chose_seed":false,"campfire_upgraded":6,"win_rate":0.0,"timestamp":1611859399,"path_taken":["M","M","M","M","M","E","M","R","T","E","?","R","?","M","R","BOSS","M","$","M","M","M","R","?","$","T","?","?","?","R","?","R","BOSS"],"items_purchased_type":["Relic","Card"],"build_version":"2020-12-22","purchased_purges":2,"victory":false,"max_hp_per_floor":[80,80,85,85,85,85,85,85,85,85,85,85,85,85,85,85,85,85,85,85,85,85,85,85,85,85,85,85,85,85,85,85,85,85],"card_choices":[{"not_picked":["Entrench","Rampage"],"picked":"Pommel Strike","floor":1},{"not_picked":["Body Slam","Perfected Strike"],"picked":"Inflame","floor":2},{"not_picked":["Clash","Second Wind"],"picked":"Twin Strike","floor":3},{"not_picked":["Pommel Strike","Demon Form"],"picked":"Armaments","floor":4},{"not_picked":["Flex","Dark Embrace"],"picked":"Cleave","floor":5},{"not_picked":["Twin Strike","Armaments","Iron Wave"],"picked":"SKIP","floor":6},{"not_picked":["Twin Strike","Armaments","Iron Wave"],"picked":"SKIP","floor":6},{"not_picked":["Warcry","Iron Wave"],"picked":"Searing Blow","floor":7},{"not_picked":["Bloodletting","Warcry","Cleave"],"picked":"SKIP","floor":10},{"not_picked":["Iron Wave","Whirlwind"],"picked":"Shrug It Off","floor":14},{"not_picked":["Reaper","Juggernaut"],"picked":"Immolate","floor":16},{"not_picked":["Sword Boomerang","True Grit","Clothesline"],"picked":"SKIP","floor":18},{"not_picked":["Perfected Strike","Dark Embrace"],"picked":"Dual Wield","floor":20},{"not_picked":["Havoc","Disarm"],"picked":"Fire Breathing","floor":21},{"not_picked":["Fire Breathing","Armaments"],"picked":"Fiend Fire","floor":22},{"not_picked":["Heavy Blade","Perfected Strike","Blood for Blood"],"picked":"SKIP","floor":24},{"not_picked":["Heavy Blade","Ghostly Armor+1"],"picked":"Warcry+1","floor":27},{"not_picked":["Rampage","Clash"],"picked":"True Grit+1","floor":31}],"player_experience":438957,"relics_obtained":[{"floor":6,"key":"Happy Flower"},{"floor":9,"key":"Centennial Puzzle"},{"floor":10,"key":"InkBottle"},{"floor":17,"key":"Orichalcum"},{"floor":17,"key":"Matryoshka"},{"floor":17,"key":"CaptainsWheel"},{"floor":26,"key":"Art of War"},{"floor":26,"key":"Toxic Egg 2"},{"floor":27,"key":"WingedGreaves"},{"floor":27,"key":"Eternal Feather"},{"floor":29,"key":"Potion Belt"},{"floor":29,"key":"Gremlin Horn"}],"event_choices":[{"damage_healed":0,"gold_gain":0,"player_choice":"Ignored","damage_taken":0,"max_hp_gain":0,"max_hp_loss":0,"event_name":"Liars Game","floor":11,"gold_loss":0},{"damage_healed":0,"gold_gain":0,"player_choice":"Gave Potion","damage_taken":0,"relics_obtained":["Blood Vial"],"max_hp_gain":0,"max_hp_loss":0,"event_name":"WeMeetAgain","floor":13,"gold_loss":0},{"damage_healed":0,"gold_gain":0,"player_choice":"Fight","damage_taken":0,"max_hp_gain":0,"max_hp_loss":0,"event_name":"Colosseum","floor":27,"gold_loss":0},{"damage_healed":0,"gold_gain":0,"player_choice":"Fought Nobs","damage_taken":0,"max_hp_gain":0,"max_hp_loss":0,"event_name":"Colosseum","floor":27,"gold_loss":0},{"damage_healed":0,"gold_gain":0,"player_choice":"Opened","damage_taken":0,"relics_obtained":["Mercury Hourglass"],"max_hp_gain":0,"max_hp_loss":0,"event_name":"The Mausoleum","floor":28,"gold_loss":0}],"is_beta":false,"boss_relics":[{"not_picked":["Ectoplasm","Tiny House"],"picked":"Calling Bell"}],"items_purged_floors":[19,25],"is_endless":false,"potions_floor_spawned":[1,2,3,5,14,18,21,22,27],"killed_by":"Champ","ascension_level":12}}