{"host":"1t0llcfp0lo7rmr4","time":1611840478,"event":{"mods":["AchievementEnabler","Aspiration","BaseMod","Beaked The Cultist","Colored Powertips","GifTheSpireLib","Hubris","Minty Spire (QoL Compilation)","Permanent Neow","Quick Restart","Relic Filter","Replay The Spire","StSLib","SuperFastMode","The Bladedancer","The Bug Knight","The Cursed","The Druid","The Elementalist","The Exalted","The Forsaken","The Judge","The Poker Player","The Runesmith","[IsaacMod]????"],"gold_per_floor":[118,129,149,79,92,125,125,139,139,139,139,168,180,212,212,314,314,328,69,69,84,100,100,134,134,187,252,262,274,274,274,274],"floor_reached":31,"language":"ENG","playtime":1619,"items_purged":[],"score":345,"play_id":"7bd5638c-ac51-4679-b097-548357963a22","local_time":"20210129002758","is_ascension_mode":true,"campfire_choices":[{"floor":10.0,"key":"RECALL"},{"data":"theForsaken:BlightOfFamine","floor":15,"key":"SMITH"},{"floor":23,"key":"REST"},{"data":"theForsaken:SacredOath","floor":25,"key":"SMITH"}],"circlet_count":0,"master_deck":["theForsaken:Smite","theForsaken:Penitence","theForsaken:Bolster","theForsaken:BindingThorns","theForsaken:Bolster","theForsaken:DefensiveStance","theForsaken:BlightOfFamine+1","theForsaken:DesperatePlea","theForsaken:QuickAttack","theForsaken:DarkBargain","theForsaken:SacredOath+1","theForsaken:Retribution","theForsaken:BlessedWeapon","theForsaken:SiphonStrike","theForsaken:Purification","theForsaken:BindingThorns","theForsaken:WordsOfMight","theForsaken:Enfeeble","theForsaken:CorruptedForm","CommonCold","theForsaken:CreepingInfection+1","theForsaken:AncientWords","theForsaken:Terrorize"],"relics":["theForsaken:JudgementScales","HushsDoor","DoctorsRemote","aspiration:DSix","Gremlin Horn","Oddly Smooth Stone","Replay:Baseball","Pandora\u0027s Box","Runesmith:Nanobots","ReplayTheSpireMod:Ring of Addiction","ReplayTheSpireMod:Ring of Challenge","Potion Belt","Toy Ornithopter","HowToJump"],"acts_visited":["Exordium","TheCity"],"potions_floor_usage":[21,22,22,24,24,29,31],"damage_taken":[{"damage":0.0,"enemies":"Small Slimes","floor":1.0,"turns":3.0},{"damage":1.0,"enemies":"2 Louse","floor":2.0,"turns":3.0},{"damage":6.0,"enemies":"Cultist","floor":3.0,"turns":4.0},{"damage":0.0,"enemies":"Large Slime","floor":5.0,"turns":9.0},{"damage":2.0,"enemies":"Lagavulin","floor":6.0,"turns":10.0},{"damage":8.0,"enemies":"Lots of Slimes","floor":8.0,"turns":6.0},{"damage":0.0,"enemies":"Gremlin Nob","floor":12.0,"turns":6.0},{"damage":1.0,"enemies":"Red Slaver","floor":13.0,"turns":5.0},{"damage":9,"enemies":"Lagavulin","floor":14,"turns":8},{"damage":29,"enemies":"Fading Forest","floor":16,"turns":11},{"damage":35,"enemies":"Spheric Guardian","floor":18,"turns":6},{"damage":15,"enemies":"Shell Parasite","floor":21,"turns":5},{"damage":6,"enemies":"Cultist and Chosen","floor":22,"turns":6},{"damage":34,"enemies":"Gremlin Leader","floor":24,"turns":5},{"damage":8,"enemies":"Snake Plant","floor":27,"turns":5},{"damage":37,"enemies":"Shelled Parasite and Fungi","floor":28,"turns":5},{"damage":14,"enemies":"Chosen and Byrds","floor":29,"turns":6},{"damage":16,"enemies":"Centurion and Healer","floor":31,"turns":1}],"seed_played":"1120573993361054569","potions_obtained":[{"floor":1.0,"key":"Elixir"},{"floor":3.0,"key":"Languid Potion"},{"floor":8.0,"key":"Block Potion"},{"floor":13,"key":"PowerPotion"},{"floor":20,"key":"LiquidMemories"},{"floor":20,"key":"SteroidPotion"},{"floor":20,"key":"Weak Potion"},{"floor":21,"key":"SneckoOil"},{"floor":22,"key":"SteroidPotion"},{"floor":27,"key":"Swift Potion"},{"floor":28,"key":"FearPotion"}],"is_trial":false,"path_per_floor":["M","M","M","$","M","E","$","M","T","R","?","E","M","E","R","B",null,"M","$","?","M","M","R","E","R","T","M","M","M","?","M"],"character_chosen":"THE_FORSAKEN","items_purchased":["theForsaken:DefensiveStance","Runesmith:Nanobots"],"campfire_rested":1,"item_purchase_floors":[4,19],"current_hp_per_floor":[65,64,60,60,65,65,65,61,61,61,61,65,65,59,59,42,65,30,30,30,25,39,58,56,56,56,48,13,9,9,0,0],"gold":274,"neow_bonus":"DSIX","is_daily":false,"chose_seed":false,"campfire_upgraded":2,"win_rate":0.0,"timestamp":1611840478,"path_taken":["M","M","M","$","M","E","$","M","T","R","?","E","M","E","R","BOSS","M","$","?","M","?","R","E","R","T","M","M","M","?","M"],"items_purchased_type":["Card","Relic"],"build_version":"2020-12-22","purchased_purges":0,"victory":false,"max_hp_per_floor":[65,65,65,65,65,65,65,65,65,65,65,65,65,65,65,65,65,65,65,65,65,65,65,65,65,65,65,63,63,63,63,63],"card_choices":[{"not_picked":["theForsaken:ShieldCharge","theForsaken:DarkBarrier"],"picked":"theForsaken:Bolster","floor":1.0},{"not_picked":["theForsaken:WardingHymn","theForsaken:HymnOfPatience"],"picked":"theForsaken:BindingThorns","floor":2.0},{"not_picked":["theForsaken:Backlash","Bomb"],"picked":"theForsaken:Bolster","floor":3.0},{"not_picked":["theForsaken:BattleHymn","theForsaken:CreepingInfection"],"picked":"theForsaken:BlightOfFamine","floor":5.0},{"not_picked":["theForsaken:Bolster","theForsaken:CleansingLight"],"picked":"theForsaken:DesperatePlea","floor":6.0},{"not_picked":["theForsaken:Backlash","Bomb"],"picked":"theForsaken:QuickAttack","floor":8.0},{"not_picked":["theForsaken:Thunderbolt","theForsaken:WordsOfPestilence","theForsaken:FatRoll"],"picked":"SKIP","floor":12.0},{"not_picked":["theForsaken:LightRoll","theForsaken:ScorchingSunlight","theForsaken:BountifulSunlight"],"picked":"SKIP","floor":13},{"not_picked":["theForsaken:ShieldBash","theForsaken:CorruptedWord"],"picked":"theForsaken:DarkBargain","floor":14},{"not_picked":["theForsaken:Mantra","theForsaken:CorruptDeck"],"picked":"theForsaken:SacredOath","floor":16},{"not_picked":["theForsaken:Tranquility","theForsaken:Backlash","theForsaken:PowerUp"],"picked":"SKIP","floor":18},{"not_picked":["theForsaken:ShieldCharge","theForsaken:WrathOfGod"],"picked":"theForsaken:CreepingInfection+1","floor":21},{"not_picked":["theForsaken:DarkBarrier","theForsaken:ShieldBash"],"picked":"theForsaken:AncientWords","floor":22},{"not_picked":["theForsaken:BattleHymn","theForsaken:Preservation","theForsaken:StoreUp"],"picked":"SKIP","floor":24},{"not_picked":["theForsaken:SiphonStrike","theForsaken:BlindFaith","theForsaken:QuickAttack"],"picked":"SKIP","floor":27},{"not_picked":["theForsaken:BlessedWeapon+1","theForsaken:Backlash","theForsaken:ChargeAttack+1"],"picked":"SKIP","floor":28},{"not_picked":["theForsaken:HorrifyingStrike","theForsaken:LightRoll"],"picked":"theForsaken:Terrorize","floor":29}],"player_experience":820774,"relics_obtained":[{"floor":6.0,"key":"Gremlin Horn"},{"floor":12.0,"key":"Oddly Smooth Stone"},{"floor":14,"key":"Replay:Baseball"},{"floor":20,"key":"ReplayTheSpireMod:Ring of Addiction"},{"floor":20,"key":"ReplayTheSpireMod:Ring of Challenge"},{"floor":20,"key":"Potion Belt"},{"floor":20,"key":"Toy Ornithopter"},{"floor":24,"key":"HowToJump"}],"event_choices":[],"is_beta":false,"boss_relics":[{"not_picked":["Tiny House","hubris:BlackHole"],"picked":"Pandora\u0027s Box"},{"not_picked":[]}],"items_purged_floors":[],"is_endless":false,"potions_floor_spawned":[1,3,8,13,16,21,22,27,28],"killed_by":"Centurion and Healer","ascension_level":1}}