{"host":"oi6p1guiqfwwvxym","time":1611812468,"event":{"mods":["BaseMod","Bestiary","Colored Map","Minty Spire (QoL Compilation)","Relic Stats"],"gold_per_floor":[119,132,132,143,162,162,193,203,203,203,230,230,230,255,255,357,357,368,7,7,21,37,37,70,70,70,97,97,110,120,120,120,217,217,235,12,12,0,19,46,62,62,85,85,117,117,132,163,163,163],"floor_reached":51,"language":"ENG","playtime":2892,"items_purged":[],"score":1149,"play_id":"cfd3af21-cf1a-46f4-9a04-06fb107c0412","local_time":"20210127214108","is_ascension_mode":true,"campfire_choices":[{"data":"Predator","floor":6,"key":"SMITH"},{"data":"1","floor":10,"key":"LIFT"},{"floor":13,"key":"REST"},{"floor":15,"key":"REST"},{"floor":23,"key":"REST"},{"floor":28,"key":"REST"},{"floor":32,"key":"REST"},{"data":"2","floor":42,"key":"LIFT"},{"data":"3","floor":44,"key":"LIFT"},{"floor":46,"key":"REST"},{"floor":49,"key":"REST"}],"circlet_count":0,"master_deck":["Survivor","Dagger Spray+1","Deadly Poison","Sucker Punch+1","Predator+1","Bouncing Flask","Cloak And Dagger","Crippling Poison+1","Prepared+1","Adrenaline","Dodge and Roll+1","Infinite Blades","Catalyst","All Out Attack+1","Blade Dance","Endless Agony+1","Finisher+1","Malaise","Blade Dance","Burst","Phantasmal Killer","Footwork","Expertise","Doppelganger","Phantasmal Killer","Bullet Time","Storm of Steel","Terror","Distraction","Tactician","Leg Sweep","Infinite Blades","Backflip+1","Deflect+1","Cloak And Dagger+1","Adrenaline"],"relics":["WristBlade","StoneCalendar","Girya","Molten Egg 2","Fusion Hammer","Shuriken","Pocketwatch","Meat on the Bone","Whetstone","Nloth\u0027s Gift","Pandora\u0027s Box","Bag of Marbles","Red Mask","Omamori","War Paint","White Beast Statue","The Specimen"],"acts_visited":["Exordium","TheCity","TheBeyond"],"potions_floor_usage":[7,8,16,22,24,33,40,40,41,50,50,50],"damage_taken":[{"damage":1,"enemies":"2 Louse","floor":1,"turns":3},{"damage":0,"enemies":"Jaw Worm","floor":2,"turns":4},{"damage":7,"enemies":"Small Slimes","floor":4,"turns":3},{"damage":4,"enemies":"Blue Slaver","floor":5,"turns":3},{"damage":12,"enemies":"Gremlin Nob","floor":7,"turns":3},{"damage":9,"enemies":"Red Slaver","floor":8,"turns":3},{"damage":13,"enemies":"The Mushroom Lair","floor":11,"turns":4},{"damage":16,"enemies":"Lagavulin","floor":14,"turns":7},{"damage":21,"enemies":"The Guardian","floor":16,"turns":8},{"damage":6,"enemies":"3 Byrds","floor":18,"turns":4},{"damage":0,"enemies":"Chosen","floor":21,"turns":4},{"damage":26,"enemies":"Shelled Parasite and Fungi","floor":22,"turns":5},{"damage":0,"enemies":"Gremlin Leader","floor":24,"turns":5},{"damage":28,"enemies":"Book of Stabbing","floor":27,"turns":4},{"damage":0,"enemies":"Centurion and Healer","floor":29,"turns":3},{"damage":21,"enemies":"Snecko","floor":30,"turns":5},{"damage":17,"enemies":"Champ","floor":33,"turns":6},{"damage":9,"enemies":"3 Shapes","floor":35,"turns":5},{"damage":3,"enemies":"3 Darklings","floor":39,"turns":3},{"damage":29,"enemies":"Reptomancer","floor":40,"turns":3},{"damage":2,"enemies":"Sphere and 2 Shapes","floor":41,"turns":5},{"damage":1,"enemies":"Giant Head","floor":45,"turns":4},{"damage":16,"enemies":"Maw","floor":47,"turns":5},{"damage":9,"enemies":"Nemesis","floor":48,"turns":3},{"damage":44,"enemies":"Donu and Deca","floor":50,"turns":5}],"seed_played":"-3049293706880692123","potions_obtained":[{"floor":2,"key":"LiquidMemories"},{"floor":5,"key":"Explosive Potion"},{"floor":11,"key":"PowerPotion"},{"floor":16,"key":"SkillPotion"},{"floor":18,"key":"PowerPotion"},{"floor":21,"key":"AttackPotion"},{"floor":29,"key":"DistilledChaos"},{"floor":33,"key":"Explosive Potion"},{"floor":39,"key":"Dexterity Potion"},{"floor":40,"key":"Energy Potion"},{"floor":47,"key":"LiquidMemories"},{"floor":48,"key":"DistilledChaos"}],"is_trial":false,"path_per_floor":["M","M","?","M","M","R","E","M","T","R","?","?","R","E","R","B",null,"M","$","?","M","M","R","E","?","T","E","R","M","M","?","R","B",null,"M","$","?","?","M","E","M","R","T","R","E","R","M","E","R","B",null],"character_chosen":"THE_SILENT","items_purchased":["Infinite Blades","Catalyst","Shuriken","Leg Sweep","Bag of Marbles"],"campfire_rested":7,"item_purchase_floors":[19,19,19,36,36],"current_hp_per_floor":[62,62,62,55,51,51,39,30,30,30,17,17,38,22,43,22,58,52,52,52,52,26,47,47,47,47,31,52,52,43,43,64,47,64,55,55,55,55,52,35,45,45,45,45,44,65,49,40,61,29],"gold":163,"neow_bonus":"BOSS_RELIC","is_daily":false,"chose_seed":false,"campfire_upgraded":1,"win_rate":0.0,"timestamp":1611812468,"path_taken":["M","M","?","M","M","R","E","M","T","R","?","?","R","E","R","BOSS","M","$","?","M","M","R","E","?","T","E","R","M","M","?","R","BOSS","M","?","?","?","M","E","M","R","T","R","E","R","M","E","R","BOSS"],"items_purchased_type":["Card","Card","Relic","Card","Relic"],"build_version":"2020-12-22","purchased_purges":0,"victory":true,"max_hp_per_floor":[70,70,70,70,70,70,70,70,70,70,70,70,70,70,70,70,70,70,70,70,70,70,70,70,70,70,70,70,70,70,70,70,70,70,70,70,70,70,70,70,70,70,70,70,70,70,70,70,70,70],"relic_stats":{"counters":[25,107],"Shuriken":[43],"StoneCalendar":[34],"Pandora\u0027s Box":["Phantasmal Killer","Footwork","Expertise","Doppelganger","Phantasmal Killer","Bullet Time","Storm of Steel","Terror","Distraction","Tactician"],"Nloth\u0027s Gift":2,"Whetstone":["Sucker Punch","Strike_G"],"War Paint":["Prepared","Crippling Poison"],"obtain_stats":[{"Girya":9,"The Specimen":48,"StoneCalendar":7,"Omamori":40,"Whetstone":27,"Odd Mushroom":11,"War Paint":43,"White Beast Statue":45,"WristBlade":0,"Shuriken":19,"Molten Egg 2":14,"Pandora\u0027s Box":34,"Fusion Hammer":17,"Nloth\u0027s Gift":31,"Bag of Marbles":36,"Red Mask":38,"Ring of the Snake":0,"Pocketwatch":24,"Meat on the Bone":26},{"Girya":6,"The Specimen":24,"StoneCalendar":5,"Omamori":20,"Whetstone":14,"Odd Mushroom":7,"War Paint":21,"White Beast Statue":22,"WristBlade":0,"Shuriken":10,"Molten Egg 2":8,"Pandora\u0027s Box":17,"Fusion Hammer":9,"Nloth\u0027s Gift":16,"Bag of Marbles":18,"Red Mask":18,"Ring of the Snake":0,"Pocketwatch":13,"Meat on the Bone":13},{"Girya":19,"The Specimen":102,"StoneCalendar":16,"Omamori":85,"Whetstone":60,"Odd Mushroom":23,"War Paint":90,"White Beast Statue":94,"WristBlade":0,"Shuriken":42,"Molten Egg 2":30,"Pandora\u0027s Box":74,"Fusion Hammer":38,"Nloth\u0027s Gift":68,"Bag of Marbles":79,"Red Mask":79,"Ring of the Snake":0,"Pocketwatch":56,"Meat on the Bone":56}],"Pocketwatch":[27],"Meat on the Bone":60},"card_choices":[{"not_picked":["Backflip","Flying Knee"],"picked":"Dagger Spray","floor":1},{"not_picked":["Flechettes","Dodge and Roll"],"picked":"Deadly Poison","floor":2},{"not_picked":["Reflex","Finisher"],"picked":"Sucker Punch","floor":4},{"not_picked":["Dagger Spray","Underhanded Strike"],"picked":"Predator","floor":5},{"not_picked":["Slice","Bane"],"picked":"Bouncing Flask","floor":7},{"not_picked":["Doppelganger","Riddle With Holes"],"picked":"Cloak And Dagger","floor":8},{"not_picked":["Outmaneuver","Slice"],"picked":"Crippling Poison","floor":11},{"not_picked":["Bane+1","Calculated Gamble"],"picked":"Prepared","floor":14},{"not_picked":["A Thousand Cuts","Glass Knife+1"],"picked":"Adrenaline","floor":16},{"not_picked":["Quick Slash+1","Concentrate"],"picked":"Dodge and Roll+1","floor":18},{"not_picked":["Reflex","Distraction"],"picked":"All Out Attack+1","floor":21},{"not_picked":["Noxious Fumes","Quick Slash+1"],"picked":"Blade Dance","floor":22},{"not_picked":["Riddle With Holes+1","PiercingWail"],"picked":"Endless Agony+1","floor":24},{"not_picked":["Well Laid Plans","Slice+1"],"picked":"Finisher+1","floor":27},{"not_picked":["Noxious Fumes","Bane+1"],"picked":"Malaise","floor":29},{"not_picked":["Poisoned Stab+1","Deflect"],"picked":"Blade Dance","floor":30},{"not_picked":["Doppelganger","Glass Knife+1"],"picked":"Burst","floor":33},{"not_picked":["Crippling Poison+1","Underhanded Strike+1","Eviscerate+1"],"picked":"SKIP","floor":35},{"not_picked":["Outmaneuver+1","Catalyst"],"picked":"Infinite Blades","floor":39},{"not_picked":["Dash+1","Malaise"],"picked":"Backflip+1","floor":40},{"not_picked":["Corpse Explosion","Dash+1"],"picked":"Deflect+1","floor":41},{"not_picked":["Deflect+1","Eviscerate+1"],"picked":"Cloak And Dagger+1","floor":45},{"not_picked":["Prepared+1","Heel Hook+1","Expertise+1"],"picked":"SKIP","floor":47},{"not_picked":["Prepared+1","Bane+1"],"picked":"Adrenaline","floor":48}],"player_experience":407243,"relics_obtained":[{"floor":7,"key":"StoneCalendar"},{"floor":9,"key":"Girya"},{"floor":11,"key":"Odd Mushroom"},{"floor":14,"key":"Molten Egg 2"},{"floor":24,"key":"Pocketwatch"},{"floor":26,"key":"Meat on the Bone"},{"floor":27,"key":"Whetstone"},{"floor":40,"key":"Omamori"},{"floor":43,"key":"War Paint"},{"floor":45,"key":"White Beast Statue"},{"floor":48,"key":"The Specimen"}],"event_choices":[{"damage_healed":0,"gold_gain":0,"player_choice":"Grow","damage_taken":0,"max_hp_gain":0,"max_hp_loss":0,"event_name":"Living Wall","floor":3,"gold_loss":0,"cards_upgraded":["Dagger Spray"]},{"damage_healed":0,"gold_gain":0,"player_choice":"Fought Mushrooms","damage_taken":0,"max_hp_gain":0,"max_hp_loss":0,"event_name":"Mushrooms","floor":11,"gold_loss":0},{"damage_healed":0,"gold_gain":0,"player_choice":"Ignored","damage_taken":0,"max_hp_gain":0,"max_hp_loss":0,"event_name":"Golden Idol","floor":12,"gold_loss":0},{"damage_healed":0,"gold_gain":0,"player_choice":"Ignored","damage_taken":0,"max_hp_gain":0,"max_hp_loss":0,"event_name":"Ghosts","floor":25,"gold_loss":0},{"damage_healed":0,"gold_gain":0,"player_choice":"Traded Relic","damage_taken":0,"relics_obtained":["Nloth\u0027s Gift"],"max_hp_gain":0,"max_hp_loss":0,"event_name":"N\u0027loth","floor":31,"relics_lost":["Odd Mushroom"],"gold_loss":0},{"cards_removed":["Neutralize"],"damage_healed":0,"gold_gain":0,"player_choice":"Removed Attack","damage_taken":0,"max_hp_gain":0,"max_hp_loss":0,"event_name":"Falling","floor":37,"gold_loss":0},{"damage_healed":0,"gold_gain":0,"player_choice":"Paid","damage_taken":0,"relics_obtained":["Red Mask"],"max_hp_gain":0,"max_hp_loss":0,"event_name":"Tomb of Lord Red Mask","floor":38,"gold_loss":12}],"is_beta":false,"boss_relics":[{"not_picked":["Empty Cage","Tiny House"],"picked":"Fusion Hammer"},{"not_picked":["Runic Dome","Velvet Choker"],"picked":"Pandora\u0027s Box"}],"items_purged_floors":[],"is_endless":false,"potions_floor_spawned":[2,5,11,16,18,21,29,33,39,40,47,48],"ascension_level":9}}