{"host":"vumwfieg2b2mnrfl","time":1611812302,"event":{"mods":["AchievementEnabler","BaseMod","Minty Spire (QoL Compilation)","Rare Cards Sparkle","Relic Stats"],"gold_per_floor":[119,119,119,130,146,175,186,186,186,186,201,229,49,69,69,148,148,159,129,148,148,168,168,168],"floor_reached":23,"language":"ENG","playtime":1007,"items_purged":[],"score":390,"play_id":"47647f94-63b7-4b89-8988-b8045f29aa56","local_time":"20210127233822","is_ascension_mode":true,"campfire_choices":[{"floor":8.0,"key":"REST"},{"floor":15.0,"key":"REST"}],"circlet_count":0,"master_deck":["AscendersBane","Strike_R","Strike_R","Defend_R","Defend_R","Defend_R","Bash","Shrug It Off","Shrug It Off","Headbutt","Rampage","Dual Wield","Armaments","Limit Break","Flame Barrier","Barricade","Shrug It Off","Cleave","Disarm"],"relics":["Cursed Key","Kunai","Pear","PreservedInsect","Empty Cage"],"acts_visited":["Exordium","TheCity"],"potions_floor_usage":[22],"damage_taken":[{"damage":0.0,"enemies":"2 Louse","floor":1.0,"turns":3.0},{"damage":2.0,"enemies":"Small Slimes","floor":4.0,"turns":3.0},{"damage":2.0,"enemies":"Jaw Worm","floor":5.0,"turns":4.0},{"damage":60.0,"enemies":"Gremlin Nob","floor":6.0,"turns":6.0},{"damage":0.0,"enemies":"Blue Slaver","floor":7.0,"turns":3.0},{"damage":1.0,"enemies":"Red Slaver","floor":11.0,"turns":3.0},{"damage":10.0,"enemies":"3 Sentries","floor":12.0,"turns":12.0},{"damage":17.0,"enemies":"3 Louse","floor":14.0,"turns":3.0},{"damage":9.0,"enemies":"The Guardian","floor":16.0,"turns":11.0},{"damage":8.0,"enemies":"3 Byrds","floor":18.0,"turns":7.0},{"damage":17.0,"enemies":"2 Thieves","floor":19.0,"turns":4.0},{"damage":39.0,"enemies":"Shelled Parasite and Fungi","floor":20.0,"turns":13.0},{"damage":0,"enemies":"Snecko","floor":22,"turns":11},{"damage":4,"enemies":"Book of Stabbing","floor":23,"turns":4}],"seed_played":"1722526405699106238","potions_obtained":[{"floor":1.0,"key":"Explosive Potion"},{"floor":7.0,"key":"EssenceOfSteel"},{"floor":11.0,"key":"Energy Potion"},{"floor":12.0,"key":"LiquidMemories"},{"floor":18.0,"key":"SpeedPotion"},{"floor":20.0,"key":"Ancient Potion"}],"is_trial":false,"path_per_floor":["M","?","?","M","M","E","M","R","T","?","M","E","$","M","R","B",null,"M","M","M","?","M","E"],"character_chosen":"IRONCLAD","items_purchased":["Limit Break"],"campfire_rested":2,"item_purchase_floors":[13],"current_hp_per_floor":[68,68,68,66,64,4,4,26,36,29,28,18,18,1,26,17,68,60,43,4,4,4,0,0],"gold":168,"neow_bonus":"BOSS_RELIC","is_daily":false,"chose_seed":false,"campfire_upgraded":0,"win_rate":0.0,"timestamp":1611812302,"path_taken":["M","?","?","M","M","E","M","R","T","?","?","E","$","M","R","BOSS","M","M","M","?","M","E"],"items_purchased_type":["Card"],"build_version":"2020-12-22","purchased_purges":0,"victory":false,"max_hp_per_floor":[75,75,75,75,75,75,75,75,85,85,85,85,85,85,85,85,85,85,85,85,85,85,85,85],"relic_stats":{"counters":[14,87],"PreservedInsect":43,"Kunai":[6],"Cursed Key":1,"obtain_stats":[{"Pear":9,"PreservedInsect":12,"Kunai":6,"Cursed Key":0,"Empty Cage":17,"Burning Blood":0},{"Pear":5,"PreservedInsect":7,"Kunai":4,"Cursed Key":0,"Empty Cage":9,"Burning Blood":0},{"Pear":19,"PreservedInsect":34,"Kunai":16,"Cursed Key":0,"Empty Cage":48,"Burning Blood":0}]},"card_choices":[{"not_picked":["Dark Embrace","Body Slam","Warcry"],"picked":"SKIP","floor":1.0},{"not_picked":["Havoc","Searing Blow"],"picked":"Shrug It Off","floor":4.0},{"not_picked":["Havoc","Anger","True Grit"],"picked":"SKIP","floor":5.0},{"not_picked":["Iron Wave","Clash"],"picked":"Headbutt","floor":6.0},{"not_picked":["Havoc","Seeing Red"],"picked":"Rampage","floor":7.0},{"not_picked":["Power Through","Clash"],"picked":"Dual Wield","floor":11.0},{"not_picked":["Heavy Blade","Pommel Strike"],"picked":"Armaments","floor":12.0},{"not_picked":["Warcry","Clash"],"picked":"Flame Barrier","floor":14.0},{"not_picked":["Juggernaut","Feed"],"picked":"Barricade","floor":16.0},{"not_picked":["Havoc","Flex"],"picked":"Shrug It Off","floor":18.0},{"not_picked":["Combust","Havoc","Uppercut"],"picked":"SKIP","floor":19.0},{"not_picked":["Twin Strike","Pummel","Havoc"],"picked":"SKIP","floor":20.0},{"not_picked":["Fire Breathing","Cleave"],"picked":"Disarm","floor":22}],"player_experience":482540,"relics_obtained":[{"floor":6.0,"key":"Kunai"},{"floor":9.0,"key":"Pear"},{"floor":12.0,"key":"PreservedInsect"}],"event_choices":[{"damage_healed":0.0,"max_hp_gain":0.0,"max_hp_loss":0.0,"gold_gain":0.0,"cards_transformed":["Strike_R"],"event_name":"Living Wall","player_choice":"Change","floor":2.0,"gold_loss":0.0,"damage_taken":0.0,"cards_obtained":["Shrug It Off"]},{"damage_healed":0.0,"max_hp_gain":0.0,"max_hp_loss":0.0,"gold_gain":0.0,"event_name":"Liars Game","player_choice":"Ignored","floor":3.0,"gold_loss":0.0,"damage_taken":0.0},{"cards_removed":["Clumsy"],"damage_healed":0.0,"max_hp_gain":0.0,"max_hp_loss":0.0,"gold_gain":0.0,"event_name":"Golden Wing","player_choice":"Card Removal","floor":10.0,"gold_loss":0.0,"damage_taken":7.0},{"damage_healed":0.0,"max_hp_gain":0.0,"max_hp_loss":0.0,"gold_gain":0.0,"cards_transformed":["Defend_R"],"event_name":"Transmorgrifier","player_choice":"Transformed","floor":21.0,"gold_loss":0.0,"damage_taken":0.0,"cards_obtained":["Cleave"]}],"is_beta":false,"boss_relics":[{"not_picked":["Runic Cube","Philosopher\u0027s Stone"],"picked":"Empty Cage"}],"items_purged_floors":[],"is_endless":false,"potions_floor_spawned":[1,7,11,12,18,20],"killed_by":"Book of Stabbing","ascension_level":18}}