{"host":"awsx6hu75lh7tsqd","time":1611815092,"event":{"mods":["AchievementEnabler","BaseMod","BetterRewards","Colored Map","Evolution","Minty Spire (QoL Compilation)","Shop Mod","StSLib"],"gold_per_floor":[114,130,147,167,185,219,219,118,171,202,202,212,226,239,239,239,239],"floor_reached":16,"language":"ENG","playtime":965,"items_purged":["Defend_B"],"score":166,"play_id":"b36c9021-d811-4c9d-96f7-59aed0c06415","local_time":"20210127232451","is_ascension_mode":false,"campfire_choices":[{"data":"Redo","floor":7,"key":"SMITH"},{"floor":11,"key":"REST"},{"floor":15,"key":"REST"}],"circlet_count":0,"master_deck":["Strike_B","Strike_B","Strike_B","Strike_B","Defend_B","Defend_B","Defend_B","Zap","Dualcast","Redo+1","Ball Lightning","Amplify","Cold Snap+1","Cold Snap+1","Fusion","Chaos"],"relics":["Cracked Core","EVO:Axolotl","Singing Bowl","Molten Egg 2","Kunai"],"acts_visited":["Exordium"],"potions_floor_usage":[6,6,16,16],"damage_taken":[{"damage":1,"enemies":"Cultist","floor":1,"turns":4},{"damage":0,"enemies":"Small Slimes","floor":2,"turns":2},{"damage":3,"enemies":"Jaw Worm","floor":3,"turns":4},{"damage":16,"enemies":"Blue Slaver","floor":4,"turns":4},{"damage":15,"enemies":"Gremlin Gang","floor":5,"turns":4},{"damage":17,"enemies":"3 Sentries","floor":6,"turns":7},{"damage":14,"enemies":"Gremlin Nob","floor":10,"turns":3},{"damage":0,"enemies":"2 Fungi Beasts","floor":12,"turns":2},{"damage":10,"enemies":"Looter","floor":13,"turns":2},{"damage":9,"enemies":"Lots of Slimes","floor":14,"turns":4},{"damage":49,"enemies":"Hexaghost","floor":16,"turns":11}],"seed_played":"5002856753736941474","potions_obtained":[{"floor":1,"key":"Dexterity Potion"},{"floor":3,"key":"Ancient Potion"},{"floor":12,"key":"BlessingOfTheForge"},{"floor":14,"key":"Dexterity Potion"}],"is_trial":false,"path_per_floor":["M","M","M","M","M","E","R","$","T","E","R","M","M","M","R","B"],"character_chosen":"DEFECT","items_purchased":["Singing Bowl","Cold Snap+1"],"campfire_rested":2,"item_purchase_floors":[0,8],"current_hp_per_floor":[76,76,75,59,44,29,29,29,29,15,39,39,29,22,46,0,0],"gold":239,"neow_bonus":"","is_daily":false,"chose_seed":false,"campfire_upgraded":1,"win_rate":0.0,"timestamp":1611815091,"path_taken":["M","M","M","M","?","E","R","$","T","E","R","M","M","M","R","BOSS"],"items_purchased_type":["Relic","Card"],"build_version":"2020-12-22","purchased_purges":1,"victory":false,"max_hp_per_floor":[77,77,79,79,79,81,81,81,81,81,81,81,81,83,83,83,83],"card_choices":[{"not_picked":["Conserve Battery","Sweeping Beam","Rebound"],"picked":"Singing Bowl","floor":1},{"not_picked":["Aggregate","Conserve Battery"],"picked":"Redo","floor":2},{"not_picked":["Undo","Hello World","Conserve Battery"],"picked":"Singing Bowl","floor":3},{"not_picked":["Stack","FTL"],"picked":"Ball Lightning","floor":4},{"not_picked":["Stack","Glacier"],"picked":"Amplify","floor":5},{"not_picked":["Redo","Stack","Aggregate"],"picked":"Singing Bowl","floor":6},{"not_picked":["Sweeping Beam+1","Gash+1"],"picked":"Cold Snap+1","floor":10},{"not_picked":["Steam","Meteor Strike+1"],"picked":"Fusion","floor":12},{"not_picked":["Rip and Tear+1","Loop"],"picked":"Chaos","floor":13},{"not_picked":["Compile Driver+1","Double Energy","Barrage+1"],"picked":"Singing Bowl","floor":14}],"player_experience":103674,"relics_obtained":[{"floor":6,"key":"Molten Egg 2"},{"floor":10,"key":"Kunai"}],"event_choices":[],"is_beta":false,"boss_relics":[],"items_purged_floors":[8],"is_endless":false,"potions_floor_spawned":[1,3,12,14],"killed_by":"Hexaghost","ascension_level":0}}