{"host":"qmnyg5dk1o6rw6mz","time":1611868868,"event":{"mods":["100% Spire Juice","2.2 Compatiblity","AchievementEnabler","Act Like it!","Arknights The Spire","Aspiration","Astrologer","BaseMod","Beaked The Cultist","Better Altar","Better Match","Better Note","Better Sensory Stone","Better Skull","Better Third Choice","Better Vampires","CapriCore","Challenge The Spire","ChefMod","Colored Map","Colored Powertips","Conspire","Decade(王小明)","DeckTracker","Defuse TimeMaze Blight","Disable Question Mark Monsters","Displayed Cursed Tome","Downfall","Energized Spire","Friendly Minions","Gensokyo","GifTheSpireLib","Hermit","Highlight Path","HololiveMod","HornydragonMod","Hubris","Infinite Spire","Jedi Mod","Koishi","KomeijiMod","Lobotomy","Mari Mod (Legacy)","Mari\u0027s V1 Patch","Marisa（霧雨　魔理沙）","Marked Mod","Minty Spire (QoL Compilation)","Pale of the Ancients","Permanent Neow","Prisma Mod","Quick Restart","Reimu（博???）","Replay The Spire","Robot Space Explorer","SIMod","StSLib","Synergy Search","The Alterego","The Bug Knight","The Cursed","The Dragon Tamer","The Gatherer","The Hayseed","The Immortal","The Marked","The Mystic","The Poker Player","The Problem Sleuth","The Runesmith","The Sage","The Senshi","The Showman","The Wild Card","Unceasing Turn Reminder","WarShipGirlsR/??少女R mod","Wide Potions","Yuri Mod","thorton"],"gold_per_floor":[17,34,57,75,86,111,13,29,106,119,130,143,176,193,193,288,288,304,304,320,332,350,376,127,127,127,127,127,147,159,192,258,325,325,543,543,593,645,645,645,731,846,846,355,355,400,400],"floor_reached":46,"language":"ENG","playtime":2617,"items_purged":["Strike_G","Defend_G","Defend_G"],"score":703,"play_id":"df2f9c75-2511-450b-af36-9f77467fc37e","local_time":"20210129052108","is_ascension_mode":false,"campfire_choices":[{"data":"Unload","floor":15.0,"key":"SMITH"},{"data":"Night Terror","floor":25.0,"key":"SMITH"},{"data":"infinitespire:NeuralNetwork","floor":34.0,"key":"SMITH"},{"data":"Madness","floor":43.0,"key":"SMITH"}],"circlet_count":0,"master_deck":["Strike_G","Strike_G","Defend_G","Defend_G","Survivor","Neutralize","Fluid Movement","Sucker Punch","Masterful Stab","Unload+1","aspiration:Lunge","Dagger Throw","Reflex","Concentrate","ReplayTheSpireMod:Speed Training","Dagger Throw","Backflip","Night Terror+1","Underhanded Strike+1","Heel Hook+1","Underhanded Strike","Wraith Form v2","Flechettes","After Image","infinitespire:NeuralNetwork+1","Prepared+1","aspiration:Lunge","Sucker Punch","Wraith","Madness+1","Madness","Dagger Spray+1","Escape Plan+1","Terror"],"relics":["hubris:BundleOfHerbs","Toy Ornithopter","Bag of Preparation","Garlic","ReplayTheSpireMod:Ninjato","Replay:Drink Me","Nloth\u0027s Gift","Quantum Egg","Question Card","Replay:Bandana","infinitespire:EmpoweringShard","conspire:RoyalGoblet","aspiration:StickyExplosives","jedi:firstaidkit","infinitespire:EvilPickle"],"acts_visited":["Exordium","TheCity","TheBeyond"],"potions_floor_usage":[],"damage_taken":[{"damage":0.0,"enemies":"Cultist","floor":1.0,"turns":4.0},{"damage":0.0,"enemies":"2 Louse","floor":2.0,"turns":4.0},{"damage":0.0,"enemies":"conspire:RoseBush","floor":4.0,"turns":4.0},{"damage":7.0,"enemies":"Blue Slaver","floor":5.0,"turns":4.0},{"damage":24.0,"enemies":"Gremlin Nob","floor":6.0,"turns":4.0},{"damage":8.0,"enemies":"conspire:2 RoseBushes","floor":8.0,"turns":2.0},{"damage":0.0,"enemies":"Looter","floor":10.0,"turns":2.0},{"damage":0.0,"enemies":"Exordium Thugs","floor":11.0,"turns":3.0},{"damage":0.0,"enemies":"2 Fungi Beasts","floor":12.0,"turns":1.0},{"damage":16.0,"enemies":"Replay:BlueRogue","floor":13.0,"turns":7.0},{"damage":0.0,"enemies":"Lots of Slimes","floor":14.0,"turns":1.0},{"damage":22.0,"enemies":"Slime Boss","floor":16.0,"turns":11.0},{"damage":14.0,"enemies":"2 Thieves","floor":18.0,"turns":2.0},{"damage":0.0,"enemies":"Shell Parasite","floor":20.0,"turns":3.0},{"damage":0.0,"enemies":"Snecko","floor":21.0,"turns":3.0},{"damage":7.0,"enemies":"3 Cultists","floor":22.0,"turns":4.0},{"damage":20.0,"enemies":"Book of Stabbing","floor":23.0,"turns":5.0},{"damage":8.0,"enemies":"conspire:HollyBat","floor":29.0,"turns":7.0},{"damage":11.0,"enemies":"Chosen and Byrds","floor":30.0,"turns":7.0},{"damage":5.0,"enemies":"conspire:Head Lice","floor":31.0,"turns":3.0},{"damage":10.0,"enemies":"Shelled Parasite and Fungi","floor":32.0,"turns":4.0},{"damage":48.0,"enemies":"Nightmare","floor":33.0,"turns":9.0},{"damage":4.0,"enemies":"Pondfish","floor":35.0,"turns":7.0},{"damage":0.0,"enemies":"Orb Walker","floor":37.0,"turns":2.0},{"damage":9.0,"enemies":"3 Shapes","floor":38.0,"turns":4.0},{"damage":12.0,"enemies":"Jaw Worm Horde","floor":41.0,"turns":3.0},{"damage":4.0,"enemies":"R_Hoarder","floor":42.0,"turns":6.0},{"damage":21,"enemies":"Sphere and 2 Shapes","floor":46,"turns":2}],"seed_played":"-8067326758216120966","potions_obtained":[{"floor":1.0,"key":"AttackPotion"},{"floor":4.0,"key":"FairyPotion"},{"floor":11.0,"key":"DuplicationPotion"},{"floor":16.0,"key":"Poison Potion"},{"floor":21.0,"key":"Adrenaline Potion"},{"floor":31.0,"key":"sagemod:Wine"},{"floor":33.0,"key":"Adrenaline Potion"},{"floor":35.0,"key":"Energy Potion"},{"floor":41.0,"key":"BlessingOfTheForge"},{"floor":42.0,"key":"Dexterity Potion"}],"is_trial":false,"path_per_floor":["M","M","T","M","M","E","$","M","T","M","M","M","E","M","R","B",null,"M","?","M","M","M","E","$","R","PTL","PTL","T","M","M","E","M","NM","R","B",null,"M","M","?","?","M","E","R","$","T","M"],"character_chosen":"THE_SILENT","items_purchased":["Dagger Throw","Wraith Form v2","jedi:firstaidkit","Terror"],"campfire_rested":0,"item_purchase_floors":[7,24,44,44],"current_hp_per_floor":[70,70,70,70,63,44,44,36,36,36,36,36,20,20,20,3,53,39,39,39,39,32,12,12,12,12,12,12,48,37,32,22,35,35,36,53,53,44,44,37,25,21,21,21,21,0,0],"gold":400,"neow_bonus":"ONE_RARE_RELIC","is_daily":false,"chose_seed":false,"campfire_upgraded":4,"win_rate":0.0,"timestamp":1611868868,"path_taken":["M","M","?","M","M","E","$","M","T","M","M","M","E","M","R","BOSS","M","?","?","?","M","E","$","R","PTL","PTL","T","M","M","E","M","NM","R","BOSS","M","M","?","?","M","E","R","?","T","?"],"items_purchased_type":["Card","Card","Relic","Card"],"build_version":"2020-12-22","purchased_purges":3,"victory":false,"max_hp_per_floor":[70,70,70,70,70,70,70,70,70,70,70,70,70,70,70,70,53,53,53,53,53,53,53,53,53,53,53,53,53,53,53,53,53,53,53,53,53,53,53,53,53,53,53,53,53,53,53],"card_choices":[{"not_picked":["Setup","Bane"],"picked":"Fluid Movement","floor":1.0},{"not_picked":["Quick Slash","Leg Sweep"],"picked":"Sucker Punch","floor":2.0},{"not_picked":["Skewer","Bane"],"picked":"Masterful Stab","floor":4.0},{"not_picked":["jedi:poisonivy","Backflip"],"picked":"Unload","floor":5.0},{"not_picked":["Expertise","Flying Knee"],"picked":"aspiration:Lunge","floor":6.0},{"not_picked":["Flying Knee","PiercingWail"],"picked":"Reflex","floor":8.0},{"not_picked":["PiercingWail","hubris:Counter","Hidden Blade"],"picked":"SKIP","floor":10.0},{"not_picked":["Flying Knee","Quick Slash"],"picked":"Concentrate","floor":11.0},{"not_picked":["Envenom","jedi:acidrain"],"picked":"ReplayTheSpireMod:Speed Training","floor":12.0},{"not_picked":["Cloak And Dagger","Quick Slash"],"picked":"Dagger Throw","floor":13.0},{"not_picked":["PiercingWail","Outmaneuver"],"picked":"Backflip","floor":14.0},{"not_picked":["Unload","Burst"],"picked":"Night Terror","floor":16.0},{"not_picked":["Poisoned Stab","PiercingWail","conspire:PoisonWeapons"],"picked":"SKIP","floor":18.0},{"not_picked":["Poisoned Stab","Backstab+1"],"picked":"Underhanded Strike+1","floor":20.0},{"not_picked":["Hidden Blade","Replay:Poison Smokescreen"],"picked":"Heel Hook+1","floor":21.0},{"not_picked":["Blur+1","Slice+1"],"picked":"Underhanded Strike","floor":22.0},{"not_picked":["Slice","jedi:acidrain","hubris:TrickCloak"],"picked":"SKIP","floor":23.0},{"not_picked":["Masterful Stab","Leg Sweep","hubris:Counter","Slice"],"picked":"SKIP","floor":29.0},{"not_picked":["Deflect+1","Bouncing Flask","Endless Agony+1"],"picked":"Flechettes","floor":30.0},{"not_picked":["Grand Finale","Blade Dance+1","PiercingWail+1"],"picked":"After Image","floor":31.0},{"not_picked":["Quick Slash","Dodge and Roll","Storm of Steel","hubris:Counter"],"picked":"SKIP","floor":32.0},{"not_picked":["hubris:Fate","infinitespire:Gouge"],"picked":"infinitespire:NeuralNetwork","floor":33.0},{"not_picked":["Bouncing Flask+1","PiercingWail","Finisher"],"picked":"Prepared+1","floor":33.0},{"not_picked":["Malaise","ReplayTheSpireMod:Necrosis","Glass Knife"],"picked":"aspiration:Lunge","floor":35.0},{"not_picked":["jedi:unstablefumes","Outmaneuver","Slice","Infinite Blades+1"],"picked":"SKIP","floor":37.0},{"not_picked":["Skewer","Dodge and Roll+1","Heel Hook"],"picked":"Sucker Punch","floor":38.0},{"not_picked":["Outmaneuver","Slice","Phantasmal Killer"],"picked":"Dagger Spray+1","floor":41.0},{"not_picked":["Expertise+1","Setup","hubris:SlightOfHand"],"picked":"Escape Plan+1","floor":42.0}],"player_experience":237303,"relics_obtained":[{"floor":3.0,"key":"Toy Ornithopter"},{"floor":6.0,"key":"Bag of Preparation"},{"floor":9.0,"key":"Garlic"},{"floor":13.0,"key":"ReplayTheSpireMod:Ninjato"},{"floor":23.0,"key":"Quantum Egg"},{"floor":28.0,"key":"Question Card"},{"floor":31.0,"key":"Replay:Bandana"},{"floor":33.0,"key":"infinitespire:EmpoweringShard"},{"floor":42.0,"key":"aspiration:StickyExplosives"}],"event_choices":[{"damage_healed":0.0,"max_hp_gain":0.0,"max_hp_loss":0.0,"gold_gain":0.0,"event_name":"N\u0027loth","player_choice":"Traded Relic","floor":19.0,"relics_lost":["Ring of the Snake"],"gold_loss":0.0,"damage_taken":0.0,"relics_obtained":["Nloth\u0027s Gift"]},{"damage_healed":0.0,"max_hp_gain":0.0,"max_hp_loss":0.0,"gold_gain":0.0,"event_name":"OrinTheCat","player_choice":"Ignored","floor":39.0,"gold_loss":0.0,"damage_taken":0.0},{"damage_healed":0.0,"max_hp_gain":0.0,"max_hp_loss":0.0,"gold_gain":0.0,"event_name":"Winding Halls","player_choice":"Embrace Madness","floor":40.0,"gold_loss":0.0,"damage_taken":7.0,"cards_obtained":["Madness","Madness"]}],"is_beta":false,"boss_relics":[{"not_picked":["WristBlade","aspiration:DefectSkillbook"],"picked":"Replay:Drink Me"},{"not_picked":["Replay:Grab Bag","hubris:Stopwatch"],"picked":"conspire:RoyalGoblet"}],"items_purged_floors":[7,24,44],"is_endless":true,"potions_floor_spawned":[1,4,11,12,13,16,20,21,22,31,33,35,41,42],"killed_by":"Sphere and 2 Shapes","ascension_level":0}}