{"host":"o1scrl1hgy598kuq","time":1611820651,"event":{"mods":["BaseMod","Colored Map","Colored Powertips","Minty Spire (QoL Compilation)","Remilia??????","Replay The Spire","Shop Mod","StSLib","The Jungle","The Marked","The Servant 0.9.4"],"gold_per_floor":[209,209,48,66,105,133,145,207,219,304,316,250,278,39,39,138,138,175,74,106,3,56,110,110,76,76,129,167,200,200,230,230,375,375,386,386,401,47,62,62,115,133,133,49,64,104,104,137,137,157,157,157,44,72,72,72],"floor_reached":55,"language":"ENG","playtime":4279,"items_purged":["Strike_RM","Strike_RM","Strike_RM","Defend_RM","Looming Evil","Delirium"],"score":809,"play_id":"92517c2c-7957-457d-843c-43bdac95c73a","local_time":"20210128015731","is_ascension_mode":false,"campfire_choices":[{"data":"FavorOfDestiny","floor":7,"key":"SMITH"},{"data":"Stigmanizer","floor":11,"key":"SMITH"},{"data":"HunterOfTheNight","floor":15,"key":"SMITH"},{"data":"MastersStateliness","floor":24,"key":"SMITH"},{"floor":32,"key":"REST"},{"data":"HunterOfTheNight","floor":40,"key":"SMITH"},{"floor":47,"key":"REST"},{"floor":49,"key":"RECALL"},{"data":"MastersStateliness","floor":52,"key":"SMITH"}],"circlet_count":0,"master_deck":["Defend_RM+1","Defend_RM","RedMoon+1","ScarletShoot+1","FavorOfDestiny+1","EternalNight+1","Stigmanizer+1","HunterOfTheNight+1","Pot Of Greed+1","Pot Of Greed+1","RedNightlessCastle","MastersStateliness+1","RedRainbow","MastersStateliness+1","VampirishNight+1","EmergencyRegeneration+1","ScarletCoffin+1","HunterOfTheNight+1","Parasite","VampirishNight+1"],"relics":["ScarletHat","MerchantsRug","Pantograph","ReplayTheSpireMod:Lightbulb","Kunai","Oddly Smooth Stone","Replay:WaspNest","Replay:Bottled Eggs"],"acts_visited":["Exordium","TheCity","TheBeyond","TheEnding"],"potions_floor_usage":[6,10,16,18,20,27,28,29,31,33,35,41,45,48,50,50,55,55,55],"damage_taken":[{"damage":0,"enemies":"2 Louse","floor":1,"turns":3},{"damage":0,"enemies":"Cultist","floor":4,"turns":4},{"damage":0,"enemies":"Small Slimes","floor":5,"turns":6},{"damage":19,"enemies":"Gremlin Nob","floor":6,"turns":5},{"damage":1,"enemies":"3 Louse","floor":8,"turns":6},{"damage":17,"enemies":"3 Sentries","floor":10,"turns":9},{"damage":0,"enemies":"Lagavulin","floor":13,"turns":5},{"damage":9,"enemies":"Hexaghost","floor":16,"turns":6},{"damage":0,"enemies":"Chosen","floor":18,"turns":4},{"damage":10,"enemies":"2 Thieves","floor":20,"turns":3},{"damage":0,"enemies":"Cultist and Chosen","floor":22,"turns":4},{"damage":26,"enemies":"Book of Stabbing","floor":23,"turns":4},{"damage":7,"enemies":"Replay:Snechameleon","floor":27,"turns":5},{"damage":21,"enemies":"Snake Plant","floor":28,"turns":5},{"damage":31,"enemies":"Shelled Parasite and Fungi","floor":29,"turns":4},{"damage":8,"enemies":"Centurion and Healer","floor":31,"turns":4},{"damage":8,"enemies":"Automaton","floor":33,"turns":7},{"damage":13,"enemies":"3 Shapes","floor":35,"turns":4},{"damage":0,"enemies":"Orb Walker","floor":37,"turns":1},{"damage":11,"enemies":"Sphere and 2 Shapes","floor":39,"turns":4},{"damage":124,"enemies":"R_Hoarder","floor":41,"turns":8},{"damage":75,"enemies":"3 Darklings","floor":42,"turns":4},{"damage":26,"enemies":"Writhing Mass","floor":45,"turns":5},{"damage":89,"enemies":"Sphere and 2 Shapes","floor":46,"turns":5},{"damage":61,"enemies":"Spire Growth","floor":48,"turns":4},{"damage":95,"enemies":"Awakened One","floor":50,"turns":11},{"damage":104,"enemies":"Shield and Spear","floor":54,"turns":6},{"damage":129,"enemies":"The Heart","floor":55,"turns":5}],"seed_played":"-8195399831676923568","potions_obtained":[{"floor":4,"key":"Energy Potion"},{"floor":5,"key":"SkillPotion"},{"floor":8,"key":"DistilledChaos"},{"floor":10,"key":"CultistPotion"},{"floor":13,"key":"SpeedPotion"},{"floor":16,"key":"Adrenaline Potion"},{"floor":16,"key":"Swift Potion"},{"floor":20,"key":"LifebloodPotion"},{"floor":23,"key":"Swift Potion"},{"floor":23,"key":"Swift Potion"},{"floor":28,"key":"Energy Potion"},{"floor":29,"key":"EssenceOfSteel"},{"floor":31,"key":"Energy Potion"},{"floor":35,"key":"BlessingOfTheForge"},{"floor":39,"key":"SpeedPotion"},{"floor":39,"key":"DuplicationPotion"},{"floor":41,"key":"Ancient Potion"},{"floor":41,"key":"Milkshake"},{"floor":46,"key":"Adrenaline Potion"},{"floor":48,"key":"SteroidPotion"},{"floor":54,"key":"Milkshake"}],"is_trial":false,"path_per_floor":["M","?","$","M","M","E","R","M","T","E","R","$","E","$","R","B",null,"M","$","M","$","M","E","R","$","T","E","M","M","?","M","R","B",null,"M","?","M","$","M","R","E","M","T","$","M","M","R","M","R","B",null,"R","$","E","B"],"character_chosen":"REMILIA","items_purchased":["MerchantsRug","HunterOfTheNight","War Paint","Whetstone","MastersStateliness","Ultimatum","Replay:Wax Seal","HunterOfTheNight","Replay:WaspNest","Guide Book","DestinyDice"],"campfire_rested":2,"item_purchase_floors":[3,12,14,19,21,21,25,38,38,44,53],"current_hp_per_floor":[75,75,75,75,75,56,56,55,55,47,47,47,49,49,49,72,82,82,82,72,72,77,53,53,53,53,58,42,18,18,21,45,75,82,69,69,70,70,90,90,34,29,29,29,11,13,41,46,46,34,96,96,96,38,0,0],"gold":72,"neow_bonus":"HUNDRED_GOLD","is_daily":false,"chose_seed":false,"campfire_upgraded":6,"win_rate":0.0,"timestamp":1611820651,"path_taken":["M","?","?","M","M","E","R","M","T","E","R","$","E","$","R","BOSS","M","$","M","$","M","E","R","$","T","E","?","M","?","M","R","BOSS","M","?","M","$","M","R","E","M","T","$","M","M","R","M","R","BOSS","R","$","E","BOSS"],"items_purchased_type":["Relic","Card","Relic","Relic","Card","Card","Relic","Card","Relic","Relic","Potion"],"build_version":"2020-12-22","purchased_purges":6,"victory":false,"max_hp_per_floor":[75,75,75,75,75,75,75,75,75,82,82,82,82,82,82,82,82,82,82,82,82,82,82,82,82,82,82,82,82,82,82,82,82,82,82,82,82,82,96,96,96,96,96,96,96,96,96,96,96,96,96,96,96,96,96,96],"card_choices":[{"not_picked":["UltimateOffering","ScarletImprint"],"picked":"BloodHunter","floor":1},{"not_picked":["BlasphemousPunishment","BloodyMagicSquare"],"picked":"FavorOfDestiny","floor":4},{"not_picked":["BombardNight","EmergencyRegeneration"],"picked":"EternalNight","floor":5},{"not_picked":["ScarletImprint","BloodyCatastrophe"],"picked":"FavorOfDestiny","floor":6},{"not_picked":["BlasphemousPunishment","VampirishNight"],"picked":"Stigmanizer","floor":8},{"not_picked":["ScarletGensokyo","Stigmanizer"],"picked":"ScarletSymphony","floor":10},{"not_picked":["BloodyTrap","StarOfDavid","RedNightlessCastle"],"picked":"SKIP","floor":13},{"not_picked":["FavorOfDestiny","BloodHunter","VampireKiss"],"picked":"SKIP","floor":18},{"not_picked":["VampireKiss","NightDance+1"],"picked":"RedNightlessCastle","floor":20},{"not_picked":["UnderTheZenith+1","BloodyMagicSquare+1","NightLord+1"],"picked":"SKIP","floor":22},{"not_picked":["DiffusionOfMisfortune","KillingBlow","BlasphemousPunishment"],"picked":"SKIP","floor":22},{"not_picked":["VampireKiss","DiffusionOfMisfortune"],"picked":"RedRainbow","floor":23},{"not_picked":["AfternoonTea+1","SuperhumanBloodyKnife+1"],"picked":"MastersStateliness","floor":27},{"not_picked":["MillenniumVampire+1","ChainGang+1","DiffusionOfMisfortune"],"picked":"SKIP","floor":28},{"not_picked":["UltimateOffering","RedRainbow"],"picked":"VampirishNight+1","floor":29},{"not_picked":["BlasphemousPunishment+1","ScarletImprint","RedMagic+1"],"picked":"SKIP","floor":29},{"not_picked":["BombardNight+1","TwelveNightmare+1","ScarletDevilSign"],"picked":"SKIP","floor":31},{"not_picked":["ScarletDevil","UnstableMagic+1"],"picked":"EmergencyRegeneration+1","floor":35},{"not_picked":["Septette+1","UnstableMagic+1","ForecastOfChange"],"picked":"SKIP","floor":37},{"not_picked":["DevilSight+1","EndlessAdversity+1","ScarletDevilSign"],"picked":"SKIP","floor":39},{"not_picked":["UnderTheZenith+1","ReincarnationDial+1","BlasphemousPunishment+1"],"picked":"SKIP","floor":41},{"not_picked":["BloodHunter+1","StarOfDavid+1","UnderTheZenith+1"],"picked":"SKIP","floor":42},{"not_picked":["ChainGang","RedRainbow+1"],"picked":"VampirishNight+1","floor":45},{"not_picked":["NightDance","AfternoonTea+1","StarOfDavid"],"picked":"SKIP","floor":46},{"not_picked":["ScarletDevil+1","ScarletGensokyo+1","SuperhumanBloodyKnife"],"picked":"SKIP","floor":48},{"not_picked":["UnderTheZenith","BlasphemousPunishment","StarOfDavid"],"picked":"SKIP","floor":54}],"player_experience":236506,"relics_obtained":[{"floor":6,"key":"MawBank"},{"floor":9,"key":"Pantograph"},{"floor":10,"key":"Strawberry"},{"floor":13,"key":"Grinning Jar"},{"floor":23,"key":"ReplayTheSpireMod:Lightbulb"},{"floor":26,"key":"Toxic Egg 2"},{"floor":27,"key":"Kunai"},{"floor":39,"key":"Mango"},{"floor":41,"key":"Bottled Flame"},{"floor":54,"key":"Replay:Bottled Eggs"}],"event_choices":[{"cards_removed":["BloodHunter"],"damage_healed":0,"gold_gain":0,"player_choice":"Gave Card","damage_taken":0,"relics_obtained":["Replay:Bottled Snecko"],"max_hp_gain":0,"max_hp_loss":0,"event_name":"WeMeetAgain","floor":2,"gold_loss":0},{"damage_healed":0,"gold_gain":0,"player_choice":"1 cards matched","damage_taken":0,"max_hp_gain":0,"max_hp_loss":0,"event_name":"Match and Keep!","floor":36,"gold_loss":0,"cards_obtained":["ScarletCoffin"]}],"is_beta":false,"boss_relics":[{"not_picked":["Pandora\u0027s Box","Coffee Dripper"],"picked":"SlaversCollar"},{"not_picked":["Painkiller Herb","Runic Dome"],"picked":"Kintsugi"}],"items_purged_floors":[3,12,14,19,38,53],"is_endless":false,"potions_floor_spawned":[4,5,8,10,16,23,28,31,35,39,41,54],"killed_by":"The Heart","ascension_level":0}}