{"host":"og21o26alpnbwmz8","time":1611863938,"event":{"mods":["Act Like it!","Aspiration","BaseMod","Conspire","Downfall","Halation","Hallownest","Hubris","Jedi Mod","Mimic Mod","Minty Spire (QoL Compilation)","Pale of the Ancients","Replay The Spire","Shop Mod","Spikes Relics","StSLib","The Administrix","The Alterego","The Blue Laboratory","The Bug Knight","The Death Knight","The Problem Sleuth","The Wild Card","Waifu the Spire"],"gold_per_floor":[115,163,163,30,30,30,41,56,56,11,36,36,65,81,81,183,183,200,200,32,44,44,44,70,122,195,206,206,206,217,269,269,365,365,384,403,421,433,483,483,519,519,565,604,604,604,618,628,628,628,628,628,628,1291,1291],"floor_reached":56,"language":"ENG","playtime":4607,"items_purged":["AdministrixMod:Strike_Administrix","AdministrixMod:Strike_Administrix"],"score":1402,"play_id":"be72b44f-27d3-41be-9251-6bbcb1123f70","local_time":"20210128145858","is_ascension_mode":false,"campfire_choices":[{"data":"Hallownest:skillLeafShield","floor":6,"key":"SMITH"},{"data":"AdministrixMod:Convergence","floor":12,"key":"SMITH"},{"data":"Hallownest:skillLeafShield","floor":15,"key":"SMITH"},{"data":"ShadowRift","floor":23,"key":"SMITH"},{"data":"AdministrixMod:WifeLightning","floor":28,"key":"SMITH"},{"data":"Expertise","floor":32,"key":"SMITH"},{"floor":40,"key":"RECALL"},{"data":"AdministrixMod:WifeLightning","floor":45,"key":"SMITH"},{"data":"AdministrixMod:ImmortalClarity","floor":49,"key":"SMITH"},{"data":"AdministrixMod:ImmortalClarity+4","floor":52,"key":"SMITH"}],"circlet_count":0,"master_deck":["AdministrixMod:RedCloak+1","AdministrixMod:BlueCloak+1","Hallownest:skillLeafShield+1","Hallownest:skillLeafShield+1","Hallownest:skillLeafShield+1","Hallownest:skillLeafShield+1","Hallownest:skillLeafShield+1","AdministrixMod:JustRewards+1","AdministrixMod:Convergence+1","AdministrixMod:HaveItAll+1","AdministrixMod:Transcension+1","ShadowRift+1","hubris:Counter+1","Expertise+1","AdministrixMod:WifeLightning+1","AdministrixMod:WifeLightning+1","AbeCurse","AdministrixMod:ImmortalClarity+8","AdministrixMod:BloodBargain"],"relics":["AdministrixMod:ConductorRitualBaton","NeowsBlessing","conspire:Flyswatter","halation:KoshaPiece","Lantern","halation:HeavySnake","Blood Vial","hubris:PeanutButter","hubris:CrystalStatue","Abe\u0027s Treasure","hubris:BottledRain","hubris:NiceRug","RetroEgg","halation:Komachan","Unceasing Top","RollingBoulder","conspire:GlowingRock","jedi:matchstick"],"acts_visited":["Exordium","Hallownest:Greenpath","Hallownest:CityofTears","TheEnding"],"potions_floor_usage":[4,16],"damage_taken":[{"damage":0,"enemies":"Hallownest:monsterHuskWarrior","floor":1,"turns":1},{"damage":0,"enemies":"Hallownest:monsterHuskGuard","floor":7,"turns":1},{"damage":0,"enemies":"Hallownest:2_Tiktiks_and_1_Crawlid","floor":8,"turns":1},{"damage":0,"enemies":"Hallownest:eliteVengeflyKing","floor":11,"turns":4},{"damage":0,"enemies":"Hallownest:eliteMossKnight","floor":13,"turns":7},{"damage":0,"enemies":"Hallownest:Guard_and_Warrior","floor":14,"turns":3},{"damage":12,"enemies":"Hallownest:BossFalseKnight","floor":16,"turns":6},{"damage":7,"enemies":"Hallownest:Guard_and_Sentry","floor":18,"turns":4},{"damage":4,"enemies":"Hallownest:3_Youths","floor":21,"turns":5},{"damage":11,"enemies":"Hallownest:eliteSoulWarrior","floor":24,"turns":8},{"damage":9,"enemies":"Hallownest:Glutton_and_Coward","floor":25,"turns":4},{"damage":0,"enemies":"Hallownest:2_Flukemon","floor":27,"turns":5},{"damage":0,"enemies":"Hallownest:Warrior_and_Youth","floor":30,"turns":3},{"damage":1,"enemies":"Hallownest:Glutton_and_Coward","floor":31,"turns":3},{"damage":4,"enemies":"Hallownest:BossMantisLord","floor":33,"turns":6},{"damage":0,"enemies":"Hallownest:3_Siblings","floor":35,"turns":5},{"damage":0,"enemies":"Hallownest:Shield_Heavy","floor":36,"turns":4},{"damage":0,"enemies":"Hallownest:Xero_Hu_Marmu","floor":37,"turns":6},{"damage":0,"enemies":"Hallownest:2_Great","floor":38,"turns":5},{"damage":0,"enemies":"hubris:Merchant","floor":39,"turns":8},{"damage":0,"enemies":"conspire:MimicChest","floor":41,"turns":8},{"damage":0,"enemies":"Hallownest:2_Soldiers_and_1_Guardian","floor":44,"turns":9},{"damage":0,"enemies":"Hallownest:2_Soldiers_and_1_Guardian","floor":47,"turns":4},{"damage":1,"enemies":"Hallownest:monsterPrimalAspid","floor":48,"turns":4},{"damage":1,"enemies":"Hallownest:BossHollowKnight","floor":50,"turns":11},{"damage":0,"enemies":"Shield and Spear","floor":54,"turns":10},{"damage":0,"enemies":"The Heart","floor":55,"turns":9}],"seed_played":"-8418747009335224037","potions_obtained":[{"floor":2,"key":"Fruit Juice"},{"floor":7,"key":"sneckomod:MuddlingPotion"},{"floor":8,"key":"FearPotion"},{"floor":16,"key":"Energy Potion"}],"is_trial":false,"path_per_floor":["M","?","?","$","?","R","M","M","T","$","E","R","E","M","R","B",null,"M","?","$","M","?","R","E","M","T","M","R","?","M","M","R","B",null,"M","M","M","M","$","R","?","$","T","MIM","R","?","M","M","R","B",null,"R","$","E","B",null],"character_chosen":"TheAdministrix","items_purchased":["AdministrixMod:JustRewards+1","AdministrixMod:PassageOfAges","AdministrixMod:Transcension","hubris:BottledRain"],"campfire_rested":0,"item_purchase_floors":[4,10,20,39],"current_hp_per_floor":[65,39,39,44,44,44,44,44,44,44,44,44,44,44,44,47,70,63,59,59,55,55,55,44,37,37,39,39,39,41,42,42,40,70,70,70,70,70,70,70,70,70,70,70,70,70,70,69,69,69,70,70,70,70,70],"gold":1291,"neow_bonus":"THREE_ENEMY_KILL","is_daily":false,"chose_seed":false,"campfire_upgraded":9,"win_rate":0.0,"timestamp":1611863938,"path_taken":["M","?","?","$","?","R","?","M","T","?","E","R","E","M","R","BOSS","M","?","$","M","?","R","E","M","T","?","R","?","?","M","R","BOSS","M","M","?","M","?","R","?","$","T","?","R","?","?","M","R","BOSS","R","$","E","BOSS"],"items_purchased_type":["Card","Card","Card","Relic"],"build_version":"2020-12-22","purchased_purges":2,"victory":true,"max_hp_per_floor":[65,65,65,70,70,70,70,70,70,70,70,70,70,70,70,70,70,70,70,70,70,70,70,70,70,70,70,70,70,70,70,70,70,70,70,70,70,70,70,70,70,70,70,70,70,70,70,70,70,70,70,70,70,70,70],"card_choices":[{"not_picked":["AdministrixMod:NoblePath","AdministrixMod:PlateOfAntiquity","AdministrixMod:TouchOfCinnabar"],"picked":"SKIP","floor":1},{"not_picked":["AdministrixMod:NoblePath","AdministrixMod:ReachToHeaven"],"picked":"AdministrixMod:GuanyinBlessing","floor":2},{"not_picked":["AdministrixMod:ChooseYourEnd","AdministrixMod:RegentEdict","AdministrixMod:LightOfYourLife"],"picked":"SKIP","floor":7},{"not_picked":["AdministrixMod:NoblePath","AdministrixMod:RebukeDesires","AdministrixMod:FalseDeath"],"picked":"SKIP","floor":8},{"not_picked":["AdministrixMod:SyncreticSurge","AdministrixMod:SipOfSparks"],"picked":"AdministrixMod:Convergence","floor":11},{"not_picked":["AdministrixMod:ImmortalGrace","AdministrixMod:ShadowPlay","AdministrixMod:ImmortalPurity"],"picked":"SKIP","floor":13},{"not_picked":["AdministrixMod:LightOfYourLife","AdministrixMod:BloodlessSapphire","AdministrixMod:FuneraryRites"],"picked":"SKIP","floor":14},{"not_picked":["AdministrixMod:FalseDeath","AdministrixMod:TenDesires"],"picked":"AdministrixMod:HaveItAll","floor":16},{"not_picked":["AdministrixMod:ArmillarySphere","AdministrixMod:QuietConspiracy","AdministrixMod:CenturiesAscent"],"picked":"SKIP","floor":18},{"not_picked":["AdministrixMod:ImmortalGrace","AdministrixMod:PassageOfAges","AdministrixMod:SealAway"],"picked":"SKIP","floor":21},{"not_picked":["AdministrixMod:BattleforgedBonds","AdministrixMod:CenturiesAscent","AdministrixMod:GuanyinBlessing"],"picked":"SKIP","floor":24},{"not_picked":["AdministrixMod:ImmortalGrace","AdministrixMod:SipOfSparks","AdministrixMod:SealAway+1"],"picked":"SKIP","floor":25},{"not_picked":["AdministrixMod:NoblePath+1","AdministrixMod:RisingSunPrince"],"picked":"AdministrixMod:WifeLightning","floor":27},{"not_picked":["AdministrixMod:ImmortalPurity","AdministrixMod:MixOfMercury","AdministrixMod:GuanyinBlessing+1"],"picked":"SKIP","floor":30},{"not_picked":["AdministrixMod:ArmillarySphere","AdministrixMod:CrackingPangu+1","AdministrixMod:PlateOfAntiquity"],"picked":"SKIP","floor":31},{"not_picked":["AdministrixMod:HaveItAll","AdministrixMod:Mastermind"],"picked":"AdministrixMod:WifeLightning","floor":33},{"not_picked":["AdministrixMod:CrackingPangu+1","AdministrixMod:XianArts+1","AdministrixMod:QuietConspiracy"],"picked":"SKIP","floor":35},{"not_picked":["AdministrixMod:RebukeDesires","AdministrixMod:CrackingPangu","AdministrixMod:QuietConspiracy"],"picked":"SKIP","floor":36},{"not_picked":["AdministrixMod:NoblePath","AdministrixMod:TrickOfTheLight+1","AdministrixMod:SipOfSparks"],"picked":"SKIP","floor":37},{"not_picked":["AdministrixMod:SeventeenArticleLaser","AdministrixMod:DiversionaryTactic+1","AdministrixMod:RebukeDesires+1"],"picked":"SKIP","floor":38},{"not_picked":["AdministrixMod:NoblePath"],"picked":"SKIP","floor":39},{"not_picked":["AdministrixMod:DiversionaryTactic"],"picked":"SKIP","floor":39},{"not_picked":["AdministrixMod:LightOfYourLife"],"picked":"SKIP","floor":39},{"not_picked":["AdministrixMod:Mastermind"],"picked":"SKIP","floor":39},{"not_picked":["AdministrixMod:XianArts"],"picked":"SKIP","floor":39},{"not_picked":["hubris:Ssssneak"],"picked":"SKIP","floor":39},{"not_picked":["ReplayTheSpireMod:Brewmster"],"picked":"SKIP","floor":39},{"not_picked":["AdministrixMod:HarmonicReverence","AdministrixMod:GuanyinBlessing"],"picked":"AdministrixMod:ImmortalClarity","floor":47},{"not_picked":["AdministrixMod:NewWardrobe","AdministrixMod:CrackingPangu+1","AdministrixMod:ExtolVirtue+1"],"picked":"SKIP","floor":48},{"not_picked":["AdministrixMod:RebukeDesires","AdministrixMod:ChooseYourEnd+1"],"picked":"AdministrixMod:BloodBargain","floor":54}],"player_experience":216410,"relics_obtained":[{"floor":2,"key":"conspire:Flyswatter"},{"floor":11,"key":"halation:KoshaPiece"},{"floor":13,"key":"Lantern"},{"floor":24,"key":"Blood Vial"},{"floor":26,"key":"hubris:PeanutButter"},{"floor":39,"key":"RetroEgg"},{"floor":39,"key":"halation:Komachan"},{"floor":41,"key":"Unceasing Top"},{"floor":43,"key":"RollingBoulder"},{"floor":44,"key":"conspire:GlowingRock"},{"floor":54,"key":"jedi:matchstick"}],"event_choices":[],"is_beta":false,"boss_relics":[{"not_picked":["Honey Jar","halation:CatFaceCupcake"],"picked":"halation:HeavySnake"},{"not_picked":["bronze:MakeshiftBattery","hubris:BlackHole"],"picked":"Abe\u0027s Treasure"}],"items_purged_floors":[4,20],"is_endless":false,"potions_floor_spawned":[7,8,13,16,18,21,24,31,33,35,36,37,41,47,48,54],"ascension_level":0}}