{"host":"2j5d0uw0vihq8b8w","time":1611815663,"event":{"mods":["2.2 Compatiblity","AchievementEnabler","BaseMod","BetterRewards","Colored Map","Colored Powertips","Custom Start","DeckTracker","Minty Spire (QoL Compilation)","Permanent Neow","Quick Restart","Rare Cards Sparkle","StSLib","SuperFastMode"],"gold_per_floor":[117,134,152,152,164,176,223,235,247,273,310,340,352,388,400,537,549,579,591,623,635,647,440,440,454,454,199,215,215,556,241,241,364,364,380,380,398,411,321,321,362,362,389,389,414,45,85,98,98,98,98],"floor_reached":50,"language":"KOR","playtime":3281,"items_purged":["Writhe","Defend_R"],"score":622,"play_id":"a3ffea3a-79c4-4a5a-85a9-7f894818a748","local_time":"20210128153423","is_ascension_mode":false,"campfire_choices":[{"data":"Uppercut","floor":6.0,"key":"SMITH"},{"data":"True Grit","floor":13.0,"key":"SMITH"},{"data":"Body Slam","floor":15.0,"key":"SMITH"},{"data":"Pommel Strike","floor":29.0,"key":"SMITH"},{"data":"Shrug It Off","floor":32.0,"key":"SMITH"},{"data":"Body Slam","floor":40.0,"key":"SMITH"},{"data":"Sword Boomerang","floor":49.0,"key":"SMITH"}],"circlet_count":0,"master_deck":["Defend_R","Defend_R","Defend_R","Bash","Pommel Strike+1","Uppercut+1","True Grit+1","Sentinel","Body Slam+1","Brutality+1","Dual Wield+1","Bite","Bite","Bite","Bite","Shrug It Off+1","Combust+1","Barricade+1","Shrug It Off+1","True Grit+1","Flame Barrier+1","Chrysalis+1","Flex+1","Double Tap+1","Body Slam+1","Rupture+1","Deep Breath+1","Madness+1","Madness+1","Seeing Red+1","Trip+1","Armaments+1","Sword Boomerang+1"],"relics":["Burning Blood","Art of War","MawBank","Golden Idol","Toy Ornithopter","Frozen Egg 2","Runic Dome","Orichalcum","Orrery","Pen Nib","Toxic Egg 2","Old Coin","Runic Cube","Question Card","Omamori","Medical Kit","Shuriken"],"acts_visited":["Exordium","TheCity","TheBeyond"],"potions_floor_usage":[],"damage_taken":[{"damage":7.0,"enemies":"2 Louse","floor":1.0,"turns":2.0},{"damage":3.0,"enemies":"Small Slimes","floor":2.0,"turns":3.0},{"damage":3.0,"enemies":"Jaw Worm","floor":3.0,"turns":3.0},{"damage":21.0,"enemies":"Lagavulin","floor":7.0,"turns":6.0},{"damage":22.0,"enemies":"Lots of Slimes","floor":10.0,"turns":4.0},{"damage":15.0,"enemies":"3 Louse","floor":11.0,"turns":4.0},{"damage":2.0,"enemies":"Looter","floor":12.0,"turns":3.0},{"damage":0.0,"enemies":"Large Slime","floor":14.0,"turns":5.0},{"damage":36.0,"enemies":"The Guardian","floor":16.0,"turns":14.0},{"damage":15.0,"enemies":"Shell Parasite","floor":18.0,"turns":6.0},{"damage":2.0,"enemies":"2 Thieves","floor":20.0,"turns":3.0},{"damage":25.0,"enemies":"3 Cultists","floor":25.0,"turns":6.0},{"damage":20.0,"enemies":"Shelled Parasite and Fungi","floor":28.0,"turns":6.0},{"damage":38.0,"enemies":"Slavers","floor":30.0,"turns":4.0},{"damage":26.0,"enemies":"Champ","floor":33.0,"turns":7.0},{"damage":29.0,"enemies":"3 Shapes","floor":35.0,"turns":7.0},{"damage":13.0,"enemies":"Orb Walker","floor":37.0,"turns":3.0},{"damage":22.0,"enemies":"4 Shapes","floor":38.0,"turns":5.0},{"damage":22.0,"enemies":"Reptomancer","floor":41.0,"turns":6.0},{"damage":8.0,"enemies":"Transient","floor":45.0,"turns":5.0},{"damage":15.0,"enemies":"Giant Head","floor":47.0,"turns":6.0},{"damage":9.0,"enemies":"3 Darklings","floor":48.0,"turns":3.0},{"damage":36,"enemies":"Awakened One","floor":50,"turns":3}],"seed_played":"-2358407931863547768","potions_obtained":[{"floor":2.0,"key":"SkillPotion"},{"floor":7.0,"key":"LiquidMemories"},{"floor":11.0,"key":"SteroidPotion"},{"floor":12.0,"key":"LiquidBronze"},{"floor":20.0,"key":"CultistPotion"},{"floor":30.0,"key":"ColorlessPotion"},{"floor":33.0,"key":"Energy Potion"},{"floor":37.0,"key":"FearPotion"},{"floor":38.0,"key":"LiquidMemories"}],"is_trial":false,"path_per_floor":["M","M","M","?","?","R","E","$","T","M","M","M","R","M","R","B",null,"M","?","M","?","?","$","?","M","T","$","M","R","E","$","R","B",null,"M","?","M","M","$","R","E","$","T","?","M","$","E","M","R","B"],"character_chosen":"IRONCLAD","items_purchased":["Orrery","Toxic Egg 2","Chrysalis+1","Flex+1","Deep Breath+1","Seeing Red+1","Trip+1","Medical Kit","Armaments+1"],"campfire_rested":0,"item_purchase_floors":[23,27,31,31,39,46,46,46,46],"current_hp_per_floor":[79,80,80,68,68,68,53,53,53,37,28,32,32,38,38,8,74,65,51,51,51,51,51,51,43,43,43,39,39,32,32,32,27,51,34,34,37,29,29,29,25,25,25,19,29,29,32,34,34,0,0],"gold":98,"neow_bonus":"RANDOM_COMMON_RELIC","is_daily":false,"chose_seed":false,"campfire_upgraded":7,"win_rate":0.0,"timestamp":1611815663,"path_taken":["M","M","M","?","?","R","E","?","T","M","M","M","R","?","R","BOSS","M","?","M","?","?","$","?","?","T","$","M","R","E","$","R","BOSS","M","?","M","M","$","R","E","?","T","?","M","$","E","M","R","BOSS"],"items_purchased_type":["Relic","Relic","Card","Card","Card","Card","Card","Relic","Card"],"build_version":"2020-12-22","purchased_purges":2,"victory":false,"max_hp_per_floor":[80,80,80,80,74,74,74,74,74,74,74,74,74,74,74,74,74,74,51,51,51,51,51,51,51,51,51,51,51,51,51,51,51,51,51,51,51,51,51,51,51,51,51,51,51,51,51,51,51,51,51],"card_choices":[{"not_picked":["True Grit","Flex"],"picked":"Pommel Strike","floor":1.0},{"not_picked":["Havoc","Pommel Strike","Cleave"],"picked":"SKIP","floor":2.0},{"not_picked":["Dropkick","Clothesline"],"picked":"Uppercut","floor":3.0},{"not_picked":["Twin Strike","Anger","Headbutt"],"picked":"SKIP","floor":7.0},{"not_picked":["Twin Strike","Anger","Headbutt"],"picked":"SKIP","floor":7.0},{"not_picked":["Whirlwind","Perfected Strike"],"picked":"True Grit","floor":10.0},{"not_picked":["Bloodletting","Twin Strike","Iron Wave"],"picked":"SKIP","floor":11.0},{"not_picked":["Perfected Strike","Power Through"],"picked":"Sentinel","floor":12.0},{"not_picked":["Flame Barrier","Sword Boomerang"],"picked":"Body Slam","floor":14.0},{"not_picked":["Immolate","Double Tap"],"picked":"Brutality+1","floor":16.0},{"not_picked":["Clash+1","Armaments+1"],"picked":"Dual Wield+1","floor":18.0},{"not_picked":["Wild Strike","Twin Strike"],"picked":"Shrug It Off+1","floor":20.0},{"not_picked":["Thunderclap","Uppercut"],"picked":"Barricade+1","floor":23.0},{"not_picked":["Warcry","Heavy Blade"],"picked":"Shrug It Off","floor":23.0},{"not_picked":["True Grit","Thunderclap","Clash"],"picked":"SKIP","floor":25.0},{"not_picked":["Shrug It Off+1","Spot Weakness+1"],"picked":"True Grit+1","floor":28.0},{"not_picked":["Blood for Blood","Second Wind+1"],"picked":"Flame Barrier+1","floor":30.0},{"not_picked":["Exhume+1","Immolate"],"picked":"Double Tap+1","floor":33.0},{"not_picked":["Infernal Blade+1","Headbutt","Thunderclap"],"picked":"SKIP","floor":35.0},{"not_picked":["Fire Breathing+1","Pummel+1"],"picked":"Body Slam","floor":37.0},{"not_picked":["Iron Wave+1","Body Slam"],"picked":"Rupture+1","floor":38.0},{"not_picked":["Cleave","Disarm+1","Rampage"],"picked":"SKIP","floor":41.0},{"not_picked":["Evolve+1","Clothesline","Cleave","Headbutt+1"],"picked":"SKIP","floor":45.0},{"not_picked":["Clothesline+1","Cleave","Iron Wave+1","Dual Wield+1"],"picked":"SKIP","floor":47.0},{"not_picked":["Clothesline","Thunderclap+1","Battle Trance+1"],"picked":"Sword Boomerang","floor":48.0}],"player_experience":606786,"relics_obtained":[{"floor":7.0,"key":"Toy Ornithopter"},{"floor":9.0,"key":"Frozen Egg 2"},{"floor":26.0,"key":"Pen Nib"},{"floor":30.0,"key":"Old Coin"},{"floor":41.0,"key":"Question Card"},{"floor":43.0,"key":"Omamori"},{"floor":47.0,"key":"Shuriken"}],"event_choices":[{"damage_healed":0.0,"max_hp_gain":0.0,"max_hp_loss":0.0,"gold_gain":0.0,"event_name":"Scrap Ooze","player_choice":"Success","floor":4.0,"gold_loss":0.0,"damage_taken":12.0,"relics_obtained":["MawBank"]},{"damage_healed":0.0,"max_hp_gain":0.0,"max_hp_loss":6.0,"gold_gain":0.0,"event_name":"Golden Idol","player_choice":"Lose Max HP","floor":5.0,"gold_loss":0.0,"damage_taken":0.0,"relics_obtained":["Golden Idol"]},{"damage_healed":0.0,"max_hp_gain":0.0,"max_hp_loss":23.0,"gold_gain":0.0,"event_name":"Vampires","player_choice":"Became a vampire","floor":19.0,"gold_loss":0.0,"damage_taken":0.0,"cards_obtained":["Bite","Bite","Bite","Bite","Bite"]},{"damage_healed":0.0,"max_hp_gain":0.0,"max_hp_loss":0.0,"gold_gain":0.0,"event_name":"The Mausoleum","player_choice":"Opened","floor":21.0,"gold_loss":0.0,"damage_taken":0.0,"relics_obtained":["Orichalcum"],"cards_obtained":["Writhe"]},{"damage_healed":0.0,"max_hp_gain":0.0,"max_hp_loss":0.0,"gold_gain":0.0,"event_name":"The Library","player_choice":"Read","floor":22.0,"gold_loss":0.0,"damage_taken":0.0,"cards_obtained":["Combust"]},{"damage_healed":0.0,"max_hp_gain":0.0,"max_hp_loss":0.0,"gold_gain":0.0,"event_name":"Ghosts","player_choice":"Ignored","floor":24.0,"gold_loss":0.0,"damage_taken":0.0},{"cards_removed":["Bite"],"damage_healed":0.0,"max_hp_gain":0.0,"max_hp_loss":0.0,"gold_gain":0.0,"event_name":"Purifier","player_choice":"Purged","floor":36.0,"gold_loss":0.0,"damage_taken":0.0},{"damage_healed":0.0,"max_hp_gain":0.0,"max_hp_loss":0.0,"gold_gain":0.0,"event_name":"Winding Halls","player_choice":"Embrace Madness","floor":44.0,"gold_loss":0.0,"damage_taken":6.0,"cards_obtained":["Madness","Madness"]}],"is_beta":false,"boss_relics":[{"not_picked":["Tiny House","Black Star"],"picked":"Runic Dome"},{"not_picked":["Sozu","Empty Cage"],"picked":"Runic Cube"}],"items_purged_floors":[23,31],"is_endless":false,"potions_floor_spawned":[2,7,11,12,16,20,30,33,37,38,41],"killed_by":"Awakened One","ascension_level":0}}