{"host":"7f7cdfy4xmkutrl8","time":1611807376,"event":{"mods":["AchievementEnabler","BaseMod","Downfall","Hermit","Marisa????????","Minty Spire (QoL Compilation)","Replay The Spire","Shop Mod","StSLib","The Animator","The Cursed","The Hierophant","The Servant 0.9.4"],"gold_per_floor":[113,113,131,146,171,205,205,218,243,12,27,46,67,105,105,105,105],"floor_reached":16,"language":"ENG","playtime":1906,"items_purged":[],"score":116,"play_id":"d4e63116-86ad-4dc7-ab18-1113e27a3cf8","local_time":"20210127231616","is_ascension_mode":false,"campfire_choices":[{"floor":15,"key":"REST"}],"circlet_count":0,"master_deck":["Strike_R","Strike_R","Strike_R","Strike_R","Strike_R","Defend_R","Defend_R","Defend_R","Defend_R","Bash","Pommel Strike","ReplayTheSpireMod:Limb From Limb+1","Combust","Pommel Strike","Second Wind","Clash+1","Dramatic Entrance","Iron Wave","Power Through","Clash","Rage"],"relics":["Burning Blood","Golden Idol","Blood Vial","Whetstone","MerchantsRug","King of Hearts"],"acts_visited":["Exordium"],"potions_floor_usage":[5,6],"damage_taken":[{"damage":1,"enemies":"Cultist","floor":1,"turns":3},{"damage":1,"enemies":"Jaw Worm","floor":3,"turns":3},{"damage":11,"enemies":"2 Louse","floor":4,"turns":2},{"damage":17,"enemies":"2 Fungi Beasts","floor":5,"turns":3},{"damage":20,"enemies":"Lagavulin","floor":6,"turns":4},{"damage":12,"enemies":"Exordium Wildlife","floor":8,"turns":4},{"damage":16,"enemies":"Exordium Thugs","floor":11,"turns":3},{"damage":5,"enemies":"Looter","floor":12,"turns":2},{"damage":6,"enemies":"Exordium Wildlife","floor":13,"turns":3},{"damage":10,"enemies":"Gremlin Nob","floor":14,"turns":4},{"damage":53,"enemies":"The Guardian","floor":16,"turns":8}],"seed_played":"4703877712602515594","potions_obtained":[{"floor":5,"key":"EntropicBrew"},{"floor":12,"key":"SpeedPotion"},{"floor":14,"key":"Adrenaline Potion"}],"is_trial":false,"path_per_floor":["M","?","M","M","M","E","?","M","T","$","M","M","M","E","R","B"],"character_chosen":"IRONCLAD","items_purchased":["Dramatic Entrance","MerchantsRug"],"campfire_rested":1,"item_purchase_floors":[10,10],"current_hp_per_floor":[80,60,65,60,49,35,35,31,31,31,23,26,28,26,50,0,0],"gold":105,"neow_bonus":"","is_daily":false,"chose_seed":false,"campfire_upgraded":0,"win_rate":0.0,"timestamp":1611807376,"path_taken":["M","?","M","M","M","E","?","M","T","$","M","M","M","E","R","BOSS"],"items_purchased_type":["Card","Relic"],"build_version":"2020-12-22","purchased_purges":0,"victory":false,"max_hp_per_floor":[80,80,80,80,80,80,80,80,80,80,80,80,80,80,80,80,80],"card_choices":[{"not_picked":["Anger","Flex"],"picked":"Pommel Strike","floor":1},{"not_picked":["Clash","Twin Strike"],"picked":"ReplayTheSpireMod:Limb From Limb","floor":3},{"not_picked":["Replay:Undeath\u0027s Touch","Defy Death"],"picked":"Combust","floor":4},{"not_picked":["Body Slam","Combust"],"picked":"Pommel Strike","floor":5},{"not_picked":["Burning Pact","Replay:Undeath\u0027s Touch"],"picked":"Second Wind","floor":6},{"not_picked":["ReplayTheSpireMod:LeadingStrike","Uppercut"],"picked":"Clash","floor":8},{"not_picked":["True Grit","Pommel Strike"],"picked":"Iron Wave","floor":11},{"not_picked":["Sword Boomerang","Twin Strike"],"picked":"Power Through","floor":12},{"not_picked":["Flame Barrier","Cleave"],"picked":"Clash","floor":13},{"not_picked":["Massacre","Flex"],"picked":"Rage","floor":14}],"player_experience":0,"relics_obtained":[{"floor":6,"key":"Blood Vial"},{"floor":9,"key":"Whetstone"},{"floor":14,"key":"King of Hearts"}],"event_choices":[{"damage_healed":0,"gold_gain":0,"player_choice":"Take Damage","damage_taken":20,"relics_obtained":["Golden Idol"],"max_hp_gain":0,"max_hp_loss":0,"event_name":"Golden Idol","floor":2,"gold_loss":0}],"is_beta":false,"boss_relics":[],"items_purged_floors":[],"is_endless":false,"potions_floor_spawned":[5,12,14],"killed_by":"The Guardian","ascension_level":0}}