{"host":"mnpd8gh7cwxsn5kh","time":1611869726,"event":{"mods":["BaseMod","Block Reminder","Colored Map","Colored Powertips","Highlight Path","Minty Spire (QoL Compilation)","Relic Sorter","Relic Stats"],"gold_per_floor":[99,99,99,99,99,99,99,99,99,99,99,99,99,99,99,99,99,99,99,99,99,99,99,99,99,99,99,99,99,0,0,0,0,0,0,0,0,0,0,0,0,0,0,0,0,0,0,0,0,0],"floor_reached":51,"language":"ENG","playtime":4572,"items_purged":[],"score":971,"play_id":"e96dffc4-262f-4969-99ac-e5d6d459b1d3","local_time":"20210128223526","is_ascension_mode":true,"campfire_choices":[{"data":"Zap","floor":6,"key":"SMITH"},{"floor":13,"key":"REST"},{"data":"Hello World","floor":15,"key":"SMITH"},{"floor":25,"key":"REST"},{"data":"Echo Form","floor":28,"key":"SMITH"},{"floor":32,"key":"REST"},{"floor":49,"key":"REST"}],"circlet_count":0,"master_deck":["Strike_B","Strike_B","Strike_B","Strike_B+1","Defend_B","Defend_B","Defend_B","Defend_B+1","Zap+1","Dualcast","Conserve Battery","Ball Lightning","Static Discharge","Hello World+1","Steam","Seek","Echo Form+1","Biased Cognition+1","Streamline","Consume","Chill","Biased Cognition","Cold Snap","Hologram+1","Rainbow+1","Redo","Conserve Battery+1","Thunder Strike","Seek","Apotheosis","Glacier","Defragment","Creative AI"],"relics":["Ectoplasm","Pear","Sundial","Strawberry","Question Card","Snecko Eye","Mercury Hourglass","Happy Flower","Bottled Lightning","InkBottle","Nuclear Battery","Pocketwatch","Incense Burner","Lantern","Gremlin Horn","Kunai","Mummified Hand"],"acts_visited":["Exordium","TheCity","TheBeyond"],"potions_floor_usage":[11,14,16,16,23,24,29,33,33,35,37,40,40,42,42,42,42,47,50,50,50],"damage_taken":[{"damage":7,"enemies":"Small Slimes","floor":1,"turns":4},{"damage":4,"enemies":"2 Louse","floor":4,"turns":3},{"damage":0,"enemies":"Jaw Worm","floor":8,"turns":3},{"damage":26,"enemies":"3 Sentries","floor":10,"turns":6},{"damage":4,"enemies":"3 Louse","floor":11,"turns":4},{"damage":18,"enemies":"Gremlin Nob","floor":12,"turns":4},{"damage":15,"enemies":"Lagavulin","floor":14,"turns":5},{"damage":13,"enemies":"Hexaghost","floor":16,"turns":6},{"damage":16,"enemies":"3 Byrds","floor":18,"turns":3},{"damage":10,"enemies":"Chosen","floor":21,"turns":6},{"damage":11,"enemies":"Snecko","floor":22,"turns":4},{"damage":41,"enemies":"Slavers","floor":23,"turns":6},{"damage":0,"enemies":"Centurion and Healer","floor":24,"turns":4},{"damage":0,"enemies":"Sentry and Sphere","floor":27,"turns":4},{"damage":2,"enemies":"Gremlin Leader","floor":29,"turns":5},{"damage":7,"enemies":"Slavers","floor":31,"turns":5},{"damage":18,"enemies":"Champ","floor":33,"turns":10},{"damage":0,"enemies":"3 Shapes","floor":35,"turns":4},{"damage":4,"enemies":"2 Orb Walkers","floor":37,"turns":5},{"damage":1,"enemies":"Orb Walker","floor":38,"turns":3},{"damage":35,"enemies":"Reptomancer","floor":40,"turns":5},{"damage":0,"enemies":"Maw","floor":41,"turns":5},{"damage":0,"enemies":"Nemesis","floor":42,"turns":9},{"damage":17,"enemies":"Giant Head","floor":45,"turns":7},{"damage":0,"enemies":"Spire Growth","floor":46,"turns":5},{"damage":0,"enemies":"Sphere and 2 Shapes","floor":47,"turns":4},{"damage":4,"enemies":"Donu and Deca","floor":50,"turns":6}],"seed_played":"1570598781982114259","potions_obtained":[{"floor":1,"key":"FearPotion"},{"floor":10,"key":"LiquidMemories"},{"floor":11,"key":"GamblersBrew"},{"floor":12,"key":"LiquidBronze"},{"floor":14,"key":"FearPotion"},{"floor":21,"key":"Strength Potion"},{"floor":22,"key":"ColorlessPotion"},{"floor":23,"key":"Regen Potion"},{"floor":24,"key":"EssenceOfSteel"},{"floor":27,"key":"LiquidBronze"},{"floor":33,"key":"EntropicBrew"},{"floor":37,"key":"LiquidMemories"},{"floor":40,"key":"FocusPotion"},{"floor":41,"key":"EntropicBrew"},{"floor":46,"key":"EntropicBrew"}],"is_trial":false,"path_per_floor":["M","?","?","M","?","R","?","M","T","E","M","E","R","E","R","B",null,"M","?","$","M","M","E","M","R","T","M","R","E","?","E","R","B",null,"M","?","?","M","?","E","M","E","T","?","E","M","M","T","R","B",null],"character_chosen":"DEFECT","items_purchased":[],"campfire_rested":4,"item_purchase_floors":[],"current_hp_per_floor":[68,68,53,49,49,49,49,49,59,33,29,18,45,30,30,17,92,76,76,76,66,55,14,23,50,50,50,50,48,48,41,68,50,92,92,87,83,82,82,47,47,62,62,62,45,45,45,45,71,67],"gold":0,"neow_bonus":"BOSS_RELIC","is_daily":false,"chose_seed":false,"campfire_upgraded":3,"win_rate":0.0,"timestamp":1611869726,"path_taken":["M","?","?","?","?","R","?","?","T","E","M","E","R","E","R","BOSS","M","?","$","?","M","E","M","R","T","M","R","E","?","E","R","BOSS","M","?","?","M","?","E","?","E","T","?","E","M","M","?","R","BOSS"],"items_purchased_type":[],"build_version":"2020-12-22","purchased_purges":0,"victory":true,"max_hp_per_floor":[75,75,75,75,75,75,75,75,85,85,85,92,92,92,92,92,92,92,92,92,92,92,92,92,92,92,92,92,92,92,92,92,92,92,92,87,87,87,87,87,87,87,87,87,87,87,87,87,87,87],"relic_stats":{"Happy Flower":[25],"Gremlin Horn":[3,3],"counters":[27,134],"Question Card":20,"Mercury Hourglass":[290],"Sundial":[18],"Mummified Hand":[21],"Snecko Eye":[168,180,164,186],"Ectoplasm":864,"Kunai":[5],"obtain_stats":[{"Lantern":42,"Pear":9,"Happy Flower":26,"Gremlin Horn":43,"Incense Burner":40,"Question Card":14,"Mercury Hourglass":23,"Nuclear Battery":34,"Sundial":10,"Mummified Hand":48,"Strawberry":12,"Snecko Eye":17,"Ectoplasm":0,"Bottled Lightning":29,"Kunai":45,"Cracked Core":0,"InkBottle":31,"Pocketwatch":37},{"Lantern":23,"Pear":3,"Happy Flower":13,"Gremlin Horn":23,"Incense Burner":21,"Question Card":7,"Mercury Hourglass":12,"Nuclear Battery":17,"Sundial":4,"Mummified Hand":26,"Strawberry":6,"Snecko Eye":8,"Ectoplasm":0,"Bottled Lightning":15,"Kunai":24,"Cracked Core":0,"InkBottle":16,"Pocketwatch":19},{"Lantern":112,"Pear":10,"Happy Flower":58,"Gremlin Horn":112,"Incense Burner":98,"Question Card":29,"Mercury Hourglass":54,"Nuclear Battery":81,"Sundial":16,"Mummified Hand":128,"Strawberry":24,"Snecko Eye":35,"Ectoplasm":0,"Bottled Lightning":67,"Kunai":119,"Cracked Core":0,"InkBottle":71,"Pocketwatch":90}],"InkBottle":[33],"Pocketwatch":[6]},"card_choices":[{"not_picked":["Chaos","Melter"],"picked":"Conserve Battery","floor":1},{"not_picked":["Barrage","Gash"],"picked":"Ball Lightning","floor":4},{"not_picked":["Leap","Storm"],"picked":"Static Discharge","floor":8},{"not_picked":["Scrape","Loop"],"picked":"Hello World","floor":10},{"not_picked":["Loop","Redo"],"picked":"Steam","floor":11},{"not_picked":["Hello World","Force Field"],"picked":"Seek","floor":12},{"not_picked":["Lockon","Barrage"],"picked":"Echo Form","floor":14},{"not_picked":["Electrodynamics","Hyperbeam","Echo Form"],"picked":"Biased Cognition","floor":16},{"not_picked":["Leap","Beam Cell","Go for the Eyes+1"],"picked":"Streamline","floor":18},{"not_picked":["Reprogram","Sweeping Beam","Beam Cell"],"picked":"Consume","floor":21},{"not_picked":["Fission","Go for the Eyes","Storm","Turbo"],"picked":"SKIP","floor":22},{"not_picked":["White Noise","Ball Lightning","Sunder"],"picked":"Chill","floor":23},{"not_picked":["Chill","Scrape","Redo","Heatsinks"],"picked":"SKIP","floor":24},{"not_picked":["Stack","Melter","Go for the Eyes"],"picked":"Biased Cognition","floor":27},{"not_picked":["Skim+1","Hologram","Sweeping Beam"],"picked":"Cold Snap","floor":29},{"not_picked":["Leap+1","Sunder","Aggregate"],"picked":"Hologram+1","floor":31},{"not_picked":["Seek","Meteor Strike","Multi-Cast"],"picked":"Rainbow","floor":33},{"not_picked":["Gash+1","Rebound+1","Scrape"],"picked":"Redo","floor":35},{"not_picked":["Leap","Redo","Fusion+1"],"picked":"Conserve Battery+1","floor":37},{"not_picked":["Go for the Eyes+1","Doom and Gloom+1","Rebound+1"],"picked":"Thunder Strike","floor":38},{"not_picked":["Sweeping Beam+1","Aggregate","Steam","Recycle+1"],"picked":"SKIP","floor":40},{"not_picked":["Melter+1","Go for the Eyes+1","Blizzard+1","Leap+1"],"picked":"SKIP","floor":41},{"not_picked":["Doom and Gloom+1","Hello World","Beam Cell"],"picked":"Seek","floor":42},{"not_picked":["Deep Breath","Purity","Violence"],"picked":"Apotheosis","floor":44},{"not_picked":["Chaos+1","Compile Driver","Force Field+1"],"picked":"Glacier","floor":45},{"not_picked":["Gash","Beam Cell+1","Cold Snap"],"picked":"Defragment","floor":46},{"not_picked":["Cold Snap+1","Skim+1","Fusion+1"],"picked":"Creative AI","floor":47}],"player_experience":150238,"relics_obtained":[{"floor":9,"key":"Pear"},{"floor":10,"key":"Sundial"},{"floor":12,"key":"Strawberry"},{"floor":14,"key":"Question Card"},{"floor":23,"key":"Mercury Hourglass"},{"floor":26,"key":"Happy Flower"},{"floor":29,"key":"Bottled Lightning"},{"floor":31,"key":"InkBottle"},{"floor":37,"key":"Pocketwatch"},{"floor":40,"key":"Incense Burner"},{"floor":42,"key":"Lantern"},{"floor":43,"key":"Gremlin Horn"},{"floor":45,"key":"Kunai"},{"floor":48,"key":"Mummified Hand"}],"event_choices":[{"damage_healed":0,"gold_gain":0,"player_choice":"Ignored","damage_taken":0,"max_hp_gain":0,"max_hp_loss":0,"event_name":"Liars Game","floor":2,"gold_loss":0},{"damage_healed":0,"gold_gain":0,"player_choice":"Entered Light","damage_taken":15,"max_hp_gain":0,"max_hp_loss":0,"event_name":"Shining Light","floor":3,"gold_loss":0,"cards_upgraded":["Strike_B","Defend_B"]},{"damage_healed":0,"gold_gain":0,"player_choice":"Fled","damage_taken":0,"max_hp_gain":0,"max_hp_loss":0,"event_name":"Scrap Ooze","floor":5,"gold_loss":0},{"damage_healed":0,"gold_gain":0,"player_choice":"Bought 0 Potions","damage_taken":0,"max_hp_gain":0,"max_hp_loss":0,"event_name":"The Woman in Blue","floor":7,"gold_loss":0},{"damage_healed":0,"gold_gain":0,"player_choice":"Forge","damage_taken":0,"max_hp_gain":0,"max_hp_loss":0,"event_name":"Accursed Blacksmith","floor":19,"gold_loss":0,"cards_upgraded":["Biased Cognition"]},{"damage_healed":0,"gold_gain":0,"player_choice":"Paid Fearfully","damage_taken":0,"max_hp_gain":0,"max_hp_loss":0,"event_name":"Masked Bandits","floor":30,"gold_loss":99},{"damage_healed":0,"gold_gain":0,"player_choice":"Max HP","damage_taken":0,"max_hp_gain":0,"max_hp_loss":5,"event_name":"Winding Halls","floor":36,"gold_loss":0},{"damage_healed":0,"gold_gain":0,"player_choice":"Fight","damage_taken":0,"max_hp_gain":0,"max_hp_loss":0,"event_name":"Mysterious Sphere","floor":37,"gold_loss":0},{"damage_healed":0,"gold_gain":0,"player_choice":"Upgraded","damage_taken":0,"max_hp_gain":0,"max_hp_loss":0,"event_name":"Upgrade Shrine","floor":39,"gold_loss":0,"cards_upgraded":["Rainbow"]},{"damage_healed":0,"gold_gain":0,"player_choice":"Memory 1","damage_taken":0,"max_hp_gain":0,"max_hp_loss":0,"event_name":"SensoryStone","floor":44,"gold_loss":0}],"is_beta":false,"boss_relics":[{"not_picked":["Pandora\u0027s Box","Calling Bell"],"picked":"Snecko Eye"},{"not_picked":["Philosopher\u0027s Stone","Astrolabe"],"picked":"Nuclear Battery"}],"items_purged_floors":[],"is_endless":false,"potions_floor_spawned":[1,10,11,12,14,21,22,23,24,27,33,37,40,41,46],"ascension_level":4}}