{"host":"a1eatafr7pisesky","time":1611822996,"event":{"mods":["AchievementEnabler","BaseMod","Colored Map","Keyboard Shortcuts","Minty Spire (QoL Compilation)","Say the Spire","StSLib","SuperFastMode","everything is the same but u backflip on backflip"],"gold_per_floor":[118,135,60,75,45,62,87,129,166,253,265,265],"floor_reached":11,"language":"KOR","playtime":203,"items_purged":["Strike_R"],"score":124,"play_id":"0126fac0-c200-46f8-b725-7104ef8f2062","local_time":"20210128173636","is_ascension_mode":true,"campfire_choices":[],"circlet_count":0,"master_deck":["AscendersBane","Strike_R","Strike_R","Strike_R","Strike_R","Defend_R","Defend_R","Defend_R","Defend_R","Bash","Body Slam","Burning Pact","Uppercut","Shockwave","Thunderclap"],"relics":["Burning Blood","MawBank","Strawberry","Art of War"],"acts_visited":["Exordium"],"potions_floor_usage":[],"damage_taken":[{"damage":1.0,"enemies":"Cultist","floor":1.0,"turns":3.0},{"damage":10.0,"enemies":"Small Slimes","floor":2.0,"turns":4.0},{"damage":21.0,"enemies":"2 Louse","floor":4.0,"turns":4.0},{"damage":12.0,"enemies":"2 Fungi Beasts","floor":6.0,"turns":4.0},{"damage":33.0,"enemies":"Gremlin Nob","floor":8.0,"turns":4.0},{"damage":7,"enemies":"3 Sentries","floor":11,"turns":2}],"seed_played":"-2739410299322159223","potions_obtained":[{"floor":1.0,"key":"GamblersBrew"},{"floor":5.0,"key":"SkillPotion"},{"floor":5.0,"key":"Strength Potion"}],"is_trial":false,"path_per_floor":["M","M","$","M","?","M","T","E","T","?","E"],"character_chosen":"IRONCLAD","items_purchased":[],"campfire_rested":0,"item_purchase_floors":[],"current_hp_per_floor":[80,76,76,61,61,55,55,35,35,24,17,17],"gold":265,"neow_bonus":"TEN_PERCENT_HP_BONUS","is_daily":false,"chose_seed":false,"campfire_upgraded":0,"win_rate":0.0,"timestamp":1611822996,"path_taken":["M","M","$","M","?","?","?","E","T","?","E"],"items_purchased_type":[],"build_version":"2020-12-22","purchased_purges":1,"victory":false,"max_hp_per_floor":[82,82,82,82,82,82,82,89,89,89,89,89],"card_choices":[{"not_picked":["Heavy Blade","Bloodletting"],"picked":"Body Slam","floor":1.0},{"not_picked":["Rampage","Heavy Blade"],"picked":"Burning Pact","floor":2.0},{"not_picked":["Hemokinesis","Cleave"],"picked":"Uppercut","floor":4.0},{"not_picked":["Warcry","Twin Strike"],"picked":"Shockwave","floor":6.0},{"not_picked":["Shrug It Off","Demon Form"],"picked":"Thunderclap","floor":8.0}],"player_experience":374545,"relics_obtained":[{"floor":7.0,"key":"MawBank"},{"floor":8.0,"key":"Strawberry"},{"floor":9.0,"key":"Art of War"}],"event_choices":[{"damage_healed":0.0,"max_hp_gain":0.0,"max_hp_loss":0.0,"gold_gain":0.0,"event_name":"The Woman in Blue","player_choice":"Bought 2 Potions","floor":5.0,"gold_loss":0.0,"damage_taken":0.0},{"damage_healed":0.0,"max_hp_gain":0.0,"max_hp_loss":0.0,"gold_gain":75.0,"event_name":"World of Goop","player_choice":"Gather Gold","floor":10.0,"gold_loss":0.0,"damage_taken":11.0}],"is_beta":false,"boss_relics":[],"items_purged_floors":[3],"is_endless":false,"potions_floor_spawned":[1],"killed_by":"3 Sentries","ascension_level":14}}