{"host":"clf2hd4adhiiw0zf","time":1611816049,"event":{"mods":["AchievementEnabler","BaseMod","Beaked The Cultist","Bestiary","Dark Map","Downfall","Gremlin Mod","Hermit","Jorbs\u0027s Wanderer Trilogy","Marisa????????","Minty Spire (QoL Compilation)","Shop Mod","StSLib","The Cursed","The Servant 0.9.4","Wide Potions"],"gold_per_floor":[99,115,115,131,148,163,163,63,93,93,109,109,136,136,148,244,244,144,162,162,219,319,319,319,319,372,424,440,500,500,500,515,617,617,617,677,688,688,688,355,382,449,349,363,380,209,209,232,272,272,272],"floor_reached":49,"language":"ENG","playtime":1674,"items_purged":["Wraith"],"score":578,"play_id":"c76dcc75-0b30-4c27-a6a6-0ffc5287f8c5","local_time":"20210127234049","is_ascension_mode":true,"campfire_choices":[{"floor":1.0,"key":"RECALL"},{"data":"bronze:HyperBeam","floor":8.0,"key":"SMITH"},{"data":"bronze:HyperBeam","floor":18.0,"key":"SMITH"},{"floor":25.0,"key":"REST"},{"floor":30.0,"key":"REST"},{"data":"bronze:BurnOut","floor":35.0,"key":"SMITH"},{"data":"expansioncontent:AwakenDeath","floor":43,"key":"SMITH"}],"circlet_count":0,"master_deck":["bronze:Strike+1","bronze:Strike","bronze:Strike","bronze:Defend","bronze:Defend","bronze:Defend","bronze:Defend","bronze:Replicate","bronze:Goto","bronze:HyperBeam+1","bronze:Branch+1","bronze:HyperBeam+1","bronze:ForLoop","bronze:ItsAFeature","bronze:Goto","bronze:HyperBeam+1","bronze:BurnOut+1","bronze:Turbo","bronze:Turbo","bronze:Shield","downfall:Bewildered","bronze:Repair+1","bronze:Shield+1","expansioncontent:AwakenDeath+1","bronze:Turbo+1","bronze:BuggyMess+1","Enlightenment+1"],"relics":["bronze:PlatinumCore","Matryoshka","downfall:HeartBlessingRed","Pear","downfall:HeartBlessingGreen","downfall:KnowingSkull","Pocketwatch","Bottled Flame","sneckomod:BabySnecko","Toxic Egg 2","downfall:RedIOU","Velvet Choker","Whetstone","Bag of Preparation","downfall:HeartBlessingBlue","PreservedInsect"],"acts_visited":["Exordium","TheCity","TheBeyond"],"potions_floor_usage":[45,45],"damage_taken":[{"damage":7.0,"enemies":"Small Slimes","floor":2.0,"turns":5.0},{"damage":1.0,"enemies":"Cultist","floor":4.0,"turns":4.0},{"damage":2.0,"enemies":"2 Louse","floor":5.0,"turns":4.0},{"damage":0.0,"enemies":"Large Slime","floor":6.0,"turns":4.0},{"damage":18.0,"enemies":"3 Sentries","floor":9.0,"turns":5.0},{"damage":6.0,"enemies":"Exordium Wildlife","floor":11.0,"turns":3.0},{"damage":15.0,"enemies":"Lagavulin","floor":13.0,"turns":7.0},{"damage":2.0,"enemies":"Exordium Thugs","floor":15.0,"turns":3.0},{"damage":24.0,"enemies":"WA_ARCHETYPE_RETAIN","floor":16.0,"turns":7.0},{"damage":12.0,"enemies":"Spheric Guardian","floor":19.0,"turns":5.0},{"damage":21.0,"enemies":"Shell Parasite","floor":21.0,"turns":5.0},{"damage":29.0,"enemies":"DF_ARCHETYPE_STREAMLINE","floor":22.0,"turns":6.0},{"damage":15.0,"enemies":"3 Cultists","floor":26.0,"turns":3.0},{"damage":24.0,"enemies":"Sentry and Sphere","floor":27.0,"turns":4.0},{"damage":0.0,"enemies":"Cultist and Chosen","floor":28.0,"turns":3.0},{"damage":5.0,"enemies":"Snecko","floor":29.0,"turns":3.0},{"damage":0.0,"enemies":"Snake Plant","floor":32.0,"turns":3.0},{"damage":23.0,"enemies":"IC_MUSHROOM_ARCHETYPE","floor":33.0,"turns":5.0},{"damage":12.0,"enemies":"Orb Walker","floor":36.0,"turns":3.0},{"damage":15.0,"enemies":"3 Darklings","floor":37.0,"turns":3.0},{"damage":50,"enemies":"Nemesis","floor":42,"turns":5},{"damage":8,"enemies":"4 Shapes","floor":44,"turns":3},{"damage":5,"enemies":"Jaw Worm Horde","floor":45,"turns":2},{"damage":8,"enemies":"downfall:FleeingMerchant","floor":46,"turns":4},{"damage":55,"enemies":"Transient","floor":49,"turns":4}],"seed_played":"-652350633551082599","potions_obtained":[{"floor":4.0,"key":"Ancient Potion"},{"floor":11.0,"key":"bronze:BurnAndBuffPotion"},{"floor":16.0,"key":"SpeedPotion"},{"floor":19.0,"key":"GamblersBrew"},{"floor":27.0,"key":"GamblersBrew"},{"floor":28.0,"key":"Swift Potion"},{"floor":29.0,"key":"DuplicationPotion"},{"floor":37.0,"key":"SteroidPotion"}],"is_trial":false,"path_per_floor":["R","M","?","M","M","M","T","R","E","?","M","?","E","?","M","B",null,"R","M","?","M","?","?","T","R","M","M","M","M","R","?","M","B",null,"R","M","M","?","?","?","T","E","R","M","M","$","?","T","M"],"character_chosen":"THE_AUTOMATON","items_purchased":["Enlightenment+1"],"campfire_rested":2,"item_purchase_floors":[46],"current_hp_per_floor":[70,63,63,62,60,60,60,60,52,52,46,51,36,36,34,10,85,85,73,66,45,16,16,16,41,26,12,12,7,32,32,42,29,85,85,73,58,58,58,96,96,56,66,58,53,45,45,45,0,0,0],"gold":272,"neow_bonus":"ONE_RANDOM_RARE_CARD","is_daily":false,"chose_seed":false,"campfire_upgraded":4,"win_rate":0.0,"timestamp":1611816049,"path_taken":["R","M","?","?","M","?","T","R","E","?","M","?","E","?","M","BOSS","R","M","?","?","?","?","T","R","M","M","M","M","R","?","M","BOSS","R","M","M","?","?","?","T","E","R","M","M","$","?","?","M"],"items_purchased_type":["Card"],"build_version":"2020-12-22","purchased_purges":1,"victory":false,"max_hp_per_floor":[70,70,70,70,70,70,70,70,80,80,80,85,85,85,85,85,85,85,85,85,85,85,85,85,85,85,85,85,85,85,85,85,85,85,85,85,85,85,85,96,96,96,106,106,106,106,106,106,106,106,106],"card_choices":[{"not_picked":["bronze:FineTuning","bronze:Invalidate"],"picked":"bronze:Branch","floor":2.0},{"not_picked":["bronze:CutThrough","bronze:Branch"],"picked":"bronze:ForLoop","floor":4.0},{"not_picked":["bronze:NullPointer","bronze:CutThrough"],"picked":"bronze:ItsAFeature","floor":5.0},{"not_picked":["bronze:Overheat","bronze:Separator"],"picked":"bronze:ItsAFeature","floor":6.0},{"not_picked":["bronze:CutThrough","bronze:NullPointer","bronze:Turbo"],"picked":"SKIP","floor":9.0},{"not_picked":["bronze:DelayedGuard","bronze:CutThrough","bronze:Constructor"],"picked":"SKIP","floor":11.0},{"not_picked":["bronze:Philosophize","bronze:BronzeArmor","bronze:Repulsor"],"picked":"SKIP","floor":13.0},{"not_picked":["bronze:DigitalCarnage","bronze:Turbo"],"picked":"bronze:HyperBeam","floor":15.0},{"not_picked":["bronze:Break","bronze:ThunderWave"],"picked":"bronze:BurnOut","floor":16.0},{"not_picked":["bronze:Shield+1","bronze:Separator+1"],"picked":"bronze:Turbo","floor":19.0},{"not_picked":["bronze:ForceShield","bronze:DelayedGuard"],"picked":"bronze:Turbo","floor":21.0},{"not_picked":["bronze:Deprecate+1","bronze:DelayedSlice"],"picked":"bronze:Shield","floor":22.0},{"not_picked":["bronze:CutThrough","bronze:Boost+1"],"picked":"bronze:Repair+1","floor":26.0},{"not_picked":["bronze:Repulsor","bronze:Backtrace","bronze:ChosenStrike"],"picked":"SKIP","floor":27.0},{"not_picked":["bronze:Overload+1","bronze:FineTuning+1","bronze:CutThrough+1"],"picked":"SKIP","floor":28.0},{"not_picked":["bronze:BronzeOrb","bronze:DigitalCarnage+1"],"picked":"bronze:Shield+1","floor":29.0},{"not_picked":["bronze:ThunderWave","bronze:Overheat+1","bronze:WhirlingStrike+1"],"picked":"SKIP","floor":32.0},{"not_picked":["bronze:Overheat+1","bronze:Branch+1","bronze:DelayedSlice+1"],"picked":"SKIP","floor":36.0},{"not_picked":["bronze:WhirlingStrike+1","bronze:ItsAFeature+1","bronze:Branch"],"picked":"SKIP","floor":37.0},{"not_picked":["expansioncontent:InvincibleStrength","expansioncontent:GuardianWhirl"],"picked":"expansioncontent:AwakenDeath","floor":39.0},{"not_picked":["bronze:OilSpill","bronze:HardenedForm","bronze:WildBeam"],"picked":"SKIP","floor":42},{"not_picked":["bronze:FineTuning+1","bronze:Shield+1"],"picked":"bronze:Turbo+1","floor":44},{"not_picked":["bronze:Deprecate+1","bronze:Optimize","bronze:FineTuning+1"],"picked":"SKIP","floor":45},{"not_picked":["bronze:DelayedGuard+1","bronze:Optimize+1"],"picked":"bronze:BuggyMess+1","floor":46}],"player_experience":141890,"relics_obtained":[{"floor":7.0,"key":"Matryoshka"},{"floor":9.0,"key":"Pear"},{"floor":13.0,"key":"Anchor"},{"floor":22.0,"key":"Pocketwatch"},{"floor":22.0,"key":"Bottled Flame"},{"floor":24.0,"key":"Toxic Egg 2"},{"floor":41.0,"key":"Whetstone"},{"floor":42,"key":"Bag of Preparation"},{"floor":48,"key":"PreservedInsect"}],"event_choices":[{"damage_healed":0.0,"max_hp_gain":5.0,"max_hp_loss":0.0,"gold_gain":0.0,"event_name":"Big Fish","player_choice":"Donut","floor":12.0,"gold_loss":0.0,"damage_taken":0.0},{"damage_healed":0.0,"max_hp_gain":0.0,"max_hp_loss":0.0,"gold_gain":0.0,"event_name":"Living Wall","player_choice":"Grow","floor":14.0,"gold_loss":0.0,"damage_taken":0.0,"cards_upgraded":["bronze:HyperBeam"]},{"damage_healed":0.0,"max_hp_gain":0.0,"max_hp_loss":0.0,"gold_gain":0.0,"event_name":"OrinTheCat","player_choice":"Ignored","floor":38.0,"gold_loss":0.0,"damage_taken":0.0},{"cards_removed":["bronze:ItsAFeature"],"damage_healed":0,"gold_gain":0,"player_choice":"Removed Power","damage_taken":0,"max_hp_gain":0,"max_hp_loss":0,"event_name":"Falling","floor":47,"gold_loss":0}],"is_beta":false,"boss_relics":[{"not_picked":["Tiny House","Runic Pyramid"],"picked":"bronze:PlatinumCore"},{"not_picked":["Pandora\u0027s Box","beaked:MawFillet"],"picked":"Velvet Choker"}],"items_purged_floors":[46],"is_endless":false,"potions_floor_spawned":[4,11,15,16,19,21,27,28,29,37,45],"killed_by":"Transient","ascension_level":1}}