{"host":"r53pw7z744tg3fxg","time":1611850580,"event":{"mods":["AchievementEnabler","BaseMod","Colored Map","Colored Powertips","Highlight Path","Minty Spire (QoL Compilation)","Quick Restart","Transform Curses"],"gold_per_floor":[109,128,145,30,40,68,78,110,110,110,160,71,85,112,112,183,183,199,33,46,62,62,62,73,73,73],"floor_reached":25,"language":"ENG","playtime":1234,"items_purged":[],"score":463,"play_id":"bdbee774-2457-436d-bad4-290c5f79297f","local_time":"20210128091620","is_ascension_mode":true,"campfire_choices":[{"data":"Eruption","floor":10.0,"key":"SMITH"},{"data":"ForeignInfluence","floor":15.0,"key":"SMITH"},{"floor":23,"key":"REST"}],"circlet_count":0,"master_deck":["AscendersBane","Strike_P+1","Strike_P","Strike_P+1","Strike_P","Defend_P","Defend_P","Defend_P","Defend_P","Eruption+1","Vigilance","LikeWater","WheelKick","EmptyBody","BattleHymn","ForeignInfluence+1","FlurryOfBlows","BowlingBash+1","Prostrate","Sanctity","MasterReality","Prostrate","LessonLearned+1","DeusExMachina","CurseOfTheBell","DeceiveReality","FollowUp","Shame"],"relics":["PureWater","Akabeko","Anchor","Boot","Bird Faced Urn","Bottled Lightning","Calling Bell","Bronze Scales","Ornamental Fan","Calipers","Whetstone","Gambling Chip"],"acts_visited":["Exordium","TheCity"],"potions_floor_usage":[24],"damage_taken":[{"damage":0.0,"enemies":"Small Slimes","floor":1.0,"turns":2.0},{"damage":0.0,"enemies":"Cultist","floor":2.0,"turns":2.0},{"damage":0.0,"enemies":"Jaw Worm","floor":3.0,"turns":4.0},{"damage":9.0,"enemies":"Gremlin Gang","floor":5.0,"turns":5.0},{"damage":12.0,"enemies":"Lagavulin","floor":6.0,"turns":6.0},{"damage":0.0,"enemies":"Lots of Slimes","floor":7.0,"turns":3.0},{"damage":2.0,"enemies":"3 Sentries","floor":8.0,"turns":4.0},{"damage":7.0,"enemies":"Looter","floor":13.0,"turns":3.0},{"damage":0.0,"enemies":"Lagavulin","floor":14.0,"turns":3.0},{"damage":5.0,"enemies":"The Guardian","floor":16.0,"turns":8.0},{"damage":1.0,"enemies":"2 Thieves","floor":18.0,"turns":4.0},{"damage":11.0,"enemies":"Spheric Guardian","floor":20.0,"turns":4.0},{"damage":17,"enemies":"Shelled Parasite and Fungi","floor":21,"turns":8},{"damage":10,"enemies":"3 Cultists","floor":24,"turns":4},{"damage":66,"enemies":"Gremlin Leader","floor":25,"turns":6}],"seed_played":"7967386212175915755","potions_obtained":[{"floor":1.0,"key":"Fire Potion"},{"floor":3.0,"key":"Fire Potion"},{"floor":5.0,"key":"Regen Potion"},{"floor":13.0,"key":"Explosive Potion"},{"floor":16.0,"key":"DistilledChaos"}],"is_trial":false,"path_per_floor":["M","M","M","$","M","E","M","E","T","R","?","$","M","E","R","B",null,"M","$","M","M","?","R","M","E"],"character_chosen":"WATCHER","items_purchased":["BattleHymn","ForeignInfluence","MasterReality","Whetstone"],"campfire_rested":1,"item_purchase_floors":[4,4,12,19],"current_hp_per_floor":[61,61,61,61,52,55,55,53,53,53,53,53,52,54,54,55,65,67,67,57,46,46,66,58,0,0],"gold":73,"neow_bonus":"RANDOM_COMMON_RELIC","is_daily":false,"chose_seed":false,"campfire_upgraded":2,"win_rate":0.0,"timestamp":1611850580,"path_taken":["M","M","M","$","M","E","M","E","T","R","?","$","M","E","R","BOSS","M","$","M","M","?","R","M","E"],"items_purchased_type":["Card","Card","Card","Relic"],"build_version":"2020-12-22","purchased_purges":0,"victory":false,"max_hp_per_floor":[68,68,68,68,68,68,68,68,68,68,68,68,68,68,68,68,68,68,68,68,68,68,68,68,68,68],"card_choices":[{"not_picked":["EmptyMind","InnerPeace"],"picked":"LikeWater","floor":1.0},{"not_picked":["Fasting2","CrushJoints"],"picked":"WheelKick","floor":2.0},{"not_picked":["Meditate","LikeWater"],"picked":"EmptyBody","floor":3.0},{"not_picked":["Perseverance","Collect"],"picked":"FlurryOfBlows","floor":5.0},{"not_picked":["Meditate","Adaptation"],"picked":"BowlingBash","floor":6.0},{"not_picked":["Fasting2","Blasphemy"],"picked":"Prostrate","floor":7.0},{"not_picked":["PathToVictory","Weave"],"picked":"Sanctity","floor":8.0},{"not_picked":["Protect","SashWhip"],"picked":"Prostrate","floor":13.0},{"not_picked":["CrushJoints","Indignation"],"picked":"LessonLearned","floor":14.0},{"not_picked":["MasterReality","Alpha"],"picked":"DeusExMachina","floor":16.0},{"not_picked":["EmptyFist","CutThroughFate"],"picked":"DeceiveReality","floor":18.0},{"not_picked":["CutThroughFate","Halt","JustLucky"],"picked":"SKIP","floor":20.0},{"not_picked":["Nirvana","Halt"],"picked":"FollowUp","floor":21},{"not_picked":["Halt","EmptyMind","Protect"],"picked":"SKIP","floor":24}],"player_experience":1375628,"relics_obtained":[{"floor":6.0,"key":"Anchor"},{"floor":8.0,"key":"Boot"},{"floor":9.0,"key":"Bird Faced Urn"},{"floor":14.0,"key":"Bottled Lightning"},{"floor":17.0,"key":"Bronze Scales"},{"floor":17.0,"key":"Ornamental Fan"},{"floor":17.0,"key":"Calipers"}],"event_choices":[{"damage_healed":0.0,"max_hp_gain":0.0,"max_hp_loss":0.0,"gold_gain":50.0,"event_name":"Golden Shrine","player_choice":"Pray","floor":11.0,"gold_loss":0.0,"damage_taken":0.0},{"damage_healed":0,"gold_gain":0,"player_choice":"Stole Relic","damage_taken":0,"relics_obtained":["Gambling Chip"],"max_hp_gain":0,"max_hp_loss":0,"event_name":"Addict","floor":22,"gold_loss":0,"cards_obtained":["Shame"]}],"is_beta":false,"boss_relics":[{"not_picked":["Velvet Choker","Snecko Eye"],"picked":"Calling Bell"}],"items_purged_floors":[],"is_endless":false,"potions_floor_spawned":[1,3,5,13,16,18],"killed_by":"Gremlin Leader","ascension_level":17}}