{"host":"350rh84kbmtekt58","time":1611827629,"event":{"mods":["AchievementEnabler","Act Like it!","BaseMod","Better Synergies","Block Reminder","CapriCore","Challenge The Spire","Colored Map","Colored Powertips","Communication Mod","Downfall","Energized Spire","Friendly Minions","GifTheSpireLib","Highlight Path","Minty Spire (QoL Compilation)","Quick Restart","Replay The Spire","Shop Mod","StSLib","The Animator","The Disciple","The Immortal","The Marked","The Runesmith","The Servant 0.9.4","The Wild Card","Transform Curses","yUi"],"gold_per_floor":[708,60,88,123,148,148,30,30,64,95,120,70,70,70,105,131,158,183],"floor_reached":19,"language":"ENG","playtime":1587,"items_purged":[],"score":605,"play_id":"c8ecd4fc-f73e-4670-b69d-2451bd18050b","local_time":"20210128035349","daily_mods":["challengethespire:Silver Difficulty","challengethespire:Elite Rush","Uncertain Future"],"is_ascension_mode":true,"campfire_choices":[{"floor":8,"key":"REST"},{"floor":13,"key":"REST"},{"data":"DevaForm","floor":14,"key":"SMITH"}],"circlet_count":0,"master_deck":["AscendersBane","Strike_P","Strike_P","Strike_P","Strike_P","Defend_P+1","Defend_P","Defend_P","Defend_P","Eruption","Vigilance","LikeWater","WheelKick","Replay:Vibes","EmptyFist","ConjureBlade+1","Replay:Battleflow","DeusExMachina","ForeignInfluence","DevaForm+1","Strike_P","ThirdEye","CurseOfTheBell","Wish","Nirvana","Replay:LoomingThreat"],"relics":["PureWater","Black Star","Sling","PreservedInsect","Damaru","Chemical X","Akabeko","Slimebound:PreparedRelic","ReplayTheSpireMod:Lightbulb","Replay:Baseball","bronze:BronzeIdol","Anchor","The Courier","StrikeDummy","expansioncontent:StudyCardRelic","hexamod:BolsterEngine","Thread and Needle","Slimebound:StickyStick","War Paint","Gambling Chip","Pen Nib","Runesmith:AutoHammer","Replay:Grab Bag","energizedSpire:HugeHouse","energizedSpire:CursedPentagram","Calling Bell","Boot","Pear","FossilizedHelix","MealTicket","sneckomod:BlankCard","Mummified Hand","Replay:Wax Seal","Replay:Ringing Soul","Art of War","Bag of Marbles","Frozen Egg 2"],"acts_visited":["Exordium"],"potions_floor_usage":[5,15,17,18],"damage_taken":[{"damage":20,"enemies":"Gremlin Nob","floor":3,"turns":4},{"damage":15,"enemies":"3 Sentries","floor":4,"turns":4},{"damage":0,"enemies":"Lagavulin","floor":5,"turns":4},{"damage":8,"enemies":"Book of Stabbing","floor":9,"turns":3},{"damage":14,"enemies":"Slavers","floor":10,"turns":2},{"damage":0,"enemies":"Gremlin Leader","floor":11,"turns":2},{"damage":9,"enemies":"Reptomancer","floor":15,"turns":5},{"damage":0,"enemies":"Giant Head","floor":16,"turns":5},{"damage":10,"enemies":"Nemesis","floor":17,"turns":5},{"damage":40,"enemies":"Shield and Spear","floor":18,"turns":4}],"seed_played":"-1608690700501114037","potions_obtained":[{"floor":4,"key":"StancePotion"},{"floor":10,"key":"bronze:BurnAndBuffPotion"},{"floor":11,"key":"Strength Potion"},{"floor":15,"key":"Energy Potion"},{"floor":17,"key":"Cursed Concoction"},{"floor":18,"key":"Fruit Juice"}],"is_trial":true,"path_per_floor":["$","$","E","E","E","T","$","R","E","E","E","T","R","R","E","E","E","E",null],"character_chosen":"WATCHER","items_purchased":["Damaru","Chemical X","Akabeko","Slimebound:PreparedRelic","LikeWater","WheelKick","Replay:Vibes","EmptyFist","hexamod:BolsterEngine"],"campfire_rested":2,"item_purchase_floors":[1,1,2,2,2,2,2,2,7],"current_hp_per_floor":[65,65,45,30,30,30,30,51,43,29,29,39,62,62,53,53,46,6],"gold":183,"neow_bonus":"","is_daily":false,"chose_seed":false,"campfire_upgraded":1,"win_rate":0.0,"timestamp":1611827629,"path_taken":["$","$","E","E","E","T","$","R","E","E","E","T","R","R","E","E","E","E"],"items_purchased_type":["Relic","Relic","Relic","Relic","Card","Card","Card","Card","Relic"],"build_version":"2020-12-22","purchased_purges":0,"victory":true,"max_hp_per_floor":[72,72,72,72,72,72,72,72,72,72,72,77,77,77,77,77,80,80],"card_choices":[],"player_experience":199617,"relics_obtained":[{"floor":3,"key":"ReplayTheSpireMod:Lightbulb"},{"floor":3,"key":"Replay:Baseball"},{"floor":4,"key":"bronze:BronzeIdol"},{"floor":4,"key":"Anchor"},{"floor":5,"key":"The Courier"},{"floor":5,"key":"StrikeDummy"},{"floor":9,"key":"Thread and Needle"},{"floor":9,"key":"Slimebound:StickyStick"},{"floor":10,"key":"War Paint"},{"floor":10,"key":"Gambling Chip"},{"floor":11,"key":"Pen Nib"},{"floor":11,"key":"Runesmith:AutoHammer"},{"floor":12,"key":"Boot"},{"floor":12,"key":"Pear"},{"floor":12,"key":"FossilizedHelix"},{"floor":15,"key":"MealTicket"},{"floor":15,"key":"sneckomod:BlankCard"},{"floor":16,"key":"Mummified Hand"},{"floor":16,"key":"Replay:Wax Seal"},{"floor":17,"key":"Replay:Ringing Soul"},{"floor":17,"key":"Art of War"},{"floor":18,"key":"Bag of Marbles"},{"floor":18,"key":"Frozen Egg 2"}],"event_choices":[],"is_beta":false,"boss_relics":[{"not_picked":["energizedSpire:MagnifyingGlass","ReplayTheSpireMod:DimensionalGlitch"],"picked":"expansioncontent:StudyCardRelic"},{"not_picked":["energizedSpire:OgreHead","Philosopher\u0027s Stone"],"picked":"Replay:Grab Bag"},{"not_picked":["energizedSpire:EnergizedDie","energizedSpire:RedRose"],"picked":"energizedSpire:HugeHouse"},{"not_picked":["energizedSpire:DeadBattery","Replay:Wanted Poster"],"picked":"energizedSpire:CursedPentagram"},{"not_picked":["SlaversCollar","Empty Cage"],"picked":"Calling Bell"}],"items_purged_floors":[],"is_endless":false,"potions_floor_spawned":[4,10,11,15,17,18],"ascension_level":10}}