{"host":"95ip98gf8c4vrv08","time":1611828691,"event":{"mods":["100% Spire Juice","ATMod(??Mod)","Arknights The Spire","BaseMod","Lobotomy","LobotomyExtend","Minty Spire (QoL Compilation)","Quick Restart","Reimu??????","Relic Stats","Reliquary","Replay The Spire","Spicy Shops","StSLib","The Bug Knight","??????REMEMod","????"],"gold_per_floor":[111,129,146,172,183,183,183,195,220,233,8,8,34,50,50,147,147,159,99,113,38,55,81,81,81],"floor_reached":24,"language":"ZHS","playtime":1078,"items_purged":["ats:Sashimi Platter"],"score":345,"play_id":"5c75f559-79c7-4f3a-8a83-4cd3f6dc6426","local_time":"20210128181131","daily_mods":["Specialized","Heirloom","Time Dilation","Flight"],"is_ascension_mode":false,"campfire_choices":[{"data":"AT_LightSaberMaster","floor":6,"key":"SMITH"},{"data":"ats:Defend","floor":7,"key":"SMITH"},{"data":"ats:Emotion Absorption","floor":12,"key":"SMITH"},{"data":"ats:Literary Storm","floor":15,"key":"SMITH"}],"circlet_count":0,"master_deck":["ats:Strike C","ats:Strike G","ats:Strike S","ats:Strike V","ats:Armor Crushing Shot","ats:Defend","ats:Defend+1","ats:Defend","ats:Defend","ats:Emotion Absorption+1","ats:Poison Spread","ats:Poison Spread","ats:Poison Spread","ats:Poison Spread","ats:Poison Spread","AT_LightSaberMaster+1","AT_WaterDrop","ats:Assault Order","ats:Chain Hook","ats:Closed Bolt Burst Fire","ats:Guard Mode","ats:True Silver Slash","ats:Part Time Job","ats:Thermite Blade","ats:Closed Bolt Burst Fire","ats:True Silver Slash","ats:True Silver Slash","ats:Literary Storm+1","ats:Revitalization","ats:Rat Pack","Clumsy","Sickly","Spreading Infection","ats:Thermite Blade","ats:Revitalization","Spreading Infection","ats:Thorns","ats:Blood Oath"],"relics":["ats:Sanity","REME_ComplimentaryCards","AT_ATBox","replay:Trail_Library","Ice Cream","LetterFromLob","AT_EbonyIvory","REME_HandOfSuture","ats:Originium","BranchBurnRelic","Replay:Ancient Bell","AT_BellDemon","Meat on the Bone","Shovel","Replay:WaspNest","Centennial Puzzle","Regal Pillow","Replay:Towering Pillar of Hats","reliquary:SilkGlove"],"acts_visited":["Exordium","TheCity"],"potions_floor_usage":[5,13,13,22],"damage_taken":[{"damage":0,"enemies":"Cultist","floor":1,"turns":3},{"damage":12,"enemies":"Small Slimes","floor":2,"turns":3},{"damage":2,"enemies":"2 Louse","floor":3,"turns":2},{"damage":6,"enemies":"Large Slime","floor":5,"turns":3},{"damage":2,"enemies":"Red Slaver","floor":8,"turns":3},{"damage":5,"enemies":"Looter","floor":10,"turns":2},{"damage":0,"enemies":"Gremlin Nob","floor":13,"turns":2},{"damage":0,"enemies":"Exordium Thugs","floor":14,"turns":3},{"damage":0,"enemies":"Slime Boss","floor":16,"turns":6},{"damage":20,"enemies":"Spheric Guardian","floor":18,"turns":4},{"damage":15,"enemies":"Chosen","floor":20,"turns":3},{"damage":14,"enemies":"Centurion and Healer","floor":22,"turns":7},{"damage":73,"enemies":"HollowMod:Nosk","floor":23,"turns":7},{"damage":39,"enemies":"REME_1_Revenger","floor":24,"turns":2}],"seed_played":"6253944245428833584","potions_obtained":[{"floor":1,"key":"Regen Potion"},{"floor":5,"key":"CultistPotion"},{"floor":8,"key":"Strength Potion"},{"floor":16,"key":"Venom Potion"},{"floor":22,"key":"Fruit Juice"},{"floor":23,"key":"GrandPatriotsElixir:ReiMu"}],"is_trial":true,"path_per_floor":["M","M","M","T","M","R","R","M","T","M","$","R","E","M","R","B",null,"M","?","M","?","M","E","E"],"character_chosen":"DOCTOR_CLASS","items_purchased":["ats:Closed Bolt Burst Fire","ats:True Silver Slash"],"campfire_rested":0,"item_purchase_floors":[11,11],"current_hp_per_floor":[72,60,58,58,61,61,61,59,59,54,54,54,57,57,57,72,72,54,54,44,44,68,29,0,0],"gold":81,"neow_bonus":"","is_daily":false,"chose_seed":false,"campfire_upgraded":4,"win_rate":0.0,"timestamp":1611828691,"path_taken":["M","M","?","?","M","R","R","M","T","?","$","R","E","M","R","BOSS","M","?","M","?","M","E","E"],"items_purchased_type":["Card","Card"],"build_version":"2020-12-22","purchased_purges":1,"victory":false,"max_hp_per_floor":[72,72,72,72,72,72,72,72,72,72,72,72,72,72,72,72,72,72,72,72,72,77,77,77,77],"relic_stats":{"Centennial Puzzle":[9],"Regal Pillow":0,"Shovel":0,"counters":[14,50],"obtain_stats":[{"Ice Cream":0,"AT_BellDemon":17,"Regal Pillow":22,"AT_ATBox":0,"reliquary:SilkGlove":23,"Replay:Towering Pillar of Hats":23,"Dead Branch":13,"AT_EbonyIvory":4,"Replay:WaspNest":18,"Replay:Ancient Bell":17,"BranchBurnRelic":15,"Centennial Puzzle":20,"Shovel":17,"ats:Originium":13,"REME_HandOfSuture":9,"LetterFromLob":1,"ats:Sanity":0,"REME_ComplimentaryCards":0,"replay:Trail_Library":0,"Meat on the Bone":17},{"Ice Cream":0,"AT_BellDemon":9,"Regal Pillow":12,"AT_ATBox":0,"reliquary:SilkGlove":13,"Replay:Towering Pillar of Hats":13,"Dead Branch":7,"AT_EbonyIvory":3,"Replay:WaspNest":10,"Replay:Ancient Bell":9,"BranchBurnRelic":8,"Centennial Puzzle":11,"Shovel":9,"ats:Originium":7,"REME_HandOfSuture":5,"LetterFromLob":1,"ats:Sanity":0,"REME_ComplimentaryCards":0,"replay:Trail_Library":0,"Meat on the Bone":9},{"Ice Cream":0,"AT_BellDemon":27,"Regal Pillow":41,"AT_ATBox":0,"reliquary:SilkGlove":48,"Replay:Towering Pillar of Hats":48,"Dead Branch":18,"AT_EbonyIvory":8,"Replay:WaspNest":31,"Replay:Ancient Bell":27,"BranchBurnRelic":21,"Centennial Puzzle":34,"Shovel":27,"ats:Originium":18,"REME_HandOfSuture":14,"LetterFromLob":3,"ats:Sanity":0,"REME_ComplimentaryCards":0,"replay:Trail_Library":0,"Meat on the Bone":27}],"Meat on the Bone":12},"card_choices":[{"not_picked":["ats:Explosion Area Strengthen","ats:Powerful Strike"],"picked":"ats:Assault Order","floor":1},{"not_picked":["ats:Demon Strength","ats:Hammer On"],"picked":"ats:Chain Hook","floor":2},{"not_picked":["ats:Curse Doll","ats:Sunburst"],"picked":"ats:Closed Bolt Burst Fire","floor":3},{"not_picked":["ats:Blood Oath","ats:Explosion Area Strengthen"],"picked":"ats:Guard Mode","floor":5},{"not_picked":["ats:Blood Oath","ats:Consecutive Shot Auto"],"picked":"ats:Part Time Job","floor":8},{"not_picked":["ats:Consecutive Shot Auto","ats:Powerful Strike"],"picked":"ats:Thermite Blade","floor":10},{"not_picked":["ats:Soul Absorption","ats:Assault Order"],"picked":"ats:Literary Storm","floor":13},{"not_picked":["ats:Leaping Hammer","ats:Poison Spread"],"picked":"ats:Revitalization","floor":14},{"not_picked":["ats:Dogmatic Field","ats:Nebulous Foxfire"],"picked":"ats:Rat Pack","floor":16},{"not_picked":["Injury","Amnesia"],"picked":"Clumsy","floor":17},{"not_picked":["AbeCurse","ReplayTheSpireMod:Splinters"],"picked":"Sickly","floor":17},{"not_picked":["Amnesia","ReplayTheSpireMod:Restless Dread"],"picked":"Spreading Infection","floor":17},{"not_picked":["ats:Rapid Magazine","ats:Literary Storm"],"picked":"ats:Thermite Blade","floor":18},{"not_picked":["ats:Ignite+1","ats:Directed Diagnosis"],"picked":"ats:Revitalization","floor":20},{"not_picked":["ats:Charging Defense+1","ats:Ignite"],"picked":"ats:Thorns","floor":22},{"not_picked":["ats:Very Hot Blade+1","ats:Explosion Area Strengthen"],"picked":"ats:Blood Oath","floor":23}],"player_experience":230892,"relics_obtained":[{"floor":1,"key":"LetterFromLob"},{"floor":4,"key":"AT_EbonyIvory"},{"floor":9,"key":"REME_HandOfSuture"},{"floor":13,"key":"ats:Originium"},{"floor":13,"key":"Dead Branch"},{"floor":18,"key":"Replay:WaspNest"},{"floor":20,"key":"Centennial Puzzle"},{"floor":22,"key":"Regal Pillow"},{"floor":23,"key":"ats:Originium"},{"floor":23,"key":"Replay:Towering Pillar of Hats"},{"floor":23,"key":"reliquary:SilkGlove"}],"event_choices":[],"is_beta":false,"boss_relics":[{"not_picked":["ats:Omniscience","reliquary:Ember"],"picked":"Replay:Ancient Bell"},{"not_picked":["Bag of Marbles","ats:Berate"],"picked":"AT_BellDemon"},{"not_picked":["Mummified Hand","Matryoshka"],"picked":"Meat on the Bone"},{"not_picked":["TungstenRod","Calipers"],"picked":"Shovel"}],"items_purged_floors":[11],"is_endless":false,"potions_floor_spawned":[1,5,8,16,22,23],"killed_by":"REME_1_Revenger","ascension_level":0}}