{"host":"s41rn2jhghpwfrvz","time":1611837376,"event":{"mods":["BaseMod","Minty Spire (QoL Compilation)","Quick Restart","Relic Stats","SuperFastMode"],"gold_per_floor":[117,42,52,65,65,65,91,110,110,135,147,166,176,186,186,265,265,282,301,314,333,349,374,374,387,413,447,497,497,530,445,445,519,519,533,543,379,396,410,410,195,195,195,208,218,230,263,309,309,309,309,309,309,39,74,74],"floor_reached":57,"language":"ENG","playtime":1671,"items_purged":["Hologram","Sunder+1","SandsOfTime","Sweeping Beam"],"score":3549,"play_id":"dbc513e7-5496-4607-be68-54cff0f9b92d","local_time":"20210128143616","daily_mods":["SealedDeck","Vintage","Diverse"],"is_ascension_mode":true,"campfire_choices":[{"data":"Prostrate","floor":6.0,"key":"SMITH"},{"data":"Skim","floor":15.0,"key":"SMITH"},{"floor":24,"key":"RECALL"},{"data":"Expertise","floor":29,"key":"SMITH"},{"data":"Sunder","floor":32,"key":"SMITH"},{"data":"Meteor Strike","floor":40,"key":"SMITH"},{"data":"1","floor":42,"key":"LIFT"},{"data":"2","floor":49,"key":"LIFT"},{"data":"MentalFortress","floor":53,"key":"SMITH"}],"circlet_count":0,"master_deck":["AscendersBane","Storm","Deflect","Carnage","MentalFortress+1","Prostrate+1","Skim+1","Expertise+1","Meteor Strike+1","Dark Embrace+1","Backflip+1"],"relics":["Burning Blood","Boot","Frozen Egg 2","Magic Flower","Regal Pillow","White Beast Statue","Lantern","Sundial","Vajra","Gremlin Horn","HornCleat","Torii","SlaversCollar","Smiling Mask","Strawberry","Dead Branch","Potion Belt","Red Skull","Blood Vial","Girya","Ancient Tea Set","FossilizedHelix","Anchor","Calling Bell","Nunchaku","Darkstone Periapt","Champion Belt","Tiny Chest","Molten Egg 2","Ginger","Ornamental Fan","Membership Card","Bottled Tornado","Bag of Preparation","Toxic Egg 2","Mango","Happy Flower","Thread and Needle","Centennial Puzzle","Bag of Marbles"],"acts_visited":["Exordium","TheCity","TheBeyond","TheEnding"],"potions_floor_usage":[23,23,23,30,37,56,56,56,56,56,56,56],"damage_taken":[{"damage":5.0,"enemies":"Small Slimes","floor":1.0,"turns":3.0},{"damage":0.0,"enemies":"2 Louse","floor":3.0,"turns":1.0},{"damage":0.0,"enemies":"Cultist","floor":4.0,"turns":3.0},{"damage":0.0,"enemies":"Lagavulin","floor":7.0,"turns":3.0},{"damage":6.0,"enemies":"Red Slaver","floor":8.0,"turns":2.0},{"damage":48.0,"enemies":"3 Sentries","floor":10.0,"turns":7.0},{"damage":0.0,"enemies":"2 Fungi Beasts","floor":11.0,"turns":2.0},{"damage":0.0,"enemies":"Exordium Thugs","floor":12.0,"turns":2.0},{"damage":0.0,"enemies":"3 Louse","floor":13.0,"turns":2.0},{"damage":4.0,"enemies":"Blue Slaver","floor":14.0,"turns":3.0},{"damage":0.0,"enemies":"The Guardian","floor":16.0,"turns":3.0},{"damage":13.0,"enemies":"Shell Parasite","floor":18.0,"turns":2.0},{"damage":10.0,"enemies":"Chosen","floor":19.0,"turns":4.0},{"damage":16.0,"enemies":"Snake Plant","floor":20.0,"turns":2.0},{"damage":0.0,"enemies":"Centurion and Healer","floor":21.0,"turns":3.0},{"damage":13.0,"enemies":"3 Cultists","floor":22.0,"turns":4.0},{"damage":41,"enemies":"Book of Stabbing","floor":23,"turns":2},{"damage":22,"enemies":"Snake Plant","floor":25,"turns":4},{"damage":0,"enemies":"Gremlin Leader","floor":27,"turns":2},{"damage":20,"enemies":"Book of Stabbing","floor":30,"turns":3},{"damage":0,"enemies":"Champ","floor":33,"turns":2},{"damage":0,"enemies":"3 Shapes","floor":35,"turns":2},{"damage":11,"enemies":"3 Darklings","floor":36,"turns":3},{"damage":0,"enemies":"Transient","floor":38,"turns":3},{"damage":0,"enemies":"Maw","floor":39,"turns":3},{"damage":0,"enemies":"Jaw Worm Horde","floor":44,"turns":2},{"damage":0,"enemies":"Transient","floor":45,"turns":2},{"damage":0,"enemies":"Writhing Mass","floor":46,"turns":2},{"damage":0,"enemies":"Reptomancer","floor":47,"turns":1},{"damage":0,"enemies":"2 Orb Walkers","floor":48,"turns":1},{"damage":0,"enemies":"Donu and Deca","floor":50,"turns":1},{"damage":0,"enemies":"Time Eater","floor":51,"turns":2},{"damage":0,"enemies":"Shield and Spear","floor":55,"turns":1},{"damage":8,"enemies":"The Heart","floor":56,"turns":4}],"seed_played":"-6121021491706467153","potions_obtained":[{"floor":1.0,"key":"EntropicBrew"},{"floor":3.0,"key":"DistilledChaos"},{"floor":10.0,"key":"Weak Potion"},{"floor":12.0,"key":"SteroidPotion"},{"floor":14.0,"key":"EntropicBrew"},{"floor":16.0,"key":"SmokeBomb"},{"floor":18.0,"key":"SkillPotion"},{"floor":19.0,"key":"SkillPotion"},{"floor":21.0,"key":"FearPotion"},{"floor":22.0,"key":"BloodPotion"},{"floor":23,"key":"Strength Potion"},{"floor":25,"key":"Energy Potion"},{"floor":27,"key":"BloodPotion"},{"floor":30,"key":"Strength Potion"},{"floor":38,"key":"HeartOfIron"},{"floor":55,"key":"SteroidPotion"}],"is_trial":true,"path_per_floor":["M","$","M","M","?","R","E","M","T","E","M","M","M","M","R","B",null,"M","M","M","M","M","E","R","M","T","E","?","R","E","?","R","B",null,"M","M","$","M","M","R","$","R","T","M","M","M","E","?","R","B","B",null,"R","$","E","B",null],"character_chosen":"IRONCLAD","items_purchased":["EntropicBrew","Membership Card","Dark Embrace+1","Centennial Puzzle","Backflip+1","Ancient Potion","PowerPotion"],"campfire_rested":0,"item_purchase_floors":[37,41,54,54,54,54,54],"current_hp_per_floor":[69,69,75,75,75,75,75,75,75,36,45,54,63,68,68,75,75,71,77,70,79,75,43,43,33,33,45,45,45,53,53,53,65,78,82,80,82,82,82,82,82,82,82,82,82,96,96,96,96,96,96,96,96,96,96,96],"gold":74,"neow_bonus":"","is_daily":false,"chose_seed":false,"campfire_upgraded":6,"win_rate":0.0,"timestamp":1611837376,"path_taken":["M","$","M","M","?","R","E","M","T","E","M","M","M","M","R","BOSS","M","M","M","M","M","E","R","M","T","E","?","R","E","?","R","BOSS","M","M","$","M","M","R","$","R","T","M","M","M","E","?","R","BOSS","BOSS","R","$","E","BOSS"],"items_purchased_type":["Potion","Relic","Card","Relic","Card","Potion","Potion"],"build_version":"2020-12-22","purchased_purges":4,"victory":true,"max_hp_per_floor":[75,75,75,75,75,75,75,75,75,75,75,75,75,75,75,75,75,75,82,82,82,82,82,82,82,82,82,82,82,82,82,82,82,82,82,82,82,82,82,82,82,82,82,82,82,96,96,96,96,96,96,96,96,96,96,96],"relic_stats":{"Darkstone Periapt":0,"Regal Pillow":0,"Gremlin Horn":[18,18],"Torii":1,"Happy Flower":[3],"counters":[34,86],"Dead Branch":[50],"Magic Flower":[57],"Bag of Preparation":[16],"Ginger":[7],"Boot":[4],"Smiling Mask":88,"Burning Blood":171,"Blood Vial":15,"Nunchaku":[11],"Centennial Puzzle":[3],"Sundial":[132],"Ornamental Fan":[68],"Tiny Chest":0,"Champion Belt":[1],"obtain_stats":[{"Darkstone Periapt":34,"Regal Pillow":7,"Lantern":9,"Gremlin Horn":12,"Torii":14,"Magic Flower":4,"Vajra":11,"Mango":46,"Bag of Preparation":44,"Ginger":38,"Bottled Tornado":43,"Boot":1,"Smiling Mask":18,"Ancient Tea Set":27,"Burning Blood":0,"Blood Vial":23,"Nunchaku":34,"Centennial Puzzle":54,"HornCleat":13,"Sundial":10,"Strawberry":19,"Tiny Chest":35,"Toxic Egg 2":45,"Red Skull":22,"Potion Belt":21,"Girya":25,"Happy Flower":47,"Dead Branch":20,"Thread and Needle":48,"Frozen Egg 2":3,"White Beast Statue":8,"Calling Bell":34,"SlaversCollar":17,"Anchor":31,"Ornamental Fan":39,"Molten Egg 2":36,"Bag of Marbles":55,"Champion Belt":34,"Membership Card":41,"FossilizedHelix":30},{"Darkstone Periapt":21,"Regal Pillow":4,"Lantern":5,"Gremlin Horn":8,"Torii":10,"Magic Flower":3,"Vajra":7,"Mango":28,"Bag of Preparation":26,"Ginger":24,"Bottled Tornado":25,"Boot":1,"Smiling Mask":12,"Ancient Tea Set":19,"Burning Blood":0,"Blood Vial":17,"Nunchaku":21,"Centennial Puzzle":32,"HornCleat":9,"Sundial":6,"Strawberry":13,"Tiny Chest":22,"Toxic Egg 2":27,"Red Skull":16,"Potion Belt":15,"Girya":18,"Happy Flower":29,"Dead Branch":14,"Thread and Needle":30,"Frozen Egg 2":2,"White Beast Statue":5,"Calling Bell":21,"SlaversCollar":11,"Anchor":20,"Ornamental Fan":25,"Molten Egg 2":23,"Bag of Marbles":33,"Champion Belt":21,"Membership Card":25,"FossilizedHelix":20},{"Darkstone Periapt":59,"Regal Pillow":10,"Lantern":12,"Gremlin Horn":23,"Torii":28,"Magic Flower":7,"Vajra":21,"Mango":76,"Bag of Preparation":72,"Ginger":67,"Bottled Tornado":70,"Boot":3,"Smiling Mask":33,"Ancient Tea Set":54,"Burning Blood":0,"Blood Vial":48,"Nunchaku":59,"Centennial Puzzle":81,"HornCleat":25,"Sundial":19,"Strawberry":37,"Tiny Chest":61,"Toxic Egg 2":74,"Red Skull":46,"Potion Belt":42,"Girya":52,"Happy Flower":77,"Dead Branch":39,"Thread and Needle":78,"Frozen Egg 2":4,"White Beast Statue":12,"Calling Bell":59,"SlaversCollar":31,"Anchor":57,"Ornamental Fan":70,"Molten Egg 2":64,"Bag of Marbles":82,"Champion Belt":59,"Membership Card":70,"FossilizedHelix":57}]},"card_choices":[{"not_picked":["Reprogram","Go for the Eyes","BowlingBash"],"picked":"SKIP","floor":7.0},{"not_picked":["Ball Lightning","InnerPeace"],"picked":"Expertise","floor":10.0},{"not_picked":["Ragnarok","Multi-Cast"],"picked":"Meteor Strike","floor":16.0},{"not_picked":["Blade Dance","Armaments","Sentinel+1"],"picked":"SKIP","floor":23},{"not_picked":["Clash","Bane","Sweeping Beam"],"picked":"SKIP","floor":27},{"not_picked":["ReachHeaven","Wish","PiercingWail"],"picked":"SKIP","floor":30},{"not_picked":["Flex+1","Shrug It Off+1","Prostrate+1"],"picked":"SKIP","floor":47},{"not_picked":["Halt+1","Feed+1","Well Laid Plans+1"],"picked":"SKIP","floor":55}],"player_experience":1864624,"relics_obtained":[{"floor":1.0,"key":"Boot"},{"floor":3.0,"key":"Frozen Egg 2"},{"floor":4.0,"key":"Magic Flower"},{"floor":7.0,"key":"Regal Pillow"},{"floor":8.0,"key":"White Beast Statue"},{"floor":9.0,"key":"Lantern"},{"floor":10.0,"key":"Sundial"},{"floor":11.0,"key":"Vajra"},{"floor":12.0,"key":"Gremlin Horn"},{"floor":13.0,"key":"HornCleat"},{"floor":14.0,"key":"Torii"},{"floor":18.0,"key":"Smiling Mask"},{"floor":19.0,"key":"Strawberry"},{"floor":20.0,"key":"Dead Branch"},{"floor":21.0,"key":"Potion Belt"},{"floor":22.0,"key":"Red Skull"},{"floor":23,"key":"Blood Vial"},{"floor":25,"key":"Girya"},{"floor":27,"key":"Ancient Tea Set"},{"floor":30,"key":"FossilizedHelix"},{"floor":34,"key":"Nunchaku"},{"floor":34,"key":"Darkstone Periapt"},{"floor":34,"key":"Champion Belt"},{"floor":35,"key":"Tiny Chest"},{"floor":36,"key":"Molten Egg 2"},{"floor":38,"key":"Ginger"},{"floor":39,"key":"Ornamental Fan"},{"floor":43,"key":"Bottled Tornado"},{"floor":44,"key":"Bag of Preparation"},{"floor":45,"key":"Toxic Egg 2"},{"floor":46,"key":"Mango"},{"floor":47,"key":"Happy Flower"},{"floor":48,"key":"Thread and Needle"},{"floor":55,"key":"Bag of Marbles"}],"event_choices":[{"damage_healed":0.0,"max_hp_gain":0.0,"max_hp_loss":0.0,"gold_gain":0.0,"event_name":"The Cleric","player_choice":"Leave","floor":5.0,"gold_loss":0.0,"damage_taken":0.0},{"damage_healed":0,"gold_gain":50,"player_choice":"Stole From Cult","damage_taken":0,"max_hp_gain":0,"max_hp_loss":0,"event_name":"Nest","floor":28,"gold_loss":0},{"damage_healed":0,"gold_gain":0,"player_choice":"Obtained Relic","damage_taken":0,"relics_obtained":["Anchor"],"max_hp_gain":0,"max_hp_loss":0,"event_name":"Addict","floor":31,"gold_loss":85},{"damage_healed":0,"gold_gain":0,"player_choice":"Fight","damage_taken":0,"max_hp_gain":0,"max_hp_loss":0,"event_name":"Mysterious Sphere","floor":48,"gold_loss":0}],"is_beta":false,"boss_relics":[{"not_picked":["Philosopher\u0027s Stone","Runic Cube"],"picked":"SlaversCollar"},{"not_picked":["Black Blood","Runic Dome"],"picked":"Calling Bell"}],"items_purged_floors":[2,37,41,54],"is_endless":false,"potions_floor_spawned":[1,3,10,11,12,13,14,16,18,19,20,21,22,23,25,27,30,33,35,36,38,39,44,45,46,47,48,55],"ascension_level":20}}