{"host":"i0avyit1s6jb1siw","time":1611861832,"event":{"mods":["BaseMod","DeckTracker","Dota2Spire","Highlight Path","Minty Spire (QoL Compilation)","Quick Restart","StSLib","SuperFastMode"],"gold_per_floor":[110,35,54,73,73,108,108,119,119,119,167,178,208,208,208,233,12,12,83,83,103,103,103,117,135,135,50,50,105,105,105,133,133,164,176,192,192,265,265,282,294,311,324,24,24,56,33,33,85,85,85,85,120,167,167,200,210,228,228,228,228,228,228,16,47,47],"floor_reached":67,"language":"ENG","playtime":1833,"items_purged":["Strike_G","Strike_G"],"score":3129,"play_id":"8f9f005d-44be-4a63-8e18-936b7782591b","local_time":"20210128202352","is_ascension_mode":true,"campfire_choices":[{"data":"All Out Attack","floor":7.0,"key":"SMITH"},{"floor":14.0,"key":"REST"},{"floor":18.0,"key":"REST"},{"floor":26.0,"key":"REST"},{"data":"Acrobatics","floor":31.0,"key":"SMITH"},{"floor":33.0,"key":"REST"},{"data":"Adrenaline","floor":37,"key":"SMITH"},{"floor":48,"key":"RECALL"},{"data":"Blur","floor":55,"key":"SMITH"},{"floor":59,"key":"REST"},{"data":"Infinite Blades","floor":63,"key":"SMITH"}],"circlet_count":0,"master_deck":["AscendersBane","Defend_G","Defend_G","Defend_G","Defend_G","Defend_G","Survivor","Neutralize+1","Flying Knee","All Out Attack+1","Infinite Blades+1","Adrenaline+1","Backflip","Blur+1","A Thousand Cuts+1","Tactician+1","Sucker Punch+1","Accuracy+1","Cloak And Dagger+1","Acrobatics+1","Flechettes+1","Cloak And Dagger+1","Phantasmal Killer+1","Well Laid Plans+1","Outmaneuver+1","After Image+1","Deflect+1","PiercingWail+1","Tactician+1","Concentrate+1","Blade Dance+1","Expertise+1","Panacea+1","Apotheosis+1","Apotheosis+1","Terror+1","Backflip+1","Noxious Fumes+1","Prepared+1","Footwork+1","Escape Plan+1","Wraith Form v2+1"],"relics":["Ring of the Snake","NeowsBlessing","Dota2Spire:AghanimScepter","Dota2Spire:OrchidMalevolence","Art of War","The Courier","Dota2Spire:Desolator","Dota2Spire:DrumOfEndurance","Frozen Egg 2","Astrolabe","Toxic Egg 2","Tiny Chest","Bag of Preparation","Mercury Hourglass","Dead Branch","Happy Flower","Dota2Spire:RefresherOrb","Lee\u0027s Waffle","Bird Faced Urn","Ginger","Dota2Spire:CrimsonGuard","Turnip","Vajra","White Beast Statue","Bottled Tornado"],"acts_visited":["Exordium","TheCity","TheBeyond","TheEnding"],"potions_floor_usage":[38,57,66],"damage_taken":[{"damage":0.0,"enemies":"Jaw Worm","floor":1.0,"turns":1.0},{"damage":0.0,"enemies":"2 Louse","floor":3.0,"turns":1.0},{"damage":0.0,"enemies":"Small Slimes","floor":4.0,"turns":1.0},{"damage":20.0,"enemies":"3 Sentries","floor":6.0,"turns":6.0},{"damage":3.0,"enemies":"Looter","floor":8.0,"turns":2.0},{"damage":1.0,"enemies":"Exordium Wildlife","floor":12.0,"turns":3.0},{"damage":22.0,"enemies":"Gremlin Nob","floor":13.0,"turns":4.0},{"damage":4.0,"enemies":"3 Sentries","floor":16.0,"turns":5.0},{"damage":18.0,"enemies":"Slime Boss","floor":19.0,"turns":7.0},{"damage":0.0,"enemies":"Spheric Guardian","floor":21.0,"turns":3.0},{"damage":0.0,"enemies":"Chosen","floor":24.0,"turns":2.0},{"damage":12.0,"enemies":"Snake Plant","floor":25.0,"turns":2.0},{"damage":20.0,"enemies":"Book of Stabbing","floor":32.0,"turns":4.0},{"damage":7.0,"enemies":"Gremlin Leader","floor":34.0,"turns":3.0},{"damage":0.0,"enemies":"3 Cultists","floor":35.0,"turns":3.0},{"damage":0,"enemies":"Centurion and Healer","floor":36,"turns":3},{"damage":1,"enemies":"Champ","floor":38,"turns":6},{"damage":0,"enemies":"3 Shapes","floor":40,"turns":3},{"damage":4,"enemies":"3 Darklings","floor":41,"turns":3},{"damage":0,"enemies":"Sphere and 2 Shapes","floor":42,"turns":3},{"damage":0,"enemies":"Jaw Worm Horde","floor":43,"turns":3},{"damage":0,"enemies":"Reptomancer","floor":46,"turns":4},{"damage":0,"enemies":"2 Orb Walkers","floor":49,"turns":3},{"damage":0,"enemies":"Giant Head","floor":53,"turns":4},{"damage":0,"enemies":"Nemesis","floor":56,"turns":3},{"damage":0,"enemies":"Maw","floor":57,"turns":4},{"damage":17,"enemies":"Transient","floor":58,"turns":6},{"damage":10,"enemies":"Donu and Deca","floor":60,"turns":7},{"damage":15,"enemies":"Awakened One","floor":61,"turns":8},{"damage":15,"enemies":"Shield and Spear","floor":65,"turns":5},{"damage":37,"enemies":"The Heart","floor":66,"turns":7}],"seed_played":"7648921244427827312","potions_obtained":[{"floor":1.0,"key":"Fire Potion"},{"floor":3.0,"key":"SkillPotion"},{"floor":16.0,"key":"ColorlessPotion"},{"floor":19.0,"key":"Strength Potion"},{"floor":24.0,"key":"LiquidBronze"},{"floor":38,"key":"SkillPotion"},{"floor":41,"key":"Block Potion"},{"floor":57,"key":"Fruit Juice"},{"floor":58,"key":"Regen Potion"}],"is_trial":false,"path_per_floor":["M","$","M","M","?","E","R","M","?","T","T","M","E","R","?","E","$","R","B",null,"M","?","?","M","M","R","?","T","T","T","R","E","R","E","M","M","R","B",null,"M","M","M","M","$","?","E","$","R","?","T","T","?","E","T","R","E","M","M","R","B","B",null,"R","$","E","B",null],"character_chosen":"THE_SILENT","items_purchased":["Frozen Egg 2","Lee\u0027s Waffle","Concentrate+1","Blade Dance+1","Expertise+1","Backflip+1","Wraith Form v2+1"],"campfire_rested":5,"item_purchase_floors":[17,44,44,44,44,47,64],"current_hp_per_floor":[59,59,59,59,59,39,39,36,36,36,36,35,13,32,27,23,23,42,24,56,56,56,38,38,26,47,47,47,47,47,47,27,48,41,41,41,41,40,63,63,59,59,59,78,68,68,68,68,76,76,76,76,78,78,78,78,83,70,83,75,82,83,83,83,82,58],"gold":47,"neow_bonus":"THREE_ENEMY_KILL","is_daily":false,"chose_seed":false,"campfire_upgraded":5,"win_rate":0.0,"timestamp":1611861832,"path_taken":["M","$","M","M","?","E","R","M","?","T","T","M","E","R","?","E","?","R","BOSS","M","?","?","M","M","R","?","?","T","T","R","E","R","E","M","M","R","BOSS","M","M","M","M","$","?","E","$","R","?","T","T","?","E","?","R","E","M","M","R","BOSS","BOSS","R","$","E","BOSS"],"items_purchased_type":["Relic","Relic","Card","Card","Card","Card","Card"],"build_version":"2020-12-22","purchased_purges":2,"victory":true,"max_hp_per_floor":[66,66,66,66,66,66,66,66,66,66,66,66,66,66,66,66,66,66,66,66,66,66,71,71,71,71,71,71,71,71,71,71,71,71,71,71,71,71,71,71,71,71,71,78,78,78,78,78,78,78,78,78,78,78,78,78,83,83,83,83,83,83,83,83,83,83],"card_choices":[{"not_picked":["Riddle With Holes","Sucker Punch"],"picked":"Endless Agony","floor":1.0},{"not_picked":["Sucker Punch","Slice"],"picked":"Flying Knee","floor":3.0},{"not_picked":["Outmaneuver","Flying Knee"],"picked":"All Out Attack","floor":4.0},{"not_picked":["Distraction","Dagger Throw"],"picked":"Infinite Blades","floor":6.0},{"not_picked":["Catalyst","Cloak And Dagger"],"picked":"Adrenaline","floor":8.0},{"not_picked":["Bane","Acrobatics"],"picked":"Backflip","floor":12.0},{"not_picked":["Expertise","Infinite Blades","Bane"],"picked":"SKIP","floor":13.0},{"not_picked":["Catalyst","Dagger Spray"],"picked":"Blur","floor":16.0},{"not_picked":["Corpse Explosion","Die Die Die"],"picked":"A Thousand Cuts+1","floor":19.0},{"not_picked":["Backflip","Underhanded Strike"],"picked":"Cloak And Dagger+1","floor":21.0},{"not_picked":["PiercingWail","Deflect"],"picked":"Acrobatics","floor":24.0},{"not_picked":["Poisoned Stab","Setup"],"picked":"Flechettes+1","floor":25.0},{"not_picked":["Calculated Gamble+1","Outmaneuver+1"],"picked":"Cloak And Dagger+1","floor":32.0},{"not_picked":["Choke","Backflip+1"],"picked":"Phantasmal Killer+1","floor":34.0},{"not_picked":["Catalyst+1","Dash"],"picked":"Well Laid Plans+1","floor":35.0},{"not_picked":["Bane","Dagger Spray+1"],"picked":"Outmaneuver+1","floor":36},{"not_picked":["Malaise+1","Doppelganger+1"],"picked":"After Image+1","floor":38},{"not_picked":["Backflip+1","Acrobatics+1"],"picked":"Deflect+1","floor":40},{"not_picked":["Caltrops+1","Outmaneuver+1"],"picked":"PiercingWail+1","floor":41},{"not_picked":["Poisoned Stab","Flying Knee"],"picked":"Tactician+1","floor":42},{"not_picked":["Underhanded Strike","Deadly Poison+1","Quick Slash"],"picked":"SKIP","floor":43},{"not_picked":["HandOfGreed","PanicButton+1"],"picked":"Panacea+1","floor":45},{"not_picked":["Jack Of All Trades+1","Forethought+1"],"picked":"Apotheosis+1","floor":45},{"not_picked":["Madness+1","Sadistic Nature+1"],"picked":"Apotheosis+1","floor":45},{"not_picked":["Bane","Heel Hook+1"],"picked":"Terror+1","floor":46},{"not_picked":["Flying Knee+1","Outmaneuver+1"],"picked":"Noxious Fumes+1","floor":49},{"not_picked":["PiercingWail+1","Unload"],"picked":"Prepared+1","floor":53},{"not_picked":["Backflip+1","Cloak And Dagger+1","Dagger Throw"],"picked":"SKIP","floor":56},{"not_picked":["Infinite Blades+1","Outmaneuver+1"],"picked":"Footwork+1","floor":57},{"not_picked":["Slice","Tactician+1"],"picked":"Escape Plan+1","floor":58},{"not_picked":["Deadly Poison+1","Quick Slash+1","Dagger Throw"],"picked":"SKIP","floor":65}],"player_experience":2365119,"relics_obtained":[{"floor":6.0,"key":"Dota2Spire:AghanimScepter"},{"floor":10.0,"key":"Dota2Spire:OrchidMalevolence"},{"floor":11.0,"key":"Art of War"},{"floor":13.0,"key":"The Courier"},{"floor":16.0,"key":"Dota2Spire:DrumOfEndurance"},{"floor":28.0,"key":"Tiny Chest"},{"floor":29.0,"key":"Bag of Preparation"},{"floor":30.0,"key":"Mercury Hourglass"},{"floor":32.0,"key":"Dead Branch"},{"floor":34.0,"key":"Happy Flower"},{"floor":46,"key":"Bird Faced Urn"},{"floor":49,"key":"Ginger"},{"floor":51,"key":"Dota2Spire:CrimsonGuard"},{"floor":53,"key":"Turnip"},{"floor":54,"key":"Vajra"},{"floor":56,"key":"White Beast Statue"},{"floor":65,"key":"Bottled Tornado"}],"event_choices":[{"damage_healed":0.0,"max_hp_gain":0.0,"max_hp_loss":0.0,"gold_gain":0.0,"event_name":"Living Wall","player_choice":"Grow","floor":5.0,"gold_loss":0.0,"damage_taken":0.0,"cards_upgraded":["Neutralize"]},{"damage_healed":0.0,"max_hp_gain":0.0,"max_hp_loss":0.0,"gold_gain":0.0,"event_name":"Liars Game","player_choice":"Ignored","floor":9.0,"gold_loss":0.0,"damage_taken":0.0},{"damage_healed":0.0,"max_hp_gain":0.0,"max_hp_loss":0.0,"gold_gain":0.0,"event_name":"Scrap Ooze","player_choice":"Success","floor":15.0,"gold_loss":0.0,"damage_taken":5.0,"relics_obtained":["Dota2Spire:Desolator"]},{"damage_healed":0.0,"max_hp_gain":0.0,"max_hp_loss":0.0,"gold_gain":0.0,"event_name":"Vampires","player_choice":"Ignored","floor":22.0,"gold_loss":0.0,"damage_taken":0.0},{"damage_healed":0.0,"max_hp_gain":5.0,"max_hp_loss":0.0,"gold_gain":0.0,"event_name":"Forgotten Altar","player_choice":"Shed Blood","floor":23.0,"gold_loss":0.0,"damage_taken":23.0},{"damage_healed":0.0,"max_hp_gain":0.0,"max_hp_loss":0.0,"gold_gain":0.0,"event_name":"Addict","player_choice":"Obtained Relic","floor":27.0,"gold_loss":85.0,"damage_taken":0.0,"relics_obtained":["Toxic Egg 2"]},{"damage_healed":0,"gold_gain":0,"player_choice":"Memory 3","damage_taken":10,"max_hp_gain":0,"max_hp_loss":0,"event_name":"SensoryStone","floor":45,"gold_loss":0},{"damage_healed":0,"gold_gain":0,"player_choice":"Fight","damage_taken":0,"max_hp_gain":0,"max_hp_loss":0,"event_name":"Mysterious Sphere","floor":49,"gold_loss":0},{"cards_removed":["Endless Agony"],"damage_healed":0,"gold_gain":0,"player_choice":"Removed Attack","damage_taken":0,"max_hp_gain":0,"max_hp_loss":0,"event_name":"Falling","floor":52,"gold_loss":0}],"is_beta":false,"boss_relics":[{"not_picked":["HoveringKite","Busted Crown"],"picked":"Astrolabe"},{"not_picked":["Dota2Spire:Bloodstone","Runic Pyramid"],"picked":"Dota2Spire:RefresherOrb"}],"items_purged_floors":[2,64],"is_endless":false,"potions_floor_spawned":[1,3,16,19,24,25,32,38,41,46,53,57,58,65],"ascension_level":20}}