{"host":"8d3fefv2347kqkpz","time":1611808232,"event":{"mods":["AchievementEnabler","Act Like it!","Aspiration","BaseMod","Better Vampires","Colored Map","Colored Powertips","Conspire","GifTheSpireLib","Hermit","Highlight Path","Hubris","Marisa£®ÏF”Í°°ƒß¿Ì…≥£©","Mimic Mod","Minty Spire (QoL Compilation)","Quick Restart","Rare Cards Sparkle","Reimu£®≤©¿ˆ¡È√Œ£©","Relic Stats","Remilia£®¿Ÿ√◊¿Ú—«£©","Replay The Spire","Spicy Shops","StSLib","The Cursed","The Jungle","The Servant 0.9.4","Waifu the Spire","Youmu£®ªÍ∆«—˝√Œ£©"],"gold_per_floor":[111,111,61,9,9,39,58,58,89,89,100,111,33,33,33,134,134,151,151,76,151,162,162,162,162],"floor_reached":24,"language":"ZHS","playtime":734,"items_purged":["Defend_B"],"score":217,"play_id":"28f171d6-ffcb-42a4-974b-ee2d96a751ef","local_time":"20210128123032","is_ascension_mode":false,"campfire_choices":[{"data":"Loop","floor":8,"key":"SMITH"},{"data":"Conserve Battery","floor":10,"key":"SMITH"},{"data":"ReplayRNGCard","floor":15,"key":"SMITH"},{"data":"Self Repair","floor":23,"key":"SMITH"}],"circlet_count":0,"master_deck":["Strike_B","Strike_B","Strike_B","Defend_B+1","Defend_B+1","Defend_B","Zap","Dualcast","Coolheaded","Rip and Tear+1","Loop+1","Conserve Battery+1","Self Repair+1","ReplayRNGCard+1","Loop","Echo Form","Loop"],"relics":["Cracked Core","NeowsBlessing","Bag of Marbles","hubris:TenFootPole","hubris:Towel","conspire:SeveredTorchhead"],"acts_visited":["Exordium","TheCity"],"potions_floor_usage":[16,16,24],"damage_taken":[{"damage":0,"enemies":"Jaw Worm","floor":1,"turns":1},{"damage":0,"enemies":"Lagavulin","floor":6,"turns":1},{"damage":0,"enemies":"Small Slimes","floor":7,"turns":1},{"damage":0,"enemies":"Cultist","floor":9,"turns":4},{"damage":0,"enemies":"Cultist","floor":11,"turns":3},{"damage":8,"enemies":"2 Fungi Beasts","floor":12,"turns":4},{"damage":38,"enemies":"Slime Boss","floor":16,"turns":11},{"damage":4,"enemies":"Shell Parasite","floor":18,"turns":8},{"damage":28,"enemies":"3 Byrds","floor":22,"turns":5},{"damage":72,"enemies":"Book of Stabbing","floor":24,"turns":6}],"seed_played":"-7726957307650690215","potions_obtained":[{"floor":6,"key":"Doom Potion"},{"floor":11,"key":"PotionOfCapacity"},{"floor":12,"key":"SkillPotion"},{"floor":18,"key":"FearPotion"},{"floor":22,"key":"FocusPotion"}],"is_trial":false,"path_per_floor":["M","?","?","$","?","E","M","R","MIM","R","M","M","$","?","R","B",null,"M","?","$","?","M","R","E"],"character_chosen":"DEFECT","items_purchased":["Rip and Tear+1","Loop"],"campfire_rested":0,"item_purchase_floors":[4,13],"current_hp_per_floor":[75,60,60,60,60,60,60,60,60,60,60,59,59,59,59,28,75,75,75,75,72,58,58,0,0],"gold":162,"neow_bonus":"THREE_ENEMY_KILL","is_daily":false,"chose_seed":false,"campfire_upgraded":4,"win_rate":0.0,"timestamp":1611808232,"path_taken":["M","?","?","$","?","E","M","R","MIM","R","M","M","?","?","R","BOSS","M","?","$","?","?","R","E"],"items_purchased_type":["Card","Card"],"build_version":"2020-12-22","purchased_purges":1,"victory":false,"max_hp_per_floor":[75,75,75,75,75,75,75,75,75,75,75,75,75,75,75,75,75,75,75,75,75,75,75,75,75],"relic_stats":{"counters":[10,44],"obtain_stats":[{"conspire:SeveredTorchhead":17,"NeowsBlessing":0,"Bag of Marbles":6,"hubris:TenFootPole":9,"hubris:Towel":14,"Cracked Core":0},{"conspire:SeveredTorchhead":7,"NeowsBlessing":0,"Bag of Marbles":2,"hubris:TenFootPole":4,"hubris:Towel":6,"Cracked Core":0},{"conspire:SeveredTorchhead":25,"NeowsBlessing":0,"Bag of Marbles":2,"hubris:TenFootPole":7,"hubris:Towel":14,"Cracked Core":0}]},"card_choices":[{"not_picked":["Double Energy","Leap"],"picked":"Coolheaded","floor":1},{"not_picked":["BasicCrystalCard","Redo"],"picked":"Loop","floor":6},{"not_picked":["Force Field","Panic Button"],"picked":"Conserve Battery","floor":7},{"not_picked":["Sweeping Beam","Consume"],"picked":"Self Repair","floor":11},{"not_picked":["Panic Button","hubris:PowerSurge"],"picked":"ReplayRNGCard","floor":12},{"not_picked":["Reboot","Multi-Cast"],"picked":"Echo Form","floor":16},{"not_picked":["Panic Button","Compile Driver"],"picked":"Loop","floor":18},{"not_picked":["Recycle","Conserve Battery","Leap"],"picked":"SKIP","floor":22}],"player_experience":228057,"relics_obtained":[{"floor":6,"key":"Bag of Marbles"},{"floor":9,"key":"hubris:TenFootPole"}],"event_choices":[{"damage_healed":0,"gold_gain":0,"player_choice":"Entered Light","damage_taken":15,"max_hp_gain":0,"max_hp_loss":0,"event_name":"Shining Light","floor":2,"gold_loss":0,"cards_upgraded":["Defend_B","Defend_B"]},{"cards_removed":["Strike_B"],"damage_healed":0,"gold_gain":0,"player_choice":"Card Removal","damage_taken":0,"max_hp_gain":0,"max_hp_loss":0,"event_name":"The Cleric","floor":3,"gold_loss":50},{"damage_healed":0,"gold_gain":0,"player_choice":"Fled","damage_taken":0,"max_hp_gain":0,"max_hp_loss":0,"event_name":"Scrap Ooze","floor":5,"gold_loss":0},{"damage_healed":0,"gold_gain":75,"player_choice":"Touch","damage_taken":7,"max_hp_gain":0,"max_hp_loss":0,"event_name":"FaceTrader","floor":21,"gold_loss":0}],"is_beta":false,"boss_relics":[{"not_picked":["hubris:Backtick","Replay:Bronze Core"],"picked":"conspire:SeveredTorchhead"}],"items_purged_floors":[20],"is_endless":false,"potions_floor_spawned":[6,11,12,18,22],"killed_by":"Book of Stabbing","ascension_level":0}}