{"host":"2d0rd30cigwncx1y","time":1611872250,"event":{"mods":["BaseMod","Colored Map","Colored Powertips","Downfall","MarisaÅiñ∂âJÅ@ñÇóùçπÅj","Minty Spire (QoL Compilation)","Replay The Spire","StSLib","The Alterego","The Marked","The Servant 0.9.4"],"gold_per_floor":[99,109,25,25,38,50,50,35,66,76,104,4,19,119,137,137,137],"floor_reached":16,"language":"ENG","playtime":1088,"items_purged":[],"score":118,"play_id":"3bc36988-9e2e-4c50-8538-e9310157eda3","local_time":"20210128231730","is_ascension_mode":true,"campfire_choices":[{"data":"theMarked:SoldierOfQuellstein","floor":1,"key":"SMITH"},{"data":"theMarked:EmpowerWeapon","floor":12,"key":"SMITH"}],"circlet_count":0,"master_deck":["theMarked:Strike","theMarked:Strike","theMarked:Strike","theMarked:Strike","theMarked:Defend","theMarked:Defend","theMarked:Defend","theMarked:Defend","theMarked:SoldierOfQuellstein+1","theMarked:Determination","theMarked:EmpowerWeapon+1","theMarked:Heritage","theMarked:Pokerface","theMarked:WardOff","theMarked:SwordAndMagic","theMarked:Improvise","theMarked:Challenge","theMarked:ResourceFulStrike","theMarked:BanishingStrike","theMarked:WardOff","theMarked:EmpowerWeapon"],"relics":["theMarked:ArtifactOfAir","Iron Hammer","Kunai","InkBottle","Replay:Ringing Soul","downfall:HeartBlessingGreen"],"acts_visited":["Exordium"],"potions_floor_usage":[16,16],"damage_taken":[{"damage":1,"enemies":"Cultist","floor":2,"turns":3},{"damage":0,"enemies":"downfall:FleeingMerchant","floor":3,"turns":4},{"damage":3,"enemies":"Jaw Worm","floor":5,"turns":2},{"damage":0,"enemies":"2 Louse","floor":6,"turns":2},{"damage":5,"enemies":"downfall:FleeingMerchant","floor":8,"turns":4},{"damage":18,"enemies":"Lagavulin","floor":9,"turns":7},{"damage":8,"enemies":"2 Fungi Beasts","floor":10,"turns":3},{"damage":14,"enemies":"3 Sentries","floor":11,"turns":8},{"damage":2,"enemies":"Red Slaver","floor":13,"turns":3},{"damage":14,"enemies":"Gremlin Gang","floor":15,"turns":5},{"damage":18,"enemies":"DF_ARCHETYPE_STREAMLINE","floor":16,"turns":6}],"seed_played":"-117306188001171074","potions_obtained":[{"floor":6,"key":"LifebloodPotion"},{"floor":9,"key":"SkillPotion"},{"floor":10,"key":"theMarked:ChargePotion"}],"is_trial":false,"path_per_floor":["R","M","$","T","M","M","T","$","E","M","E","R","M","?","M","B"],"character_chosen":"THE_DEFAULT","items_purchased":["theMarked:Pokerface"],"campfire_rested":0,"item_purchase_floors":[3],"current_hp_per_floor":[70,69,69,69,66,66,66,61,43,35,24,24,25,25,14,0,0],"gold":137,"neow_bonus":"TRANSFORM_CARD","is_daily":false,"chose_seed":false,"campfire_upgraded":2,"win_rate":0.0,"timestamp":1611872250,"path_taken":["R","M","$","?","M","M","T","$","E","M","E","R","?","?","M","BOSS"],"items_purchased_type":["Card"],"build_version":"2020-12-22","purchased_purges":0,"victory":false,"max_hp_per_floor":[70,70,70,70,70,70,70,70,70,70,73,73,76,76,79,79,79],"card_choices":[{"not_picked":["theMarked:Aftermath","theMarked:RepellingDischarge"],"picked":"theMarked:EmpowerWeapon","floor":2},{"not_picked":["theMarked:TwofoldDefense","theMarked:RepellingDischarge"],"picked":"theMarked:Heritage","floor":3},{"not_picked":["theMarked:ResourceFulStrike","theMarked:KeepCalmAndFight"],"picked":"theMarked:WardOff","floor":5},{"not_picked":["theMarked:TwofoldDefense","theMarked:AttractMetal"],"picked":"theMarked:SwordAndMagic","floor":6},{"not_picked":["theMarked:Aftermath","theMarked:ElectricStrings"],"picked":"theMarked:Improvise","floor":8},{"not_picked":["theMarked:BanishingStrike","theMarked:MysticalArsenal"],"picked":"theMarked:Challenge","floor":9},{"not_picked":["theMarked:Overthink","theMarked:TwofoldDefense"],"picked":"theMarked:ResourceFulStrike","floor":10},{"not_picked":["theMarked:Panic","theMarked:HeightenedSenses"],"picked":"theMarked:BanishingStrike","floor":11},{"not_picked":["theMarked:Frustration","theMarked:SwordAndMagic"],"picked":"theMarked:WardOff","floor":13},{"not_picked":["theMarked:Reabsorb","theMarked:ElectricStrings"],"picked":"theMarked:EmpowerWeapon","floor":15}],"player_experience":117400,"relics_obtained":[{"floor":4,"key":"Iron Hammer"},{"floor":7,"key":"Kunai"},{"floor":9,"key":"InkBottle"},{"floor":11,"key":"Replay:Ringing Soul"}],"event_choices":[],"is_beta":false,"boss_relics":[],"items_purged_floors":[],"is_endless":false,"potions_floor_spawned":[6,9,10,11],"killed_by":"DF_ARCHETYPE_STREAMLINE","ascension_level":1}}