{"host":"x7xd4wkamhrqrrvw","time":1611828415,"event":{"mods":["AchievementEnabler","BaseMod","Minty Spire (QoL Compilation)","StSLib"],"gold_per_floor":[213,227,227,227,22,22,47,47,47,78,78,94,94,112,112,216,216,233,34,57,72,92,92,104,134,157,192,206,237,237,256,265,372,372,382,432,432,432,432,432,464,464,491,519,320,320,56,68,68,68,68,68,27,58,58],"floor_reached":56,"language":"ENG","playtime":2967,"items_purged":["Accuracy","Finisher","Glass Knife"],"score":1825,"play_id":"5676a19d-8334-4d31-a803-9adbab8b066c","local_time":"20210128080655","is_ascension_mode":true,"campfire_choices":[{"data":"Predator","floor":6.0,"key":"SMITH"},{"floor":8.0,"key":"REST"},{"data":"Crippling Poison","floor":11.0,"key":"SMITH"},{"data":"Survivor","floor":13.0,"key":"SMITH"},{"floor":15,"key":"REST"},{"data":"Tools of the Trade","floor":23,"key":"SMITH"},{"floor":30,"key":"REST"},{"floor":32,"key":"REST"},{"data":"Noxious Fumes","floor":40,"key":"SMITH"},{"data":"Footwork","floor":42,"key":"SMITH"},{"floor":46,"key":"RECALL"},{"floor":49,"key":"REST"},{"data":"After Image","floor":52,"key":"SMITH"}],"circlet_count":0,"master_deck":["AscendersBane","Survivor+1","Neutralize","Escape Plan","Blade Dance","Crippling Poison+1","Predator+1","Deadly Poison+1","Acrobatics+1","Leg Sweep+1","After Image+1","Footwork+1","Quick Slash","Terror+1","Tools of the Trade+1","Expertise+1","Deflect+1","PiercingWail+1","Catalyst+1","Backflip+1","Dodge and Roll+1","Deadly Poison+1","Noxious Fumes+1","Deflect+1","Blur+1","After Image"],"relics":["Ring of the Snake","The Courier","Medical Kit","Toxic Egg 2","Letter Opener","Pandora\u0027s Box","Dream Catcher","Bag of Marbles","CeramicFish","Potion Belt","Boot","HoveringKite","Turnip","Strawberry","Orichalcum","TwistedFunnel","TheAbacus","Tingsha"],"acts_visited":["Exordium","TheCity","TheBeyond","TheEnding"],"potions_floor_usage":[25,27,28,36,41,50,54,55,55,55],"damage_taken":[{"damage":0.0,"enemies":"2 Louse","floor":1.0,"turns":4.0},{"damage":0.0,"enemies":"Jaw Worm","floor":2.0,"turns":4.0},{"damage":19.0,"enemies":"Gremlin Nob","floor":7.0,"turns":4.0},{"damage":12.0,"enemies":"Lagavulin","floor":10.0,"turns":5.0},{"damage":0.0,"enemies":"Cultist","floor":12.0,"turns":2.0},{"damage":0,"enemies":"Looter","floor":14,"turns":2},{"damage":10,"enemies":"The Guardian","floor":16,"turns":11},{"damage":7,"enemies":"Spheric Guardian","floor":18,"turns":3},{"damage":0,"enemies":"3 Byrds","floor":21,"turns":5},{"damage":0,"enemies":"Centurion and Healer","floor":22,"turns":6},{"damage":1,"enemies":"Sentry and Sphere","floor":24,"turns":4},{"damage":3,"enemies":"Book of Stabbing","floor":25,"turns":7},{"damage":20,"enemies":"Slavers","floor":27,"turns":4},{"damage":12,"enemies":"Shelled Parasite and Fungi","floor":28,"turns":6},{"damage":9,"enemies":"Book of Stabbing","floor":29,"turns":5},{"damage":7,"enemies":"Snake Plant","floor":31,"turns":4},{"damage":16,"enemies":"Automaton","floor":33,"turns":9},{"damage":0,"enemies":"3 Shapes","floor":35,"turns":5},{"damage":0,"enemies":"Mind Bloom Boss Battle","floor":36,"turns":7},{"damage":6,"enemies":"Nemesis","floor":41,"turns":7},{"damage":1,"enemies":"Giant Head","floor":44,"turns":8},{"damage":0,"enemies":"3 Darklings","floor":48,"turns":4},{"damage":9,"enemies":"Time Eater","floor":50,"turns":9},{"damage":14,"enemies":"Shield and Spear","floor":54,"turns":8},{"damage":48,"enemies":"The Heart","floor":55,"turns":9}],"seed_played":"-2182638038589062314","potions_obtained":[{"floor":1.0,"key":"SkillPotion"},{"floor":7.0,"key":"Poison Potion"},{"floor":10.0,"key":"Dexterity Potion"},{"floor":12.0,"key":"Swift Potion"},{"floor":22,"key":"PowerPotion"},{"floor":27,"key":"SneckoOil"},{"floor":29,"key":"Strength Potion"},{"floor":31,"key":"Swift Potion"},{"floor":39,"key":"DuplicationPotion"},{"floor":39,"key":"Energy Potion"},{"floor":39,"key":"PowerPotion"},{"floor":41,"key":"Strength Potion"},{"floor":44,"key":"Weak Potion"}],"is_trial":false,"path_per_floor":["M","M","?","?","$","R","E","R","T","E","R","M","R","M","R","B",null,"M","$","T","M","M","R","M","E","T","E","M","E","R","M","R","B",null,"M","?","?","?","?","R","E","R","T","E","$","R","$","M","R","B",null,"R","$","E","B",null],"character_chosen":"THE_SILENT","items_purchased":["Medical Kit","Crippling Poison","Predator","Deflect+1","PiercingWail+1","Catalyst+1","TwistedFunnel","TheAbacus","PowerPotion","BlessingOfTheForge"],"campfire_rested":5,"item_purchase_floors":[5,5,5,19,19,19,45,47,47,53],"current_hp_per_floor":[63,63,38,31,31,31,12,33,33,21,21,21,21,21,42,32,61,54,54,54,54,54,54,53,50,50,30,18,9,30,23,44,28,60,60,60,60,60,60,60,54,54,61,60,60,60,60,60,77,68,75,75,75,61,13],"gold":58,"neow_bonus":"HUNDRED_GOLD","is_daily":false,"chose_seed":false,"campfire_upgraded":7,"win_rate":0.0,"timestamp":1611828415,"path_taken":["M","M","?","?","$","R","E","R","T","E","R","?","R","M","R","BOSS","M","$","?","M","M","R","M","E","T","E","M","E","R","M","R","BOSS","M","?","?","?","?","R","E","R","T","E","$","R","$","M","R","BOSS","R","$","E","BOSS"],"items_purchased_type":["Relic","Card","Card","Card","Card","Card","Relic","Relic","Potion","Potion"],"build_version":"2020-12-22","purchased_purges":3,"victory":true,"max_hp_per_floor":[70,70,70,70,70,70,70,70,70,70,70,70,70,70,70,70,70,70,70,70,70,70,70,70,70,70,70,70,70,70,70,70,70,70,70,70,70,70,70,70,70,70,77,77,77,77,77,77,77,77,77,77,77,77,77],"card_choices":[{"not_picked":["Expertise","Deflect"],"picked":"Escape Plan","floor":1.0},{"not_picked":["Backflip","Underhanded Strike"],"picked":"Blade Dance","floor":2.0},{"not_picked":["Dash","Distraction+1"],"picked":"Deadly Poison+1","floor":7.0},{"not_picked":["Outmaneuver+1","Infinite Blades","Expertise+1"],"picked":"SKIP","floor":10.0},{"not_picked":["Flechettes","Prepared+1"],"picked":"Acrobatics+1","floor":12.0},{"not_picked":["Backflip+1","Predator"],"picked":"Leg Sweep+1","floor":14},{"not_picked":["Die Die Die","Night Terror+1"],"picked":"After Image","floor":16},{"not_picked":["Flying Knee","Terror+1","Dagger Spray"],"picked":"SKIP","floor":18},{"not_picked":["Dagger Spray","Concentrate+1"],"picked":"Backflip+1","floor":21},{"not_picked":["Outmaneuver+1","Backflip+1"],"picked":"Dodge and Roll+1","floor":22},{"not_picked":["Poisoned Stab","Backflip+1","All Out Attack"],"picked":"SKIP","floor":24},{"not_picked":["Bane","Choke"],"picked":"Deadly Poison+1","floor":25},{"not_picked":["Riddle With Holes","Calculated Gamble+1"],"picked":"Noxious Fumes","floor":27},{"not_picked":["Bane","Concentrate+1","Eviscerate"],"picked":"SKIP","floor":28},{"not_picked":["Blade Dance+1","Quick Slash","Grand Finale"],"picked":"SKIP","floor":29},{"not_picked":["Dodge and Roll+1","Outmaneuver+1"],"picked":"Deflect+1","floor":31},{"not_picked":["Cloak And Dagger+1","Dodge and Roll+1"],"picked":"Blur+1","floor":32},{"not_picked":["Storm of Steel+1","Phantasmal Killer+1"],"picked":"After Image","floor":33},{"not_picked":["Slice","Cloak And Dagger+1","PiercingWail+1"],"picked":"SKIP","floor":35},{"not_picked":["Finisher","Dodge and Roll+1","Calculated Gamble+1"],"picked":"SKIP","floor":41},{"not_picked":["Night Terror+1","Prepared+1","Riddle With Holes+1"],"picked":"SKIP","floor":44},{"not_picked":["Sucker Punch","Dodge and Roll+1","Dagger Spray+1"],"picked":"SKIP","floor":48},{"not_picked":["Heel Hook+1","Phantasmal Killer+1","Blade Dance+1"],"picked":"SKIP","floor":54}],"player_experience":404231,"relics_obtained":[{"floor":7.0,"key":"Toxic Egg 2"},{"floor":10.0,"key":"Letter Opener"},{"floor":20,"key":"Dream Catcher"},{"floor":25,"key":"Bag of Marbles"},{"floor":26,"key":"CeramicFish"},{"floor":27,"key":"Potion Belt"},{"floor":29,"key":"Boot"},{"floor":36,"key":"Turnip"},{"floor":43,"key":"Strawberry"},{"floor":44,"key":"Orichalcum"},{"floor":54,"key":"Tingsha"}],"event_choices":[{"damage_healed":0.0,"max_hp_gain":0.0,"max_hp_loss":0.0,"gold_gain":0.0,"event_name":"Scrap Ooze","player_choice":"Success","floor":3.0,"gold_loss":0.0,"damage_taken":25.0,"relics_obtained":["The Courier"]},{"cards_removed":["Strike_G"],"damage_healed":0.0,"max_hp_gain":0.0,"max_hp_loss":0.0,"gold_gain":0.0,"event_name":"Golden Wing","player_choice":"Card Removal","floor":4.0,"gold_loss":0.0,"damage_taken":7.0},{"damage_healed":0,"gold_gain":0,"player_choice":"Fight","damage_taken":0,"max_hp_gain":0,"max_hp_loss":0,"event_name":"MindBloom","floor":36,"gold_loss":0},{"cards_removed":["Flechettes"],"damage_healed":0,"gold_gain":0,"player_choice":"Removed Attack","damage_taken":0,"max_hp_gain":0,"max_hp_loss":0,"event_name":"Falling","floor":37,"gold_loss":0},{"damage_healed":0,"gold_gain":0,"player_choice":"Ignored","damage_taken":0,"max_hp_gain":0,"max_hp_loss":0,"event_name":"Mysterious Sphere","floor":38,"gold_loss":0},{"damage_healed":0,"gold_gain":0,"player_choice":"Got Potions","damage_taken":0,"max_hp_gain":0,"max_hp_loss":0,"event_name":"Lab","floor":39,"gold_loss":0}],"is_beta":false,"boss_relics":[{"not_picked":["Tiny House","Ectoplasm"],"picked":"Pandora\u0027s Box"},{"not_picked":["WristBlade","SacredBark"],"picked":"HoveringKite"}],"items_purged_floors":[19,45,47],"is_endless":false,"potions_floor_spawned":[1,7,10,12,18,22,27,29,31,41,44,48],"ascension_level":12}}