{"host":"p4v0hquynnreu717","time":1611845973,"event":{"mods":["BaseMod","Better Vampires","DeckTracker","Googly Eyes","Minty Spire (QoL Compilation)","Quick Restart","StSLib","SuperFastMode"],"gold_per_floor":[109,125,137,36,36,36,62,62,62,75,75,75,107,167,167,239,239,253,303,51,70,89,116,116,130,157,192,192,212,230,155,155,232,232,248,248,248,260,274,304,323,348,417,427,454,454,473,483,483,483,483,483,4,37,37],"floor_reached":56,"language":"ZHS","playtime":2862,"items_purged":["Strike_R","Strike_R"],"score":2406,"play_id":"18f3b918-1b19-42c3-a315-2f0c4e02210f","local_time":"20210128225933","is_ascension_mode":true,"campfire_choices":[{"data":"Armaments","floor":6.0,"key":"SMITH"},{"data":"Feel No Pain","floor":8.0,"key":"SMITH"},{"data":"True Grit","floor":15.0,"key":"SMITH"},{"data":"Corruption","floor":24.0,"key":"SMITH"},{"data":"Second Wind","floor":28.0,"key":"SMITH"},{"floor":32.0,"key":"RECALL"},{"data":"Strike_R","floor":46,"key":"PURGE"},{"data":"Bash+1","floor":49,"key":"PURGE"},{"data":"Offering","floor":52,"key":"SMITH"}],"circlet_count":0,"master_deck":["AscendersBane","Defend_R","Defend_R","Defend_R","Defend_R","Feel No Pain+1","Havoc","Armaments+1","Pummel","Pummel+1","True Grit+1","Corruption+1","Second Wind+1","Fiend Fire","Fiend Fire","Madness","Madness","Discovery","Offering+1","Second Wind","Dark Embrace+1"],"relics":["Burning Blood","Dead Branch","MealTicket","Singing Bowl","TungstenRod","Orichalcum","Coffee Dripper","Orrery","Nunchaku","Whetstone","Cursed Key","Omamori","Peace Pipe","The Courier","Bag of Marbles","Chemical X","Gambling Chip","Oddly Smooth Stone","Bag of Preparation"],"acts_visited":["Exordium","TheCity","TheBeyond","TheEnding"],"potions_floor_usage":[55,55],"damage_taken":[{"damage":1.0,"enemies":"Cultist","floor":1.0,"turns":3.0},{"damage":0.0,"enemies":"2 Louse","floor":2.0,"turns":4.0},{"damage":7.0,"enemies":"Small Slimes","floor":3.0,"turns":5.0},{"damage":24.0,"enemies":"3 Sentries","floor":7.0,"turns":8.0},{"damage":0.0,"enemies":"2 Fungi Beasts","floor":10.0,"turns":6.0},{"damage":12.0,"enemies":"Lagavulin","floor":13.0,"turns":6.0},{"damage":5.0,"enemies":"Lagavulin Event","floor":14.0,"turns":8.0},{"damage":21.0,"enemies":"The Guardian","floor":16.0,"turns":11.0},{"damage":0.0,"enemies":"Spheric Guardian","floor":18.0,"turns":4.0},{"damage":5.0,"enemies":"3 Byrds","floor":21.0,"turns":6.0},{"damage":0.0,"enemies":"3 Cultists","floor":22.0,"turns":4.0},{"damage":29.0,"enemies":"Slavers","floor":23.0,"turns":6.0},{"damage":9.0,"enemies":"Shelled Parasite and Fungi","floor":25.0,"turns":5.0},{"damage":0.0,"enemies":"Gremlin Leader","floor":27.0,"turns":7.0},{"damage":5.0,"enemies":"Sentry and Sphere","floor":29.0,"turns":3.0},{"damage":5.0,"enemies":"Snecko","floor":30.0,"turns":2.0},{"damage":21.0,"enemies":"Champ","floor":33.0,"turns":9.0},{"damage":16.0,"enemies":"3 Darklings","floor":35.0,"turns":5.0},{"damage":0.0,"enemies":"Orb Walker","floor":38.0,"turns":2.0},{"damage":0.0,"enemies":"4 Shapes","floor":39.0,"turns":3.0},{"damage":7.0,"enemies":"Reptomancer","floor":40.0,"turns":3.0},{"damage":11.0,"enemies":"Maw","floor":41.0,"turns":2.0},{"damage":5.0,"enemies":"Nemesis","floor":42.0,"turns":5.0},{"damage":5.0,"enemies":"Spire Growth","floor":44.0,"turns":3.0},{"damage":5,"enemies":"Reptomancer","floor":45,"turns":2},{"damage":11,"enemies":"Transient","floor":47,"turns":5},{"damage":5,"enemies":"Maw","floor":48,"turns":2},{"damage":11,"enemies":"Time Eater","floor":50,"turns":11},{"damage":5,"enemies":"Shield and Spear","floor":54,"turns":1},{"damage":20,"enemies":"The Heart","floor":55,"turns":4}],"seed_played":"-2302272411272749117","potions_obtained":[{"floor":1.0,"key":"EssenceOfSteel"},{"floor":13.0,"key":"Block Potion"},{"floor":14.0,"key":"Regen Potion"},{"floor":18.0,"key":"EntropicBrew"}],"is_trial":false,"path_per_floor":["M","M","M","$","?","R","E","R","T","M","?","?","E","?","R","B",null,"M","?","$","M","M","E","R","M","T","E","R","M","M","?","R","B",null,"M","?","?","M","M","E","M","E","T","M","E","R","M","M","R","B",null,"R","$","E","B",null],"character_chosen":"IRONCLAD","items_purchased":["Armaments","Orrery","Chemical X","Gambling Chip","Oddly Smooth Stone"],"campfire_rested":0,"item_purchase_floors":[4,20,53,53,53],"current_hp_per_floor":[55,61,60,60,60,60,42,42,42,48,41,41,35,38,38,23,64,72,72,89,91,93,72,72,71,71,77,77,80,81,81,81,66,91,83,66,61,69,77,76,73,76,76,79,82,82,77,78,78,73,106,106,117,119,110],"gold":37,"neow_bonus":"ONE_RARE_RELIC","is_daily":false,"chose_seed":false,"campfire_upgraded":6,"win_rate":0.0,"timestamp":1611845973,"path_taken":["M","M","M","$","?","R","E","R","T","M","?","?","E","?","R","BOSS","M","?","$","M","M","E","R","?","T","E","R","M","M","?","R","BOSS","M","?","?","M","M","E","M","E","T","M","E","R","M","M","R","BOSS","R","$","E","BOSS"],"items_purchased_type":["Card","Relic","Relic","Relic","Relic"],"build_version":"2020-12-22","purchased_purges":2,"victory":true,"max_hp_per_floor":[75,75,75,75,75,75,75,75,75,75,75,75,75,77,77,77,77,79,79,89,91,93,95,95,97,97,97,97,99,99,99,99,99,99,101,101,105,107,109,109,111,113,113,115,117,117,117,117,117,117,117,117,117,119,119],"card_choices":[{"not_picked":["Flex","Cleave"],"picked":"Feel No Pain","floor":1.0},{"not_picked":["Flex","Iron Wave","Thunderclap"],"picked":"SKIP","floor":2.0},{"not_picked":["Hemokinesis","Iron Wave"],"picked":"Havoc","floor":3.0},{"not_picked":["Limit Break","Hemokinesis"],"picked":"Pummel","floor":7.0},{"not_picked":["Warcry","Fire Breathing"],"picked":"Pummel","floor":10.0},{"not_picked":["Warcry","Rampage"],"picked":"True Grit","floor":13.0},{"not_picked":["Ghostly Armor","Perfected Strike","Sword Boomerang"],"picked":"Singing Bowl","floor":14.0},{"not_picked":["Brutality","Exhume"],"picked":"Corruption","floor":16.0},{"not_picked":["Armaments","Dropkick+1","Perfected Strike"],"picked":"Singing Bowl","floor":18.0},{"not_picked":["Pommel Strike","Uppercut","Thunderclap"],"picked":"Singing Bowl","floor":20.0},{"not_picked":["Seeing Red","Clash","Cleave"],"picked":"Singing Bowl","floor":20.0},{"not_picked":["Anger","Heavy Blade","Exhume"],"picked":"Singing Bowl","floor":20.0},{"not_picked":["Metallicize","Inflame","Clothesline"],"picked":"Singing Bowl","floor":20.0},{"not_picked":["Heavy Blade+1","Cleave","Evolve"],"picked":"Singing Bowl","floor":20.0},{"not_picked":["Cleave","Burning Pact","Flex"],"picked":"Singing Bowl","floor":21.0},{"not_picked":["Clothesline","Iron Wave+1","Spot Weakness"],"picked":"Singing Bowl","floor":22.0},{"not_picked":["Thunderclap","Intimidate","Flex"],"picked":"Singing Bowl","floor":23.0},{"not_picked":["Pommel Strike","Blood for Blood","Flex"],"picked":"Singing Bowl","floor":25.0},{"not_picked":["Uppercut","Sentinel"],"picked":"Second Wind","floor":27.0},{"not_picked":["Sword Boomerang","Perfected Strike","Cleave"],"picked":"Singing Bowl","floor":29.0},{"not_picked":["Sword Boomerang+1","Body Slam"],"picked":"Fiend Fire","floor":30.0},{"not_picked":["Corruption","Reaper"],"picked":"Fiend Fire","floor":33.0},{"not_picked":["Twin Strike","Perfected Strike","Flex+1"],"picked":"Singing Bowl","floor":35.0},{"not_picked":["Blind","Mayhem","PanicButton"],"picked":"Singing Bowl","floor":37.0},{"not_picked":["Finesse","Enlightenment","Impatience"],"picked":"Singing Bowl","floor":37.0},{"not_picked":["Finesse","Madness"],"picked":"Discovery","floor":37.0},{"not_picked":["Heavy Blade+1","Anger+1","Headbutt"],"picked":"Singing Bowl","floor":38.0},{"not_picked":["Wild Strike","Warcry","Infernal Blade+1"],"picked":"Singing Bowl","floor":39.0},{"not_picked":["Shrug It Off","Headbutt+1"],"picked":"Offering","floor":40.0},{"not_picked":["Havoc","Uppercut","Body Slam"],"picked":"Singing Bowl","floor":41.0},{"not_picked":["Anger","Reckless Charge+1","Rupture"],"picked":"Singing Bowl","floor":42.0},{"not_picked":["Rampage","Heavy Blade","Cleave"],"picked":"Singing Bowl","floor":44.0},{"not_picked":["Sever Soul+1","Reckless Charge+1","Inflame"],"picked":"Singing Bowl","floor":45},{"not_picked":["Headbutt","Whirlwind"],"picked":"Second Wind","floor":47},{"not_picked":["Headbutt+1","Pommel Strike"],"picked":"Dark Embrace+1","floor":48},{"not_picked":["Pommel Strike","Cleave","Clash"],"picked":"Singing Bowl","floor":54}],"player_experience":781705,"relics_obtained":[{"floor":7.0,"key":"MealTicket"},{"floor":9.0,"key":"Singing Bowl"},{"floor":13.0,"key":"TungstenRod"},{"floor":14.0,"key":"Orichalcum"},{"floor":23.0,"key":"Nunchaku"},{"floor":27.0,"key":"Whetstone"},{"floor":40.0,"key":"Omamori"},{"floor":42.0,"key":"Peace Pipe"},{"floor":43.0,"key":"The Courier"},{"floor":45,"key":"Bag of Marbles"},{"floor":54,"key":"Bag of Preparation"}],"event_choices":[{"damage_healed":0.0,"max_hp_gain":0.0,"max_hp_loss":0.0,"gold_gain":0.0,"event_name":"The Cleric","player_choice":"Leave","floor":5.0,"gold_loss":0.0,"damage_taken":0.0},{"cards_removed":["Strike_R"],"damage_healed":0.0,"max_hp_gain":0.0,"max_hp_loss":0.0,"gold_gain":0.0,"event_name":"Golden Wing","player_choice":"Card Removal","floor":11.0,"gold_loss":0.0,"damage_taken":7.0},{"damage_healed":0.0,"max_hp_gain":0.0,"max_hp_loss":0.0,"gold_gain":0.0,"event_name":"Liars Game","player_choice":"Ignored","floor":12.0,"gold_loss":0.0,"damage_taken":0.0},{"damage_healed":0.0,"max_hp_gain":0.0,"max_hp_loss":0.0,"gold_gain":0.0,"event_name":"Dead Adventurer","player_choice":"Searched \u00271\u0027 times","floor":14.0,"gold_loss":0.0,"damage_taken":0.0},{"damage_healed":0.0,"max_hp_gain":0.0,"max_hp_loss":0.0,"gold_gain":100.0,"event_name":"The Joust","player_choice":"Bet on Murderer","floor":19.0,"gold_loss":50.0,"damage_taken":0.0},{"cards_removed":["Strike_R"],"damage_healed":0.0,"max_hp_gain":0.0,"max_hp_loss":0.0,"gold_gain":0.0,"event_name":"Beggar","player_choice":"Gave Gold","floor":31.0,"gold_loss":75.0,"damage_taken":0.0},{"damage_healed":0.0,"max_hp_gain":0.0,"max_hp_loss":0.0,"gold_gain":0.0,"event_name":"Winding Halls","player_choice":"Embrace Madness","floor":36.0,"gold_loss":0.0,"damage_taken":18.0,"cards_obtained":["Madness","Madness"]},{"damage_healed":0.0,"max_hp_gain":0.0,"max_hp_loss":0.0,"gold_gain":0.0,"event_name":"SensoryStone","player_choice":"Memory 3","floor":37.0,"gold_loss":0.0,"damage_taken":10.0}],"is_beta":false,"boss_relics":[{"not_picked":["Busted Crown","Runic Cube"],"picked":"Coffee Dripper"},{"not_picked":["Velvet Choker","Snecko Eye"],"picked":"Cursed Key"}],"items_purged_floors":[4,20],"is_endless":false,"potions_floor_spawned":[1,13,14,16,18,27,33,35,38,41,42,44,54],"ascension_level":15}}