{"host":"o8zfgwwi0r1my61o","time":1611870191,"event":{"mods":["2.2 Compatiblity","AchievementEnabler","Ascension Reborn","BaseMod","Block Reminder","Card Forge","Colored Map","Colored Powertips","Custom Start","DeckTracker","Gremlin Skip","Highlight Path","Infinite Spire","Minty Spire (QoL Compilation)","Permanent Neow","Potionbrewer","Quick Restart","Rare Cards Sparkle","Replay The Spire","Spicy Shops","StSLib","SuperFastMode","The Hierophant","The Sage"],"gold_per_floor":[122,139,167,176,158,158,193,193,271,271,330,351,351,375,375,375,375],"floor_reached":16,"language":"ENG","playtime":492,"items_purged":[],"score":102,"play_id":"816d6e23-cd82-4743-9e2c-bccb24cc8dfd","local_time":"20210128164311","is_ascension_mode":false,"campfire_choices":[{"floor":6,"key":"REST"},{"floor":8,"key":"REST"},{"floor":10,"key":"REST"},{"data":"Whirlwind","floor":13,"key":"SMITH"},{"data":"Cleave","floor":15,"key":"SMITH"}],"circlet_count":0,"master_deck":["Strike_R","Strike_R","Strike_R","Strike_R","Strike_R","Defend_R","Defend_R","Defend_R","Defend_R","Bash","Cleave+1","Clothesline","infinitespire:Fortify","Whirlwind+1","Feed","Iron Wave"],"relics":["Burning Blood","Hammer of Thor","Seething Fire","Anvil of the Gods","CeramicFish","Magic Flower","Matryoshka"],"acts_visited":["Exordium"],"potions_floor_usage":[5,16],"damage_taken":[{"damage":6,"enemies":"Jaw Worm","floor":1,"turns":4},{"damage":0,"enemies":"2 Louse","floor":2,"turns":2},{"damage":20,"enemies":"infinitespire:Voidling","floor":3,"turns":4},{"damage":17,"enemies":"Exordium Thugs","floor":5,"turns":4},{"damage":50,"enemies":"3 Sentries","floor":7,"turns":8},{"damage":12,"enemies":"2 Fungi Beasts","floor":12,"turns":3},{"damage":10,"enemies":"Looter","floor":14,"turns":2},{"damage":91,"enemies":"Fading Forest","floor":16,"turns":10}],"seed_played":"-1397567590920016257","potions_obtained":[{"floor":1,"key":"Fire Potion"},{"floor":2,"key":"Doom Potion"},{"floor":5,"key":"potionbrewer:CleansingPotion"},{"floor":12,"key":"potionbrewer:SplittingPotion"},{"floor":14,"key":"Strength Potion"}],"is_trial":false,"path_per_floor":["M","M","M","?","M","R","E","R","T","R","?","M","R","M","R","B"],"character_chosen":"IRONCLAD","items_purchased":[],"campfire_rested":3,"item_purchase_floors":[],"current_hp_per_floor":[80,80,70,49,38,62,18,42,42,66,66,63,63,67,67,0,0],"gold":375,"neow_bonus":"RANDOM_COMMON_RELIC","is_daily":false,"chose_seed":false,"campfire_upgraded":2,"win_rate":0.0,"timestamp":1611870191,"path_taken":["M","M","M","?","M","R","E","R","T","R","?","M","R","M","R","BOSS"],"items_purchased_type":[],"build_version":"2020-12-22","purchased_purges":0,"victory":false,"max_hp_per_floor":[80,80,80,80,80,80,80,80,80,80,80,80,80,83,83,83,83],"card_choices":[{"not_picked":["Entrench","Clothesline"],"picked":"Cleave","floor":1},{"not_picked":["Clash","Replay:Undeath\u0027s Touch","Warcry"],"picked":"SKIP","floor":2},{"not_picked":["Rage","Blood for Blood"],"picked":"Clothesline","floor":3},{"not_picked":["infinitespire:Gouge","infinitespire:Punishment"],"picked":"infinitespire:Fortify","floor":4},{"not_picked":["Perfected Strike","Flex","ReplayTheSpireMod:Strike From Hell"],"picked":"SKIP","floor":5},{"not_picked":["Entrench","Defy Death"],"picked":"Whirlwind","floor":7},{"not_picked":["Clash","Fire Breathing"],"picked":"Feed","floor":12},{"not_picked":["Shrug It Off","Rupture"],"picked":"Iron Wave","floor":14}],"player_experience":172551,"relics_obtained":[{"floor":7,"key":"Magic Flower"},{"floor":9,"key":"Matryoshka"}],"event_choices":[{"damage_healed":0,"gold_gain":59,"player_choice":"Gained Gold","damage_taken":0,"max_hp_gain":0,"max_hp_loss":0,"event_name":"Golden Wing","floor":11,"gold_loss":0}],"is_beta":false,"boss_relics":[],"items_purged_floors":[],"is_endless":false,"potions_floor_spawned":[1,2,5,12,14],"killed_by":"Fading Forest","ascension_level":0}}