{"host":"rolltorest","time":1611819355,"event":{"mods":["BaseMod","Jorbs\u0027s Wanderer Trilogy","Koishi","Minty Spire (QoL Compilation)","Relic Stats","Robot Space Explorer","Slay the Relics Exporter","StSLib","The Servant 0.9.4"],"gold_per_floor":[113,113,132,142,58,86,96,96,96],"floor_reached":8,"language":"ENG","playtime":238,"items_purged":[],"score":116,"play_id":"0409d354-b9a7-4f8a-8484-25d7c5127fb1","local_time":"20210127233555","is_ascension_mode":true,"campfire_choices":[],"circlet_count":0,"master_deck":["AscendersBane","RobotSpaceExplorer:Strike","RobotSpaceExplorer:Strike","RobotSpaceExplorer:Strike","RobotSpaceExplorer:Strike","RobotSpaceExplorer:Defend","RobotSpaceExplorer:Defend","RobotSpaceExplorer:Defend","RobotSpaceExplorer:Scan","RobotSpaceExplorer:MiniLasers","RobotSpaceExplorer:ScrapShield","RobotSpaceExplorer:LaserBurst","RobotSpaceExplorer:LuckyStrike","RobotSpaceExplorer:Explosion","RobotSpaceExplorer:FrostMissile"],"relics":["SacredBark","Smiling Mask"],"acts_visited":["Exordium"],"potions_floor_usage":[6],"damage_taken":[{"damage":2,"enemies":"Small Slimes","floor":1,"turns":3},{"damage":1,"enemies":"Cultist","floor":3,"turns":4},{"damage":2,"enemies":"Jaw Worm","floor":4,"turns":5},{"damage":37,"enemies":"Gremlin Nob","floor":6,"turns":5},{"damage":0,"enemies":"2 Fungi Beasts","floor":7,"turns":4},{"damage":15,"enemies":"Lagavulin","floor":8,"turns":4}],"seed_played":"5368377754529297497","potions_obtained":[{"floor":3,"key":"SpeedPotion"},{"floor":4,"key":"PowerPotion"}],"is_trial":false,"path_per_floor":["M","?","M","M","$","E","M","E"],"character_chosen":"RobotSpaceExplorer","items_purchased":["Ancient Potion"],"campfire_rested":0,"item_purchase_floors":[5],"current_hp_per_floor":[62,62,61,59,59,22,22,7,7],"gold":96,"neow_bonus":"BOSS_RELIC","is_daily":false,"chose_seed":false,"campfire_upgraded":0,"win_rate":0.0,"timestamp":1611819355,"path_taken":["M","?","M","?","$","E","M","E"],"items_purchased_type":["Potion"],"build_version":"2020-12-18","purchased_purges":0,"victory":false,"max_hp_per_floor":[71,71,71,71,71,71,71,71,71],"relic_stats":{"counters":[6,25],"Smiling Mask":0,"obtain_stats":[{"SacredBark":0,"RobotSpaceExplorer:RoboCore":0,"Smiling Mask":6},{"SacredBark":0,"RobotSpaceExplorer:RoboCore":0,"Smiling Mask":4},{"SacredBark":0,"RobotSpaceExplorer:RoboCore":0,"Smiling Mask":17}]},"card_choices":[{"not_picked":["RobotSpaceExplorer:GlueShot","RobotSpaceExplorer:PowerGlove"],"picked":"RobotSpaceExplorer:ScrapShield","floor":1},{"not_picked":["RobotSpaceExplorer:Counterblock","RobotSpaceExplorer:ImprovisedAttack"],"picked":"RobotSpaceExplorer:LaserBurst","floor":3},{"not_picked":["RobotSpaceExplorer:Probe","RobotSpaceExplorer:GlueShot"],"picked":"RobotSpaceExplorer:LuckyStrike","floor":4},{"not_picked":["RobotSpaceExplorer:DualCore","RobotSpaceExplorer:ScrapToss"],"picked":"RobotSpaceExplorer:Explosion","floor":6},{"not_picked":["RobotSpaceExplorer:GlueShot","RobotSpaceExplorer:Smokescreen"],"picked":"RobotSpaceExplorer:FrostMissile","floor":7}],"player_experience":2256604,"relics_obtained":[{"floor":6,"key":"Smiling Mask"}],"event_choices":[{"cards_removed":["RobotSpaceExplorer:Defend"],"damage_healed":0,"gold_gain":0,"player_choice":"Offered Basic","damage_taken":0,"max_hp_gain":0,"max_hp_loss":0,"event_name":"Bonfire Elementals","floor":2,"gold_loss":0}],"is_beta":true,"boss_relics":[],"items_purged_floors":[],"is_endless":false,"potions_floor_spawned":[3,4],"killed_by":"Lagavulin","ascension_level":20}}