{"host":"684z1xpuwaoqmmh1","time":1611844888,"event":{"mods":["BaseMod","Downfall","Hermit","Jorbs\u0027s Wanderer Trilogy","Marisa????????","Minty Spire (QoL Compilation)","Robot Space Explorer","Shade Mod","StSLib","The Bug Knight","The Cursed","The Dragon Tamer","The Hayseed","The Hierophant","The Marked","The Mystic","The Runesmith","The Senshi"],"gold_per_floor":[117,136,136,136,146,178,191,191,191],"floor_reached":8,"language":"ENG","playtime":348,"items_purged":[],"score":93,"play_id":"5febb9ca-e93d-4834-9d7d-699bdf353f5e","local_time":"20210128164128","is_ascension_mode":true,"campfire_choices":[],"circlet_count":0,"master_deck":["AscendersBane","theSenshi:SailorKick","theSenshi:SailorKick","theSenshi:SailorKick","theSenshi:SailorKick","theSenshi:SailorBlock","theSenshi:SailorBlock","theSenshi:SailorBlock","theSenshi:SailorBlock","theSenshi:RoseThrow","theSenshi:MoonPrismPowerMakeUp","theSenshi:MoonEternalMakeUp","theSenshi:SailorMarsAssists+1","theSenshi:RainbowMoonHeartAche","theSenshi:MercurysCunning","theSenshi:CrisisMakeUp","theSenshi:MoonKick"],"relics":["theSenshi:TransformationBroochRelic","The Courier"],"acts_visited":["Exordium"],"potions_floor_usage":[8,8],"damage_taken":[{"damage":3,"enemies":"Small Slimes","floor":1,"turns":4},{"damage":0,"enemies":"Cultist","floor":2,"turns":4},{"damage":3,"enemies":"2 Louse","floor":5,"turns":2},{"damage":38,"enemies":"3 Sentries","floor":6,"turns":11},{"damage":7,"enemies":"Looter","floor":7,"turns":3},{"damage":22,"enemies":"Gremlin Nob","floor":8,"turns":3}],"seed_played":"-7233529646816126473","potions_obtained":[{"floor":6,"key":"BlessingOfTheForge"},{"floor":7,"key":"BlessingOfTheForge"}],"is_trial":false,"path_per_floor":["M","M","?","?","M","E","M","E"],"character_chosen":"THE_SENSHI","items_purchased":[],"campfire_rested":0,"item_purchase_floors":[],"current_hp_per_floor":[65,65,65,58,55,17,10,0,0],"gold":191,"neow_bonus":"ONE_RANDOM_RARE_CARD","is_daily":false,"chose_seed":false,"campfire_upgraded":0,"win_rate":0.0,"timestamp":1611844888,"path_taken":["M","M","?","?","M","E","?","E"],"items_purchased_type":[],"build_version":"2020-12-22","purchased_purges":0,"victory":false,"max_hp_per_floor":[75,75,75,75,75,75,75,75,75],"card_choices":[{"not_picked":["theSenshi:EncouragingSpeech","theSenshi:MoonsReflection"],"picked":"theSenshi:SailorMarsAssists","floor":1},{"not_picked":["theSenshi:MoonPower","theSenshi:PlutosSolemnity"],"picked":"theSenshi:RainbowMoonHeartAche","floor":2},{"not_picked":["theSenshi:SailorPlanetPower","theSenshi:EncouragingSpeech"],"picked":"theSenshi:MercurysCunning","floor":5},{"not_picked":["theSenshi:SailorStarMakerAssists","theSenshi:HesSoDreamy"],"picked":"theSenshi:CrisisMakeUp","floor":6},{"not_picked":["theSenshi:TallSilhouette","theSenshi:LunaWiseMentor"],"picked":"theSenshi:MoonKick","floor":7}],"player_experience":2982442,"relics_obtained":[{"floor":6,"key":"The Courier"}],"event_choices":[{"damage_healed":0,"gold_gain":0,"player_choice":"Grow","damage_taken":0,"max_hp_gain":0,"max_hp_loss":0,"event_name":"Living Wall","floor":3,"gold_loss":0,"cards_upgraded":["theSenshi:SailorMarsAssists"]},{"damage_healed":0,"gold_gain":0,"player_choice":"Damaged","damage_taken":7,"max_hp_gain":0,"max_hp_loss":0,"event_name":"Wheel of Change","floor":4,"gold_loss":0}],"is_beta":false,"boss_relics":[],"items_purged_floors":[],"is_endless":false,"potions_floor_spawned":[6,7],"killed_by":"Gremlin Nob","ascension_level":12}}