{"host":"dhlnk6yox2l1s6up","time":1611870601,"event":{"mods":["BaseMod","Bestiary","Colored Map","Highlight Path","Minty Spire (QoL Compilation)","Relic Stats","StSLib"],"gold_per_floor":[112,112,132,144,158,186,186,219,244,278,278,278,299,6,6,127,127,148,167,167,167,47,85,85,119,187,218,218,242,242,255,255,379,379,393,417,431,20,20,54,136,136,204,225,225,243,278,127,127,127,127,127,9,50,50,50],"floor_reached":55,"language":"ENG","playtime":4644,"items_purged":["Strike_B","Strike_B+1"],"score":1189,"play_id":"04fdda40-4f5f-4f3f-9d9b-517b70263c12","local_time":"20210128155001","is_ascension_mode":true,"campfire_choices":[{"data":"Beam Cell","floor":7.0,"key":"SMITH"},{"floor":11.0,"key":"REST"},{"data":"Go for the Eyes","floor":15.0,"key":"SMITH"},{"data":"Glacier","floor":24.0,"key":"SMITH"},{"data":"Seek","floor":32.0,"key":"SMITH"},{"floor":42.0,"key":"RECALL"},{"data":"Reinforced Body","floor":45.0,"key":"SMITH"},{"data":"Buffer","floor":49.0,"key":"SMITH"},{"floor":52.0,"key":"REST"}],"circlet_count":0,"master_deck":["Strike_B+1","Strike_B+1","Defend_B+1","Defend_B+1","Defend_B+1","Defend_B+1","Zap","Dualcast","Hologram","Ball Lightning","Ball Lightning","Beam Cell+1","Rebound","Steam","Go for the Eyes+1","BootSequence","Echo Form","Glacier+1","Self Repair+1","Leap","Lockon","Steam","Seek+1","Conserve Battery+1","Machine Learning","Coolheaded+1","FTL","Fusion+1","Reinforced Body+1","Buffer+1","Force Field+1","Creative AI","Ball Lightning"],"relics":["Cracked Core","NeowsBlessing","Boot","Vajra","Lantern","Tiny Chest","Golden Idol","Toy Ornithopter","SacredBark","Pen Nib","Omamori","Gremlin Horn","Singing Bowl","Cables","Cursed Key","ClockworkSouvenir","Bottled Lightning","Dead Branch","Bottled Tornado","DataDisk","Centennial Puzzle"],"acts_visited":["Exordium","TheCity","TheBeyond","TheEnding"],"potions_floor_usage":[55,55],"damage_taken":[{"damage":0.0,"enemies":"2 Louse","floor":1.0,"turns":1.0},{"damage":0.0,"enemies":"Cultist","floor":3.0,"turns":1.0},{"damage":0.0,"enemies":"Jaw Worm","floor":4.0,"turns":1.0},{"damage":2.0,"enemies":"3 Louse","floor":5.0,"turns":3.0},{"damage":16.0,"enemies":"Gremlin Nob","floor":6.0,"turns":3.0},{"damage":23.0,"enemies":"3 Sentries","floor":8.0,"turns":6.0},{"damage":25.0,"enemies":"Lagavulin","floor":10.0,"turns":4.0},{"damage":0.0,"enemies":"Looter","floor":13.0,"turns":2.0},{"damage":35.0,"enemies":"The Guardian","floor":16.0,"turns":11.0},{"damage":35.0,"enemies":"Shell Parasite","floor":18.0,"turns":5.0},{"damage":0.0,"enemies":"Chosen","floor":19.0,"turns":4.0},{"damage":8.0,"enemies":"Book of Stabbing","floor":23.0,"turns":5.0},{"damage":55.0,"enemies":"Gremlin Leader","floor":25.0,"turns":10.0},{"damage":35.0,"enemies":"Slavers","floor":27.0,"turns":8.0},{"damage":5.0,"enemies":"Centurion and Healer","floor":29.0,"turns":9.0},{"damage":0.0,"enemies":"Snake Plant","floor":31.0,"turns":5.0},{"damage":49.0,"enemies":"Collector","floor":33.0,"turns":11.0},{"damage":0.0,"enemies":"Orb Walker","floor":35.0,"turns":3.0},{"damage":0.0,"enemies":"3 Shapes","floor":36.0,"turns":4.0},{"damage":9.0,"enemies":"Jaw Worm Horde","floor":37.0,"turns":4.0},{"damage":0.0,"enemies":"Reptomancer","floor":40.0,"turns":8.0},{"damage":0.0,"enemies":"Maw","floor":44.0,"turns":6.0},{"damage":0.0,"enemies":"Sphere and 2 Shapes","floor":46.0,"turns":5.0},{"damage":0.0,"enemies":"Giant Head","floor":47.0,"turns":8.0},{"damage":131.0,"enemies":"Time Eater","floor":50.0,"turns":14.0},{"damage":69.0,"enemies":"Shield and Spear","floor":54.0,"turns":15.0},{"damage":41,"enemies":"The Heart","floor":55,"turns":11}],"seed_played":"-86682180131393831","potions_obtained":[{"floor":1.0,"key":"Regen Potion"},{"floor":4.0,"key":"BlessingOfTheForge"},{"floor":6.0,"key":"SkillPotion"},{"floor":10.0,"key":"FearPotion"},{"floor":18.0,"key":"SneckoOil"},{"floor":25.0,"key":"LiquidBronze"},{"floor":27.0,"key":"EntropicBrew"},{"floor":36.0,"key":"Energy Potion"},{"floor":39.0,"key":"FairyPotion"},{"floor":39.0,"key":"DuplicationPotion"},{"floor":40.0,"key":"PowerPotion"},{"floor":47.0,"key":"Dexterity Potion"}],"is_trial":false,"path_per_floor":["M","?","M","M","M","E","R","E","T","E","R","?","M","$","R","B",null,"M","M","?","?","$","E","R","E","T","E","T","M","?","M","R","B",null,"M","M","M","$","?","E","T","R","T","M","R","M","E","$","R","B",null,"R","$","E","B"],"character_chosen":"DEFECT","items_purchased":["BootSequence","Toy Ornithopter","Leap","Regen Potion","ClockworkSouvenir","Bottled Lightning","SteroidPotion","Creative AI","FocusPotion"],"campfire_rested":2,"item_purchase_floors":[14,14,22,22,38,38,48,53,53],"current_hp_per_floor":[68,68,68,68,66,50,50,42,42,17,39,39,39,39,39,4,53,18,18,18,18,18,30,30,54,54,39,39,61,71,71,71,42,64,64,64,72,72,72,73,73,73,73,73,73,73,73,73,73,13,58,73,73,29,0,0],"gold":50,"neow_bonus":"THREE_ENEMY_KILL","is_daily":false,"chose_seed":false,"campfire_upgraded":6,"win_rate":0.0,"timestamp":1611870601,"path_taken":["M","?","M","?","M","E","R","E","T","E","R","?","M","$","R","BOSS","M","M","?","?","$","E","R","E","T","E","?","M","?","M","R","BOSS","M","M","M","?","?","E","?","R","T","M","R","M","E","$","R","BOSS","R","$","E","BOSS"],"items_purchased_type":["Card","Relic","Card","Potion","Relic","Relic","Potion","Card","Potion"],"build_version":"2020-12-22","purchased_purges":2,"victory":false,"max_hp_per_floor":[75,75,75,75,75,75,75,75,75,75,75,69,69,69,69,69,69,69,69,69,69,69,69,69,69,69,69,69,71,71,71,71,71,71,71,71,73,73,73,73,73,73,73,73,73,73,73,73,73,73,73,73,73,73,73,73],"relic_stats":{"Gremlin Horn":[20,20],"Singing Bowl":4,"counters":[27,167],"Golden Idol":156,"Dead Branch":[26],"Pen Nib":[26],"Boot":[52],"Cursed Key":2,"Cables":[94,60,28,0,6],"Centennial Puzzle":[1],"Tiny Chest":2,"obtain_stats":[{"Lantern":9,"NeowsBlessing":0,"Gremlin Horn":26,"Singing Bowl":27,"Golden Idol":12,"SacredBark":17,"Dead Branch":40,"Vajra":8,"Pen Nib":23,"Omamori":25,"Bottled Tornado":41,"Boot":6,"Cursed Key":34,"Cables":28,"ClockworkSouvenir":38,"DataDisk":47,"Centennial Puzzle":54,"Tiny Chest":10,"Bottled Lightning":38,"Cracked Core":0,"Toy Ornithopter":14},{"Lantern":6,"NeowsBlessing":0,"Gremlin Horn":13,"Singing Bowl":14,"Golden Idol":7,"SacredBark":9,"Dead Branch":21,"Vajra":6,"Pen Nib":12,"Omamori":13,"Bottled Tornado":21,"Boot":5,"Cursed Key":17,"Cables":14,"ClockworkSouvenir":20,"DataDisk":24,"Centennial Puzzle":26,"Tiny Chest":7,"Bottled Lightning":20,"Cracked Core":0,"Toy Ornithopter":8},{"Lantern":15,"NeowsBlessing":0,"Gremlin Horn":56,"Singing Bowl":64,"Golden Idol":19,"SacredBark":32,"Dead Branch":108,"Vajra":15,"Pen Nib":46,"Omamori":56,"Bottled Tornado":108,"Boot":9,"Cursed Key":89,"Cables":64,"ClockworkSouvenir":100,"DataDisk":127,"Centennial Puzzle":156,"Tiny Chest":19,"Bottled Lightning":100,"Cracked Core":0,"Toy Ornithopter":21}],"Toy Ornithopter":50},"card_choices":[{"not_picked":["Reprogram","Recycle"],"picked":"Hologram","floor":1.0},{"not_picked":["Defragment","Leap"],"picked":"Ball Lightning","floor":3.0},{"not_picked":["Beam Cell","Rebound"],"picked":"Ball Lightning","floor":4.0},{"not_picked":["Streamline","Rebound"],"picked":"Beam Cell","floor":5.0},{"not_picked":["Scrape","Ball Lightning","Sweeping Beam"],"picked":"SKIP","floor":6.0},{"not_picked":["Sunder","Compile Driver"],"picked":"Rebound","floor":8.0},{"not_picked":["Heatsinks","Consume"],"picked":"Steam","floor":10.0},{"not_picked":["Steam","Rebound"],"picked":"Go for the Eyes","floor":13.0},{"not_picked":["All For One","Amplify"],"picked":"Echo Form","floor":16.0},{"not_picked":["Reprogram","Chill"],"picked":"Glacier","floor":18.0},{"not_picked":["Steam","Compile Driver"],"picked":"Self Repair+1","floor":19.0},{"not_picked":["Melter","Heatsinks+1"],"picked":"Lockon","floor":23.0},{"not_picked":["Reinforced Body","Double Energy"],"picked":"Steam","floor":25.0},{"not_picked":["Ball Lightning","Auto Shields+1"],"picked":"Seek","floor":27.0},{"not_picked":["Streamline","Sweeping Beam","Static Discharge+1"],"picked":"Singing Bowl","floor":29.0},{"not_picked":["Hologram","Doom and Gloom+1"],"picked":"Conserve Battery+1","floor":31.0},{"not_picked":["Hyperbeam","Amplify"],"picked":"Machine Learning","floor":33.0},{"not_picked":["Beam Cell+1","Stack"],"picked":"Coolheaded+1","floor":35.0},{"not_picked":["Beam Cell","Stack+1"],"picked":"FTL","floor":36.0},{"not_picked":["Barrage+1","Steam+1","Go for the Eyes"],"picked":"Singing Bowl","floor":37.0},{"not_picked":["White Noise","Streamline+1"],"picked":"Fusion+1","floor":40.0},{"not_picked":["Beam Cell+1","Self Repair"],"picked":"Reinforced Body","floor":44.0},{"not_picked":["Barrage","Beam Cell"],"picked":"Buffer","floor":46.0},{"not_picked":["Redo","Chaos"],"picked":"Force Field+1","floor":47.0},{"not_picked":["Sunder+1","Coolheaded"],"picked":"Ball Lightning","floor":54.0}],"player_experience":5995127,"relics_obtained":[{"floor":6.0,"key":"Boot"},{"floor":8.0,"key":"Vajra"},{"floor":9.0,"key":"Lantern"},{"floor":10.0,"key":"Tiny Chest"},{"floor":23.0,"key":"Pen Nib"},{"floor":25.0,"key":"Omamori"},{"floor":26.0,"key":"Gremlin Horn"},{"floor":27.0,"key":"Singing Bowl"},{"floor":28.0,"key":"Cables"},{"floor":40.0,"key":"Dead Branch"},{"floor":41.0,"key":"Bottled Tornado"},{"floor":47.0,"key":"DataDisk"},{"floor":54.0,"key":"Centennial Puzzle"}],"event_choices":[{"damage_healed":0.0,"max_hp_gain":0.0,"max_hp_loss":0.0,"gold_gain":0.0,"event_name":"Match and Keep!","player_choice":"0 cards matched","floor":2.0,"gold_loss":0.0,"damage_taken":0.0,"cards_obtained":[]},{"damage_healed":0.0,"max_hp_gain":0.0,"max_hp_loss":6.0,"gold_gain":0.0,"event_name":"Golden Idol","player_choice":"Lose Max HP","floor":12.0,"gold_loss":0.0,"damage_taken":0.0,"relics_obtained":["Golden Idol"]},{"damage_healed":0.0,"max_hp_gain":0.0,"max_hp_loss":0.0,"gold_gain":0.0,"event_name":"Back to Basics","player_choice":"Simplicity","floor":20.0,"gold_loss":0.0,"damage_taken":0.0,"cards_upgraded":["Strike_B","Strike_B","Strike_B","Defend_B","Defend_B","Defend_B","Defend_B"]},{"damage_healed":10.0,"max_hp_gain":0.0,"max_hp_loss":0.0,"gold_gain":0.0,"event_name":"Wheel of Change","player_choice":"Full Heal","floor":30.0,"gold_loss":0.0,"damage_taken":0.0},{"damage_healed":0.0,"max_hp_gain":0.0,"max_hp_loss":0.0,"gold_gain":0.0,"event_name":"Lab","player_choice":"Got Potions","floor":39.0,"gold_loss":0.0,"damage_taken":0.0}],"is_beta":false,"boss_relics":[{"not_picked":["Tiny House","Velvet Choker"],"picked":"SacredBark"},{"not_picked":["Philosopher\u0027s Stone","FrozenCore"],"picked":"Cursed Key"}],"items_purged_floors":[14,48],"is_endless":false,"potions_floor_spawned":[1,4,6,10,18,25,27,36,40,44,47],"killed_by":"The Heart","ascension_level":9}}