{"host":"28bpuzdckreop5i0","time":1611862733,"event":{"mods":["Aspiration","BaseMod","Challenge The Spire","Conspire","Defuse TimeMaze Blight","Downfall","Energized Spire","GifTheSpireLib","Googly Eyes","Minty Spire (QoL Compilation)","Relic Stats","Shop Mod","Spicy Shops","StSLib","Stuff the Spire","The Awakened One except there are too many feathers","The IronCluck","Transform Curses","Wandering Minibosses","slay the spire mod where everything is the same but ironclad has a cowboy hat"],"gold_per_floor":[99,109,94,109,128,128,182,182,192,192,92,112,112,262,280,280,280,280],"floor_reached":16,"language":"ENG","playtime":663,"items_purged":[],"score":92,"play_id":"ba47e57a-a76e-43d5-b0e3-3c2fbbaa23ac","local_time":"20210128133853","is_ascension_mode":false,"campfire_choices":[{"data":"Guardian:GatlingBeam","floor":1,"key":"SMITH"},{"data":"Guardian:PrimingBeam","floor":6,"key":"SMITH"},{"data":"Guardian:CurlUp","floor":8,"key":"SMITH"},{"data":"Guardian:PiercingHide","floor":10,"key":"SMITH"},{"data":"Guardian:ArmoredProtocol","floor":13,"key":"SMITH"}],"circlet_count":0,"master_deck":["Guardian:Strike_Guardian","Guardian:Strike_Guardian","Guardian:Strike_Guardian","Guardian:Strike_Guardian","Guardian:Defend_Guardian","Guardian:Defend_Guardian","Guardian:Defend_Guardian","Guardian:Defend_Guardian","Guardian:CurlUp+1","Guardian:TwinSlam","Guardian:GatlingBeam+1","Guardian:PiercingHide+1","Guardian:SentryBeam","Guardian:PrimingBeam+1","Guardian:ShieldCharger","Ghostly","Guardian:ArmoredProtocol+1","downfall:Icky","Guardian:Gem_Orange"],"relics":["Guardian:ModeShifter","Pen Nib"],"acts_visited":["Exordium"],"potions_floor_usage":[9],"damage_taken":[{"damage":5,"enemies":"Small Slimes","floor":2,"turns":4},{"damage":0,"enemies":"downfall:FleeingMerchant","floor":3,"turns":4},{"damage":2,"enemies":"conspire:RoseBush","floor":4,"turns":4},{"damage":6,"enemies":"Jaw Worm","floor":5,"turns":3},{"damage":8,"enemies":"3 Louse","floor":9,"turns":3},{"damage":2,"enemies":"2 Fungi Beasts","floor":12,"turns":4},{"damage":4,"enemies":"conspire:2 RoseBushes","floor":15,"turns":4},{"damage":38,"enemies":"IC_STATUS_ARCHETYPE","floor":16,"turns":8}],"seed_played":"2170446174459350689","potions_obtained":[{"floor":2,"key":"SneckoOil"},{"floor":9,"key":"SpeedPotion"},{"floor":12,"key":"Explosive Potion"}],"is_trial":false,"path_per_floor":["R","M","$","M","M","R","T","R","M","R","?","M","R","?","M","B"],"character_chosen":"GUARDIAN","items_purchased":[],"campfire_rested":0,"item_purchase_floors":[],"current_hp_per_floor":[56,51,51,49,43,43,43,43,35,35,35,33,33,33,29,0,0,0],"gold":280,"neow_bonus":"THREE_RARE_CARDS","is_daily":false,"chose_seed":false,"campfire_upgraded":5,"win_rate":0.0,"timestamp":1611862733,"path_taken":["R","M","$","M","M","R","T","R","M","R","?","M","R","?","M","BOSS"],"items_purchased_type":[],"build_version":"2020-12-22","purchased_purges":0,"victory":false,"max_hp_per_floor":[80,80,80,80,80,80,80,80,80,80,80,80,80,80,80,80,80,80],"relic_stats":{"counters":[8,30],"Pen Nib":[2],"obtain_stats":[{"Guardian:ModeShifter":0,"Pen Nib":7},{"Guardian:ModeShifter":0,"Pen Nib":4},{"Guardian:ModeShifter":0,"Pen Nib":13}]},"card_choices":[{"not_picked":["Guardian:GemFinder","Guardian:ExploitGems"],"picked":"Guardian:GatlingBeam","floor":0},{"not_picked":["Guardian:Orbwalk","Guardian:Gem_Yellow"],"picked":"Guardian:PiercingHide","floor":2},{"not_picked":["Guardian:RollAttack","Guardian:FuturePlans"],"picked":"Guardian:SentryBeam","floor":3},{"not_picked":["Guardian:Reroute","Guardian:Emergency"],"picked":"Guardian:PrimingBeam","floor":4},{"not_picked":["Guardian:TemporalStrike","Guardian:ChargeCore"],"picked":"Guardian:ShieldCharger","floor":5},{"not_picked":["Guardian:WalkerClaw","Guardian:TimeCapacitor"],"picked":"Guardian:Gem_Cyan","floor":9},{"not_picked":["Guardian:TimeBomb","Guardian:RollAttack"],"picked":"Guardian:ArmoredProtocol","floor":12},{"not_picked":["Guardian:Gem_Red","Guardian:Suspension"],"picked":"Guardian:Gem_Orange","floor":15}],"player_experience":915632,"relics_obtained":[{"floor":7,"key":"Pen Nib"}],"event_choices":[{"damage_healed":0,"gold_gain":0,"player_choice":"Argue","damage_taken":0,"max_hp_gain":0,"max_hp_loss":0,"event_name":"conspire:LoneGhost","floor":11,"gold_loss":0}],"is_beta":false,"boss_relics":[],"items_purged_floors":[],"is_endless":false,"potions_floor_spawned":[2,9,12],"killed_by":"IC_STATUS_ARCHETYPE","ascension_level":0}}