{"host":"ga4s3hj9m6nkn6gp","time":1611864038,"event":{"mods":["AchievementEnabler","BaseMod","Bestiary","Colored Powertips","Highlight Path","Minty Spire (QoL Compilation)","Relic Stats","everything is the same but u backflip on backflip"],"gold_per_floor":[116,116,391,406,95,95,95],"floor_reached":6,"language":"ENG","playtime":165,"items_purged":["Regret"],"score":58,"play_id":"e90d683a-3a95-4674-8bf7-53e617fe3867","local_time":"20210128210038","is_ascension_mode":true,"campfire_choices":[],"circlet_count":0,"master_deck":["AscendersBane","Strike_B+1","Strike_B","Strike_B","Strike_B","Defend_B+1","Defend_B","Defend_B","Defend_B","Zap","Dualcast","Sunder"],"relics":["Cracked Core","Peace Pipe","ClockworkSouvenir"],"acts_visited":["Exordium"],"potions_floor_usage":[],"damage_taken":[{"damage":2,"enemies":"Jaw Worm","floor":1,"turns":3},{"damage":15,"enemies":"Small Slimes","floor":4,"turns":3},{"damage":28,"enemies":"Gremlin Nob","floor":6,"turns":3}],"seed_played":"-1669372735131649312","potions_obtained":[],"is_trial":false,"path_per_floor":["M","?","?","M","$","E"],"character_chosen":"DEFECT","items_purchased":["Sunder","ClockworkSouvenir"],"campfire_rested":0,"item_purchase_floors":[5,5],"current_hp_per_floor":[44,30,30,15,15,0,0],"gold":95,"neow_bonus":"ONE_RARE_RELIC","is_daily":false,"chose_seed":false,"campfire_upgraded":0,"win_rate":0.0,"timestamp":1611864038,"path_taken":["M","?","?","?","$","E"],"items_purchased_type":["Card","Relic"],"build_version":"2020-12-22","purchased_purges":1,"victory":false,"max_hp_per_floor":[71,71,71,71,71,71,71],"relic_stats":{"Peace Pipe":0,"counters":[3,9],"obtain_stats":[{"Peace Pipe":0,"Cracked Core":0,"ClockworkSouvenir":5},{"Peace Pipe":0,"Cracked Core":0,"ClockworkSouvenir":2},{"Peace Pipe":0,"Cracked Core":0,"ClockworkSouvenir":6}]},"card_choices":[{"not_picked":["Hologram","Loop","Compile Driver"],"picked":"SKIP","floor":1},{"not_picked":["Fusion","Hello World","Streamline"],"picked":"SKIP","floor":4}],"player_experience":708235,"relics_obtained":[],"event_choices":[{"damage_healed":0,"gold_gain":0,"player_choice":"Entered Light","damage_taken":14,"max_hp_gain":0,"max_hp_loss":0,"event_name":"Shining Light","floor":2,"gold_loss":0,"cards_upgraded":["Strike_B","Defend_B"]},{"damage_healed":0,"gold_gain":275,"player_choice":"Desecrate","damage_taken":0,"max_hp_gain":0,"max_hp_loss":0,"event_name":"Golden Shrine","floor":3,"gold_loss":0,"cards_obtained":["Regret"]}],"is_beta":false,"boss_relics":[],"items_purged_floors":[5],"is_endless":false,"potions_floor_spawned":[],"killed_by":"Gremlin Nob","ascension_level":14}}