{"host":"mnpd8gh7cwxsn5kh","time":1611863111,"event":{"mods":["BaseMod","Block Reminder","Colored Map","Colored Powertips","Highlight Path","Minty Spire (QoL Compilation)","Relic Sorter","Relic Stats"],"gold_per_floor":[117,117,117,135,135,160,178,178,178],"floor_reached":8,"language":"ENG","playtime":458,"items_purged":[],"score":67,"play_id":"42843708-83b0-4688-8032-538fbe011270","local_time":"20210128204511","is_ascension_mode":true,"campfire_choices":[],"circlet_count":0,"master_deck":["Strike_B","Strike_B","Strike_B","Strike_B","Defend_B","Defend_B","Defend_B","Defend_B","Zap","Dualcast","White Noise","Gash","Gash"],"relics":["Cursed Key","CultistMask","Blood Vial"],"acts_visited":["Exordium"],"potions_floor_usage":[8],"damage_taken":[{"damage":3,"enemies":"2 Louse","floor":1,"turns":2},{"damage":6,"enemies":"Cultist","floor":4,"turns":4},{"damage":40,"enemies":"3 Sentries","floor":6,"turns":10},{"damage":7,"enemies":"Jaw Worm","floor":7,"turns":3},{"damage":30,"enemies":"Lagavulin","floor":8,"turns":3}],"seed_played":"-3095414492769110771","potions_obtained":[{"floor":1,"key":"FearPotion"}],"is_trial":false,"path_per_floor":["M","$","?","M","?","E","M","E"],"character_chosen":"DEFECT","items_purchased":[],"campfire_rested":0,"item_purchase_floors":[],"current_hp_per_floor":[72,72,72,66,66,26,21,0,0],"gold":178,"neow_bonus":"BOSS_RELIC","is_daily":false,"chose_seed":false,"campfire_upgraded":0,"win_rate":0.0,"timestamp":1611863111,"path_taken":["M","$","?","?","?","E","M","E"],"items_purchased_type":[],"build_version":"2020-12-22","purchased_purges":0,"victory":false,"max_hp_per_floor":[75,75,75,75,75,75,75,75,75],"relic_stats":{"Blood Vial":4,"counters":[5,22],"Cursed Key":0,"obtain_stats":[{"Blood Vial":6,"CultistMask":3,"Cracked Core":0,"Cursed Key":0},{"Blood Vial":3,"CultistMask":1,"Cracked Core":0,"Cursed Key":0},{"Blood Vial":16,"CultistMask":2,"Cracked Core":0,"Cursed Key":0}]},"card_choices":[{"not_picked":["Sunder","Steam"],"picked":"White Noise","floor":1},{"not_picked":["Rebound","Turbo","Steam"],"picked":"SKIP","floor":4},{"not_picked":["Redo","Steam"],"picked":"Gash","floor":6},{"not_picked":["Barrage","Storm"],"picked":"Gash","floor":7}],"player_experience":147771,"relics_obtained":[{"floor":6,"key":"Blood Vial"}],"event_choices":[{"damage_healed":0,"gold_gain":0,"player_choice":"Trade","damage_taken":0,"relics_obtained":["CultistMask"],"max_hp_gain":0,"max_hp_loss":0,"event_name":"FaceTrader","floor":3,"gold_loss":0},{"damage_healed":0,"gold_gain":0,"player_choice":"Bought 0 Potions","damage_taken":0,"max_hp_gain":0,"max_hp_loss":0,"event_name":"The Woman in Blue","floor":5,"gold_loss":0}],"is_beta":false,"boss_relics":[],"items_purged_floors":[],"is_endless":false,"potions_floor_spawned":[1],"killed_by":"Lagavulin","ascension_level":4}}