{"host":"ewns8ifhbubwkcum","time":1611856829,"event":{"mods":["BaseMod","Block Reminder","Colored Map","Colored Powertips","Downfall","Highlight Path","Minty Spire (QoL Compilation)","Permanent Neow","Quick Restart","Random Character Button","StSLib"],"gold_per_floor":[99,99,99,99,99,99,99,130,30,15,46,46,57,84,94,94,94,94],"floor_reached":16,"language":"ENG","playtime":596,"items_purged":[],"score":153,"play_id":"27ef1a2e-8c18-419a-99c7-bdc86ae5da20","local_time":"20210128120029","is_ascension_mode":true,"campfire_choices":[{"floor":1,"key":"RECALL"},{"data":"champ:Taunt","floor":6,"key":"SMITH"},{"data":"champ:EnGarde","floor":9,"key":"SMITH"}],"circlet_count":0,"master_deck":["champ:Strike","champ:Strike","champ:Strike","champ:Strike","champ:Defend","champ:Defend","champ:Defend","champ:Defend","champ:Execute","champ:Taunt+1","champ:Execute","champ:EnGarde+1","champ:PreciseThrust","champ:EnchantCrown","champ:BerserkersShout","champ:FocusedBerserking"],"relics":["champ:ChampionCrown","downfall:HeartsMalice","Happy Flower","Du-Vu Doll","Molten Egg 2","downfall:HeartBlessingRed","Regal Pillow","Lantern"],"acts_visited":["Exordium"],"potions_floor_usage":[14,15],"damage_taken":[{"damage":0,"enemies":"Jaw Worm","floor":4,"turns":1},{"damage":0,"enemies":"2 Louse","floor":5,"turns":1},{"damage":0,"enemies":"3 Sentries","floor":8,"turns":1},{"damage":30,"enemies":"downfall:FleeingMerchant","floor":10,"turns":4},{"damage":49,"enemies":"Lagavulin","floor":11,"turns":8},{"damage":21,"enemies":"Cultist","floor":13,"turns":4},{"damage":34,"enemies":"Gremlin Nob","floor":14,"turns":3},{"damage":32,"enemies":"Gremlin Gang","floor":15,"turns":4},{"damage":83,"enemies":"DF_ARCHETYPE_STREAMLINE","floor":16,"turns":6}],"seed_played":"6934131933628332617","potions_obtained":[{"floor":11,"key":"BlessingOfTheForge"},{"floor":13,"key":"FearPotion"}],"is_trial":false,"path_per_floor":["R","?","?","M","M","R","T","E","R","$","E","?","M","E","M","B"],"character_chosen":"THE_CHAMP","items_purchased":[],"campfire_rested":0,"item_purchase_floors":[],"current_hp_per_floor":[90,87,87,87,87,87,87,87,87,82,73,73,72,58,51,0,0,0],"gold":94,"neow_bonus":"THREE_ENEMY_KILL","is_daily":false,"chose_seed":false,"campfire_upgraded":2,"win_rate":0.0,"timestamp":1611856829,"path_taken":["R","?","?","?","?","R","T","E","R","$","E","?","M","E","M","BOSS"],"items_purchased_type":[],"build_version":"2020-12-22","purchased_purges":0,"victory":false,"max_hp_per_floor":[90,90,90,90,90,90,90,90,90,90,90,90,90,90,90,90,90,90],"card_choices":[{"not_picked":["champ:BringItOn","champ:BladeFlurry"],"picked":"champ:EnGarde","floor":4},{"not_picked":["champ:PreemptiveStrike","champ:FocusedDefense"],"picked":"champ:PreciseThrust","floor":5},{"not_picked":["champ:Backstep","champ:FalseCounter","champ:DefensiveShout"],"picked":"SKIP","floor":8},{"not_picked":["champ:PerfectedStrike+1","champ:EnGarde","champ:CrownThrow+1"],"picked":"SKIP","floor":10},{"not_picked":["champ:ShieldSigil","champ:BringItOn"],"picked":"champ:EnchantCrown","floor":11},{"not_picked":["champ:CrownThrow+1","champ:PerfectedStrike+1"],"picked":"champ:BerserkersShout","floor":13},{"not_picked":["champ:Backstep","champ:FancyFootwork","champ:BladeFlurry+1"],"picked":"SKIP","floor":14},{"not_picked":["champ:RapidStrikes+1","champ:VampiricStrike+1"],"picked":"champ:FocusedBerserking","floor":15}],"player_experience":1044053,"relics_obtained":[{"floor":7,"key":"Du-Vu Doll"},{"floor":8,"key":"Molten Egg 2"},{"floor":11,"key":"Regal Pillow"},{"floor":14,"key":"Lantern"}],"event_choices":[{"damage_healed":0,"gold_gain":0,"player_choice":"Success","damage_taken":3,"relics_obtained":["Happy Flower"],"max_hp_gain":0,"max_hp_loss":0,"event_name":"Scrap Ooze","floor":2,"gold_loss":0}],"is_beta":false,"boss_relics":[],"items_purged_floors":[],"is_endless":false,"potions_floor_spawned":[11,13],"killed_by":"DF_ARCHETYPE_STREAMLINE","ascension_level":2}}