{"host":"5hj512uv6i1x1iks","time":1611804536,"event":{"mods":["BaseMod","Colored Powertips","Downfall","Minty Spire (QoL Compilation)","Rare Cards Sparkle","Relic Stats","Reliquary","StSLib"],"gold_per_floor":[99,114,132,132,72,88,88,100,115,15,33,33,133,144,156,260,260,272,297,70,70,170,170,170,200,200,218,233,244,244,244,261,356,356,356,372,384,394,123,123,123,123,140,158,171,516,532,549,560,560],"floor_reached":51,"language":"ENG","playtime":2742,"items_purged":["champ:Strike"],"score":794,"play_id":"1b225638-df40-4984-9461-6f6fedf2c3cd","local_time":"20210127212856","is_ascension_mode":false,"campfire_choices":[{"floor":1,"key":"RECALL"},{"data":"champ:SetATrap","floor":10,"key":"SMITH"},{"data":"champ:PerfectedStrike","floor":12,"key":"SMITH"},{"data":"champ:PreciseThrust","floor":18,"key":"SMITH"},{"floor":23,"key":"REST"},{"data":"champ:MurderStrike","floor":26,"key":"SMITH"},{"floor":30,"key":"REST"},{"data":"champ:StanceDance","floor":35,"key":"SMITH"},{"floor":42,"key":"REST"}],"circlet_count":0,"master_deck":["champ:Strike","champ:Strike","champ:Defend","champ:Defend","champ:Defend","champ:Defend","champ:Execute","champ:Taunt","champ:PerfectedStrike+1","champ:Backstep","champ:EnchantSword","champ:BladeFlurry","champ:Lariat","champ:SetATrap+1","champ:DeathBlow","champ:Shatter","champ:PreciseThrust+1","champ:FancyFootwork","champ:MurderStrike+1","CurseOfTheBell","champ:ShieldSigil","champ:RisingSlash+1","champ:FaceSlap+1","champ:Haymaker+1","champ:StanceDance+1","champ:FocusedDefense","champ:SteelEdge+1","champ:SwordThrow+1","champ:HeavySlash+1","champ:FlashCut+1","expansioncontent:DashGenerateEvil+1","champ:Improvising","champ:ViciousMockery","champ:BringItOn+1","champ:DefensiveShout+1"],"relics":["champ:PowerArmor","reliquary:BoilingFlask","downfall:HeartBlessingRed","MawBank","Molten Egg 2","champ:SignatureFinisher","sneckomod:BlankCard","StoneCalendar","reliquary:SharkskinSheath","Boot","Nloth\u0027s Gift","sneckomod:SneckoTalon","Meat on the Bone"],"acts_visited":["Exordium","TheCity","TheBeyond"],"potions_floor_usage":[14,16,33,50,50],"damage_taken":[{"damage":12,"enemies":"Small Slimes","floor":2,"turns":3},{"damage":0,"enemies":"Cultist","floor":3,"turns":2},{"damage":20,"enemies":"downfall:FleeingMerchant","floor":5,"turns":4},{"damage":11,"enemies":"Jaw Worm","floor":6,"turns":3},{"damage":10,"enemies":"Exordium Wildlife","floor":8,"turns":2},{"damage":10,"enemies":"Large Slime","floor":9,"turns":5},{"damage":20,"enemies":"Exordium Thugs","floor":11,"turns":3},{"damage":10,"enemies":"Lots of Slimes","floor":14,"turns":1},{"damage":12,"enemies":"Exordium Wildlife","floor":15,"turns":3},{"damage":54,"enemies":"IC_STATUS_ARCHETYPE","floor":16,"turns":8},{"damage":35,"enemies":"3 Byrds","floor":19,"turns":4},{"damage":10,"enemies":"downfall:FleeingMerchant","floor":20,"turns":4},{"damage":60,"enemies":"IC_STATUS_ARCHETYPE","floor":22,"turns":6},{"damage":30,"enemies":"Book of Stabbing","floor":25,"turns":4},{"damage":40,"enemies":"Chosen","floor":27,"turns":4},{"damage":10,"enemies":"Snake Plant","floor":28,"turns":3},{"damage":46,"enemies":"3 Cultists","floor":29,"turns":5},{"damage":10,"enemies":"Snecko","floor":32,"turns":3},{"damage":47,"enemies":"WA_ARCHETYPE_CALM","floor":33,"turns":7},{"damage":35,"enemies":"3 Darklings","floor":36,"turns":5},{"damage":10,"enemies":"Orb Walker","floor":37,"turns":2},{"damage":38,"enemies":"Maw","floor":38,"turns":7},{"damage":4,"enemies":"downfall:FleeingMerchant","floor":39,"turns":4},{"damage":41,"enemies":"Spire Growth","floor":43,"turns":5},{"damage":31,"enemies":"3 Darklings","floor":44,"turns":5},{"damage":51,"enemies":"Jaw Worm Horde","floor":45,"turns":4},{"damage":0,"enemies":"downfall:FleeingMerchant","floor":46,"turns":4},{"damage":22,"enemies":"Transient","floor":47,"turns":5},{"damage":40,"enemies":"Writhing Mass","floor":48,"turns":6},{"damage":24,"enemies":"Sphere and 2 Shapes","floor":49,"turns":4},{"damage":33,"enemies":"SI_POISON_ARCHETYPE","floor":50,"turns":7}],"seed_played":"-1613038726357969230","potions_obtained":[{"floor":6,"key":"Energy Potion"},{"floor":9,"key":"EssenceOfSteel"},{"floor":11,"key":"Fruit Juice"},{"floor":14,"key":"FairyPotion"},{"floor":15,"key":"Weak Potion"},{"floor":22,"key":"GamblersBrew"},{"floor":25,"key":"Strength Potion"},{"floor":33,"key":"CultistPotion"},{"floor":44,"key":"hexamod:SoulburnPotion"},{"floor":47,"key":"PowerPotion"}],"is_trial":false,"path_per_floor":["R","M","M","?","$","M","T","M","M","R","M","R","?","M","M","B",null,"R","M","$","?","?","R","T","E","R","M","M","M","R","?","M","B",null,"R","M","M","M","$","?","T","R","M","M","M","$","M","M","M","B",null],"character_chosen":"THE_CHAMP","items_purchased":["champ:BladeFlurry","sneckomod:BlankCard","champ:RisingSlash+1","expansioncontent:DashGenerateEvil"],"campfire_rested":3,"item_purchase_floors":[5,20,20,39],"current_hp_per_floor":[90,88,88,88,88,87,87,87,87,87,87,87,87,93,91,67,96,96,81,71,71,41,69,69,59,59,59,59,18,46,46,46,29,96,96,81,81,63,59,59,59,87,78,79,60,60,60,52,50,39],"gold":560,"neow_bonus":"BOSS_RELIC","is_daily":false,"chose_seed":false,"campfire_upgraded":5,"win_rate":0.0,"timestamp":1611804536,"path_taken":["R","M","M","?","?","M","T","?","M","R","M","R","?","M","M","BOSS","R","M","$","?","?","R","T","E","R","M","M","M","R","?","M","BOSS","R","M","M","M","$","?","T","R","M","M","M","$","M","?","M","BOSS"],"items_purchased_type":["Card","Relic","Card","Card"],"build_version":"2020-12-22","purchased_purges":1,"victory":true,"max_hp_per_floor":[90,90,90,90,90,90,90,90,90,90,90,90,90,96,96,96,96,96,96,96,96,96,96,96,96,96,96,96,96,96,96,96,96,96,96,96,96,96,96,96,96,96,96,96,96,96,96,96,96,96],"relic_stats":{"counters":[31,132],"StoneCalendar":[38],"Nloth\u0027s Gift":2,"MawBank":36,"Boot":[47],"obtain_stats":[{"downfall:HeartBlessingRed":10,"reliquary:BoilingFlask":7,"sneckomod:BlankCard":20,"champ:ChampionCrown":0,"StoneCalendar":22,"MawBank":17,"Boot":25,"sneckomod:SneckoTalon":34,"champ:PowerArmor":0,"Calling Bell":17,"Molten Egg 2":17,"champ:SignatureFinisher":17,"Nloth\u0027s Gift":31,"reliquary:SharkskinSheath":24,"Meat on the Bone":41},{"downfall:HeartBlessingRed":6,"reliquary:BoilingFlask":4,"sneckomod:BlankCard":12,"champ:ChampionCrown":0,"StoneCalendar":13,"MawBank":10,"Boot":14,"sneckomod:SneckoTalon":19,"champ:PowerArmor":0,"Calling Bell":10,"Molten Egg 2":10,"champ:SignatureFinisher":10,"Nloth\u0027s Gift":17,"reliquary:SharkskinSheath":13,"Meat on the Bone":23},{"downfall:HeartBlessingRed":19,"reliquary:BoilingFlask":12,"sneckomod:BlankCard":42,"champ:ChampionCrown":0,"StoneCalendar":48,"MawBank":34,"Boot":52,"sneckomod:SneckoTalon":74,"champ:PowerArmor":0,"Calling Bell":34,"Molten Egg 2":34,"champ:SignatureFinisher":34,"Nloth\u0027s Gift":64,"reliquary:SharkskinSheath":48,"Meat on the Bone":92}],"Meat on the Bone":84},"card_choices":[{"not_picked":["champ:ShieldSigil","champ:Circumvent"],"picked":"champ:PerfectedStrike","floor":2},{"not_picked":["champ:Circumvent","champ:PerfectedStrike"],"picked":"champ:Backstep","floor":3},{"not_picked":["champ:ShieldSigil","champ:RapidStrikes"],"picked":"champ:EnchantSword","floor":5},{"not_picked":["champ:HeartStrike","champ:CrownThrow"],"picked":"champ:Lariat","floor":6},{"not_picked":["champ:Backstep","champ:ShieldSigil"],"picked":"champ:SetATrap","floor":8},{"not_picked":["champ:AdrenalArmor","champ:EnGarde"],"picked":"champ:DeathBlow","floor":9},{"not_picked":["champ:Backstep","champ:Encircle"],"picked":"champ:Shatter","floor":11},{"not_picked":["champ:Encircle","champ:Parry"],"picked":"champ:PreciseThrust","floor":14},{"not_picked":["champ:ShieldSlam","champ:Shatter"],"picked":"champ:FancyFootwork","floor":15},{"not_picked":["champ:TripleStrike","champ:CheapShot"],"picked":"champ:MurderStrike","floor":16},{"not_picked":["champ:Backstep","champ:GutPunch+1"],"picked":"champ:ShieldSigil","floor":19},{"not_picked":["champ:SkillfulDodge","champ:FancyFootwork","champ:CrownThrow+1"],"picked":"SKIP","floor":20},{"not_picked":["champ:EnragedBash+1","champ:Circumvent"],"picked":"champ:FaceSlap+1","floor":22},{"not_picked":["champ:SkillfulDodge+1","champ:ShieldThrow+1"],"picked":"champ:Haymaker+1","floor":25},{"not_picked":["champ:Circumvent","champ:BerserkersShout+1"],"picked":"champ:StanceDance","floor":27},{"not_picked":["champ:Shatter+1","champ:CrownThrow+1","champ:EndlessRage"],"picked":"SKIP","floor":28},{"not_picked":["champ:RecklessLeap+1","champ:BringItOn"],"picked":"champ:FocusedDefense","floor":29},{"not_picked":["champ:FocusedDefense","champ:PreciseThrust+1","champ:Encircle+1"],"picked":"SKIP","floor":32},{"not_picked":["champ:LastStand","champ:IgnorePain"],"picked":"champ:SteelEdge+1","floor":33},{"not_picked":["champ:EnGarde","champ:AdrenalArmor"],"picked":"champ:SwordThrow+1","floor":36},{"not_picked":["champ:Circumvent+1","champ:Backstep+1","champ:BladeFlurry+1"],"picked":"SKIP","floor":37},{"not_picked":["champ:EnragedBash+1","champ:GutPunch+1"],"picked":"champ:HeavySlash+1","floor":38},{"not_picked":["champ:ShieldSlam","champ:Shatter+1"],"picked":"champ:FlashCut+1","floor":39},{"not_picked":["champ:AdrenalArmor+1","champ:Encircle+1","champ:SwordSigil"],"picked":"SKIP","floor":43},{"not_picked":["champ:BerserkersShout","champ:IgnorePain"],"picked":"champ:ViciousMockery","floor":44},{"not_picked":["champ:Parry+1","champ:Circumvent"],"picked":"champ:BringItOn+1","floor":45},{"not_picked":["champ:GutPunch+1","champ:GladiatorStyle","champ:EnchantShield"],"picked":"SKIP","floor":46},{"not_picked":["champ:SwordSigil","champ:TornadoPunch+1","champ:EndlessRage"],"picked":"SKIP","floor":47},{"not_picked":["champ:ViciousMockery+1","champ:FanOfKnives+1","champ:ShieldSlam"],"picked":"SKIP","floor":48},{"not_picked":["champ:ShieldWall","champ:ShieldSigil"],"picked":"champ:DefensiveShout+1","floor":49}],"player_experience":607386,"relics_obtained":[{"floor":7,"key":"reliquary:BoilingFlask"},{"floor":17,"key":"MawBank"},{"floor":17,"key":"Molten Egg 2"},{"floor":17,"key":"champ:SignatureFinisher"},{"floor":22,"key":"StoneCalendar"},{"floor":24,"key":"reliquary:SharkskinSheath"},{"floor":25,"key":"Boot"},{"floor":41,"key":"Meat on the Bone"}],"event_choices":[{"damage_healed":0,"gold_gain":0,"player_choice":"Ignored","damage_taken":0,"max_hp_gain":0,"max_hp_loss":0,"event_name":"NoteForYourself","floor":4,"gold_loss":0}],"is_beta":false,"boss_relics":[{"not_picked":["reliquary:Ember","Runic Pyramid"],"picked":"Calling Bell"},{"not_picked":["reliquary:RedCape","Black Star"],"picked":"sneckomod:SneckoTalon"}],"items_purged_floors":[39],"is_endless":false,"potions_floor_spawned":[6,9,11,14,15,22,25,27,33,37,44,45,47,49],"ascension_level":0}}