{"host":"9j472d1lqxyi8fmj","time":1611874324,"event":{"mods":["AchievementEnabler","Aspiration","BaseMod","Better Note","BetterRewards","Block Reminder","Colored Powertips","Downfall","Hermit","Hubris","Infinite Spire","Minty Spire (QoL Compilation)","Potion Indicator Mod","Rare Cards Sparkle","Relic Filter","Reliquary","Spicy Shops","StSLib","The Runesmith","Virulent Crown"],"gold_per_floor":[99,113,171,182,192,367,367,367,367,379,399,63,63,79,99,198,198,198,214,214,227,241,253,301,301,318,333,333,353,353,377,391,491,491,491,491,561,580,595,609,684,694,694,694,694],"floor_reached":43,"language":"ENG","playtime":2486,"items_purged":["Decay"],"score":430,"play_id":"e17d0da9-ecb1-4839-bb19-42e546d8c5c7","local_time":"20210128175204","is_ascension_mode":false,"campfire_choices":[{"floor":9,"key":"REST"},{"floor":25,"key":"REST"},{"floor":30,"key":"REST"}],"circlet_count":0,"master_deck":["sneckomod:Strike+1","sneckomod:Strike+1","sneckomod:Strike+1","sneckomod:Defend+1","sneckomod:Defend+1","sneckomod:Defend+1","sneckomod:TailWhip+1","sneckomod:SnekBite+1","sneckomod:Unknown+1","sneckomod:Unknown+1","LessonLearned+1","sneckomod:SoulCleanse+1","sneckomod:SlitherStrike+1","hexamod:SixthSeal","sneckomod:UnendingSupply+1","sneckomod:SoulRoll+1","Doubt","sneckomod:UnknownUncommonAttack+1","sneckomod:DefensiveFlair","sneckomod:SoulDraw+1","sneckomod:QuickBite+1","sneckomod:RainOfDice+1","sneckomod:DefensiveFlair","sneckomod:RainOfDice","Ragnarok+1","sneckomod:UnknownBlock+1","sneckomod:Nope+1","sneckomod:UnknownClassINFINITE_BLACK+1","sneckomod:DiceCrush+1","sneckomod:UnknownClassHEXA_GHOST_PURPLE+1","downfall:Icky","sneckomod:UnknownExhaust+1","sneckomod:UnknownX+1","sneckomod:Unknown2Cost+1","sneckomod:UnknownRareSkill","TalkToTheHand","sneckomod:SnekBeam+1","sneckomod:CheapStock+1","sneckomod:UnknownBlock","sneckomod:SlitherStrike"],"relics":["sneckomod:SneckoSoul","aspiration:FrozenJewel","infinitespire:CheckeredPen","hubris:Towel","reliquary:Aerogel","Strawberry","aspiration:PoetsPen_weak","reliquary:WeakTea","hubris:Backtick","reliquary:TridentHead","hubris:MysteriousPyramids","Eternal Feather"],"acts_visited":["Exordium","TheCity","TheBeyond"],"potions_floor_usage":[23,33],"damage_taken":[{"damage":2,"enemies":"Small Slimes","floor":2,"turns":3},{"damage":40,"enemies":"3 Sentries","floor":3,"turns":7},{"damage":0,"enemies":"2 Louse","floor":4,"turns":2},{"damage":6,"enemies":"Jaw Worm","floor":5,"turns":3},{"damage":8,"enemies":"3 Louse","floor":10,"turns":4},{"damage":0,"enemies":"2 Fungi Beasts","floor":11,"turns":4},{"damage":3,"enemies":"downfall:FleeingMerchant","floor":12,"turns":4},{"damage":3,"enemies":"Red Slaver","floor":14,"turns":2},{"damage":0,"enemies":"Exordium Wildlife","floor":15,"turns":3},{"damage":59,"enemies":"SI_SHIV_ARCHETYPE","floor":16,"turns":6},{"damage":10,"enemies":"Chosen","floor":19,"turns":5},{"damage":10,"enemies":"Spheric Guardian","floor":21,"turns":5},{"damage":4,"enemies":"3 Cultists","floor":22,"turns":4},{"damage":32,"enemies":"Shelled Parasite and Fungi","floor":23,"turns":5},{"damage":24,"enemies":"Snake Plant","floor":26,"turns":4},{"damage":26,"enemies":"Sentry and Sphere","floor":27,"turns":4},{"damage":10,"enemies":"Centurion and Healer","floor":29,"turns":4},{"damage":20,"enemies":"Cultist and Chosen","floor":31,"turns":5},{"damage":0,"enemies":"Snecko","floor":32,"turns":2},{"damage":42,"enemies":"DF_ARCHETYPE_CLAW","floor":33,"turns":7},{"damage":12,"enemies":"3 Darklings","floor":38,"turns":2},{"damage":13,"enemies":"Orb Walker","floor":39,"turns":2},{"damage":48,"enemies":"4 Shapes","floor":40,"turns":2},{"damage":14,"enemies":"Spire Growth","floor":42,"turns":4},{"damage":16,"enemies":"downfall:FleeingMerchant","floor":43,"turns":2}],"seed_played":"8315323269987763533","potions_obtained":[{"floor":3,"key":"LiquidBronze"},{"floor":5,"key":"bronze:BurnAndBuffPotion"},{"floor":11,"key":"FearPotion"},{"floor":22,"key":"Fruit Juice"},{"floor":23,"key":"SteroidPotion"},{"floor":31,"key":"FairyPotion"},{"floor":33,"key":"Fire Potion"},{"floor":38,"key":"sneckomod:DiceRollPotion"},{"floor":42,"key":"Explosive Potion"}],"is_trial":false,"path_per_floor":["R","M","?","M","M","?","T","?","R","M","M","$","?","M","M","B",null,"R","M","?","M","M","M","T","R","M","M","?","M","R","M","M","B",null,"R","?","T","M","M","M","T","M","$"],"character_chosen":"THE_SNECKO","items_purchased":["reliquary:Aerogel","sneckomod:QuickBite","Strawberry","sneckomod:RainOfDice"],"campfire_rested":3,"item_purchase_floors":[12,12,12,12],"current_hp_per_floor":[90,88,48,48,42,42,42,42,69,61,61,65,65,62,62,3,97,97,87,87,77,73,46,46,76,52,26,26,16,46,26,26,19,102,102,102,102,90,77,29,29,15,0,0,0],"gold":694,"neow_bonus":"ONE_RANDOM_RARE_CARD","is_daily":false,"chose_seed":false,"campfire_upgraded":0,"win_rate":0.0,"timestamp":1611874324,"path_taken":["R","M","?","M","M","?","T","?","R","M","M","?","?","M","M","BOSS","R","M","?","M","M","M","T","R","M","M","?","?","R","M","M","BOSS","R","?","?","?","M","M","T","M","$"],"items_purchased_type":["Relic","Card","Relic","Card"],"build_version":"2020-12-22","purchased_purges":1,"victory":false,"max_hp_per_floor":[90,90,90,90,90,90,90,90,90,90,90,97,97,97,97,97,97,97,97,97,97,97,102,102,102,102,102,102,102,102,102,102,102,102,102,102,102,102,102,102,102,102,102,102,102],"card_choices":[{"not_picked":["sneckomod:UnknownDraw","sneckomod:UnknownVulnerable"],"picked":"sneckomod:SoulCleanse","floor":2},{"not_picked":["sneckomod:SoulDraw","sneckomod:UnknownDraw"],"picked":"sneckomod:SlitherStrike","floor":3},{"not_picked":["hexamod:FourthSeal","hexamod:SecondSeal"],"picked":"hexamod:SixthSeal","floor":4},{"not_picked":["sneckomod:DiceCrush","sneckomod:SerpentIdol"],"picked":"sneckomod:UnendingSupply","floor":4},{"not_picked":["sneckomod:UnknownExhaust","sneckomod:SoulCleanse"],"picked":"sneckomod:SoulRoll","floor":5},{"not_picked":["sneckomod:UnknownExhaust","sneckomod:SnakeSap"],"picked":"sneckomod:UnknownUncommonAttack","floor":10},{"not_picked":["sneckomod:SnakeSap","sneckomod:SoulRoll"],"picked":"sneckomod:DefensiveFlair","floor":11},{"not_picked":["sneckomod:Restock","sneckomod:UnknownUncommonAttack"],"picked":"sneckomod:SoulDraw","floor":12},{"not_picked":["sneckomod:SlitherStrike","sneckomod:SerpentIdol"],"picked":"sneckomod:DefensiveFlair","floor":14},{"not_picked":["sneckomod:SnekBeam","sneckomod:SoulRoll"],"picked":"sneckomod:RainOfDice","floor":15},{"not_picked":["sneckomod:UnknownRareSkill","sneckomod:SoulExchange"],"picked":"sneckomod:UnknownRareAttack","floor":16},{"not_picked":["sneckomod:IronFang","sneckomod:SerpentIdol+1"],"picked":"sneckomod:UnknownBlock","floor":19},{"not_picked":["sneckomod:RainOfDice","sneckomod:UnknownCommonAttack"],"picked":"sneckomod:Nope+1","floor":21},{"not_picked":["sneckomod:DiceCrush","sneckomod:QuickMove+1"],"picked":"sneckomod:UnknownClassINFINITE_BLACK+1","floor":22},{"not_picked":["sneckomod:RainOfDice+1","sneckomod:SoulCleanse"],"picked":"sneckomod:DiceCrush+1","floor":23},{"not_picked":["sneckomod:Unknown0Cost","sneckomod:UnknownCommonAttack"],"picked":"sneckomod:UnknownUncommonAttack","floor":26},{"not_picked":["sneckomod:Restock","sneckomod:RainOfDice"],"picked":"sneckomod:UnknownClassHEXA_GHOST_PURPLE","floor":27},{"not_picked":["sneckomod:SoulDraw+1","sneckomod:UnknownClassINFINITE_BLACK"],"picked":"sneckomod:UnknownExhaust+1","floor":29},{"not_picked":["sneckomod:Nope","sneckomod:UnknownDraw"],"picked":"sneckomod:UnknownX+1","floor":31},{"not_picked":["sneckomod:UnknownVulnerable","sneckomod:UnknownDraw"],"picked":"sneckomod:Unknown2Cost","floor":32},{"not_picked":["sneckomod:SoulExchange","sneckomod:UnknownRareAttack"],"picked":"sneckomod:UnknownRareSkill","floor":33},{"not_picked":["sneckomod:UnknownCommonAttack+1","sneckomod:UnendingSupply+1"],"picked":"sneckomod:SnekBeam+1","floor":38},{"not_picked":["sneckomod:UnknownRareSkill","sneckomod:UnknownCommonSkill"],"picked":"sneckomod:CheapStock+1","floor":39},{"not_picked":["sneckomod:UnknownClassPURPLE","sneckomod:UnknownWeak+1"],"picked":"sneckomod:UnknownBlock","floor":40},{"not_picked":["sneckomod:UnknownStrike","sneckomod:SoulDraw+1"],"picked":"sneckomod:SlitherStrike","floor":42}],"player_experience":355023,"relics_obtained":[{"floor":3,"key":"aspiration:FrozenJewel"},{"floor":7,"key":"infinitespire:CheckeredPen"},{"floor":24,"key":"reliquary:WeakTea"},{"floor":37,"key":"hubris:MysteriousPyramids"},{"floor":41,"key":"Eternal Feather"}],"event_choices":[{"cards_removed":["sneckomod:Strike"],"damage_healed":0,"gold_gain":0,"player_choice":"Give","damage_taken":0,"max_hp_gain":0,"max_hp_loss":0,"event_name":"betterNote:BetterNote","floor":20,"gold_loss":0,"cards_obtained":["hexamod:Strike"]}],"is_beta":false,"boss_relics":[{"not_picked":["aspiration:IroncladSkillbook","aspiration:RandomNobGenerator"],"picked":"aspiration:PoetsPen_weak"},{"not_picked":["reliquary:Ember","Coffee Dripper"],"picked":"hubris:Backtick"}],"items_purged_floors":[12],"is_endless":false,"potions_floor_spawned":[3,5,11,14,16,22,23,26,27,31,33,38,42],"killed_by":"downfall:FleeingMerchant","ascension_level":0}}