{"host":"vx9g5eyuglzorf3u","time":1611853310,"event":{"mods":["2.2 Compatiblity","BaseMod","DeckTracker","Keyboard Shortcuts","Minty Spire (QoL Compilation)","Relic Stats","StSLib","SuperFastMode","everything is the same but u backflip on backflip"],"gold_per_floor":[114,114,114,389,31,31,31,31],"floor_reached":7,"language":"KOR","playtime":92,"items_purged":["Regret"],"score":74,"play_id":"ea233dd1-6f7a-4c75-97ae-d2590d6c4f68","local_time":"20210129020150","is_ascension_mode":true,"campfire_choices":[{"data":"Searing Blow+1","floor":6,"key":"SMITH"}],"circlet_count":0,"master_deck":["AscendersBane","Strike_R","Strike_R","Strike_R","Strike_R","Defend_R","Defend_R","Defend_R","Bash","Searing Blow+2"],"relics":["Burning Blood","Regal Pillow","Matryoshka"],"acts_visited":["Exordium"],"potions_floor_usage":[7],"damage_taken":[{"damage":1,"enemies":"Cultist","floor":1,"turns":3},{"damage":40,"enemies":"3 Sentries","floor":7,"turns":6}],"seed_played":"7840850299009369792","potions_obtained":[{"floor":1,"key":"DistilledChaos"}],"is_trial":false,"path_per_floor":["M","?","?","?","$","R","E"],"character_chosen":"IRONCLAD","items_purchased":["Matryoshka"],"campfire_rested":0,"item_purchase_floors":[5],"current_hp_per_floor":[55,55,37,37,37,37,0,0],"gold":31,"neow_bonus":"REMOVE_TWO","is_daily":false,"chose_seed":false,"campfire_upgraded":1,"win_rate":0.0,"timestamp":1611853310,"path_taken":["M","?","?","?","$","R","E"],"items_purchased_type":["Relic"],"build_version":"2020-12-22","purchased_purges":1,"victory":false,"max_hp_per_floor":[75,75,75,75,75,75,75,75],"relic_stats":{"Regal Pillow":0,"counters":[2,9],"obtain_stats":[{"Regal Pillow":3,"Matryoshka":5,"Burning Blood":0},{"Regal Pillow":1,"Matryoshka":1,"Burning Blood":0},{"Regal Pillow":3,"Matryoshka":3,"Burning Blood":0}],"Burning Blood":6},"card_choices":[{"not_picked":["Sentinel","True Grit"],"picked":"Searing Blow","floor":1}],"player_experience":1496246,"relics_obtained":[],"event_choices":[{"damage_healed":0,"gold_gain":0,"player_choice":"Grow","damage_taken":0,"max_hp_gain":0,"max_hp_loss":0,"event_name":"Living Wall","floor":2,"gold_loss":0,"cards_upgraded":["Searing Blow"]},{"damage_healed":0,"gold_gain":0,"player_choice":"Success","damage_taken":18,"relics_obtained":["Regal Pillow"],"max_hp_gain":0,"max_hp_loss":0,"event_name":"Scrap Ooze","floor":3,"gold_loss":0},{"damage_healed":0,"gold_gain":275,"player_choice":"Desecrate","damage_taken":0,"max_hp_gain":0,"max_hp_loss":0,"event_name":"Golden Shrine","floor":4,"gold_loss":0,"cards_obtained":["Regret"]}],"is_beta":false,"boss_relics":[],"items_purged_floors":[5],"is_endless":false,"potions_floor_spawned":[1],"killed_by":"3 Sentries","ascension_level":20}}