{"host":"ufl0k2so27eic2iy","time":1611869654,"event":{"mods":["BaseMod","Downfall","Minty Spire (QoL Compilation)","StSLib","The Animator"],"gold_per_floor":[115,115,40,69,86,114,14,14,61,85,85,85,99,127,127,218,218,259,259,270,75,75,118,118,130,130,161,77,108,126,146,146,220,220,237,247,247,260,260,290,290,318,318,318,330,355,125,0,0,4,4,4,4,31,31,31],"floor_reached":55,"language":"ENG","playtime":3256,"items_purged":["animator:Strike","animator:Strike","Parasite"],"score":1465,"play_id":"7202477c-bb70-4b6b-9aa0-6de2c2673b4b","local_time":"20210128213414","is_ascension_mode":true,"campfire_choices":[{"data":"animator:MamiTomoe","floor":8.0,"key":"SMITH"},{"data":"animator:ShidoItsuka","floor":11.0,"key":"SMITH"},{"data":"animator:Shigure","floor":15,"key":"SMITH"},{"data":"animator:HiiragiShinya","floor":24,"key":"SMITH"},{"data":"animator:Shinoa","floor":29,"key":"SMITH"},{"data":"animator:Mikaela","floor":30,"key":"SMITH"},{"data":"animator:Shuna","floor":31,"key":"SMITH"},{"data":"animator:Rorona","floor":32,"key":"SMITH"},{"data":"animator:Mikaela","floor":33,"key":"SMITH"},{"data":"animator:Defend","floor":35,"key":"SMITH"},{"floor":41,"key":"RECALL"},{"data":"animator:Defend","floor":42,"key":"SMITH"},{"data":"animator:Emilia","floor":44,"key":"SMITH"},{"data":"animator:Shinoa","floor":45,"key":"SMITH"},{"data":"animator:Defend_OwariNoSeraph","floor":46,"key":"SMITH"},{"data":"animator:HiiragiShinya","floor":49,"key":"SMITH"},{"data":"animator:Yoichi","floor":50,"key":"SMITH"},{"data":"animator:Eve","floor":52,"key":"SMITH"}],"circlet_count":0,"master_deck":["AscendersBane","animator:Strike_OwariNoSeraph+1","animator:Defend_OwariNoSeraph+1","animator:Defend+1","animator:Defend+1","animator:Shinoa+1","animator:Mikaela+1","animator:MamiTomoe+1","animator:Mitsuba","animator:ShidoItsuka+1","animator:Shigure+1","animator:HiiragiShinya+1","animator:Yoichi+1","animator:Noda","animator:Rimuru","animator:KrulTepes","animator:SayakaMiki","animator:Emilia+1","animator:Eve+1","animator:Mikaela+1","animator:Rorona+1","animator:TohkaYatogami+1","animator:Shuna+1","animator:Rimuru","animator:Yusa+1","animator:ShuuOuma","animator:Shinoa+1","animator:Yuuichirou","animator:HiiragiShinya+1","animator:Kaijin"],"relics":["animator:LivingPicture","animator:TheMissingPiece","Paper Frog","hexamod:BolsterEngine","PreservedInsect","Dream Catcher","Velvet Choker","Blood Vial","animator:Hoodie","InkBottle","Blood Vial","Vajra","Mark of Pain","Blood Vial","Letter Opener","Blood Vial","HornCleat","Bag of Preparation","Blood Vial","Smiling Mask","Runic Capacitor","Red Mask","animator:ExquisiteBloodVial","Centennial Puzzle"],"acts_visited":["Exordium","TheCity","TheBeyond","TheEnding"],"potions_floor_usage":[29,33,38,40,50,50,55],"damage_taken":[{"damage":0.0,"enemies":"Small Slimes","floor":1.0,"turns":4.0},{"damage":0.0,"enemies":"Cultist","floor":4.0,"turns":3.0},{"damage":0.0,"enemies":"2 Louse","floor":5.0,"turns":2.0},{"damage":23.0,"enemies":"3 Sentries","floor":6.0,"turns":11.0},{"damage":1.0,"enemies":"Looter","floor":10.0,"turns":2.0},{"damage":4,"enemies":"Gremlin Gang","floor":13,"turns":5},{"damage":6,"enemies":"Lagavulin","floor":14,"turns":4},{"damage":10,"enemies":"Slime Boss","floor":16,"turns":8},{"damage":5,"enemies":"2 Thieves","floor":18,"turns":4},{"damage":2,"enemies":"Shell Parasite","floor":20,"turns":5},{"damage":21,"enemies":"Book of Stabbing","floor":23,"turns":6},{"damage":5,"enemies":"Centurion and Healer","floor":25,"turns":7},{"damage":0,"enemies":"Gremlin Leader","floor":27,"turns":5},{"damage":0,"enemies":"animator:HornedBat","floor":29,"turns":5},{"damage":25,"enemies":"Snake Plant","floor":30,"turns":5},{"damage":0,"enemies":"Cultist and Chosen","floor":31,"turns":5},{"damage":28,"enemies":"Collector","floor":33,"turns":10},{"damage":0,"enemies":"3 Darklings","floor":35,"turns":8},{"damage":0,"enemies":"3 Shapes","floor":36,"turns":3},{"damage":1,"enemies":"Writhing Mass","floor":38,"turns":6},{"damage":9,"enemies":"Reptomancer","floor":40,"turns":5},{"damage":18,"enemies":"Nemesis","floor":42,"turns":7},{"damage":7,"enemies":"Spire Growth","floor":45,"turns":6},{"damage":2,"enemies":"Reptomancer","floor":46,"turns":6},{"damage":13,"enemies":"Time Eater","floor":50,"turns":10},{"damage":40,"enemies":"Shield and Spear","floor":54,"turns":8},{"damage":55,"enemies":"The Heart","floor":55,"turns":8}],"seed_played":"-5387319739450787506","potions_obtained":[{"floor":1.0,"key":"FearPotion"},{"floor":6.0,"key":"Dexterity Potion"},{"floor":13,"key":"Dexterity Potion"},{"floor":18,"key":"AttackPotion"},{"floor":23,"key":"LiquidBronze"},{"floor":30,"key":"DistilledChaos"},{"floor":36,"key":"SkillPotion"},{"floor":40,"key":"DistilledChaos"},{"floor":42,"key":"hexamod:SoulburnPotion"},{"floor":54,"key":"Ancient Potion"}],"is_trial":false,"path_per_floor":["M","?","$","M","M","E","$","R","T","M","R","?","M","E","R","B",null,"M","?","M","$","?","E","R","M","T","E","$","E","M","M","R","B",null,"M","M","?","M","?","E","R","E","T","R","M","E","$","?","R","B",null,"R","$","E","B"],"character_chosen":"THE_ANIMATOR","items_purchased":["animator:Emilia","animator:Rorona","animator:Kaijin","Runic Capacitor"],"campfire_rested":0,"item_purchase_floors":[21,28,47,47],"current_hp_per_floor":[60,60,60,60,60,38,38,38,38,37,37,37,34,28,28,18,56,51,51,49,49,68,47,47,44,44,49,49,54,34,41,41,17,63,70,77,77,80,70,65,65,53,53,53,56,62,62,62,62,59,77,77,77,43,0,0],"gold":31,"neow_bonus":"TEN_PERCENT_HP_BONUS","is_daily":false,"chose_seed":true,"campfire_upgraded":17,"win_rate":0.0,"timestamp":1611869654,"path_taken":["M","?","?","M","M","E","$","R","T","M","R","?","M","E","R","BOSS","M","?","?","$","?","E","R","M","T","E","?","E","M","M","R","BOSS","M","M","?","M","?","E","R","E","T","R","M","E","$","?","R","BOSS","R","$","E","BOSS"],"items_purchased_type":["Card","Card","Card","Relic"],"build_version":"2020-12-22","purchased_purges":3,"victory":false,"max_hp_per_floor":[66,66,66,66,66,67,67,67,67,67,67,67,68,68,68,68,68,68,68,68,68,68,68,68,68,68,71,71,74,75,78,78,78,78,81,84,84,84,84,84,84,84,84,84,86,86,83,83,83,83,83,83,83,83,83,83],"card_choices":[{"not_picked":["animator:OrikoMikuni","animator:Raven"],"picked":"animator:MamiTomoe","floor":1.0},{"not_picked":["animator:OrikoMikuni","animator:YuiTsuruno"],"picked":"animator:Mitsuba","floor":4.0},{"not_picked":["animator:Millim","animator:OrigamiTobiichi"],"picked":"animator:ShidoItsuka","floor":5.0},{"not_picked":["animator:CrowleyEusford","animator:Yoichi"],"picked":"animator:Shigure","floor":6.0},{"not_picked":["animator:Spearman","animator:Priestess"],"picked":"animator:HiiragiShinya","floor":10.0},{"not_picked":["animator:Laby","animator:MikuIzayoi"],"picked":"animator:Yoichi","floor":13},{"not_picked":["animator:HidekiHinata","animator:Elesis"],"picked":"animator:Noda","floor":14},{"not_picked":["animator:KurumiTokisaki","animator:MukuroHoshimiya"],"picked":"animator:Rimuru","floor":16},{"not_picked":["animator:Mitsuba","animator:Mikaela"],"picked":"animator:KrulTepes","floor":18},{"not_picked":["animator:MamiTomoe","animator:Noda"],"picked":"animator:SayakaMiki","floor":20},{"not_picked":["animator:KotoriItsuka","animator:NiaHonjou"],"picked":"animator:Eve","floor":23},{"not_picked":["animator:Rena","animator:Shion","animator:NiaHonjou"],"picked":"SKIP","floor":25},{"not_picked":["animator:CrowleyEusford","animator:Shigure"],"picked":"animator:Mikaela","floor":27},{"not_picked":["animator:SayakaMiki","animator:Ciel"],"picked":"animator:TohkaYatogami+1","floor":29},{"not_picked":["animator:Shuna","animator:YamaiSisters","animator:Raven"],"picked":"SKIP","floor":30},{"not_picked":["animator:YamaiSisters","animator:Raven"],"picked":"animator:Shuna","floor":30},{"not_picked":["animator:MukuroHoshimiya","animator:Yoichi","animator:LizardPriest"],"picked":"SKIP","floor":31},{"not_picked":["animator:MadokaKaname","animator:HomuraAkemi"],"picked":"animator:Rimuru","floor":33},{"not_picked":["animator:SayakaMiki","animator:Ciel"],"picked":"animator:Yusa+1","floor":36},{"not_picked":["animator:Ain+1","animator:IrohaTamaki","animator:Mitsuba"],"picked":"SKIP","floor":38},{"not_picked":["animator:Cirno","animator:Magilou"],"picked":"animator:ShuuOuma","floor":39},{"not_picked":["animator:Priestess","animator:Ciel+1","animator:TohkaYatogami+1"],"picked":"SKIP","floor":40},{"not_picked":["animator:Shigure","animator:Mikaela"],"picked":"animator:Shinoa","floor":42},{"not_picked":["animator:Spearman+1","animator:Yusa"],"picked":"animator:Yuuichirou","floor":45},{"not_picked":["animator:SwordMaiden","animator:Yuuichirou"],"picked":"animator:HiiragiShinya","floor":46},{"not_picked":["animator:Hakurou","animator:Raven+1","animator:MasamiIwasawa"],"picked":"SKIP","floor":54}],"player_experience":2779948,"relics_obtained":[{"floor":6.0,"key":"hexamod:BolsterEngine"},{"floor":9.0,"key":"PreservedInsect"},{"floor":14,"key":"Dream Catcher"},{"floor":23,"key":"Blood Vial"},{"floor":23,"key":"animator:Hoodie"},{"floor":27,"key":"InkBottle"},{"floor":29,"key":"Blood Vial"},{"floor":29,"key":"Vajra"},{"floor":40,"key":"Blood Vial"},{"floor":40,"key":"Letter Opener"},{"floor":42,"key":"Blood Vial"},{"floor":42,"key":"HornCleat"},{"floor":43,"key":"Bag of Preparation"},{"floor":46,"key":"Blood Vial"},{"floor":46,"key":"Smiling Mask"},{"floor":54,"key":"animator:ExquisiteBloodVial"},{"floor":54,"key":"Centennial Puzzle"}],"event_choices":[{"damage_healed":0.0,"max_hp_gain":0.0,"max_hp_loss":0.0,"gold_gain":0.0,"event_name":"WeMeetAgain","player_choice":"Gave Potion","floor":2.0,"gold_loss":0.0,"damage_taken":0.0,"relics_obtained":["Paper Frog"]},{"damage_healed":0,"gold_gain":0,"player_choice":"Fled","damage_taken":0,"max_hp_gain":0,"max_hp_loss":0,"event_name":"Scrap Ooze","floor":12,"gold_loss":0},{"cards_removed":["animator:Strike"],"damage_healed":0,"gold_gain":0,"player_choice":"Offered Basic","damage_taken":0,"max_hp_gain":0,"max_hp_loss":0,"event_name":"Bonfire Elementals","floor":19,"gold_loss":0},{"damage_healed":19,"gold_gain":0,"player_choice":"Full Heal","damage_taken":0,"max_hp_gain":0,"max_hp_loss":0,"event_name":"Wheel of Change","floor":22,"gold_loss":0},{"cards_removed":["animator:Defend"],"damage_healed":0,"gold_gain":0,"player_choice":"Removed Skill","damage_taken":0,"max_hp_gain":0,"max_hp_loss":0,"event_name":"Falling","floor":37,"gold_loss":0},{"damage_healed":0,"gold_gain":0,"player_choice":"Memory 3","damage_taken":10,"max_hp_gain":0,"max_hp_loss":0,"event_name":"SensoryStone","floor":39,"gold_loss":0},{"damage_healed":0,"gold_gain":0,"player_choice":"Paid","damage_taken":0,"relics_obtained":["Red Mask"],"max_hp_gain":0,"max_hp_loss":0,"event_name":"Tomb of Lord Red Mask","floor":48,"gold_loss":125}],"is_beta":false,"boss_relics":[{"not_picked":["bronze:MakeshiftBattery","animator:RacePiece"],"picked":"Velvet Choker"},{"not_picked":["Sozu","Astrolabe"],"picked":"Mark of Pain"}],"items_purged_floors":[3,7,47],"is_endless":false,"potions_floor_spawned":[1,6,13,14,18,20,23,30,31,36,40,42,54],"killed_by":"The Heart","ascension_level":15}}