{"host":"lktusdb9orijgc6z","time":1611845953,"event":{"mods":["BaseMod","Bestiary","Colored Map","Colored Powertips","Minty Spire (QoL Compilation)","Permanent Neow","Quick Restart","Relic Stats","StSLib","everything is the same but u backflip on backflip","slay the spire mod where everything is the same but ironclad has a cowboy hat"],"gold_per_floor":[118,134,144,162,182,182,212,247,247,247,13,33,51,51,51,155,155,171,184,84,101,16,16,47,47,127,127,127,153,171,201,201,201,201],"floor_reached":33,"language":"ENG","playtime":1876,"items_purged":["Strike_R","Pain"],"score":461,"play_id":"ffb12911-e09d-4ae6-96d6-b98383f6fe30","local_time":"20210128155913","is_ascension_mode":true,"campfire_choices":[{"data":"Armaments","floor":6,"key":"SMITH"},{"floor":10,"key":"REST"},{"data":"Feel No Pain","floor":15,"key":"SMITH"},{"data":"Dark Embrace","floor":23,"key":"SMITH"},{"data":"Immolate","floor":27,"key":"SMITH"},{"data":"Fiend Fire","floor":32,"key":"SMITH"}],"circlet_count":0,"master_deck":["AscendersBane","Strike_R+1","Strike_R+1","Strike_R+1","Defend_R+1","Defend_R+1","Defend_R+1","Bash","Burning Pact","Clothesline","Thunderclap","Headbutt","Armaments+1","Pummel","Shrug It Off","Exhume","Feel No Pain+1","Sever Soul","Power Through","Power Through","Immolate+1","Seeing Red+1","Dark Embrace+1","Infernal Blade","Shrug It Off","Fiend Fire+1","Reckless Charge+1"],"relics":["Burning Blood","Odd Mushroom","Happy Flower","InkBottle","WarpedTongs","Sozu","Ancient Tea Set","Peace Pipe","Eternal Feather","Shuriken","Anchor"],"acts_visited":["Exordium","TheCity"],"potions_floor_usage":[7,8,24,33],"damage_taken":[{"damage":3,"enemies":"Cultist","floor":1,"turns":4},{"damage":2,"enemies":"2 Louse","floor":2,"turns":2},{"damage":4,"enemies":"Jaw Worm","floor":3,"turns":3},{"damage":31,"enemies":"Lots of Slimes","floor":4,"turns":5},{"damage":5,"enemies":"2 Fungi Beasts","floor":5,"turns":3},{"damage":20,"enemies":"The Mushroom Lair","floor":7,"turns":4},{"damage":27,"enemies":"Lagavulin","floor":8,"turns":8},{"damage":6,"enemies":"Looter","floor":12,"turns":3},{"damage":0,"enemies":"Large Slime","floor":13,"turns":4},{"damage":39,"enemies":"Hexaghost","floor":16,"turns":11},{"damage":3,"enemies":"3 Byrds","floor":18,"turns":5},{"damage":23,"enemies":"2 Thieves","floor":19,"turns":5},{"damage":6,"enemies":"Cultist and Chosen","floor":21,"turns":7},{"damage":11,"enemies":"Slavers","floor":24,"turns":4},{"damage":1,"enemies":"Gremlin Leader","floor":29,"turns":4},{"damage":18,"enemies":"Snake Plant","floor":30,"turns":2},{"damage":30,"enemies":"Slavers","floor":31,"turns":5},{"damage":55,"enemies":"Automaton","floor":33,"turns":6}],"seed_played":"-5198612494435588531","potions_obtained":[{"floor":2,"key":"Strength Potion"},{"floor":4,"key":"SkillPotion"},{"floor":7,"key":"SneckoOil"},{"floor":12,"key":"Energy Potion"},{"floor":16,"key":"EssenceOfSteel"}],"is_trial":false,"path_per_floor":["M","M","M","M","M","R","?","E","T","R","$","M","M","?","R","B",null,"M","M","$","M","?","R","E","?","T","R","?","E","M","E","R","B"],"character_chosen":"IRONCLAD","items_purchased":["Feel No Pain","Sever Soul"],"campfire_rested":1,"item_purchase_floors":[11,11],"current_hp_per_floor":[72,72,72,47,48,48,34,13,13,34,34,34,40,40,40,7,56,59,42,42,42,42,42,37,37,37,52,57,62,50,26,41,0,0],"gold":201,"neow_bonus":"TRANSFORM_TWO_CARDS","is_daily":false,"chose_seed":false,"campfire_upgraded":5,"win_rate":0.0,"timestamp":1611845953,"path_taken":["M","M","?","M","M","R","?","E","T","R","$","M","M","?","R","BOSS","M","?","$","M","?","R","E","?","T","R","?","E","M","E","R","BOSS"],"items_purchased_type":["Card","Card"],"build_version":"2020-12-22","purchased_purges":2,"victory":false,"max_hp_per_floor":[72,72,72,72,72,72,72,72,72,72,72,72,72,72,72,72,72,72,72,72,72,72,72,72,72,72,72,72,72,72,72,72,72,72],"relic_stats":{"Sozu":4,"Peace Pipe":0,"Happy Flower":[18],"counters":[18,85],"Shuriken":[5],"Eternal Feather":30,"obtain_stats":[{"Sozu":17,"Peace Pipe":24,"Anchor":31,"Happy Flower":8,"Shuriken":29,"Eternal Feather":26,"Odd Mushroom":7,"Ancient Tea Set":22,"Burning Blood":0,"InkBottle":9,"WarpedTongs":14},{"Sozu":10,"Peace Pipe":14,"Anchor":17,"Happy Flower":7,"Shuriken":15,"Eternal Feather":14,"Odd Mushroom":6,"Ancient Tea Set":13,"Burning Blood":0,"InkBottle":7,"WarpedTongs":9},{"Sozu":47,"Peace Pipe":68,"Anchor":79,"Happy Flower":29,"Shuriken":72,"Eternal Feather":68,"Odd Mushroom":21,"Ancient Tea Set":64,"Burning Blood":0,"InkBottle":29,"WarpedTongs":36}],"Burning Blood":93,"InkBottle":[21],"WarpedTongs":[46]},"card_choices":[{"not_picked":["Clothesline","Bloodletting"],"picked":"Anger","floor":1},{"not_picked":["Pommel Strike","Clash"],"picked":"Thunderclap","floor":2},{"not_picked":["Havoc","Flex"],"picked":"Headbutt","floor":3},{"not_picked":["Blood for Blood","Clash"],"picked":"Armaments","floor":4},{"not_picked":["Infernal Blade","Armaments"],"picked":"Pummel","floor":5},{"not_picked":["Body Slam","Havoc"],"picked":"Shrug It Off","floor":7},{"not_picked":["Clothesline","Shrug It Off"],"picked":"Exhume","floor":8},{"not_picked":["True Grit","Pommel Strike"],"picked":"Power Through","floor":12},{"not_picked":["Iron Wave","Wild Strike"],"picked":"Power Through","floor":13},{"not_picked":["Berserk","Bludgeon"],"picked":"Immolate","floor":16},{"not_picked":["True Grit","Rage"],"picked":"Seeing Red+1","floor":18},{"not_picked":["Armaments+1","True Grit+1"],"picked":"Dark Embrace","floor":19},{"not_picked":["Clash","Combust"],"picked":"Infernal Blade","floor":21},{"not_picked":["Perfected Strike","Infernal Blade"],"picked":"Shrug It Off","floor":24},{"not_picked":["Sever Soul","Second Wind+1"],"picked":"Fiend Fire","floor":29},{"not_picked":["Metallicize","Pummel"],"picked":"Reckless Charge+1","floor":30},{"not_picked":["Clash","Cleave+1","Anger"],"picked":"SKIP","floor":31}],"player_experience":705522,"relics_obtained":[{"floor":7,"key":"Odd Mushroom"},{"floor":8,"key":"Happy Flower"},{"floor":9,"key":"InkBottle"},{"floor":24,"key":"Peace Pipe"},{"floor":26,"key":"Eternal Feather"},{"floor":29,"key":"Shuriken"},{"floor":31,"key":"Anchor"}],"event_choices":[{"damage_healed":0,"gold_gain":0,"player_choice":"Fought Mushrooms","damage_taken":0,"max_hp_gain":0,"max_hp_loss":0,"event_name":"Mushrooms","floor":7,"gold_loss":0},{"damage_healed":0,"gold_gain":0,"player_choice":"Rummage","damage_taken":0,"relics_obtained":["WarpedTongs"],"max_hp_gain":0,"max_hp_loss":0,"event_name":"Accursed Blacksmith","floor":14,"gold_loss":0,"cards_obtained":["Pain"]},{"damage_healed":0,"gold_gain":0,"player_choice":"Obtained Relic","damage_taken":0,"relics_obtained":["Ancient Tea Set"],"max_hp_gain":0,"max_hp_loss":0,"event_name":"Addict","floor":22,"gold_loss":85},{"damage_healed":0,"gold_gain":0,"player_choice":"Simplicity","damage_taken":0,"max_hp_gain":0,"max_hp_loss":0,"event_name":"Back to Basics","floor":25,"gold_loss":0,"cards_upgraded":["Strike_R","Strike_R","Strike_R","Defend_R","Defend_R","Defend_R"]},{"cards_removed":["Anger"],"damage_healed":5,"gold_gain":0,"player_choice":"Offered Common","damage_taken":0,"max_hp_gain":0,"max_hp_loss":0,"event_name":"Bonfire Elementals","floor":28,"gold_loss":0},{"cards_removed":["Anger"],"damage_healed":5,"gold_gain":0,"player_choice":"Offered Special","damage_taken":0,"max_hp_gain":0,"max_hp_loss":0,"event_name":"Bonfire Elementals","floor":28,"gold_loss":0}],"is_beta":false,"boss_relics":[{"not_picked":["Calling Bell","Black Star"],"picked":"Sozu"}],"items_purged_floors":[11,20],"is_endless":false,"potions_floor_spawned":[2,4,7,12,16,18,24,29,31],"killed_by":"Automaton","ascension_level":10}}