{"host":"k85tjwrh7mjrrc9a","time":1611859178,"event":{"mods":["AchievementEnabler","BaseMod","Colored Powertips","Highlight Path","Minty Spire (QoL Compilation)","Rare Cards Sparkle","StSLib"],"gold_per_floor":[366,366,376,273,273,273,273,289,289,301,313,325,356,396,408,494,506,532,594,606,636,324,357,357,357,357],"floor_reached":25,"language":"ENG","playtime":1183,"items_purged":["Strike_R"],"score":391,"play_id":"92bade38-498d-4684-803e-67e690b1f94c","local_time":"20210128133938","is_ascension_mode":true,"campfire_choices":[{"data":"Inflame","floor":6.0,"key":"SMITH"},{"data":"Shockwave","floor":10.0,"key":"SMITH"},{"floor":12.0,"key":"REST"},{"data":"Clothesline","floor":15.0,"key":"SMITH"},{"floor":24.0,"key":"REST"}],"circlet_count":0,"master_deck":["AscendersBane","Strike_R","Strike_R","Strike_R","Strike_R","Defend_R","Defend_R","Defend_R","Defend_R","Bash+1","Clothesline+1","Shockwave+1","Shrug It Off+1","Inflame+1","Heavy Blade","Shrug It Off","Impervious","Iron Wave","Whirlwind"],"relics":["Burning Blood","MawBank","Eternal Feather","SacredBark","MutagenicStrength","Oddly Smooth Stone","Toy Ornithopter"],"acts_visited":["Exordium","TheCity"],"potions_floor_usage":[],"damage_taken":[{"damage":14.0,"enemies":"Jaw Worm","floor":1.0,"turns":5.0},{"damage":7.0,"enemies":"Small Slimes","floor":3.0,"turns":3.0},{"damage":4.0,"enemies":"Cultist","floor":8.0,"turns":4.0},{"damage":19.0,"enemies":"Large Slime","floor":13.0,"turns":5.0},{"damage":24.0,"enemies":"Gremlin Nob","floor":14.0,"turns":4.0},{"damage":46.0,"enemies":"Hexaghost","floor":16.0,"turns":10.0},{"damage":8.0,"enemies":"Chosen","floor":18.0,"turns":4.0},{"damage":27.0,"enemies":"Spheric Guardian","floor":21.0,"turns":6.0},{"damage":21.0,"enemies":"Gremlin Leader","floor":23.0,"turns":7.0},{"damage":61,"enemies":"Book of Stabbing","floor":25,"turns":7}],"seed_played":"-6734871011347064760","potions_obtained":[{"floor":1.0,"key":"Explosive Potion"},{"floor":3.0,"key":"LiquidMemories"},{"floor":21.0,"key":"FearPotion"}],"is_trial":false,"path_per_floor":["M","?","M","$","?","R","$","M","T","R","?","R","M","E","R","B",null,"M","?","?","M","$","E","R","E"],"character_chosen":"IRONCLAD","items_purchased":["Shrug It Off","Inflame","Whirlwind","Oddly Smooth Stone"],"campfire_rested":2,"item_purchase_floors":[4,4,22,22],"current_hp_per_floor":[42,42,41,41,46,46,46,48,48,48,48,72,59,41,50,10,63,61,61,61,40,40,25,58,0,0],"gold":357,"neow_bonus":"TWO_FIFTY_GOLD","is_daily":false,"chose_seed":false,"campfire_upgraded":3,"win_rate":0.0,"timestamp":1611859178,"path_taken":["M","?","M","$","?","R","?","M","T","R","?","R","M","E","R","BOSS","M","?","?","M","$","E","R","E"],"items_purchased_type":["Card","Card","Card","Relic"],"build_version":"2020-12-22","purchased_purges":1,"victory":false,"max_hp_per_floor":[75,75,75,75,80,80,80,80,80,80,80,80,80,80,80,80,80,80,80,80,80,80,80,80,80,80],"card_choices":[{"not_picked":["Carnage","Wild Strike"],"picked":"Clothesline","floor":1.0},{"not_picked":["Anger","Clothesline"],"picked":"Shockwave","floor":3.0},{"not_picked":["Dropkick","Havoc","Flex"],"picked":"SKIP","floor":8.0},{"not_picked":["Dropkick","Havoc","Flex"],"picked":"SKIP","floor":8.0},{"not_picked":["Twin Strike","Searing Blow"],"picked":"Heavy Blade","floor":13.0},{"not_picked":["Armaments","Anger"],"picked":"Shrug It Off","floor":14.0},{"not_picked":["Immolate","Corruption"],"picked":"Impervious","floor":16.0},{"not_picked":["Shockwave","Inflame"],"picked":"Iron Wave","floor":18.0},{"not_picked":["Dual Wield+1","Carnage+1","Hemokinesis"],"picked":"SKIP","floor":21.0},{"not_picked":["Shockwave","Iron Wave","Burning Pact"],"picked":"SKIP","floor":23.0}],"player_experience":232357,"relics_obtained":[{"floor":9.0,"key":"MawBank"},{"floor":14.0,"key":"Eternal Feather"},{"floor":23.0,"key":"Toy Ornithopter"}],"event_choices":[{"damage_healed":0.0,"max_hp_gain":0.0,"max_hp_loss":0.0,"gold_gain":0.0,"event_name":"Living Wall","player_choice":"Grow","floor":2.0,"gold_loss":0.0,"damage_taken":0.0,"cards_upgraded":["Bash"]},{"damage_healed":0.0,"max_hp_gain":5.0,"max_hp_loss":0.0,"gold_gain":0.0,"event_name":"Big Fish","player_choice":"Donut","floor":5.0,"gold_loss":0.0,"damage_taken":0.0},{"damage_healed":0.0,"max_hp_gain":0.0,"max_hp_loss":0.0,"gold_gain":0.0,"event_name":"Upgrade Shrine","player_choice":"Upgraded","floor":11.0,"gold_loss":0.0,"damage_taken":0.0,"cards_upgraded":["Shrug It Off"]},{"damage_healed":0.0,"max_hp_gain":0.0,"max_hp_loss":0.0,"gold_gain":50.0,"event_name":"Nest","player_choice":"Stole From Cult","floor":19.0,"gold_loss":0.0,"damage_taken":0.0},{"damage_healed":0.0,"max_hp_gain":0.0,"max_hp_loss":0.0,"gold_gain":0.0,"event_name":"Drug Dealer","player_choice":"Inject Mutagens","floor":20.0,"gold_loss":0.0,"damage_taken":0.0,"relics_obtained":["MutagenicStrength"]}],"is_beta":false,"boss_relics":[{"not_picked":["Snecko Eye","Empty Cage"],"picked":"SacredBark"}],"items_purged_floors":[22],"is_endless":false,"potions_floor_spawned":[1,3,21],"killed_by":"Book of Stabbing","ascension_level":16}}