{"host":"jnjxzd6rarbui4j8","time":1611840574,"event":{"mods":["AchievementEnabler","BaseMod","Colored Map","Highlight Path","Minty Spire (QoL Compilation)","Relic Stats","StSLib"],"gold_per_floor":[118,129,146,158,57,73,73,98,180,213,260,260,260],"floor_reached":12,"language":"ENG","playtime":1016,"items_purged":[],"score":180,"play_id":"c86cd529-53c7-4c0f-9004-eb13d74348ba","local_time":"20210128082934","is_ascension_mode":true,"campfire_choices":[{"data":"Predator","floor":7.0,"key":"SMITH"}],"circlet_count":0,"master_deck":["AscendersBane","Strike_G","Strike_G","Strike_G","Strike_G","Strike_G","Defend_G","Defend_G","Defend_G","Defend_G","Defend_G","Survivor","Neutralize","Flying Knee","Predator+1","Slice","Blade Dance","Trip","Backflip"],"relics":["Black Star","Tiny Chest","Turnip","Letter Opener","Art of War","Prayer Wheel","MealTicket"],"acts_visited":["Exordium"],"potions_floor_usage":[12],"damage_taken":[{"damage":4.0,"enemies":"Cultist","floor":1.0,"turns":5.0},{"damage":5.0,"enemies":"2 Louse","floor":2.0,"turns":3.0},{"damage":0.0,"enemies":"Small Slimes","floor":3.0,"turns":3.0},{"damage":4.0,"enemies":"Looter","floor":4.0,"turns":3.0},{"damage":5.0,"enemies":"2 Fungi Beasts","floor":6.0,"turns":3.0},{"damage":10.0,"enemies":"Gremlin Nob","floor":8.0,"turns":3.0},{"damage":11.0,"enemies":"Lagavulin","floor":10.0,"turns":5.0},{"damage":46,"enemies":"Gremlin Nob","floor":12,"turns":3}],"seed_played":"-8665671932204056021","potions_obtained":[{"floor":1.0,"key":"Explosive Potion"},{"floor":4.0,"key":"EssenceOfSteel"}],"is_trial":false,"path_per_floor":["M","M","M","M","$","M","R","E","T","E","T","E"],"character_chosen":"THE_SILENT","items_purchased":["Trip"],"campfire_rested":0,"item_purchase_floors":[5],"current_hp_per_floor":[55,50,50,46,46,41,41,31,31,20,20,0,0],"gold":260,"neow_bonus":"BOSS_RELIC","is_daily":false,"chose_seed":false,"campfire_upgraded":1,"win_rate":0.0,"timestamp":1611840574,"path_taken":["M","M","?","M","$","?","R","E","T","E","?","E"],"items_purchased_type":["Card"],"build_version":"2020-12-22","purchased_purges":0,"victory":false,"max_hp_per_floor":[66,66,66,66,66,66,66,66,66,66,66,66,66],"relic_stats":{"counters":[8,28],"Tiny Chest":0,"Prayer Wheel":0,"MealTicket":0,"Turnip":[0],"Black Star":2,"Art of War":[0],"Letter Opener":[5],"obtain_stats":[{"Tiny Chest":8,"Prayer Wheel":10,"MealTicket":11,"Turnip":8,"Black Star":0,"Art of War":10,"Letter Opener":9,"Ring of the Snake":0},{"Tiny Chest":6,"Prayer Wheel":7,"MealTicket":7,"Turnip":6,"Black Star":0,"Art of War":7,"Letter Opener":6,"Ring of the Snake":0},{"Tiny Chest":20,"Prayer Wheel":25,"MealTicket":25,"Turnip":20,"Black Star":0,"Art of War":25,"Letter Opener":20,"Ring of the Snake":0}]},"card_choices":[{"not_picked":["Calculated Gamble","Underhanded Strike"],"picked":"Flying Knee","floor":1.0},{"not_picked":["Cloak And Dagger","Backstab"],"picked":"Predator","floor":2.0},{"not_picked":["Riddle With Holes","Underhanded Strike"],"picked":"Slice","floor":3.0},{"not_picked":["Riddle With Holes","Bane"],"picked":"Blade Dance","floor":4.0},{"not_picked":["Finisher","Quick Slash"],"picked":"Backflip","floor":6.0},{"not_picked":["Skewer","Catalyst","Dodge and Roll"],"picked":"SKIP","floor":8.0},{"not_picked":["Sucker Punch","Dagger Throw","Cloak And Dagger"],"picked":"SKIP","floor":10.0}],"player_experience":2556225,"relics_obtained":[{"floor":8.0,"key":"Tiny Chest"},{"floor":8.0,"key":"Turnip"},{"floor":9.0,"key":"Letter Opener"},{"floor":10.0,"key":"Art of War"},{"floor":10.0,"key":"Prayer Wheel"},{"floor":11.0,"key":"MealTicket"}],"event_choices":[],"is_beta":false,"boss_relics":[],"items_purged_floors":[],"is_endless":false,"potions_floor_spawned":[1,4,8],"killed_by":"Gremlin Nob","ascension_level":20}}