{"host":"ecuvtzmejf7hhjpv","time":1611877259,"event":{"mods":["AchievementEnabler","Act Like it!","Aspiration","BaseMod","Better Altar","Better Match","Better Note","Better Sensory Stone","Better Skull","Better Third Choice","BetterRewards","Conspire","Custom Start","Downfall","Gensokyo","GifTheSpireLib","Hallownest","Hermit","Hubris","Kratos Character Expansion","Luminous","Marisa????????","Minty Spire (QoL Compilation)","Prisma Mod","Remilia??????","Replay The Spire","Robot Space Explorer","Spicy Shops","StSLib","The Animator","The Blackbeard","The Bug Knight","The Construct","The Cursed","The Disciple","The Dragon Tamer","The Forsaken","The Hierophant","The Jungle","The Marked","The Necromancer","The Poker Player","The Wild Card","TheSwordswoman"],"gold_per_floor":[99,110,120,120,131,148,172,66,66,66,93,93,110,133,148,247,247,247,257,185,185,198,214,214,214,14,41,41,41,41,76,89,187,187,187,199,217,267,277,11,11,24,59,209,225,252,263,263,75,75,75,75],"floor_reached":50,"language":"ENG","playtime":2209,"items_purged":[],"score":594,"play_id":"6e340c06-0cd0-4118-8853-73e0e6139f0b","local_time":"20210128174059","is_ascension_mode":false,"campfire_choices":[{"data":"champ:Taunt","floor":1,"key":"SMITH"},{"data":"expansioncontent:Chronoboost","floor":9,"key":"SMITH"},{"data":"champ:Improvising","floor":12,"key":"SMITH"},{"floor":18,"key":"RECALL"},{"data":"champ:LastStand","floor":26,"key":"SMITH"},{"data":"champ:StrikeOfGenius","floor":28,"key":"SMITH"},{"data":"champ:PerfectedStrike","floor":30,"key":"SMITH"},{"floor":35,"key":"DIG"}],"circlet_count":0,"master_deck":["champ:Strike","champ:Strike","champ:Strike","champ:Defend","champ:Defend","champ:Defend","champ:Defend","champ:Execute","champ:Taunt+1","champ:TornadoPunch+1","champ:PreciseThrust","champ:IronFortress","champ:PerfectedStrike+1","champ:GutPunch","expansioncontent:Chronoboost+1","champ:Improvising+1","champ:ArenaPreparation","champ:Circumvent","champ:StrikeOfGenius+1","champ:LastStand+1","champ:BringItOn","champ:StanceDance+1","champ:HeavySlash","champ:Circumvent+1","champ:SkillfulDodge+1","champ:CalledShot+1","champ:StanceDance+1"],"relics":["Sozu","downfall:ShatteredFragment","Juzu Bracelet","theForsaken:Lifeblossom","hubris:Backtick","hubris:IronBody","Onion Ring","aspiration:DSix","downfall:HeartBlessingRed","downfall:HeartBlessingGreen","Potion Belt","Replay:WaspNest","Black Star","hubris:GlazedTorus","aspiration:FrozenJewel","Iron Hammer","Vajra","hubris:DisguiseKit","Pocketwatch","Frozen Egg 2"],"acts_visited":["Exordium","TheCity","TheBeyond"],"potions_floor_usage":[],"damage_taken":[{"damage":20,"enemies":"Jaw Worm","floor":2,"turns":4},{"damage":11,"enemies":"Cultist","floor":3,"turns":4},{"damage":10,"enemies":"Small Slimes","floor":5,"turns":2},{"damage":10,"enemies":"Exordium Wildlife","floor":6,"turns":3},{"damage":20,"enemies":"downfall:FleeingMerchant","floor":8,"turns":4},{"damage":12,"enemies":"HollowMod:MossKnight","floor":11,"turns":4},{"damage":15,"enemies":"Exordium Thugs","floor":13,"turns":4},{"damage":10,"enemies":"Red Slaver","floor":15,"turns":2},{"damage":38,"enemies":"IC_STATUS_ARCHETYPE","floor":16,"turns":7},{"damage":15,"enemies":"Chosen","floor":19,"turns":4},{"damage":10,"enemies":"downfall:FleeingMerchant","floor":20,"turns":4},{"damage":43,"enemies":"Sentry and Sphere","floor":22,"turns":4},{"damage":45,"enemies":"Snake Plant","floor":23,"turns":5},{"damage":18,"enemies":"Slavers","floor":27,"turns":4},{"damage":20,"enemies":"Replay:Snechameleon","floor":31,"turns":4},{"damage":0,"enemies":"Cultist and Chosen","floor":32,"turns":3},{"damage":26,"enemies":"SI_MIRROR_ARCHETYPE","floor":33,"turns":7},{"damage":16,"enemies":"Orb Walker","floor":36,"turns":3},{"damage":40,"enemies":"3 Darklings","floor":37,"turns":4},{"damage":26,"enemies":"3 Darklings","floor":38,"turns":6},{"damage":15,"enemies":"4 Shapes","floor":39,"turns":4},{"damage":28,"enemies":"downfall:FleeingMerchant","floor":40,"turns":4},{"damage":24,"enemies":"Transient","floor":42,"turns":5},{"damage":47,"enemies":"Nemesis","floor":43,"turns":3},{"damage":23,"enemies":"Writhing Mass","floor":45,"turns":5},{"damage":0,"enemies":"HollowMod:StalkingDevout","floor":46,"turns":4},{"damage":17,"enemies":"Sphere and 2 Shapes","floor":47,"turns":5},{"damage":15,"enemies":"Transient","floor":49,"turns":5},{"damage":53,"enemies":"DF_ARCHETYPE_ORBS","floor":50,"turns":9}],"seed_played":"-7683963011725398392","potions_obtained":[],"is_trial":false,"path_per_floor":["R","M","M","?","M","M","T","$","R","?","E","R","M","T","M","B",null,"R","M","$","?","M","M","T","?","R","E","R","?","R","E","M","B",null,"R","M","M","?","M","$","T","M","E","?","M","E","M","?","M","B"],"character_chosen":"THE_CHAMP","items_purchased":["expansioncontent:Chronoboost","Onion Ring","Iron Hammer"],"campfire_rested":0,"item_purchase_floors":[8,20,40],"current_hp_per_floor":[90,90,89,89,89,89,89,89,89,62,55,55,50,50,53,31,90,90,90,90,90,78,49,49,49,49,47,47,47,47,43,48,43,90,90,74,65,60,61,54,54,46,25,25,23,29,33,33,39,0,0,0],"gold":75,"neow_bonus":"BOSS_RELIC","is_daily":false,"chose_seed":false,"campfire_upgraded":6,"win_rate":0.0,"timestamp":1611877259,"path_taken":["R","M","M","?","?","M","T","$","R","?","E","R","M","?","M","BOSS","R","M","$","?","M","M","T","?","R","E","R","?","R","E","M","BOSS","R","M","M","?","M","$","T","M","E","?","M","E","M","?","M","BOSS"],"items_purchased_type":["Card","Relic","Relic"],"build_version":"2020-12-22","purchased_purges":0,"victory":false,"max_hp_per_floor":[90,90,90,90,90,90,90,90,90,90,90,90,90,90,90,90,90,90,90,90,90,90,90,90,90,90,90,90,90,90,90,90,90,90,90,90,90,90,90,90,90,90,90,90,90,90,90,90,90,90,90,90],"card_choices":[{"not_picked":["champ:FanOfKnives","champ:DeathBlow"],"picked":"champ:TornadoPunch","floor":2},{"not_picked":["champ:Lariat","champ:EndlessRage"],"picked":"champ:PreciseThrust","floor":3},{"not_picked":["champ:FalseCounter","champ:Circumvent"],"picked":"champ:IronFortress","floor":5},{"not_picked":["champ:BladeFlurry","champ:FanOfKnives"],"picked":"champ:PerfectedStrike","floor":6},{"not_picked":["champ:FanOfKnives","champ:DefensiveShout"],"picked":"champ:GutPunch","floor":8},{"not_picked":["champ:SetATrap","champ:IronFortress"],"picked":"champ:Improvising","floor":11},{"not_picked":["champ:RisingSlash","champ:Haymaker"],"picked":"champ:ArenaPreparation","floor":13},{"not_picked":["champ:Duel","champ:EndlessRage"],"picked":"champ:Circumvent","floor":15},{"not_picked":["champ:Improvising","champ:SteelEdge"],"picked":"champ:StrikeOfGenius","floor":16},{"not_picked":["champ:FocusedBerserking+1","champ:DefensiveShout","champ:FanOfKnives+1"],"picked":"SKIP","floor":19},{"not_picked":["champ:Circumvent","champ:Duel","champ:FaceSlap"],"picked":"SKIP","floor":20},{"not_picked":["champ:BerserkerStyle","champ:Shatter"],"picked":"champ:BringItOn","floor":22},{"not_picked":["champ:FanOfKnives","champ:Parry","champ:GutPunch"],"picked":"SKIP","floor":23},{"not_picked":["champ:Haymaker","champ:CheapShot"],"picked":"champ:StanceDance+1","floor":27},{"not_picked":["champ:RapidStrikes","champ:BerserkersShout","champ:Encircle"],"picked":"SKIP","floor":31},{"not_picked":["champ:Circumvent+1","champ:PreemptiveStrike","champ:Parry"],"picked":"SKIP","floor":32},{"not_picked":["champ:MurderStrike","champ:CheapShot"],"picked":"champ:HeavySlash","floor":33},{"not_picked":["champ:Circumvent+1","champ:FancyFootwork","champ:PreciseThrust+1"],"picked":"SKIP","floor":36},{"not_picked":["champ:Backstep","champ:GutPunch+1","champ:AdrenalArmor+1"],"picked":"SKIP","floor":37},{"not_picked":["champ:EnragedBash+1","champ:Shatter","champ:Encircle"],"picked":"SKIP","floor":39},{"not_picked":["champ:SwordThrow","champ:CrookedStrike+1"],"picked":"champ:Circumvent+1","floor":40},{"not_picked":["champ:Shatter","champ:RisingSlash","champ:Backstep"],"picked":"SKIP","floor":42},{"not_picked":["champ:EnGarde","champ:TornadoPunch"],"picked":"champ:SkillfulDodge+1","floor":43},{"not_picked":["champ:Haymaker+1","champ:EnGarde+1","Replay:Undeath\u0027s Touch"],"picked":"champ:CalledShot+1","floor":45},{"not_picked":["champ:FaceSlap","champ:Parry","champ:FocusedBerserking+1","Havoc"],"picked":"SKIP","floor":46},{"not_picked":["champ:BringItOn","champ:AdrenalArmor+1","Clothesline"],"picked":"champ:StanceDance+1","floor":47},{"not_picked":["champ:BringItOn","champ:AdrenalArmor+1","champ:TornadoPunch","Berserk"],"picked":"SKIP","floor":49}],"player_experience":1168531,"relics_obtained":[{"floor":7,"key":"Replay:Wax Seal"},{"floor":11,"key":"Juzu Bracelet"},{"floor":14,"key":"theForsaken:Lifeblossom"},{"floor":24,"key":"aspiration:DSix"},{"floor":27,"key":"Potion Belt"},{"floor":31,"key":"Replay:WaspNest"},{"floor":35,"key":"hubris:GlazedTorus"},{"floor":38,"key":"aspiration:FrozenJewel"},{"floor":43,"key":"Vajra"},{"floor":43,"key":"hubris:DisguiseKit"},{"floor":46,"key":"Pocketwatch"},{"floor":46,"key":"Frozen Egg 2"}],"event_choices":[{"damage_healed":0,"gold_gain":0,"player_choice":"Ignored","damage_taken":0,"max_hp_gain":0,"max_hp_loss":0,"event_name":"betterNote:BetterNote","floor":25,"gold_loss":0,"cards_obtained":["Strike_G"]},{"damage_healed":0,"gold_gain":0,"player_choice":"Leave","damage_taken":0,"max_hp_gain":0,"max_hp_loss":0,"event_name":"conspire:Investor","floor":29,"gold_loss":0}],"is_beta":false,"boss_relics":[{"not_picked":["Replay:Wanted Poster","aspiration:PoetsPen_weak"],"picked":"hubris:Backtick"},{"not_picked":["hubris:ScarierMask","Replay:Ancient Bell"],"picked":"Black Star"}],"items_purged_floors":[],"is_endless":false,"potions_floor_spawned":[2,5,13,22,23,32,38,39,42,43,47],"killed_by":"DF_ARCHETYPE_ORBS","ascension_level":0}}