{"host":"7jl348xfsxr8glry","time":1611823554,"event":{"mods":["AchievementEnabler","BaseMod","Colored Map","Minty Spire (QoL Compilation)","Random Character Button","Unceasing Turn Reminder"],"gold_per_floor":[110,124,74,54,69,110,85,85,109,109,153,182,182,204,204,316,316,327,345,119,44,71,71,71,11,11,38,52,52,52],"floor_reached":29,"language":"ENG","playtime":1125,"items_purged":["Strike_P"],"score":235,"play_id":"457ddf35-f091-43f0-b96c-2c1da77c1786","local_time":"20210128194554","is_ascension_mode":false,"campfire_choices":[{"floor":8,"key":"REST"},{"data":"Eruption","floor":10,"key":"SMITH"},{"floor":13,"key":"REST"},{"data":"BattleHymn","floor":15,"key":"SMITH"},{"floor":23,"key":"REST"}],"circlet_count":0,"master_deck":["Strike_P","Strike_P","Defend_P","Defend_P","Defend_P","Eruption+1","Vigilance","BattleHymn+1","EmptyBody","EmptyFist","BattleHymn","BowlingBash","CrushJoints","SashWhip","DevaForm","CutThroughFate","FearNoEvil","BowlingBash+1"],"relics":["PureWater","NeowsBlessing","CeramicFish","Juzu Bracelet","Sundial","SlaversCollar","Centennial Puzzle","StoneCalendar"],"acts_visited":["Exordium","TheCity"],"potions_floor_usage":[6,16,19,19,22],"damage_taken":[{"damage":0,"enemies":"Small Slimes","floor":1,"turns":1},{"damage":0,"enemies":"Cultist","floor":2,"turns":1},{"damage":0,"enemies":"Jaw Worm","floor":5,"turns":1},{"damage":14,"enemies":"Gremlin Nob","floor":6,"turns":3},{"damage":18,"enemies":"3 Sentries","floor":11,"turns":4},{"damage":0,"enemies":"Large Slime","floor":12,"turns":3},{"damage":0,"enemies":"Exordium Thugs","floor":14,"turns":2},{"damage":50,"enemies":"Hexaghost","floor":16,"turns":7},{"damage":8,"enemies":"Chosen","floor":18,"turns":5},{"damage":27,"enemies":"2 Thieves","floor":19,"turns":3},{"damage":18,"enemies":"3 Cultists","floor":22,"turns":4},{"damage":20,"enemies":"Centurion and Healer","floor":27,"turns":5},{"damage":12,"enemies":"Snecko","floor":28,"turns":4},{"damage":22,"enemies":"Snake Plant","floor":29,"turns":3}],"seed_played":"6132533970873609319","potions_obtained":[{"floor":1,"key":"SteroidPotion"},{"floor":4,"key":"SneckoOil"},{"floor":5,"key":"StancePotion"},{"floor":16,"key":"Explosive Potion"},{"floor":18,"key":"FearPotion"},{"floor":19,"key":"Regen Potion"},{"floor":22,"key":"GamblersBrew"},{"floor":27,"key":"FearPotion"}],"is_trial":false,"path_per_floor":["M","M","?","?","M","E","?","R","T","R","E","M","R","M","R","B",null,"M","M","$","?","M","R","?","$","T","M","M","M"],"character_chosen":"WATCHER","items_purchased":["Centennial Puzzle","FearNoEvil"],"campfire_rested":3,"item_purchase_floors":[20,25],"current_hp_per_floor":[72,72,72,72,72,58,58,72,72,72,54,54,72,72,72,22,72,64,37,37,37,28,49,49,49,49,29,17,0,0],"gold":52,"neow_bonus":"THREE_ENEMY_KILL","is_daily":false,"chose_seed":false,"campfire_upgraded":2,"win_rate":0.0,"timestamp":1611823554,"path_taken":["M","M","?","?","?","E","?","R","T","R","E","M","R","M","R","BOSS","M","M","$","?","M","R","?","$","T","M","M","M"],"items_purchased_type":["Relic","Card"],"build_version":"2020-12-22","purchased_purges":1,"victory":false,"max_hp_per_floor":[72,72,72,72,72,72,72,72,72,72,72,72,72,72,72,72,72,72,72,72,72,72,72,72,72,72,72,72,72,72],"card_choices":[{"not_picked":["FollowUp","JustLucky"],"picked":"BattleHymn","floor":1},{"not_picked":["Nirvana","Crescendo"],"picked":"EmptyBody","floor":2},{"not_picked":["Meditate","Evaluate"],"picked":"EmptyFist","floor":5},{"not_picked":["ClearTheMind","Study"],"picked":"BattleHymn","floor":6},{"not_picked":["ClearTheMind","Establishment"],"picked":"BowlingBash","floor":11},{"not_picked":["ThirdEye","Nirvana"],"picked":"CrushJoints","floor":12},{"not_picked":["Evaluate","DeusExMachina"],"picked":"SashWhip","floor":14},{"not_picked":["Omniscience","ConjureBlade"],"picked":"DevaForm","floor":16},{"not_picked":["Evaluate","JustLucky","Pray"],"picked":"SKIP","floor":18},{"not_picked":["WheelKick","FlyingSleeves","SandsOfTime"],"picked":"SKIP","floor":19},{"not_picked":["ThirdEye","JustLucky"],"picked":"CutThroughFate","floor":22},{"not_picked":["SashWhip","FlurryOfBlows"],"picked":"BowlingBash+1","floor":27},{"not_picked":["Nirvana","Swivel+1","SashWhip"],"picked":"SKIP","floor":28}],"player_experience":157492,"relics_obtained":[{"floor":6,"key":"CeramicFish"},{"floor":9,"key":"Juzu Bracelet"},{"floor":11,"key":"Sundial"},{"floor":26,"key":"StoneCalendar"}],"event_choices":[{"cards_removed":["Defend_P"],"damage_healed":0,"gold_gain":0,"player_choice":"Card Removal","damage_taken":0,"max_hp_gain":0,"max_hp_loss":0,"event_name":"The Cleric","floor":3,"gold_loss":50},{"damage_healed":0,"gold_gain":0,"player_choice":"Bought 1 Potion","damage_taken":0,"max_hp_gain":0,"max_hp_loss":0,"event_name":"The Woman in Blue","floor":4,"gold_loss":0},{"damage_healed":0,"gold_gain":0,"player_choice":"Left Gold","damage_taken":0,"max_hp_gain":0,"max_hp_loss":0,"event_name":"World of Goop","floor":7,"gold_loss":25},{"cards_removed":["Strike_P"],"damage_healed":0,"gold_gain":0,"player_choice":"Gave Gold","damage_taken":0,"max_hp_gain":0,"max_hp_loss":0,"event_name":"Beggar","floor":21,"gold_loss":75},{"damage_healed":0,"gold_gain":0,"player_choice":"Ignored","damage_taken":0,"max_hp_gain":0,"max_hp_loss":0,"event_name":"Vampires","floor":24,"gold_loss":0}],"is_beta":false,"boss_relics":[{"not_picked":["Cursed Key","HolyWater"],"picked":"SlaversCollar"}],"items_purged_floors":[20],"is_endless":false,"potions_floor_spawned":[1,5,16,18,19,22,27],"killed_by":"Snake Plant","ascension_level":0}}