{"host":"vddkjx04kiwje1tk","time":1611820334,"event":{"mods":["AchievementEnabler","BaseMod","Colored Map","Minty Spire (QoL Compilation)","Quick Restart","SuperFastMode"],"gold_per_floor":[115,115,115,115,130,164,89,89,142,142,161,111,135,135,135],"floor_reached":14,"language":"KOR","playtime":596,"items_purged":["Strike_B"],"score":110,"play_id":"bd39c90e-3644-43cb-a4af-86bd65503740","local_time":"20210128165214","is_ascension_mode":true,"campfire_choices":[{"floor":8,"key":"REST"},{"floor":10,"key":"REST"}],"circlet_count":0,"master_deck":["Strike_B","Strike_B","Strike_B","Defend_B","Defend_B","Defend_B","Zap","Dualcast","Coolheaded"],"relics":["Nuclear Battery","Golden Idol","Oddly Smooth Stone","Matryoshka","Nunchaku","Tiny Chest"],"acts_visited":["Exordium"],"potions_floor_usage":[6],"damage_taken":[{"damage":7,"enemies":"Jaw Worm","floor":1,"turns":4},{"damage":0,"enemies":"2 Louse","floor":5,"turns":3},{"damage":48,"enemies":"3 Sentries","floor":6,"turns":9},{"damage":6,"enemies":"Small Slimes","floor":11,"turns":4},{"damage":10,"enemies":"Exordium Wildlife","floor":13,"turns":5},{"damage":0,"enemies":"Lagavulin","floor":14,"turns":1}],"seed_played":"-1244099770855096880","potions_obtained":[{"floor":1,"key":"Strength Potion"},{"floor":11,"key":"Dexterity Potion"},{"floor":13,"key":"SpeedPotion"}],"is_trial":false,"path_per_floor":["M","?","?","T","M","E","$","R","T","R","M","?","M","E"],"character_chosen":"DEFECT","items_purchased":[],"campfire_rested":2,"item_purchase_floors":[],"current_hp_per_floor":[68,50,55,55,55,7,7,31,31,55,49,49,39,39,39],"gold":135,"neow_bonus":"BOSS_RELIC","is_daily":false,"chose_seed":false,"campfire_upgraded":0,"win_rate":0.0,"timestamp":1611820334,"path_taken":["M","?","?","?","M","E","$","R","T","R","M","?","?","E"],"items_purchased_type":[],"build_version":"2020-12-22","purchased_purges":1,"victory":false,"max_hp_per_floor":[75,75,80,80,80,80,80,80,80,80,80,80,80,80,80],"card_choices":[{"not_picked":["Force Field","Streamline","Go for the Eyes"],"picked":"SKIP","floor":1},{"not_picked":["Chill","Leap","Ball Lightning"],"picked":"SKIP","floor":5},{"not_picked":["Scrape","Loop","Glacier"],"picked":"SKIP","floor":6},{"not_picked":["Recycle","Barrage"],"picked":"Coolheaded","floor":11},{"not_picked":["Scrape","Conserve Battery","Steam Power"],"picked":"SKIP","floor":13}],"player_experience":218596,"relics_obtained":[{"floor":4,"key":"Oddly Smooth Stone"},{"floor":6,"key":"Matryoshka"},{"floor":9,"key":"Nunchaku"},{"floor":9,"key":"Tiny Chest"}],"event_choices":[{"damage_healed":0,"gold_gain":0,"player_choice":"Take Damage","damage_taken":18,"relics_obtained":["Golden Idol"],"max_hp_gain":0,"max_hp_loss":0,"event_name":"Golden Idol","floor":2,"gold_loss":0},{"damage_healed":0,"gold_gain":0,"player_choice":"Donut","damage_taken":0,"max_hp_gain":5,"max_hp_loss":0,"event_name":"Big Fish","floor":3,"gold_loss":0},{"cards_removed":["Defend_B"],"damage_healed":0,"gold_gain":0,"player_choice":"Card Removal","damage_taken":0,"max_hp_gain":0,"max_hp_loss":0,"event_name":"The Cleric","floor":12,"gold_loss":50}],"is_beta":false,"boss_relics":[],"items_purged_floors":[7],"is_endless":false,"potions_floor_spawned":[1,11,13],"killed_by":"Lagavulin","ascension_level":5}}