{"host":"fvux6yoihym3ucic","time":1611802853,"event":{"mods":["BaseMod","Curses Come First","Downfall","Energized Spire","Hermit","Infinite Spire","Minty Spire (QoL Compilation)","Rare Cards Sparkle","Replay The Spire","Spire Arcade","StSLib","The Cursed"],"gold_per_floor":[117,117,137,137,137,137,155,155,155,155,166,166,183,203,203,302,302,318,318,65,65,77,77,97,22,22,53,53,82,82,92,92,195,195,215,215,227,227,227,227,252,252,252,262,262,280,280,280,280,280,280,280,87,112,112],"floor_reached":56,"language":"ENG","playtime":1636,"items_purged":["Strike_R","Injury","Strike_R+2"],"score":1308,"play_id":"448df306-7564-4765-91b4-d99ae3b55ba0","local_time":"20210127220053","is_ascension_mode":false,"campfire_choices":[{"data":"Strike_R+1","floor":6,"key":"SMITH"},{"data":"Strike_R+2","floor":8,"key":"SMITH"},{"data":"Strike_R+3","floor":10,"key":"SMITH"},{"data":"Strike_R+4","floor":15,"key":"SMITH"},{"data":"Strike_R+5","floor":23,"key":"SMITH"},{"data":"Strike_R+6","floor":28,"key":"SMITH"},{"data":"Strike_R+8","floor":32,"key":"SMITH"},{"data":"Double Tap","floor":40,"key":"SMITH"},{"data":"infinitespire:Menacing","floor":42,"key":"SMITH"},{"floor":47,"key":"RECALL"},{"data":"Strike_R+10","floor":49,"key":"SMITH"},{"data":"Strike_R+11","floor":52,"key":"SMITH"}],"circlet_count":0,"master_deck":["Strike_R+12","Strike_R+2","Defend_R+3","Bash+1","infinitespire:OneForAll+1","infinitespire:OneForAll+1","Offering+1","Double Tap+1","infinitespire:Menacing+1","infinitespire:FutureSight+1","Shockwave+1","Seeing Red+1"],"relics":["Black Blood","White Beast Statue","Simple Rune","Gremlin Horn","Replay:Ringing Soul","Divine Protection","infinitespire:PuzzleCube","Red Mask","Kintsugi","Toxic Egg 2","Mirror","Prayer Wheel","Mark of the Bloom","BargainBundle","infinitespire:CheckeredPen"],"acts_visited":["Exordium","TheCity","TheBeyond","TheEnding"],"potions_floor_usage":[14,16,27,29,31,33,55,55,55],"damage_taken":[{"damage":13,"enemies":"Jaw Worm","floor":1,"turns":3},{"damage":5,"enemies":"Small Slimes","floor":3,"turns":3},{"damage":0,"enemies":"2 Louse","floor":7,"turns":3},{"damage":0,"enemies":"Gremlin Gang","floor":11,"turns":3},{"damage":2,"enemies":"Large Slime","floor":13,"turns":6},{"damage":5,"enemies":"Exordium Thugs","floor":14,"turns":3},{"damage":0,"enemies":"Slime Boss","floor":16,"turns":4},{"damage":10,"enemies":"Chosen","floor":18,"turns":3},{"damage":3,"enemies":"3 Byrds","floor":22,"turns":5},{"damage":0,"enemies":"Snake Plant","floor":24,"turns":1},{"damage":47,"enemies":"Slavers","floor":27,"turns":5},{"damage":11,"enemies":"Masked Bandits","floor":29,"turns":3},{"damage":0,"enemies":"Centurion and Healer","floor":31,"turns":2},{"damage":22,"enemies":"Champ","floor":33,"turns":6},{"damage":0,"enemies":"Orb Walker","floor":35,"turns":1},{"damage":0,"enemies":"3 Shapes","floor":37,"turns":2},{"damage":37,"enemies":"R_Hoarder","floor":41,"turns":7},{"damage":0,"enemies":"Sphere and 2 Shapes","floor":44,"turns":3},{"damage":0,"enemies":"Transient","floor":46,"turns":5},{"damage":7,"enemies":"Donu and Deca","floor":50,"turns":3},{"damage":0,"enemies":"Shield and Spear","floor":54,"turns":1},{"damage":19,"enemies":"The Heart","floor":55,"turns":3}],"seed_played":"-5265007086576494071","potions_obtained":[{"floor":1,"key":"FearPotion"},{"floor":3,"key":"Explosive Potion"},{"floor":7,"key":"BloodPotion"},{"floor":14,"key":"bronze:BurnAndBuffPotion"},{"floor":16,"key":"Reflective Coating"},{"floor":18,"key":"DuplicationPotion"},{"floor":24,"key":"BloodPotion"},{"floor":27,"key":"DuplicationPotion"},{"floor":29,"key":"ColorlessPotion"},{"floor":31,"key":"BlessingOfTheForge"},{"floor":33,"key":"ColorlessPotion"},{"floor":37,"key":"CultistPotion"}],"is_trial":false,"path_per_floor":["M","?","M","T","?","R","M","R","T","R","M","?","M","M","R","B",null,"M","?","$","T","M","R","M","$","T","E","R","?","?","M","R","B",null,"M","?","M","?","?","R","E","R","T","M","AVR","M","R","?","R","B",null,"R","$","E","B",null],"character_chosen":"IRONCLAD","items_purchased":["Replay:Ringing Soul","BargainBundle","Doom Potion","Shockwave+1"],"campfire_rested":0,"item_purchase_floors":[20,53,53,53],"current_hp_per_floor":[73,70,71,71,55,55,61,61,61,61,67,59,63,64,64,70,80,80,80,80,80,80,80,80,80,80,61,61,78,78,80,80,73,86,86,67,79,79,79,79,54,54,54,66,69,81,81,81,81,74,74,74,74,74,55],"gold":112,"neow_bonus":"ONE_RANDOM_RARE_CARD","is_daily":false,"chose_seed":false,"campfire_upgraded":11,"win_rate":0.0,"timestamp":1611802853,"path_taken":["M","?","M","?","?","R","M","R","T","R","?","?","?","M","R","BOSS","M","?","?","?","M","R","M","$","T","E","R","?","?","?","R","BOSS","M","?","M","?","?","R","E","R","T","?","AVR","M","R","?","R","BOSS","R","$","E","BOSS"],"items_purchased_type":["Relic","Relic","Potion","Card"],"build_version":"2020-12-22","purchased_purges":3,"victory":true,"max_hp_per_floor":[80,80,80,80,80,80,80,80,80,80,80,80,80,80,80,80,80,80,80,80,80,80,80,80,80,80,80,80,80,80,80,80,83,86,86,89,89,89,89,89,89,89,89,89,92,92,92,92,92,92,92,92,95,98,98],"card_choices":[{"not_picked":["Sword Boomerang","Wild Strike"],"picked":"Heavy Blade","floor":1},{"not_picked":["ReplayTheSpireMod:Corrosion Curse","Havoc"],"picked":"infinitespire:OneForAll","floor":3},{"not_picked":["Blood for Blood","Run Through"],"picked":"infinitespire:OneForAll","floor":7},{"not_picked":["Rampage","Rage","Run Through"],"picked":"SKIP","floor":11},{"not_picked":["Power Through","Headbutt","ReplayTheSpireMod:Limb From Limb"],"picked":"SKIP","floor":13},{"not_picked":["ReplayTheSpireMod:Limb From Limb","Havoc","Life Link"],"picked":"SKIP","floor":14},{"not_picked":["Berserk","Feed"],"picked":"Offering","floor":16},{"not_picked":["Body Slam+1","Pummel","Metallicize+1"],"picked":"SKIP","floor":18},{"not_picked":["Sword Boomerang","Uppercut","ReplayTheSpireMod:Stacked"],"picked":"SKIP","floor":22},{"not_picked":["Burning Pact+1","Anger+1","Shrug It Off"],"picked":"SKIP","floor":24},{"not_picked":["Sentinel","Dark Embrace","Spot Weakness+1"],"picked":"SKIP","floor":27},{"not_picked":["Wild Strike","Armaments","ReplayTheSpireMod:Limb From Limb+1"],"picked":"SKIP","floor":31},{"not_picked":["Hemogenesis","Immolate"],"picked":"Double Tap","floor":33},{"not_picked":["ReplayTheSpireMod:Strike From Hell+1","Burning Pact+1","Headbutt"],"picked":"SKIP","floor":35},{"not_picked":["infinitespire:SealOfDarkness+","infinitespire:TheBestDefense"],"picked":"infinitespire:Menacing","floor":36},{"not_picked":["Flex","Sentinel+1","Hemokinesis+1"],"picked":"SKIP","floor":37},{"not_picked":["Hemokinesis","Warcry+1","Shrug It Off+1"],"picked":"SKIP","floor":41},{"not_picked":["Warcry+1","Immolate","ReplayTheSpireMod:Stacked+1"],"picked":"SKIP","floor":44},{"not_picked":["Sword Boomerang+1","Body Slam+1","Run Through+1"],"picked":"SKIP","floor":46},{"not_picked":["Havoc+1","Shockwave+1","Rupture"],"picked":"SKIP","floor":46},{"not_picked":["Havoc+1","Thunderclap"],"picked":"Seeing Red+1","floor":54}],"player_experience":30281,"relics_obtained":[{"floor":4,"key":"Simple Rune"},{"floor":9,"key":"Gremlin Horn"},{"floor":21,"key":"Divine Protection"},{"floor":27,"key":"infinitespire:PuzzleCube"},{"floor":29,"key":"Red Mask"},{"floor":41,"key":"Toxic Egg 2"},{"floor":43,"key":"Mirror"},{"floor":54,"key":"infinitespire:CheckeredPen"}],"event_choices":[{"damage_healed":0,"gold_gain":0,"player_choice":"Success","damage_taken":3,"relics_obtained":["White Beast Statue"],"max_hp_gain":0,"max_hp_loss":0,"event_name":"Scrap Ooze","floor":2,"gold_loss":0},{"damage_healed":0,"gold_gain":0,"player_choice":"Entered Light","damage_taken":16,"max_hp_gain":0,"max_hp_loss":0,"event_name":"Shining Light","floor":5,"gold_loss":0,"cards_upgraded":["Defend_R","Bash"]},{"damage_healed":0,"gold_gain":0,"player_choice":"Damaged","damage_taken":8,"max_hp_gain":0,"max_hp_loss":0,"event_name":"Wheel of Change","floor":12,"gold_loss":0},{"damage_healed":0,"gold_gain":0,"player_choice":"Ignored","damage_taken":0,"max_hp_gain":0,"max_hp_loss":0,"event_name":"NoteForYourself","floor":19,"gold_loss":0},{"damage_healed":0,"gold_gain":0,"player_choice":"Fought Bandits","damage_taken":0,"max_hp_gain":0,"max_hp_loss":0,"event_name":"Masked Bandits","floor":29,"gold_loss":0},{"damage_healed":0,"gold_gain":0,"player_choice":"Simplicity","damage_taken":0,"max_hp_gain":0,"max_hp_loss":0,"event_name":"Back to Basics","floor":30,"gold_loss":0,"cards_upgraded":["Strike_R","Strike_R","Strike_R","Strike_R","Defend_R","Defend_R","Defend_R","Defend_R"]},{"cards_removed":["Defend_R"],"damage_healed":0,"gold_gain":0,"player_choice":"Removed Skill","damage_taken":0,"max_hp_gain":0,"max_hp_loss":0,"event_name":"Falling","floor":38,"gold_loss":0},{"cards_removed":["Writhe"],"damage_healed":0,"gold_gain":0,"player_choice":"Purged","damage_taken":0,"max_hp_gain":0,"max_hp_loss":0,"event_name":"Purifier","floor":39,"gold_loss":0},{"damage_healed":0,"gold_gain":0,"player_choice":"Upgrade","damage_taken":0,"relics_obtained":["Mark of the Bloom"],"max_hp_gain":0,"max_hp_loss":0,"event_name":"MindBloom","floor":48,"gold_loss":0,"cards_upgraded":["Strike_R","Strike_R","Strike_R","Defend_R","infinitespire:OneForAll","infinitespire:OneForAll","Offering"]}],"is_beta":false,"boss_relics":[{"not_picked":["infinitespire:Burning Sword","ChewingGum"],"picked":"Black Blood"},{"not_picked":["Replay:Wanted Poster","Runic Dome"],"picked":"Kintsugi"}],"items_purged_floors":[25,45,53],"is_endless":false,"potions_floor_spawned":[1,3,7,11,13,14,16,18,22,24,27,29,31,33,35,37,41,44,46,54],"ascension_level":0}}