{"host":"jbw470l122a0du6q","time":1611867119,"event":{"mods":["BaseMod","Better Altar","Better Match","Better Note","Better Sensory Stone","Better Skull","Better Third Choice","Dark Map","Downfall","Duelist Mod","GifTheSpireLib","Hermit","MarisaÅiñ∂âJÅ@ñÇóùçπÅj","Minty Spire (QoL Compilation)","StSLib","The Construct","The Cursed","The Disciple","The Marked","The Runesmith","The Servant 0.9.4"],"gold_per_floor":[136,146,146,162,337,262,292,305,352,352,352],"floor_reached":10,"language":"ENG","playtime":3668,"items_purged":["Pain"],"score":61,"play_id":"ae00e417-6206-41d4-9f1f-9f5ddbaf7c9a","local_time":"20210128155159","is_ascension_mode":true,"campfire_choices":[],"circlet_count":0,"master_deck":["theDuelist:CastleWalls","theDuelist:CastleWalls","theDuelist:DarkMagician","theDuelist:MysticalElf","theDuelist:MysticalElf","theDuelist:NeoMagic","theDuelist:NeoMagic","theDuelist:Sparks","theDuelist:Sparks","theDuelist:Sparks","theDuelist:RainbowMagician","theDuelist:Yami","theDuelist:LegendaryExodia","Doubt","theDuelist:DestructPotion"],"relics":["theDuelist:CardPoolRelic","theDuelist:CardPoolBasicRelic","theDuelist:BoosterPackPoolRelic","theDuelist:CardPoolAddRelic","theDuelist:CardPoolMinusRelic","theDuelist:CardPoolSaveRelic","theDuelist:CardPoolOptionsRelic","theDuelist:HauntedRelic","WarpedTongs","Blood Vial"],"acts_visited":["Exordium"],"potions_floor_usage":[],"damage_taken":[{"damage":0.0,"enemies":"Cultist","floor":1.0,"turns":3.0},{"damage":2.0,"enemies":"Jaw Worm","floor":2.0,"turns":4.0},{"damage":4.0,"enemies":"2 Louse","floor":4.0,"turns":2.0},{"damage":0.0,"enemies":"Exordium Wildlife","floor":8.0,"turns":3.0},{"damage":0,"enemies":"3 Sentries","floor":10,"turns":1}],"seed_played":"4110118361778575535","potions_obtained":[{"floor":1.0,"key":"Fire Potion"}],"is_trial":false,"path_per_floor":["M","M","?","M","?","$","?","M","T","E"],"character_chosen":"THE_DUELIST","items_purchased":[],"campfire_rested":0,"item_purchase_floors":[],"current_hp_per_floor":[80,78,78,74,74,74,74,74,74,76,76],"gold":352,"neow_bonus":"BOSS_RELIC","is_daily":false,"chose_seed":false,"campfire_upgraded":0,"win_rate":0.0,"timestamp":1611867119,"path_taken":["M","M","?","?","?","$","?","M","T","E"],"items_purchased_type":[],"build_version":"2020-12-22","purchased_purges":1,"victory":false,"max_hp_per_floor":[80,80,80,80,80,80,80,80,80,80,80],"card_choices":[{"not_picked":["theDuelist:CircleFireKings","theDuelist:SilentDoom","theDuelist:InjectionFairy","theDuelist:DarkMagicianGirl"],"picked":"theDuelist:RainbowMagician","floor":1.0},{"not_picked":["theDuelist:MagicalBlast","theDuelist:BookSecret","theDuelist:MagiciansRod","theDuelist:PowerKaishin"],"picked":"theDuelist:Yami","floor":2.0},{"not_picked":["theDuelist:SpellShatteringArrow","theDuelist:BlueDragonSummoner","theDuelist:BlizzardWarrior","theDuelist:FairyBox"],"picked":"theDuelist:LegendaryExodia","floor":4.0},{"not_picked":["theDuelist:CharcoalInpachi","theDuelist:SilentDoom+1","theDuelist:ApprenticeIllusionMagician","theDuelist:Cloning"],"picked":"theDuelist:DestructPotion","floor":8.0}],"player_experience":54069,"relics_obtained":[{"floor":9.0,"key":"Blood Vial"}],"event_choices":[{"damage_healed":0.0,"max_hp_gain":0.0,"max_hp_loss":0.0,"gold_gain":0.0,"event_name":"Accursed Blacksmith","player_choice":"Rummage","floor":3.0,"gold_loss":0.0,"damage_taken":0.0,"relics_obtained":["WarpedTongs"],"cards_obtained":["Pain"]},{"damage_healed":0.0,"max_hp_gain":0.0,"max_hp_loss":0.0,"gold_gain":175.0,"event_name":"betterThird:BetterSerpent","player_choice":"AGREE","floor":5.0,"gold_loss":0.0,"damage_taken":162.0},{"damage_healed":0.0,"max_hp_gain":0.0,"max_hp_loss":0.0,"gold_gain":30.0,"event_name":"Dead Adventurer","player_choice":"Searched \u00272\u0027 times","floor":7.0,"gold_loss":0.0,"damage_taken":0.0}],"is_beta":false,"boss_relics":[],"items_purged_floors":[6],"is_endless":false,"potions_floor_spawned":[1],"killed_by":"3 Sentries","ascension_level":1}}