{"host":"zk71suw73lg2r165","time":1611861441,"event":{"mods":["BaseMod","Colored Map","Minty Spire (QoL Compilation)","Permanent Neow","Relic Stats","StSLib"],"gold_per_floor":[114,132,149,149,149,180,180,191,214,225,225,245,276,24,24,24,24],"floor_reached":16,"language":"ENG","playtime":488,"items_purged":["Strike_B"],"score":224,"play_id":"bfe84494-b221-47f9-9fc0-f7a76bbfd5fe","local_time":"20210128141721","is_ascension_mode":true,"campfire_choices":[{"floor":7,"key":"REST"},{"data":"Zap","floor":11,"key":"SMITH"},{"floor":15,"key":"REST"}],"circlet_count":0,"master_deck":["AscendersBane","Strike_B","Strike_B","Strike_B","Defend_B","Defend_B","Defend_B","Defend_B","Zap+1","Dualcast","Go for the Eyes","Ball Lightning","Compile Driver","Reinforced Body","Leap","Thunder Strike","Coolheaded","Turbo","Ball Lightning","Core Surge"],"relics":["Inserter","Ancient Tea Set","Nunchaku","Orichalcum"],"acts_visited":["Exordium"],"potions_floor_usage":[10,10,10,12,13,16],"damage_taken":[{"damage":4.0,"enemies":"2 Louse","floor":1.0,"turns":5.0},{"damage":4.0,"enemies":"Small Slimes","floor":2.0,"turns":4.0},{"damage":0.0,"enemies":"Cultist","floor":3.0,"turns":3.0},{"damage":39,"enemies":"Gremlin Nob","floor":6,"turns":4},{"damage":0,"enemies":"Red Slaver","floor":8,"turns":5},{"damage":5,"enemies":"Exordium Wildlife","floor":10,"turns":2},{"damage":7,"enemies":"Lots of Slimes","floor":12,"turns":5},{"damage":22,"enemies":"3 Sentries","floor":13,"turns":9},{"damage":40,"enemies":"Slime Boss","floor":16,"turns":5}],"seed_played":"-1782077557692998871","potions_obtained":[{"floor":6,"key":"LiquidMemories"},{"floor":8,"key":"EntropicBrew"},{"floor":10,"key":"PowerPotion"},{"floor":13,"key":"GamblersBrew"}],"is_trial":false,"path_per_floor":["M","M","M","?","?","E","R","M","T","M","R","M","E","$","R","B"],"character_chosen":"DEFECT","items_purchased":["Core Surge"],"campfire_rested":2,"item_purchase_floors":[14],"current_hp_per_floor":[60,56,56,61,61,22,44,44,44,39,39,32,10,10,32,0,0],"gold":24,"neow_bonus":"BOSS_RELIC","is_daily":false,"chose_seed":false,"campfire_upgraded":1,"win_rate":0.0,"timestamp":1611861441,"path_taken":["M","M","M","?","?","E","R","?","T","M","R","M","E","?","R","BOSS"],"items_purchased_type":["Card"],"build_version":"2020-12-22","purchased_purges":1,"victory":false,"max_hp_per_floor":[71,71,71,76,76,76,76,76,76,76,76,76,76,76,76,76,76],"relic_stats":{"Nunchaku":[3],"Inserter":[21],"counters":[9,42],"Orichalcum":[12],"obtain_stats":[{"Nunchaku":9,"Inserter":0,"Orichalcum":13,"Cracked Core":0,"Ancient Tea Set":6},{"Nunchaku":5,"Inserter":0,"Orichalcum":8,"Cracked Core":0,"Ancient Tea Set":4},{"Nunchaku":21,"Inserter":0,"Orichalcum":37,"Cracked Core":0,"Ancient Tea Set":16}]},"card_choices":[{"not_picked":["Gash","Stack"],"picked":"Go for the Eyes","floor":1.0},{"not_picked":["Reinforced Body","Redo"],"picked":"Ball Lightning","floor":2.0},{"not_picked":["Skim","Gash"],"picked":"Compile Driver","floor":3.0},{"not_picked":["Auto Shields","Heatsinks"],"picked":"Leap","floor":6},{"not_picked":["Redo","Gash"],"picked":"Thunder Strike","floor":8},{"not_picked":["Turbo","FTL"],"picked":"Coolheaded","floor":10},{"not_picked":["Go for the Eyes","Reprogram"],"picked":"Turbo","floor":12},{"not_picked":["Redo","Beam Cell"],"picked":"Ball Lightning","floor":13}],"player_experience":1399224,"relics_obtained":[{"floor":6,"key":"Ancient Tea Set"},{"floor":9,"key":"Nunchaku"},{"floor":13,"key":"Orichalcum"}],"event_choices":[{"damage_healed":0.0,"max_hp_gain":5.0,"max_hp_loss":0.0,"gold_gain":0.0,"event_name":"Big Fish","player_choice":"Donut","floor":4.0,"gold_loss":0.0,"damage_taken":0.0},{"damage_healed":0,"gold_gain":0,"player_choice":"1 cards matched","damage_taken":0,"max_hp_gain":0,"max_hp_loss":0,"event_name":"Match and Keep!","floor":5,"gold_loss":0,"cards_obtained":["Reinforced Body"]}],"is_beta":false,"boss_relics":[],"items_purged_floors":[14],"is_endless":false,"potions_floor_spawned":[6,8,10,13],"killed_by":"Slime Boss","ascension_level":20}}