{"host":"y3h3n3f7seyagppx","time":1611866979,"event":{"mods":["AlwaysNeverKeys","BaseMod","Better Vampires","Colored Powertips","DeckTracker","Emptier Cage","Minty Spire (QoL Compilation)","Permanent Neow","Quick Restart","Rare Cards Sparkle","Relic Sorter","Relic Stats","StSLib","Transform Curses"],"gold_per_floor":[111,127,127,146,146,178,178,206,231,262,278,50,50,50],"floor_reached":13,"language":"ENG","playtime":18696,"items_purged":[],"score":206,"play_id":"d263e59d-be3e-4ee6-a210-60fc922dadba","local_time":"20210128154939","is_ascension_mode":true,"campfire_choices":[{"data":"Bash","floor":7.0,"key":"SMITH"}],"circlet_count":0,"master_deck":["AscendersBane","Strike_R","Strike_R","Strike_R","Strike_R","Strike_R","Defend_R","Defend_R","Defend_R","Defend_R","Bash+1","Clothesline","Pommel Strike","Shrug It Off","Offering"],"relics":["Burning Blood","WingedGreaves","Art of War","Anchor","Tiny Chest","TungstenRod","Toolbox"],"acts_visited":["Exordium"],"potions_floor_usage":[8,13,13],"damage_taken":[{"damage":5.0,"enemies":"Small Slimes","floor":1.0,"turns":5.0},{"damage":4.0,"enemies":"Cultist","floor":2.0,"turns":4.0},{"damage":4.0,"enemies":"2 Louse","floor":4.0,"turns":4.0},{"damage":25.0,"enemies":"3 Sentries","floor":6.0,"turns":8.0},{"damage":23,"enemies":"Lagavulin","floor":8,"turns":6},{"damage":32,"enemies":"Gremlin Nob","floor":10,"turns":4},{"damage":8,"enemies":"Blue Slaver","floor":11,"turns":5},{"damage":10,"enemies":"3 Sentries","floor":13,"turns":9}],"seed_played":"-1790230566237621374","potions_obtained":[{"floor":4.0,"key":"DistilledChaos"},{"floor":6.0,"key":"AttackPotion"},{"floor":8,"key":"EssenceOfSteel"}],"is_trial":false,"path_per_floor":["M","M","?","M","?","E","R","E","T","E","M","$","E"],"character_chosen":"IRONCLAD","items_purchased":["Toolbox","Block Potion"],"campfire_rested":0,"item_purchase_floors":[12,12],"current_hp_per_floor":[68,68,73,73,73,54,54,37,37,11,9,9,0,0],"gold":50,"neow_bonus":"ONE_RARE_RELIC","is_daily":false,"chose_seed":false,"campfire_upgraded":1,"win_rate":0.0,"timestamp":1611866979,"path_taken":["M","M","?","M","?","E","R","E","T","E","M","$","E"],"items_purchased_type":["Relic","Potion"],"build_version":"2020-12-22","purchased_purges":0,"victory":false,"max_hp_per_floor":[68,68,73,73,73,73,73,73,73,73,73,73,73,73],"relic_stats":{"counters":[8,45],"Tiny Chest":0,"Art of War":[2],"obtain_stats":[{"Anchor":8,"Toolbox":12,"Tiny Chest":9,"WingedGreaves":0,"Art of War":6,"Burning Blood":0,"TungstenRod":10},{"Anchor":5,"Toolbox":7,"Tiny Chest":5,"WingedGreaves":0,"Art of War":4,"Burning Blood":0,"TungstenRod":6},{"Anchor":27,"Toolbox":36,"Tiny Chest":27,"WingedGreaves":0,"Art of War":21,"Burning Blood":0,"TungstenRod":31}],"Burning Blood":37,"TungstenRod":6},"card_choices":[{"not_picked":["Sword Boomerang","Blood for Blood"],"picked":"Clothesline","floor":1.0},{"not_picked":["Sword Boomerang","Burning Pact","Clothesline"],"picked":"SKIP","floor":2.0},{"not_picked":["Shockwave","Searing Blow"],"picked":"Pommel Strike","floor":4.0},{"not_picked":["Fire Breathing","True Grit"],"picked":"Shrug It Off","floor":6.0},{"not_picked":["True Grit","Pummel","Disarm"],"picked":"SKIP","floor":8},{"not_picked":["Second Wind","Twin Strike"],"picked":"Offering","floor":10},{"not_picked":["Pommel Strike","Perfected Strike","Heavy Blade"],"picked":"SKIP","floor":11}],"player_experience":21706392,"relics_obtained":[{"floor":6.0,"key":"Art of War"},{"floor":8,"key":"Anchor"},{"floor":9,"key":"Tiny Chest"},{"floor":10,"key":"TungstenRod"}],"event_choices":[{"damage_healed":0.0,"max_hp_gain":5.0,"max_hp_loss":0.0,"gold_gain":0.0,"event_name":"Big Fish","player_choice":"Donut","floor":3.0,"gold_loss":0.0,"damage_taken":0.0},{"damage_healed":0.0,"max_hp_gain":0.0,"max_hp_loss":0.0,"gold_gain":0.0,"event_name":"Liars Game","player_choice":"Ignored","floor":5.0,"gold_loss":0.0,"damage_taken":0.0}],"is_beta":false,"boss_relics":[],"items_purged_floors":[],"is_endless":false,"potions_floor_spawned":[4,6,8],"killed_by":"3 Sentries","ascension_level":20}}