{"host":"2smcgt1ki1qcud40","time":1611832786,"event":{"mods":["BaseMod","Minty Spire (QoL Compilation)"],"gold_per_floor":[110,260,273,283,283,283,303,303,303,333,39,69,69,84,84,158,158,175,188,188,188,205,236,236,236],"floor_reached":24,"language":"ENG","playtime":1029,"items_purged":[],"score":407,"play_id":"56202d02-5075-4b1d-b2f0-d1da0b5cd3df","local_time":"20210128121946","is_ascension_mode":true,"campfire_choices":[{"data":"Dagger Throw","floor":6.0,"key":"SMITH"},{"data":"All Out Attack","floor":8.0,"key":"SMITH"},{"data":"Apotheosis","floor":13,"key":"SMITH"},{"data":"Deadly Poison","floor":15,"key":"SMITH"}],"circlet_count":0,"master_deck":["AscendersBane","Survivor","Neutralize","Bane","Doubt","Slice","Dagger Throw+1","All Out Attack+1","PiercingWail","Apotheosis+1","Envenom","Deadly Poison+1","Escape Plan+1","Corpse Explosion","Grand Finale","Wraith Form v2","Accuracy","Endless Agony","A Thousand Cuts","Noxious Fumes","Choke","Phantasmal Killer","Predator","Well Laid Plans","Crippling Poison+1","Wraith Form v2","Cloak And Dagger+1"],"relics":["Ring of the Snake","NeowsBlessing","Dead Branch","Question Card","Bronze Scales","Snake Skull","Pandora\u0027s Box","War Paint"],"acts_visited":["Exordium","TheCity"],"potions_floor_usage":[10,12,18,22],"damage_taken":[{"damage":0.0,"enemies":"Jaw Worm","floor":1.0,"turns":1.0},{"damage":0.0,"enemies":"Small Slimes","floor":3.0,"turns":1.0},{"damage":0.0,"enemies":"Cultist","floor":4.0,"turns":1.0},{"damage":0.0,"enemies":"Large Slime","floor":7.0,"turns":5.0},{"damage":8,"enemies":"Gremlin Nob","floor":10,"turns":3},{"damage":13,"enemies":"Lagavulin","floor":12,"turns":7},{"damage":7,"enemies":"2 Fungi Beasts","floor":14,"turns":3},{"damage":8,"enemies":"The Guardian","floor":16,"turns":11},{"damage":5,"enemies":"Spheric Guardian","floor":18,"turns":5},{"damage":0,"enemies":"Chosen","floor":19,"turns":3},{"damage":14,"enemies":"Centurion and Healer","floor":22,"turns":5},{"damage":37,"enemies":"Gremlin Leader","floor":23,"turns":4},{"damage":34,"enemies":"Snecko","floor":24,"turns":3}],"seed_played":"-6646143825823672170","potions_obtained":[{"floor":3.0,"key":"Weak Potion"},{"floor":4.0,"key":"DistilledChaos"},{"floor":10,"key":"GhostInAJar"},{"floor":16,"key":"Regen Potion"},{"floor":18,"key":"FearPotion"}],"is_trial":false,"path_per_floor":["M","?","M","M","?","R","M","R","T","E","$","E","R","M","R","B",null,"M","M","?","?","M","E","M"],"character_chosen":"THE_SILENT","items_purchased":["Apotheosis","Envenom"],"campfire_rested":0,"item_purchase_floors":[11,11],"current_hp_per_floor":[59,59,59,59,48,48,48,48,48,40,40,27,27,20,20,12,53,48,48,48,48,48,11,0,0],"gold":236,"neow_bonus":"THREE_ENEMY_KILL","is_daily":false,"chose_seed":false,"campfire_upgraded":4,"win_rate":0.0,"timestamp":1611832786,"path_taken":["M","?","M","M","?","R","M","R","T","E","?","E","R","M","R","BOSS","M","M","?","?","?","E","M"],"items_purchased_type":["Card","Card"],"build_version":"2020-12-22","purchased_purges":0,"victory":false,"max_hp_per_floor":[66,66,66,66,66,66,66,66,66,66,66,66,66,66,66,66,66,66,66,66,66,66,66,66,66],"card_choices":[{"not_picked":["Backflip","Backstab"],"picked":"Bane","floor":1.0},{"not_picked":["Outmaneuver","Bane"],"picked":"Slice","floor":3.0},{"not_picked":["Sucker Punch","Backflip"],"picked":"Dagger Throw","floor":4.0},{"not_picked":["Flechettes","Choke"],"picked":"All Out Attack","floor":7.0},{"not_picked":["Bane","Infinite Blades","Well Laid Plans"],"picked":"PiercingWail","floor":10},{"not_picked":["Bane","Underhanded Strike","Blur"],"picked":"Deadly Poison","floor":12},{"not_picked":["Poisoned Stab","Finisher","Accuracy"],"picked":"Escape Plan","floor":14},{"not_picked":["Adrenaline","A Thousand Cuts","Grand Finale"],"picked":"Corpse Explosion","floor":16},{"not_picked":["Flying Knee","Acrobatics","Backflip"],"picked":"Well Laid Plans","floor":18},{"not_picked":["Outmaneuver","Setup","Poisoned Stab"],"picked":"Crippling Poison","floor":19},{"not_picked":["Choke","Skewer","Prepared"],"picked":"Cloak And Dagger+1","floor":22},{"not_picked":["Outmaneuver","Glass Knife","Reflex","Setup"],"picked":"SKIP","floor":23}],"player_experience":695761,"relics_obtained":[{"floor":9.0,"key":"Question Card"},{"floor":10,"key":"Bronze Scales"},{"floor":12,"key":"Snake Skull"},{"floor":23,"key":"War Paint"}],"event_choices":[{"damage_healed":0.0,"max_hp_gain":0.0,"max_hp_loss":0.0,"gold_gain":150.0,"event_name":"Liars Game","player_choice":"AGREE","floor":2.0,"gold_loss":0.0,"damage_taken":0.0,"cards_obtained":["Doubt"]},{"damage_healed":0.0,"max_hp_gain":0.0,"max_hp_loss":0.0,"gold_gain":0.0,"event_name":"Scrap Ooze","player_choice":"Success","floor":5.0,"gold_loss":0.0,"damage_taken":11.0,"relics_obtained":["Dead Branch"]},{"damage_healed":0,"gold_gain":0,"player_choice":"Ignored","damage_taken":0,"max_hp_gain":0,"max_hp_loss":0,"event_name":"Vampires","floor":20,"gold_loss":0},{"damage_healed":0,"gold_gain":0,"cards_transformed":["Quick Slash"],"player_choice":"Transformed","damage_taken":0,"max_hp_gain":0,"max_hp_loss":0,"event_name":"Transmorgrifier","floor":21,"gold_loss":0,"cards_obtained":["Wraith Form v2"]}],"is_beta":false,"boss_relics":[{"not_picked":["Philosopher\u0027s Stone","Sozu"],"picked":"Pandora\u0027s Box"}],"items_purged_floors":[],"is_endless":false,"potions_floor_spawned":[3,4,10,16,18],"killed_by":"Snecko","ascension_level":16}}