{"host":"qc8p2flj7wsy3zpg","time":1611871107,"event":{"mods":["BaseMod","Highlight Path","Minty Spire (QoL Compilation)","Monster List Patch","Relic Stats","StSLib"],"gold_per_floor":[111,121,135,135,135,211,146,184,184,202,202,202,220,259,259,355,355,376,47,65,65,65,65,85,120,120,120,154,154,179,179,179,179,179],"floor_reached":33,"language":"ENG","playtime":1149,"items_purged":[],"score":642,"play_id":"8cdb131a-0898-47d0-948f-13f0254a6c15","local_time":"20210128155827","is_ascension_mode":true,"campfire_choices":[{"floor":12,"key":"REST"},{"data":"Bash","floor":15,"key":"SMITH"},{"floor":23,"key":"REST"},{"floor":27,"key":"REST"},{"data":"Spot Weakness","floor":29,"key":"SMITH"},{"data":"Uppercut","floor":32,"key":"SMITH"}],"circlet_count":0,"master_deck":["AscendersBane","Strike_R","Strike_R","Strike_R","Strike_R","Strike_R","Defend_R","Defend_R","Defend_R","Defend_R","Bash+1","Spot Weakness+1","Blood for Blood","Anger","Headbutt","Sword Boomerang","Parasite","Thunderclap","Immolate","Fiend Fire","Uppercut+1","Feel No Pain","Twin Strike","RitualDagger","Feel No Pain","Pummel","Heavy Blade","Flame Barrier"],"relics":["SlaversCollar","Bloody Idol","PreservedInsect","Pantograph","Ancient Tea Set","InkBottle","Velvet Choker","Meat on the Bone","Mummified Hand","WingedGreaves","Lantern","Blue Candle","Enchiridion"],"acts_visited":["Exordium","TheCity"],"potions_floor_usage":[6,6,16,24,25,30,33,33],"damage_taken":[{"damage":18,"enemies":"Small Slimes","floor":1,"turns":5},{"damage":4,"enemies":"2 Louse","floor":2,"turns":3},{"damage":4,"enemies":"Jaw Worm","floor":3,"turns":5},{"damage":15,"enemies":"3 Sentries","floor":6,"turns":5},{"damage":8,"enemies":"Gremlin Nob","floor":8,"turns":3},{"damage":13,"enemies":"Large Slime","floor":10,"turns":7},{"damage":6,"enemies":"Looter","floor":13,"turns":2},{"damage":10,"enemies":"Lagavulin","floor":14,"turns":4},{"damage":22,"enemies":"Slime Boss","floor":16,"turns":7},{"damage":24,"enemies":"3 Byrds","floor":18,"turns":3},{"damage":32,"enemies":"Chosen","floor":20,"turns":4},{"damage":19,"enemies":"Snake Plant","floor":24,"turns":2},{"damage":19,"enemies":"Gremlin Leader","floor":25,"turns":6},{"damage":25,"enemies":"Slavers","floor":28,"turns":4},{"damage":15,"enemies":"Gremlin Leader","floor":30,"turns":8},{"damage":51,"enemies":"Champ","floor":33,"turns":9}],"seed_played":"2865538940897499011","potions_obtained":[{"floor":2,"key":"ColorlessPotion"},{"floor":3,"key":"Fire Potion"},{"floor":10,"key":"Dexterity Potion"},{"floor":13,"key":"Fruit Juice"},{"floor":16,"key":"FearPotion"},{"floor":25,"key":"LiquidBronze"},{"floor":28,"key":"ColorlessPotion"},{"floor":30,"key":"LiquidMemories"}],"is_trial":false,"path_per_floor":["M","M","M","?","?","E","?","E","T","M","?","R","M","E","R","B",null,"M","$","M","?","?","R","M","E","T","R","E","R","E","?","R","B"],"character_chosen":"IRONCLAD","items_purchased":["Meat on the Bone","Feel No Pain"],"campfire_rested":3,"item_purchase_floors":[19,19],"current_hp_per_floor":[50,46,42,42,42,27,27,19,19,6,23,43,37,27,27,35,64,40,40,20,14,14,35,33,31,31,52,44,44,46,25,25,0,0],"gold":179,"neow_bonus":"BOSS_RELIC","is_daily":false,"chose_seed":false,"campfire_upgraded":3,"win_rate":0.0,"timestamp":1611871107,"path_taken":["M","M","M","?","?","E","?","E","T","M","?","R","M","E","R","BOSS","M","$","M","?","?","R","M","E","T","R","E","R","E","?","R","BOSS"],"items_purchased_type":["Relic","Card"],"build_version":"2020-12-22","purchased_purges":0,"victory":false,"max_hp_per_floor":[75,75,75,68,68,68,68,68,68,68,68,68,68,68,68,73,73,73,73,73,73,73,73,73,73,73,73,73,73,73,73,73,73,73],"relic_stats":{"counters":[16,77],"Mummified Hand":[7],"Bloody Idol":20,"Pantograph":50,"Blue Candle":[1],"PreservedInsect":188,"obtain_stats":[{"Lantern":28,"Golden Idol":4,"Blue Candle":30,"Velvet Choker":17,"Enchiridion":31,"PreservedInsect":6,"Ancient Tea Set":9,"Burning Blood":0,"SlaversCollar":0,"Mummified Hand":25,"Pantograph":8,"Bloody Idol":22,"WingedGreaves":26,"InkBottle":14,"Meat on the Bone":19},{"Lantern":14,"Golden Idol":3,"Blue Candle":15,"Velvet Choker":9,"Enchiridion":15,"PreservedInsect":4,"Ancient Tea Set":5,"Burning Blood":0,"SlaversCollar":0,"Mummified Hand":13,"Pantograph":5,"Bloody Idol":11,"WingedGreaves":13,"InkBottle":8,"Meat on the Bone":10},{"Lantern":60,"Golden Idol":13,"Blue Candle":68,"Velvet Choker":41,"Enchiridion":68,"PreservedInsect":18,"Ancient Tea Set":21,"Burning Blood":0,"SlaversCollar":0,"Mummified Hand":56,"Pantograph":21,"Bloody Idol":48,"WingedGreaves":56,"InkBottle":34,"Meat on the Bone":44}],"InkBottle":[13],"Meat on the Bone":60},"card_choices":[{"not_picked":["Heavy Blade","Flame Barrier"],"picked":"Spot Weakness","floor":1},{"not_picked":["Armaments","Havoc"],"picked":"Blood for Blood","floor":2},{"not_picked":["Intimidate","True Grit"],"picked":"Anger","floor":3},{"not_picked":["Body Slam","Combust"],"picked":"Headbutt","floor":8},{"not_picked":["Dark Embrace","Pommel Strike"],"picked":"Sword Boomerang","floor":10},{"not_picked":["Entrench","Sentinel"],"picked":"Thunderclap","floor":13},{"not_picked":["Searing Blow","Brutality"],"picked":"Immolate","floor":14},{"not_picked":["Immolate","Barricade"],"picked":"Fiend Fire","floor":16},{"not_picked":["Clash","Blood for Blood"],"picked":"Uppercut","floor":18},{"not_picked":["Warcry","Wild Strike"],"picked":"Twin Strike","floor":20},{"not_picked":["Sword Boomerang+1","Dark Embrace"],"picked":"Feel No Pain","floor":24},{"not_picked":["Havoc","Dual Wield"],"picked":"Pummel","floor":25},{"not_picked":["Havoc","Body Slam"],"picked":"Heavy Blade","floor":28},{"not_picked":["Body Slam","Battle Trance"],"picked":"Flame Barrier","floor":30}],"player_experience":2289964,"relics_obtained":[{"floor":6,"key":"PreservedInsect"},{"floor":8,"key":"Pantograph"},{"floor":9,"key":"Ancient Tea Set"},{"floor":14,"key":"InkBottle"},{"floor":25,"key":"Mummified Hand"},{"floor":26,"key":"WingedGreaves"},{"floor":28,"key":"Lantern"},{"floor":30,"key":"Blue Candle"},{"floor":31,"key":"Enchiridion"}],"event_choices":[{"damage_healed":0,"gold_gain":0,"player_choice":"Lose Max HP","damage_taken":0,"relics_obtained":["Golden Idol"],"max_hp_gain":0,"max_hp_loss":7,"event_name":"Golden Idol","floor":4,"gold_loss":0},{"damage_healed":0,"gold_gain":0,"player_choice":"Ignored","damage_taken":0,"max_hp_gain":0,"max_hp_loss":0,"event_name":"Liars Game","floor":5,"gold_loss":0},{"damage_healed":0,"gold_gain":0,"player_choice":"Left Gold","damage_taken":0,"max_hp_gain":0,"max_hp_loss":0,"event_name":"World of Goop","floor":7,"gold_loss":65},{"damage_healed":17,"gold_gain":0,"player_choice":"Healed and dodged fight","damage_taken":0,"max_hp_gain":0,"max_hp_loss":0,"event_name":"Mushrooms","floor":11,"gold_loss":0,"cards_obtained":["Parasite"]},{"damage_healed":0,"gold_gain":0,"player_choice":"Joined the Cult","damage_taken":6,"max_hp_gain":0,"max_hp_loss":0,"event_name":"Nest","floor":21,"gold_loss":0,"cards_obtained":["RitualDagger"]},{"damage_healed":0,"gold_gain":0,"player_choice":"Gave Idol","damage_taken":0,"relics_obtained":["Bloody Idol"],"max_hp_gain":0,"max_hp_loss":0,"event_name":"Forgotten Altar","floor":22,"relics_lost":["Golden Idol"],"gold_loss":0},{"damage_healed":0,"gold_gain":0,"player_choice":"Obtained Book","damage_taken":21,"max_hp_gain":0,"max_hp_loss":0,"event_name":"Cursed Tome","floor":31,"gold_loss":0}],"is_beta":false,"boss_relics":[{"not_picked":["Pandora\u0027s Box","Busted Crown"],"picked":"Velvet Choker"}],"items_purged_floors":[],"is_endless":false,"potions_floor_spawned":[2,3,10,13,16,25,28,30],"killed_by":"Champ","ascension_level":20}}