{"host":"6bsan6hkua32tfq7","time":1611871505,"event":{"mods":["BaseMod","Better Third Choice","Colored Map","Highlight Path","Minty Spire (QoL Compilation)","StSLib"],"gold_per_floor":[118,118,136,149,163,163,194,194,244,244,256,144,161,161,161,239,239,250,170,170,70,88,88,118,118,143,153,188,199,74,86,86,86,86],"floor_reached":33,"language":"ENG","playtime":992,"items_purged":["Strike_P","Strike_P","Tantrum"],"score":624,"play_id":"49fcc491-c707-408a-a806-7c3d2de94378","local_time":"20210128230505","is_ascension_mode":true,"campfire_choices":[{"floor":6,"key":"REST"},{"data":"Strike_P","floor":8,"key":"PURGE"},{"data":"Strike_P","floor":10,"key":"PURGE"},{"floor":15,"key":"REST"},{"data":"Alpha","floor":23,"key":"SMITH"},{"floor":25,"key":"REST"},{"data":"Eruption","floor":32,"key":"PURGE"}],"circlet_count":0,"master_deck":["AscendersBane","Defend_P","Defend_P","Defend_P","Defend_P","Vigilance","EmptyBody","Footwork","Alpha+1","Protect","Protect","Perseverance","Vault","Meditate","Ghostly","Ghostly","Ghostly","Establishment"],"relics":["PureWater","Peace Pipe","Boot","Lantern","Pen Nib","Velvet Choker","Strawberry","Anchor","Pocketwatch"],"acts_visited":["Exordium","TheCity"],"potions_floor_usage":[7,11,19],"damage_taken":[{"damage":4,"enemies":"Cultist","floor":1,"turns":5},{"damage":0,"enemies":"Small Slimes","floor":3,"turns":3},{"damage":2,"enemies":"Jaw Worm","floor":4,"turns":4},{"damage":6,"enemies":"Blue Slaver","floor":5,"turns":4},{"damage":13,"enemies":"Gremlin Nob","floor":7,"turns":3},{"damage":9,"enemies":"Large Slime","floor":11,"turns":4},{"damage":0,"enemies":"Looter","floor":13,"turns":4},{"damage":15,"enemies":"Slime Boss","floor":16,"turns":5},{"damage":7,"enemies":"Spheric Guardian","floor":18,"turns":6},{"damage":5,"enemies":"2 Thieves","floor":19,"turns":5},{"damage":3,"enemies":"Shelled Parasite and Fungi","floor":22,"turns":6},{"damage":23,"enemies":"Book of Stabbing","floor":24,"turns":7},{"damage":0,"enemies":"Snake Plant","floor":27,"turns":6},{"damage":0,"enemies":"Slavers","floor":28,"turns":5},{"damage":2,"enemies":"Centurion and Healer","floor":29,"turns":5},{"damage":2,"enemies":"Chosen and Byrds","floor":31,"turns":5},{"damage":42,"enemies":"Automaton","floor":33,"turns":9}],"seed_played":"-4798012471989693106","potions_obtained":[{"floor":3,"key":"ColorlessPotion"},{"floor":7,"key":"AttackPotion"},{"floor":11,"key":"DistilledChaos"},{"floor":13,"key":"SteroidPotion"},{"floor":27,"key":"LiquidMemories"},{"floor":28,"key":"GamblersBrew"}],"is_trial":false,"path_per_floor":["M","?","M","M","M","R","E","R","T","R","M","$","M","?","R","B",null,"M","M","?","$","M","R","E","R","T","M","E","M","$","M","R","B"],"character_chosen":"WATCHER","items_purchased":["Perseverance"],"campfire_rested":3,"item_purchase_floors":[12],"current_hp_per_floor":[39,25,25,23,17,37,24,24,24,24,15,15,15,15,35,20,56,49,44,34,34,31,31,15,27,27,27,27,25,25,23,23,0,0],"gold":86,"neow_bonus":"ONE_RARE_RELIC","is_daily":false,"chose_seed":false,"campfire_upgraded":1,"win_rate":0.0,"timestamp":1611871505,"path_taken":["M","?","M","M","M","R","E","R","T","R","M","$","M","?","R","BOSS","M","?","?","$","M","R","E","R","T","M","E","M","$","M","R","BOSS"],"items_purchased_type":["Card"],"build_version":"2020-12-22","purchased_purges":3,"victory":false,"max_hp_per_floor":[68,68,68,68,68,68,68,68,68,68,68,68,68,68,68,68,68,68,68,34,34,34,34,41,41,41,41,41,41,41,41,41,41,41],"card_choices":[{"not_picked":["CutThroughFate","Prostrate"],"picked":"EmptyBody","floor":1},{"not_picked":["ClearTheMind","Pray"],"picked":"Tantrum","floor":3},{"not_picked":["ClearTheMind","Tantrum"],"picked":"Alpha","floor":4},{"not_picked":["ThirdEye","ClearTheMind"],"picked":"Protect","floor":5},{"not_picked":["Conclude","Consecrate"],"picked":"Protect","floor":7},{"not_picked":["FollowUp","PathToVictory","Crescendo"],"picked":"SKIP","floor":11},{"not_picked":["Protect","FollowUp","PathToVictory"],"picked":"SKIP","floor":13},{"not_picked":["DevaForm","Brilliance"],"picked":"Vault","floor":16},{"not_picked":["Sanctity","FlurryOfBlows"],"picked":"Meditate","floor":18},{"not_picked":["PathToVictory","Prostrate+1","Halt"],"picked":"SKIP","floor":19},{"not_picked":["PathToVictory","ReachHeaven","Conclude"],"picked":"SKIP","floor":22},{"not_picked":["JustLucky","TalkToTheHand","FlurryOfBlows"],"picked":"SKIP","floor":24},{"not_picked":["Protect","FollowUp+1","EmptyFist"],"picked":"SKIP","floor":27},{"not_picked":["FlurryOfBlows","Weave"],"picked":"Establishment","floor":28},{"not_picked":["SignatureMove","JustLucky","ReachHeaven"],"picked":"SKIP","floor":29},{"not_picked":["BowlingBash","CarveReality+1","Protect"],"picked":"SKIP","floor":31}],"player_experience":5337701,"relics_obtained":[{"floor":7,"key":"Lantern"},{"floor":9,"key":"Pen Nib"},{"floor":24,"key":"Strawberry"},{"floor":26,"key":"Anchor"},{"floor":28,"key":"Pocketwatch"}],"event_choices":[{"damage_healed":0,"gold_gain":0,"player_choice":"0 cards matched","damage_taken":0,"max_hp_gain":0,"max_hp_loss":0,"event_name":"Match and Keep!","floor":14,"gold_loss":0,"cards_obtained":[]},{"damage_healed":0,"gold_gain":0,"player_choice":"Became a Ghost","damage_taken":0,"max_hp_gain":0,"max_hp_loss":34,"event_name":"Ghosts","floor":20,"gold_loss":0,"cards_obtained":["Ghostly","Ghostly","Ghostly"]}],"is_beta":false,"boss_relics":[{"not_picked":["Ectoplasm","Tiny House"],"picked":"Velvet Choker"}],"items_purged_floors":[12,21,30],"is_endless":false,"potions_floor_spawned":[3,7,11,13,27,28,31],"killed_by":"Automaton","ascension_level":20}}