{"host":"gquo1rsrdiuo0hhv","time":1611855930,"event":{"mods":["Act Like it!","BaseMod","Colored Powertips","Minty Spire (QoL Compilation)","Quick Restart","StSLib"],"gold_per_floor":[119,294,294,304,320,352,352,369,419,452,452,46,46,22,22,22,22],"floor_reached":16,"language":"ENG","playtime":620,"items_purged":["Doubt"],"score":113,"play_id":"4b7b1580-ac72-4893-9423-d06e1a2a7bd1","local_time":"20210129004530","is_ascension_mode":true,"campfire_choices":[{"floor":7,"key":"REST"},{"floor":13,"key":"REST"},{"floor":15,"key":"REST"}],"circlet_count":0,"master_deck":["Strike_R","Strike_R","Strike_R","Strike_R+1","Defend_R","Defend_R+1","Defend_R","Bash","Armaments+1","Burning Pact","Thunderclap","Body Slam","Double Tap","Sentinel","Flame Barrier","Warcry"],"relics":["Burning Blood","White Beast Statue","Lantern","Red Skull","Meat on the Bone"],"acts_visited":["Exordium"],"potions_floor_usage":[6,10],"damage_taken":[{"damage":10,"enemies":"Cultist","floor":1,"turns":4},{"damage":2,"enemies":"Jaw Worm","floor":4,"turns":4},{"damage":2,"enemies":"2 Louse","floor":5,"turns":3},{"damage":50,"enemies":"3 Sentries","floor":6,"turns":13},{"damage":16,"enemies":"Blue Slaver","floor":8,"turns":4},{"damage":30,"enemies":"Gremlin Nob","floor":10,"turns":5},{"damage":35,"enemies":"Slime Boss","floor":16,"turns":8}],"seed_played":"-4404430044253947808","potions_obtained":[{"floor":4,"key":"EssenceOfSteel"},{"floor":8,"key":"BlessingOfTheForge"},{"floor":10,"key":"SmokeBomb"}],"is_trial":false,"path_per_floor":["M","?","?","M","M","E","R","M","T","E","?","$","R","$","R","B"],"character_chosen":"IRONCLAD","items_purchased":["Flame Barrier","Meat on the Bone","Warcry"],"campfire_rested":3,"item_purchase_floors":[12,12,14],"current_hp_per_floor":[68,68,68,72,72,28,49,39,39,15,1,1,22,22,43,8,8],"gold":22,"neow_bonus":"REMOVE_TWO","is_daily":false,"chose_seed":false,"campfire_upgraded":0,"win_rate":0.0,"timestamp":1611855930,"path_taken":["M","?","?","M","M","E","R","M","T","E","?","$","R","$","R","BOSS"],"items_purchased_type":["Card","Relic","Card"],"build_version":"2020-12-22","purchased_purges":1,"victory":false,"max_hp_per_floor":[72,72,72,72,72,72,72,72,72,72,72,72,72,72,72,72,72],"card_choices":[{"not_picked":["Body Slam","Warcry"],"picked":"Armaments","floor":1},{"not_picked":["Warcry","Pommel Strike"],"picked":"Burning Pact","floor":4},{"not_picked":["Havoc","Warcry"],"picked":"Thunderclap","floor":5},{"not_picked":["Flex","Whirlwind"],"picked":"Body Slam","floor":6},{"not_picked":["Body Slam","Warcry"],"picked":"Double Tap","floor":8},{"not_picked":["Carnage","Shockwave"],"picked":"Sentinel","floor":10}],"player_experience":399812,"relics_obtained":[{"floor":6,"key":"White Beast Statue"},{"floor":9,"key":"Lantern"},{"floor":10,"key":"Red Skull"}],"event_choices":[{"damage_healed":0,"gold_gain":175,"player_choice":"AGREE","damage_taken":0,"max_hp_gain":0,"max_hp_loss":0,"event_name":"Liars Game","floor":2,"gold_loss":0,"cards_obtained":["Doubt"]},{"damage_healed":0,"gold_gain":0,"player_choice":"Grow","damage_taken":0,"max_hp_gain":0,"max_hp_loss":0,"event_name":"Living Wall","floor":3,"gold_loss":0,"cards_upgraded":["Armaments"]},{"damage_healed":0,"gold_gain":0,"player_choice":"Entered Light","damage_taken":14,"max_hp_gain":0,"max_hp_loss":0,"event_name":"Shining Light","floor":11,"gold_loss":0,"cards_upgraded":["Strike_R","Defend_R"]}],"is_beta":false,"boss_relics":[],"items_purged_floors":[12],"is_endless":false,"potions_floor_spawned":[4,8,10],"killed_by":"Slime Boss","ascension_level":1}}