{"host":"yfdtuf6ojcxn06xg","time":1611876378,"event":{"mods":["2.2 Compatiblity","AchievementEnabler","BaseMod","Colored Map","Colored Powertips","Curses Come First","Hermit","JesterMod","Jorbs\u0027s Wanderer Trilogy","Minty Spire (QoL Compilation)","Quick Restart","Rare Cards Sparkle","Relic Stats","Replay The Spire","StSLib","The Cursed","The Disciple","The Hierophant","The Jungle","The Marked","The Necromancer","The Servant 0.9.4"],"gold_per_floor":[111,74,89,89,69,69,87,122,122,122,139,153,153,183,183,285,285,297,56,72,72,83,83,83,83,83,109,109,137,87,106,106,206,506,522,9,26,26,76,76,96,96,121,140,140,140,140,157,157,157],"floor_reached":51,"language":"ENG","playtime":2479,"items_purged":["Defend_B","Pain"],"score":768,"play_id":"84d821ed-6445-43ca-ba79-77cef5de04ec","local_time":"20210128182618","is_ascension_mode":false,"campfire_choices":[{"data":"Gash","floor":6,"key":"SMITH"},{"data":"Scrape","floor":10,"key":"SMITH"},{"floor":13,"key":"REST"},{"data":"Beam Cell","floor":15,"key":"SMITH"},{"data":"Metamorphosis","floor":23,"key":"SMITH"},{"floor":28,"key":"REST"},{"floor":32,"key":"REST"},{"data":"1","floor":40,"key":"LIFT"},{"floor":42,"key":"REST"},{"data":"2","floor":45,"key":"LIFT"},{"floor":49,"key":"REST"}],"circlet_count":0,"master_deck":["Strike_B","Strike_B","Defend_B","Defend_B+1","Defend_B","Zap+1","Dualcast+1","Auto Shields","Scrape+1","Gash+1","Beam Cell+1","Steam Power","Chill","BootSequence","Echo Form","Steam","Metamorphosis+1","Beam Cell+1","Beam Cell","Gash","Echo Form","Injury","Writhe","Scrape","Metamorphosis","Beam Cell+1","Stack+1","Scrape","Madness","Madness","Steam+1"],"relics":["Cracked Core","Torii","Solar Panel","War Paint","Black Star","MutagenicStrength","ReplayTheSpireMod:Lightbulb","Regal Pillow","Pear","Happy Flower","Boot","Replay:Ancient Bell","Anchor","Blue Candle","Old Coin","Thread and Needle","Girya","Bronze Scales"],"acts_visited":["Exordium","TheCity","TheBeyond"],"potions_floor_usage":[8,14,20,22,27,31,33,33,37,50],"damage_taken":[{"damage":12,"enemies":"Small Slimes","floor":1,"turns":3},{"damage":2,"enemies":"2 Louse","floor":3,"turns":2},{"damage":0,"enemies":"Cultist","floor":7,"turns":2},{"damage":19,"enemies":"3 Sentries","floor":8,"turns":8},{"damage":0,"enemies":"Looter","floor":11,"turns":2},{"damage":1,"enemies":"Blue Slaver","floor":12,"turns":2},{"damage":0,"enemies":"Gremlin Nob","floor":14,"turns":2},{"damage":57,"enemies":"Fading Forest","floor":16,"turns":11},{"damage":13,"enemies":"Chosen","floor":18,"turns":6},{"damage":15,"enemies":"3 Byrds","floor":20,"turns":4},{"damage":10,"enemies":"3 Cultists","floor":22,"turns":5},{"damage":10,"enemies":"Gremlin Leader","floor":27,"turns":6},{"damage":28,"enemies":"Slavers","floor":29,"turns":7},{"damage":15,"enemies":"Snake Plant","floor":31,"turns":4},{"damage":66,"enemies":"Automaton","floor":33,"turns":7},{"damage":21,"enemies":"Orb Walker","floor":35,"turns":4},{"damage":11,"enemies":"3 Darklings","floor":37,"turns":5},{"damage":5,"enemies":"Mind Bloom Boss Battle","floor":39,"turns":7},{"damage":24,"enemies":"Sphere and 2 Shapes","floor":41,"turns":4},{"damage":24,"enemies":"4 Shapes","floor":44,"turns":5},{"damage":47,"enemies":"Transient","floor":48,"turns":5},{"damage":55,"enemies":"Donu and Deca","floor":50,"turns":7}],"seed_played":"-3224442952767946173","potions_obtained":[{"floor":5,"key":"Cursed Concoction"},{"floor":8,"key":"Energy Potion"},{"floor":11,"key":"AttackPotion"},{"floor":14,"key":"SteroidPotion"},{"floor":18,"key":"SpeedPotion"},{"floor":20,"key":"SkillPotion"},{"floor":29,"key":"AttackPotion"},{"floor":31,"key":"SteroidPotion"},{"floor":48,"key":"PowerPotion"}],"is_trial":false,"path_per_floor":["M","$","M","?","?","R","M","E","T","R","M","M","R","E","R","B",null,"M","$","M","?","M","R","?","?","T","E","R","E","$","M","R","B",null,"M","$","M","?","?","R","M","R","T","M","R","?","?","M","R","B",null],"character_chosen":"DEFECT","items_purchased":["Scrape","Metamorphosis","Gash","Scrape","Thread and Needle","ColorlessPotion"],"campfire_rested":5,"item_purchase_floors":[2,19,30,36,36,36],"current_hp_per_floor":[63,63,61,61,61,61,61,42,42,42,44,47,69,73,73,20,75,68,68,57,57,47,47,47,47,47,51,85,59,59,46,85,19,85,66,66,57,57,54,54,32,72,72,52,52,41,74,29,66,17],"gold":157,"neow_bonus":"UPGRADE_CARD","is_daily":false,"chose_seed":false,"campfire_upgraded":4,"win_rate":0.0,"timestamp":1611876378,"path_taken":["M","$","M","?","?","R","?","E","T","R","M","M","R","E","R","BOSS","M","$","M","?","M","R","?","?","T","E","R","E","$","M","R","BOSS","M","$","M","?","?","R","M","R","T","M","R","?","?","M","R","BOSS"],"items_purchased_type":["Card","Card","Card","Card","Relic","Potion"],"build_version":"2020-12-22","purchased_purges":2,"victory":true,"max_hp_per_floor":[75,75,75,75,75,75,75,75,75,75,75,75,75,75,75,75,75,75,75,75,75,75,75,75,75,75,85,85,85,85,85,85,85,85,85,85,85,85,85,85,85,85,85,85,85,85,74,74,74,74],"relic_stats":{"Regal Pillow":53,"Torii":36,"Happy Flower":[16],"counters":[22,108],"Blue Candle":[11],"Bronze Scales":[45],"Black Star":2,"War Paint":["Defend_B","Dualcast"],"Boot":[30],"obtain_stats":[{"Solar Panel":9,"Girya":39,"Regal Pillow":27,"Pear":27,"Torii":8,"Happy Flower":29,"Blue Candle":34,"Thread and Needle":36,"Replay:Ancient Bell":34,"War Paint":14,"Boot":29,"Old Coin":34,"Anchor":34,"MutagenicStrength":24,"Bronze Scales":43,"Black Star":17,"Cracked Core":0,"ReplayTheSpireMod:Lightbulb":26},{"Solar Panel":4,"Girya":18,"Regal Pillow":12,"Pear":12,"Torii":4,"Happy Flower":13,"Blue Candle":15,"Thread and Needle":16,"Replay:Ancient Bell":15,"War Paint":7,"Boot":13,"Old Coin":15,"Anchor":15,"MutagenicStrength":11,"Bronze Scales":19,"Black Star":8,"Cracked Core":0,"ReplayTheSpireMod:Lightbulb":11},{"Solar Panel":15,"Girya":87,"Regal Pillow":53,"Pear":53,"Torii":15,"Happy Flower":60,"Blue Candle":71,"Thread and Needle":75,"Replay:Ancient Bell":71,"War Paint":21,"Boot":60,"Old Coin":71,"Anchor":71,"MutagenicStrength":47,"Bronze Scales":91,"Black Star":32,"Cracked Core":0,"ReplayTheSpireMod:Lightbulb":47}]},"card_choices":[{"not_picked":["Stack","Heatsinks"],"picked":"Auto Shields","floor":1},{"not_picked":["Undo","Reprogram"],"picked":"Gash","floor":3},{"not_picked":["White Noise","Chill"],"picked":"Beam Cell","floor":7},{"not_picked":["Recycle","Amplify"],"picked":"Steam Power","floor":8},{"not_picked":["Stack","Ball Lightning","Barrage"],"picked":"SKIP","floor":11},{"not_picked":["Ball Lightning","ReplaySolidLightProjector"],"picked":"Chill","floor":12},{"not_picked":["Conserve Battery","Coolheaded"],"picked":"BootSequence","floor":14},{"not_picked":["Electrodynamics","Hyperbeam"],"picked":"Echo Form","floor":16},{"not_picked":["Rebound+1","Blizzard"],"picked":"Steam","floor":18},{"not_picked":["Compile Driver","Rebound+1"],"picked":"Beam Cell+1","floor":20},{"not_picked":["Storm","Recycle"],"picked":"Beam Cell","floor":22},{"not_picked":["Capacitor","Chaos","Leap+1"],"picked":"SKIP","floor":27},{"not_picked":["Tempest","Sweeping Beam","Barrage"],"picked":"SKIP","floor":29},{"not_picked":["Core Surge","Panic Button","Compile Driver+1"],"picked":"SKIP","floor":31},{"not_picked":["Electrodynamics","ReplayTheSpireMod:Omega Cannon"],"picked":"Echo Form","floor":33},{"not_picked":["ReplayTheSpireMod:Splinters","ReplayTheSpireMod:Restless Dread"],"picked":"Injury","floor":34},{"not_picked":["ReplayTheSpireMod:IOU","ReplayTheSpireMod:Faulty Equipment"],"picked":"Pain","floor":34},{"not_picked":["AbeCurse","Looming Evil"],"picked":"Writhe","floor":34},{"not_picked":["BasicCrystalCard+1","Barrage+1","Aggregate+1"],"picked":"SKIP","floor":35},{"not_picked":["Panic Button","Rainbow","Hello World"],"picked":"SKIP","floor":37},{"not_picked":["ReplayTheSpireMod:Private Reserves","Transmutation"],"picked":"Metamorphosis","floor":38},{"not_picked":["Barrage+1","Blizzard+1"],"picked":"Beam Cell+1","floor":39},{"not_picked":["Leap+1","Turbo"],"picked":"Stack+1","floor":41},{"not_picked":["Storm","Consume"],"picked":"Scrape","floor":44},{"not_picked":["FIFO Queue","Stack"],"picked":"Steam+1","floor":48}],"player_experience":232602,"relics_obtained":[{"floor":8,"key":"Torii"},{"floor":9,"key":"Solar Panel"},{"floor":14,"key":"War Paint"},{"floor":26,"key":"ReplayTheSpireMod:Lightbulb"},{"floor":27,"key":"Regal Pillow"},{"floor":27,"key":"Pear"},{"floor":29,"key":"Happy Flower"},{"floor":29,"key":"Boot"},{"floor":39,"key":"Girya"},{"floor":43,"key":"Bronze Scales"}],"event_choices":[{"damage_healed":0,"gold_gain":0,"player_choice":"Bought 1 Potion","damage_taken":0,"max_hp_gain":0,"max_hp_loss":0,"event_name":"The Woman in Blue","floor":5,"gold_loss":0},{"cards_removed":["Strike_B"],"damage_healed":0,"gold_gain":0,"player_choice":"Elegance","damage_taken":0,"max_hp_gain":0,"max_hp_loss":0,"event_name":"Back to Basics","floor":21,"gold_loss":0},{"damage_healed":0,"gold_gain":0,"player_choice":"Inject Mutagens","damage_taken":0,"relics_obtained":["MutagenicStrength"],"max_hp_gain":0,"max_hp_loss":0,"event_name":"Drug Dealer","floor":24,"gold_loss":0},{"damage_healed":0,"gold_gain":0,"player_choice":"Ignored","damage_taken":0,"max_hp_gain":0,"max_hp_loss":0,"event_name":"Cursed Tome","floor":25,"gold_loss":0},{"damage_healed":0,"gold_gain":0,"player_choice":"Memory 1","damage_taken":0,"max_hp_gain":0,"max_hp_loss":0,"event_name":"SensoryStone","floor":38,"gold_loss":0},{"damage_healed":0,"gold_gain":0,"player_choice":"Fight","damage_taken":0,"max_hp_gain":0,"max_hp_loss":0,"event_name":"MindBloom","floor":39,"gold_loss":0},{"damage_healed":0,"gold_gain":0,"player_choice":"Embrace Madness","damage_taken":11,"max_hp_gain":0,"max_hp_loss":0,"event_name":"Winding Halls","floor":46,"gold_loss":0,"cards_obtained":["Madness","Madness"]},{"damage_healed":74,"gold_gain":0,"player_choice":"Heal","damage_taken":0,"max_hp_gain":0,"max_hp_loss":11,"event_name":"The Moai Head","floor":47,"gold_loss":0}],"is_beta":false,"boss_relics":[{"not_picked":["Runic Pyramid","ReplayTheSpireMod:DimensionalGlitch"],"picked":"Black Star"},{"not_picked":["Pandora\u0027s Box","Busted Crown"],"picked":"Replay:Ancient Bell"},{"not_picked":["Art of War","Strawberry"],"picked":"Anchor"},{"not_picked":["White Beast Statue","Divine Protection"],"picked":"Blue Candle"},{"not_picked":["Gambling Chip","Replay:Kaleidoscope"],"picked":"Old Coin"}],"items_purged_floors":[19,36],"is_endless":false,"potions_floor_spawned":[8,11,14,18,20,29,31,48],"ascension_level":0}}