{"host":"43ljbksi7ebmxfn8","time":1611842711,"event":{"mods":["Act Like it!","BaseMod","Gensokyo","Minty Spire (QoL Compilation)","MostiFishMod","Pale of the Ancients","Quick Restart","Shop Mod","Spicy Shops","StSLib","TestMod","óô»ðÖ¸ÄÏ"],"gold_per_floor":[117,117,117,17,35,68,68,68,143,14,14,14],"floor_reached":11,"language":"ZHS","playtime":295,"items_purged":[],"score":170,"play_id":"6f900e8d-9309-443d-bbe0-bd11a5c2c351","local_time":"20210128220511","is_ascension_mode":true,"campfire_choices":[{"data":"MostiFishMod:Impulse","floor":7.0,"key":"SMITH"}],"circlet_count":0,"master_deck":["AscendersBane","Strike_B","Strike_B","Strike_B","Strike_B","Defend_B","Defend_B","Defend_B","Defend_B","Zap","Dualcast","Pain","MostiFishMod:Impulse+1"],"relics":["Cracked Core","DaveBox","testmod-TestBox","HaiYi:Twilight","testmod-BatchProcessingSystem","NeowsBlessing","SynthV:TestCard","Gensokyo:CelestialsFlawlessClothing","Gensokyo:LunaticRedEyes","Singing Bowl","testmod-ThousandKnives","Frozen Egg 2","The Courier","Membership Card"],"acts_visited":["Exordium"],"potions_floor_usage":[11],"damage_taken":[{"damage":0.0,"enemies":"Gensokyo:2_Kodama","floor":1.0,"turns":1.0},{"damage":0.0,"enemies":"Gensokyo:3_Fairies","floor":5.0,"turns":1.0},{"damage":3.0,"enemies":"Gensokyo:Cirno","floor":6.0,"turns":2.0},{"damage":130,"enemies":"Gensokyo:Aya","floor":11,"turns":8}],"seed_played":"-4535877092381079122","potions_obtained":[{"floor":6.0,"key":"EssenceOfSteel"}],"is_trial":false,"path_per_floor":["M","?","?","?","M","E","R","T","T","$","E"],"character_chosen":"DEFECT","items_purchased":["Membership Card"],"campfire_rested":0,"item_purchase_floors":[10],"current_hp_per_floor":[64,43,43,43,45,42,42,42,42,42,0,0],"gold":14,"neow_bonus":"THREE_ENEMY_KILL","is_daily":false,"chose_seed":false,"campfire_upgraded":1,"win_rate":0.0,"timestamp":1611842711,"path_taken":["M","?","?","?","M","E","R","?","T","$","E"],"items_purchased_type":["Relic"],"build_version":"2020-12-22","purchased_purges":0,"victory":false,"max_hp_per_floor":[71,71,71,71,73,73,73,73,73,73,73,73],"card_choices":[{"not_picked":["Stack","Reinforced Body","Rebound"],"picked":"SKIP","floor":1.0},{"not_picked":["MostiFishMod:PushDownKick","Consume","Streamline","Turbo","Genetic Algorithm"],"picked":"Singing Bowl","floor":5.0},{"not_picked":["MostiFishMod:ActiveDefenseSystem","Fusion","Darkness","MostiFishMod:PushDownKick"],"picked":"MostiFishMod:Impulse","floor":6.0}],"player_experience":373993,"relics_obtained":[{"floor":1.0,"key":"SynthV:TestCard"},{"floor":6.0,"key":"testmod-ThousandKnives"},{"floor":8.0,"key":"Frozen Egg 2"},{"floor":9.0,"key":"The Courier"}],"event_choices":[],"is_beta":false,"boss_relics":[],"items_purged_floors":[],"is_endless":false,"potions_floor_spawned":[6],"killed_by":"Gensokyo:Aya","ascension_level":18}}