{"host":"5jdby9iqu3ct6557","time":1611813991,"event":{"mods":["BaseMod","DeckTracker","Highlight Path","Minty Spire (QoL Compilation)","Relic Stats","StSLib"],"gold_per_floor":[211,225,225,243,243,277,277,2,70,106,106,145,160,179,179,275,275,254,270,185,185,185,185,218,236,236,236,23,23,58,97,97,196,196,210,210,231,244,268,268,311,95,95,111,61,61,85,101,101,101,101,101],"floor_reached":51,"language":"ENG","playtime":13632,"items_purged":["Pain","Strike_G","Strike_G"],"score":1502,"play_id":"8913d99c-34b6-487e-82ae-9f29a7a8167d","local_time":"20210128010631","is_ascension_mode":true,"campfire_choices":[{"floor":7,"key":"REST"},{"data":"Skewer","floor":11,"key":"SMITH"},{"data":"Noxious Fumes","floor":15,"key":"SMITH"},{"data":"Wraith Form v2","floor":23,"key":"SMITH"},{"floor":29,"key":"REST"},{"floor":32,"key":"REST"},{"floor":40,"key":"RECALL"},{"floor":49,"key":"REST"}],"circlet_count":0,"master_deck":["AscendersBane","Strike_G","Strike_G","Strike_G","Defend_G","Defend_G","Defend_G","Defend_G+1","Defend_G","Survivor","Neutralize","Bouncing Flask+1","Poisoned Stab","Poisoned Stab","Predator","PiercingWail","Noxious Fumes+1","Crippling Poison","Blur","Catalyst","Wraith Form v2+1","Necronomicurse","Acrobatics","Burst","Leg Sweep","Dagger Spray+1","PiercingWail","Noxious Fumes"],"relics":["Ring of the Snake","Golden Idol","WarpedTongs","War Paint","Orrery","Lantern","Tiny Chest","Runic Dome","Vajra","PreservedInsect","Mummified Hand","WingedGreaves","Necronomicon","Regal Pillow","Bag of Preparation","Smiling Mask","Runic Pyramid","Bag of Marbles","Lizard Tail","Happy Flower","Dream Catcher"],"acts_visited":["Exordium","TheCity","TheBeyond"],"potions_floor_usage":[6,14,18,24,31,33,41,48],"damage_taken":[{"damage":2,"enemies":"2 Louse","floor":1,"turns":3},{"damage":0,"enemies":"Small Slimes","floor":2,"turns":6},{"damage":1,"enemies":"Cultist","floor":4,"turns":4},{"damage":23,"enemies":"Lagavulin","floor":6,"turns":6},{"damage":6,"enemies":"Gremlin Nob","floor":10,"turns":3},{"damage":2,"enemies":"Lagavulin","floor":12,"turns":5},{"damage":3,"enemies":"Large Slime","floor":13,"turns":3},{"damage":7,"enemies":"Exordium Thugs","floor":14,"turns":5},{"damage":20,"enemies":"Slime Boss","floor":16,"turns":5},{"damage":5,"enemies":"2 Thieves","floor":18,"turns":4},{"damage":0,"enemies":"Spheric Guardian","floor":19,"turns":3},{"damage":3,"enemies":"Gremlin Leader","floor":24,"turns":4},{"damage":3,"enemies":"Snake Plant","floor":25,"turns":4},{"damage":14,"enemies":"Book of Stabbing","floor":30,"turns":2},{"damage":0,"enemies":"Gremlin Leader","floor":31,"turns":1},{"damage":48,"enemies":"Champ","floor":33,"turns":10},{"damage":1,"enemies":"3 Darklings","floor":35,"turns":4},{"damage":0,"enemies":"Orb Walker","floor":37,"turns":5},{"damage":0,"enemies":"Sphere and 2 Shapes","floor":38,"turns":4},{"damage":14,"enemies":"Nemesis","floor":41,"turns":5},{"damage":0,"enemies":"Spire Growth","floor":44,"turns":2},{"damage":13,"enemies":"Jaw Worm Horde","floor":48,"turns":8},{"damage":27,"enemies":"Donu and Deca","floor":50,"turns":9},{"damage":69,"enemies":"Awakened One","floor":51,"turns":5}],"seed_played":"4570576982756987867","potions_obtained":[{"floor":1,"key":"Dexterity Potion"},{"floor":2,"key":"EssenceOfSteel"},{"floor":10,"key":"SteroidPotion"},{"floor":14,"key":"CunningPotion"},{"floor":16,"key":"AttackPotion"},{"floor":19,"key":"Explosive Potion"},{"floor":25,"key":"SkillPotion"},{"floor":33,"key":"Strength Potion"},{"floor":35,"key":"EssenceOfSteel"}],"is_trial":false,"path_per_floor":["M","M","?","M","?","E","R","$","T","E","R","E","M","M","R","B",null,"M","M","?","T","T","R","E","M","T","?","$","R","E","E","R","B",null,"M","?","M","M","T","R","E","$","T","M","$","?","T","M","R","B","B"],"character_chosen":"THE_SILENT","items_purchased":["Orrery","Noxious Fumes","Regal Pillow","Acrobatics","Regen Potion","LiquidBronze"],"campfire_rested":4,"item_purchase_floors":[8,8,28,28,42,42],"current_hp_per_floor":[57,57,57,56,56,33,51,51,51,45,45,43,40,33,33,13,48,43,43,43,43,43,43,40,37,37,16,16,49,35,35,60,12,48,47,47,47,47,47,47,33,33,33,33,33,33,33,35,60,33,0,0],"gold":101,"neow_bonus":"HUNDRED_GOLD","is_daily":false,"chose_seed":false,"campfire_upgraded":3,"win_rate":0.0,"timestamp":1611813991,"path_taken":["M","M","?","M","?","E","R","$","T","E","R","E","?","M","R","BOSS","M","M","?","?","?","R","E","?","T","?","$","R","E","E","R","BOSS","M","?","M","M","?","R","E","?","T","?","$","?","?","M","R","BOSS","BOSS"],"items_purchased_type":["Relic","Card","Relic","Card","Potion","Potion"],"build_version":"2020-12-22","purchased_purges":3,"victory":false,"max_hp_per_floor":[66,66,60,60,60,60,60,60,60,60,60,60,60,60,60,60,60,60,60,60,60,60,60,60,60,60,60,60,60,60,60,60,60,60,60,60,60,60,60,60,60,60,60,60,60,60,60,60,60,60,60,60],"relic_stats":{"Regal Pillow":29,"Happy Flower":[8],"counters":[24,110],"Golden Idol":149,"PreservedInsect":192,"Bag of Preparation":[20],"War Paint":["Bouncing Flask","Defend_G"],"Smiling Mask":125,"WarpedTongs":[97],"Lizard Tail":30,"Dream Catcher":1,"Mummified Hand":[17],"Tiny Chest":3,"Necronomicon":[14],"obtain_stats":[{"Lantern":10,"Regal Pillow":28,"Happy Flower":43,"Golden Idol":3,"Vajra":20,"PreservedInsect":22,"Bag of Preparation":30,"War Paint":6,"Smiling Mask":31,"WarpedTongs":5,"Runic Dome":17,"Lizard Tail":41,"Dream Catcher":47,"Mummified Hand":24,"Orrery":8,"Tiny Chest":12,"WingedGreaves":26,"Necronomicon":27,"Bag of Marbles":39,"Ring of the Snake":0,"Runic Pyramid":34},{"Lantern":5,"Regal Pillow":13,"Happy Flower":20,"Golden Idol":2,"Vajra":11,"PreservedInsect":11,"Bag of Preparation":14,"War Paint":4,"Smiling Mask":15,"WarpedTongs":3,"Runic Dome":9,"Lizard Tail":20,"Dream Catcher":21,"Mummified Hand":12,"Orrery":4,"Tiny Chest":6,"WingedGreaves":13,"Necronomicon":13,"Bag of Marbles":19,"Ring of the Snake":0,"Runic Pyramid":16},{"Lantern":22,"Regal Pillow":55,"Happy Flower":86,"Golden Idol":9,"Vajra":47,"PreservedInsect":47,"Bag of Preparation":57,"War Paint":19,"Smiling Mask":58,"WarpedTongs":13,"Runic Dome":40,"Lizard Tail":86,"Dream Catcher":88,"Mummified Hand":51,"Orrery":19,"Tiny Chest":27,"WingedGreaves":55,"Necronomicon":55,"Bag of Marbles":81,"Ring of the Snake":0,"Runic Pyramid":68}],"Ring of the Snake":[48]},"card_choices":[{"not_picked":["Well Laid Plans","Backflip"],"picked":"Bouncing Flask","floor":1},{"not_picked":["Backflip","Finisher"],"picked":"Poisoned Stab","floor":2},{"not_picked":["PiercingWail","Deadly Poison"],"picked":"Poisoned Stab","floor":4},{"not_picked":["Backstab","Bane"],"picked":"Predator","floor":6},{"not_picked":["Escape Plan","Caltrops"],"picked":"Skewer","floor":8},{"not_picked":["Choke","Masterful Stab"],"picked":"PiercingWail","floor":8},{"not_picked":["Caltrops","Deadly Poison"],"picked":"Crippling Poison","floor":10},{"not_picked":["Bane","Slice"],"picked":"Blur","floor":12},{"not_picked":["Doppelganger","Sucker Punch"],"picked":"Catalyst","floor":14},{"not_picked":["A Thousand Cuts","Glass Knife"],"picked":"Wraith Form v2","floor":16},{"not_picked":["Adrenaline","Venomology"],"picked":"Burst","floor":33},{"not_picked":["Dodge and Roll+1","Dagger Throw"],"picked":"Leg Sweep","floor":35},{"not_picked":["Quick Slash","Dodge and Roll+1"],"picked":"Dagger Spray+1","floor":37},{"not_picked":["Sucker Punch","Flying Knee"],"picked":"PiercingWail","floor":44},{"not_picked":["Terror","Quick Slash+1"],"picked":"Noxious Fumes","floor":49}],"player_experience":2372878,"relics_obtained":[{"floor":6,"key":"War Paint"},{"floor":10,"key":"Lantern"},{"floor":12,"key":"Tiny Chest"},{"floor":22,"key":"PreservedInsect"},{"floor":24,"key":"Mummified Hand"},{"floor":26,"key":"WingedGreaves"},{"floor":27,"key":"Necronomicon"},{"floor":30,"key":"Bag of Preparation"},{"floor":31,"key":"Smiling Mask"},{"floor":39,"key":"Bag of Marbles"},{"floor":41,"key":"Lizard Tail"},{"floor":43,"key":"Happy Flower"},{"floor":47,"key":"Dream Catcher"}],"event_choices":[{"damage_healed":0,"gold_gain":0,"player_choice":"Lose Max HP","damage_taken":0,"relics_obtained":["Golden Idol"],"max_hp_gain":0,"max_hp_loss":6,"event_name":"Golden Idol","floor":3,"gold_loss":0},{"damage_healed":0,"gold_gain":0,"player_choice":"Rummage","damage_taken":0,"relics_obtained":["WarpedTongs"],"max_hp_gain":0,"max_hp_loss":0,"event_name":"Accursed Blacksmith","floor":5,"gold_loss":0,"cards_obtained":["Pain"]},{"damage_healed":0,"gold_gain":0,"player_choice":"Obtained Relic","damage_taken":0,"relics_obtained":["Vajra"],"max_hp_gain":0,"max_hp_loss":0,"event_name":"Addict","floor":20,"gold_loss":85},{"damage_healed":0,"gold_gain":0,"player_choice":"Obtained Book","damage_taken":21,"max_hp_gain":0,"max_hp_loss":0,"event_name":"Cursed Tome","floor":27,"gold_loss":0},{"damage_healed":0,"gold_gain":0,"player_choice":"Memory 1","damage_taken":0,"max_hp_gain":0,"max_hp_loss":0,"event_name":"SensoryStone","floor":36,"gold_loss":0},{"cards_removed":["Skewer"],"damage_healed":0,"gold_gain":0,"player_choice":"Removed Attack","damage_taken":0,"max_hp_gain":0,"max_hp_loss":0,"event_name":"Falling","floor":46,"gold_loss":0}],"is_beta":false,"boss_relics":[{"not_picked":["Velvet Choker","Calling Bell"],"picked":"Runic Dome"},{"not_picked":["Cursed Key","WristBlade"],"picked":"Runic Pyramid"}],"items_purged_floors":[8,42,45],"is_endless":false,"potions_floor_spawned":[1,2,10,14,16,19,25,33,35,44],"killed_by":"Awakened One","ascension_level":20}}