{"host":"nu52txkaz0lj0p7m","time":1611860898,"event":{"mods":["2.2 Compatiblity","AchievementEnabler","Arknights The Spire","BaseMod","Beaked The Cultist","BetterRewards","CCEM2","Challenge The Spire","Colored Map","Colored Powertips","Conjunction","Custom Start","Duelist Mod","GifTheSpireLib","GungeonMod","Infinite Spire","Lobotomy","LobotomyExtend","Minty Spire (QoL Compilation)","Permanent Neow","Relic Filter","SIMod","Shade Mod","Small Relic Pack","StSLib","SuperFastMode","The Dragonkin","The Fake Hero","The Marked"],"gold_per_floor":[118,129,147,19,33,62,62,62,62,62,62,62,76,88,88,186,186,197,296,296,47,60,87,87,97,121,144,156,188,30,30,30],"floor_reached":31,"language":"ENG","playtime":1773,"items_purged":["theMarked:Strike","theMarked:Strike"],"score":257,"play_id":"b6afdb79-2be9-4811-9fe2-e1e44c4a9692","local_time":"20210129030818","is_ascension_mode":false,"campfire_choices":[{"data":"theMarked:SoldierOfQuellstein","floor":7,"key":"SMITH"},{"data":"theMarked:Challenge","floor":10,"key":"SMITH"},{"data":"theMarked:EmpowerWeapon","floor":15,"key":"SMITH"},{"data":"theMarked:EmpowerWeapon","floor":24,"key":"SMITH"}],"circlet_count":0,"master_deck":["theMarked:Defend","theMarked:Defend","theMarked:SoldierOfQuellstein+1","theMarked:AttractMetal","theMarked:HeightenedSenses","Regret","theMarked:EmpowerWeapon+1","theMarked:Abjuration","theMarked:DispelDoubt","theMarked:Static+1","theMarked:DispelDoubt+1","theMarked:OneWithTheBlade+1","Writhe","theMarked:EmpowerWeapon+1","theMarked:ParalyzingBlade"],"relics":["theMarked:ArtifactOfAir","Bag of Marbles","Frozen Egg 2","CCEMRelics:BundleOfDynamite","Astrolabe","Ancient Tea Set","infinitespire:FocusingShard","Boot","MawBank"],"acts_visited":["Exordium","TheCity"],"potions_floor_usage":[16,16,23,29,29],"damage_taken":[{"damage":6,"enemies":"Jaw Worm","floor":1,"turns":4},{"damage":0,"enemies":"Small Slimes","floor":2,"turns":2},{"damage":0,"enemies":"2 Louse","floor":3,"turns":4},{"damage":1,"enemies":"Large Slime","floor":5,"turns":10},{"damage":39,"enemies":"Lagavulin","floor":6,"turns":9},{"damage":4,"enemies":"Blue Slaver","floor":13,"turns":2},{"damage":2,"enemies":"3 Louse","floor":14,"turns":3},{"damage":16,"enemies":"Hexaghost","floor":16,"turns":7},{"damage":5,"enemies":"Chosen","floor":18,"turns":3},{"damage":12,"enemies":"2 Thieves","floor":22,"turns":3},{"damage":21,"enemies":"Gremlin Leader","floor":23,"turns":6},{"damage":20,"enemies":"Snake Plant","floor":25,"turns":2},{"damage":14,"enemies":"Snecko","floor":27,"turns":3},{"damage":0,"enemies":"Cultist and Chosen","floor":29,"turns":4},{"damage":10,"enemies":"Sentry and Sphere","floor":31,"turns":4}],"seed_played":"877065524275808015","potions_obtained":[{"floor":3,"key":"Regen Potion"},{"floor":5,"key":"Swift Potion"},{"floor":6,"key":"ColorlessPotion"},{"floor":18,"key":"DistilledChaos"},{"floor":27,"key":"PowerPotion"}],"is_trial":false,"path_per_floor":["M","M","M","$","M","E","R","?","T","R","?","$","M","M","R","B",null,"M","?","?","$","M","E","R","M","T","M","?","M","$","M"],"character_chosen":"THE_DEFAULT","items_purchased":["theMarked:HeightenedSenses","infinitespire:FocusingShard","theMarked:ParalyzingBlade"],"campfire_rested":0,"item_purchase_floors":[4,21,30],"current_hp_per_floor":[71,71,71,71,70,31,31,31,31,31,47,47,43,41,41,40,77,72,72,72,72,60,39,39,19,19,5,5,5,5,0,0],"gold":30,"neow_bonus":"TEN_PERCENT_HP_BONUS","is_daily":false,"chose_seed":false,"campfire_upgraded":4,"win_rate":0.0,"timestamp":1611860898,"path_taken":["M","M","M","$","M","E","R","?","T","R","?","$","M","M","R","BOSS","M","?","?","$","M","E","R","M","T","M","?","M","?","M"],"items_purchased_type":["Card","Relic","Card"],"build_version":"2020-12-22","purchased_purges":2,"victory":false,"max_hp_per_floor":[77,77,77,77,77,77,77,77,77,77,77,77,77,77,77,77,77,77,77,77,77,77,77,77,77,77,77,77,77,77,77,77],"card_choices":[{"not_picked":["theMarked:Pokerface","theMarked:Overcharge","theMarked:Parry"],"picked":"SKIP","floor":1},{"not_picked":["theMarked:RepellingDischarge","theMarked:WastefulAttack"],"picked":"theMarked:AttractMetal","floor":2},{"not_picked":["theMarked:Determination","theMarked:ResourceFulStrike"],"picked":"theMarked:Challenge","floor":3},{"not_picked":["theMarked:WardOff","theMarked:ResourceFulStrike","theMarked:TwofoldDefense"],"picked":"SKIP","floor":5},{"not_picked":["theMarked:BanishingStrike","theMarked:Overcharge","theMarked:TwofoldDefense"],"picked":"SKIP","floor":6},{"not_picked":["theMarked:Improvise","theMarked:Frustration"],"picked":"theMarked:EmpowerWeapon","floor":13},{"not_picked":["theMarked:HeightenedSenses","theMarked:WastefulAttack"],"picked":"theMarked:Abjuration","floor":14},{"not_picked":["theMarked:MagusForm+1","theMarked:Challenge"],"picked":"theMarked:DispelDoubt","floor":16},{"not_picked":["theMarked:SwordAndMagic","theMarked:TwofoldDefense","theMarked:TheMission+1"],"picked":"SKIP","floor":18},{"not_picked":["theMarked:Frustration","theMarked:HeightenedSenses"],"picked":"theMarked:EmpowerWeapon","floor":22},{"not_picked":["theMarked:ChainLightning","theMarked:RepellingDischarge","theMarked:Overthink+1"],"picked":"SKIP","floor":23},{"not_picked":["theMarked:Frustration","theMarked:ResourceFulStrike","theMarked:Improvise"],"picked":"SKIP","floor":25},{"not_picked":["theMarked:SwordAndMagic","theMarked:TwofoldDefense","theMarked:ResourceFulStrike"],"picked":"SKIP","floor":27},{"not_picked":["theMarked:KeepCalmAndFight+1","theMarked:Improvise+1","theMarked:BanishingStrike+1"],"picked":"SKIP","floor":29}],"player_experience":342845,"relics_obtained":[{"floor":6,"key":"Bag of Marbles"},{"floor":9,"key":"CCEMRelics:BundleOfDynamite"},{"floor":23,"key":"Boot"},{"floor":26,"key":"MawBank"}],"event_choices":[{"damage_healed":0,"gold_gain":0,"player_choice":"Box","damage_taken":0,"relics_obtained":["Frozen Egg 2"],"max_hp_gain":0,"max_hp_loss":0,"event_name":"Big Fish","floor":8,"gold_loss":0,"cards_obtained":["Regret"]},{"damage_healed":0,"gold_gain":99,"player_choice":"Stole From Cult","damage_taken":0,"max_hp_gain":0,"max_hp_loss":0,"event_name":"Nest","floor":19,"gold_loss":0},{"damage_healed":0,"gold_gain":0,"player_choice":"Opened","damage_taken":0,"relics_obtained":["Ancient Tea Set"],"max_hp_gain":0,"max_hp_loss":0,"event_name":"The Mausoleum","floor":20,"gold_loss":0,"cards_obtained":["Writhe"]},{"damage_healed":0,"gold_gain":0,"player_choice":"Ignored","damage_taken":0,"max_hp_gain":0,"max_hp_loss":0,"event_name":"Ghosts","floor":28,"gold_loss":0}],"is_beta":false,"boss_relics":[{"not_picked":["relicPack:StarArrow","Tiny House"],"picked":"Astrolabe"}],"items_purged_floors":[4,30],"is_endless":false,"potions_floor_spawned":[3,5,6,13,14,18,27],"killed_by":"Sentry and Sphere","ascension_level":0}}