{"host":"pec1bvkeldr5yzx1","time":1611849186,"event":{"mods":["ATMod(°¢èªMod)","AchievementEnabler","Act Like it!","Aspiration","BaseMod","Better Altar","Better Match","Better Sensory Stone","Better Skull","Better Vampires","BetterRewards","Conspire","Dota2Spire","Energized Spire","Friendly Minions","GifTheSpireLib","Hubris","Minty Spire (QoL Compilation)","Replay The Spire","Spicy Shops","StSLib","Stuff the Spire","SuperFastMode","óô»ðÖ¸ÄÏ"],"gold_per_floor":[117,142,152,53,53,82,82,97,97,4,30,44,75,93,93,196,196,207,224,224,224,224,224,254,330,362,70,89,100,116,116,216,216,231,231,231,241,272,283,317,342,371,381,381,381,381,381,381,381,381,33,33,33],"floor_reached":56,"language":"ZHS","playtime":1089,"items_purged":["Sickly","StuffTheSpire:CuriosityCurse"],"score":1986,"play_id":"09aa5786-15e3-4046-8af0-8949bd48fdf5","local_time":"20210128235306","is_ascension_mode":true,"campfire_choices":[{"floor":7.0,"key":"RECALL"},{"data":"Seeing Red","floor":15.0,"key":"SMITH"},{"data":"Seeing Red","floor":23,"key":"SMITH"},{"data":"Seeing Red","floor":32,"key":"SMITH"},{"floor":49,"key":"DIG"},{"data":"Demon Form","floor":52,"key":"SMITH"}],"circlet_count":0,"master_deck":["Strike_R+1","Strike_R+1","Strike_R+1","Strike_R+1","Strike_R+1","Defend_R+1","Defend_R+1","Defend_R+1","Defend_R+1","Bash","Carnage+1","Seeing Red+1","AT_ManFootWork","Seeing Red+1","Shrug It Off","StuffTheSpire:Pyroclast","Perfected Strike","Dramatic Entrance","AT_DrawKnifeCut","Seeing Red+1","ReplayTheSpireMod:Strike From Hell","StuffTheSpire:Slingshot","Reaper","Spot Weakness","Pot Of Greed","Pot Of Greed","Pot Of Greed","hubris:StunningStrike","Rage","Pommel Strike+1","ReplayTheSpireMod:Corrosion Curse+1","Demon Form+1","Hemokinesis","Twin Strike+1","Heavy Blade","Replay:Undeath\u0027s Touch+1","Pot Of Greed","Seeing Red","Havoc+1","hubris:ReadiedAction","Pummel","ReplayTheSpireMod:Trickstab","Disarm+1","Inflame+1"],"relics":["Burning Blood","AT_ATBox","Medical Kit","MealTicket","hubris:Spice","Matryoshka","hubris:Teleporter","hubris:EmptyBottle","Dota2Spire:BladeMail","AT_BladeRuinedKing","Snack Pack","Orichalcum","energizedSpire:EnergizedDie","ReplayTheSpireMod:Ninjato","Grinning Jar","hubris:VirtuousBlindfold","ReplayTheSpireMod:Ring of Collecting","Ring of Peace","Ring of Searing","hubris:Towel","AT_RabadonDeathcap"],"acts_visited":["Exordium","TheCity","TheBeyond","TheEnding"],"potions_floor_usage":[35,35,50,50,50,55,55,55,55],"damage_taken":[{"damage":0.0,"enemies":"Small Slimes","floor":1.0,"turns":2.0},{"damage":24.0,"enemies":"conspire:MimicChest","floor":2.0,"turns":3.0},{"damage":3.0,"enemies":"2 Louse","floor":3.0,"turns":2.0},{"damage":18.0,"enemies":"Gremlin Nob","floor":6.0,"turns":4.0},{"damage":0.0,"enemies":"Cultist","floor":8.0,"turns":2.0},{"damage":33.0,"enemies":"Lagavulin","floor":11.0,"turns":4.0},{"damage":0.0,"enemies":"Blue Slaver","floor":12.0,"turns":1.0},{"damage":0.0,"enemies":"Gremlin Nob","floor":13.0,"turns":2.0},{"damage":0.0,"enemies":"Exordium Wildlife","floor":14.0,"turns":1.0},{"damage":21.0,"enemies":"The Guardian","floor":16.0,"turns":5.0},{"damage":12.0,"enemies":"conspire:FuzzyDice","floor":18.0,"turns":2.0},{"damage":19.0,"enemies":"2 Thieves","floor":20.0,"turns":3.0},{"damage":0,"enemies":"Slavers","floor":25,"turns":2},{"damage":0,"enemies":"conspire:SneckoGhost","floor":27,"turns":2},{"damage":0,"enemies":"Snake Plant","floor":29,"turns":2},{"damage":0,"enemies":"3 Cultists","floor":30,"turns":2},{"damage":0,"enemies":"Shelled Parasite and Fungi","floor":31,"turns":2},{"damage":0,"enemies":"Automaton","floor":33,"turns":4},{"damage":0,"enemies":"Orb Walker","floor":35,"turns":1},{"damage":0,"enemies":"3 Darklings","floor":39,"turns":2},{"damage":0,"enemies":"R_Hoarder","floor":40,"turns":3},{"damage":0,"enemies":"Writhing Mass","floor":41,"turns":2},{"damage":0,"enemies":"Nemesis","floor":42,"turns":1},{"damage":5,"enemies":"Giant Head","floor":44,"turns":3},{"damage":5,"enemies":"Jaw Worm Horde","floor":45,"turns":2},{"damage":33,"enemies":"Time Eater","floor":50,"turns":5},{"damage":0,"enemies":"Shield and Spear","floor":54,"turns":1},{"damage":15,"enemies":"The Heart","floor":55,"turns":5}],"seed_played":"-7464550156858519707","potions_obtained":[{"floor":2.0,"key":"Dota2Spire:Clarity"},{"floor":3.0,"key":"LiquidBronze"},{"floor":12.0,"key":"Languid Potion"},{"floor":13.0,"key":"Languid Potion"},{"floor":14.0,"key":"Dota2Spire:HealingSalve"},{"floor":20.0,"key":"Adrenaline Potion"},{"floor":25,"key":"BloodPotion"},{"floor":35,"key":"Fruit Juice"},{"floor":40,"key":"Elixir"},{"floor":54,"key":"LifebloodPotion"}],"is_trial":false,"path_per_floor":["M","?","M","$","?","E","R","M","T","$","E","M","E","M","R","B",null,"M","M","?","T","R","?","E","T","E","$","M","M","M","R","B",null,"M","?","?","M","E","M","E","T","E","M","?","?","?","R","B",null,"R","$","E","B",null],"character_chosen":"IRONCLAD","items_purchased":["Medical Kit","MealTicket","Carnage+1","Matryoshka","hubris:EmptyBottle","Shrug It Off","Dramatic Entrance","hubris:Spice","hubris:StunningStrike","Pummel","ReplayTheSpireMod:Trickstab","Disarm+1"],"campfire_rested":0,"item_purchase_floors":[0,0,0,0,4,4,10,28,28,53,53,53],"current_hp_per_floor":[50,32,35,50,50,46,46,52,52,67,44,52,60,68,68,59,81,79,66,66,64,64,67,59,59,59,51,51,51,51,51,51,51,61,61,61,61,53,53,45,37,37,37,29,29,29,21,18,20,20,21,21,18],"gold":33,"neow_bonus":"","is_daily":false,"chose_seed":false,"campfire_upgraded":4,"win_rate":0.0,"timestamp":1611849186,"path_taken":["M","?","M","$","?","E","R","M","T","$","E","M","E","M","R","BOSS","M","?","?","?","R","?","E","T","E","?","M","M","M","R","BOSS","M","?","?","?","E","M","E","T","E","M","?","?","?","R","BOSS","R","$","E","BOSS"],"items_purchased_type":["Relic","Relic","Card","Relic","Relic","Card","Card","Relic","Card","Card","Card","Card"],"build_version":"2020-12-22","purchased_purges":2,"victory":true,"max_hp_per_floor":[88,88,88,88,88,96,96,96,96,96,96,96,88,88,88,88,88,80,72,72,64,64,67,59,59,59,51,51,51,51,51,51,51,61,61,61,61,53,53,45,37,37,37,29,29,29,21,21,21,21,21,21,21],"card_choices":[{"not_picked":["Rupture","Run Through"],"picked":"Seeing Red","floor":1.0},{"not_picked":["Havoc","Body Slam"],"picked":"AT_ManFootWork","floor":2.0},{"not_picked":["AT_BodySlamDance","Run Through"],"picked":"Seeing Red","floor":3.0},{"not_picked":["Havoc","Reckless Charge"],"picked":"StuffTheSpire:Pyroclast","floor":6.0},{"not_picked":["Clothesline","Carnage"],"picked":"Perfected Strike","floor":8.0},{"not_picked":["Twin Strike","Heavy Blade"],"picked":"AT_DrawKnifeCut","floor":11.0},{"not_picked":["Brutality","Headbutt"],"picked":"Seeing Red","floor":12.0},{"not_picked":["ReplayTheSpireMod:Corrosion Curse","Rampage"],"picked":"ReplayTheSpireMod:Strike From Hell","floor":13.0},{"not_picked":["True Grit","ReplayReversal"],"picked":"StuffTheSpire:Slingshot","floor":14.0},{"not_picked":["conspire:Purge","Immolate"],"picked":"Reaper","floor":16.0},{"not_picked":["Metallicize","StuffTheSpire:Incineration"],"picked":"hubris:SpiceAddiction","floor":18.0},{"not_picked":["Iron Wave","ReplayTheSpireMod:Strike From Hell"],"picked":"hubris:SpiceAddiction","floor":20.0},{"not_picked":["hubris:SpiceAddiction","hubris:SpiceAddiction"],"picked":"Spot Weakness","floor":25},{"not_picked":["True Grit+1","StuffTheSpire:Incineration+1"],"picked":"Fire Breathing+1","floor":27},{"not_picked":["hubris:SpiceAddiction","ReplayTheSpireMod:LeadingStrike"],"picked":"Rage","floor":29},{"not_picked":["Impervious","Run Through+1"],"picked":"Pommel Strike+1","floor":30},{"not_picked":["hubris:SpiceAddiction","hubris:SpiceAddiction"],"picked":"ReplayTheSpireMod:Corrosion Curse+1","floor":31},{"not_picked":["Eclipse","hubris:SpiceAddiction"],"picked":"Demon Form","floor":33},{"not_picked":["Carnage","StuffTheSpire:Incineration"],"picked":"Hemokinesis","floor":35},{"not_picked":["Iron Wave","True Grit+1"],"picked":"Twin Strike+1","floor":39},{"not_picked":["Metallicize","Body Slam+1"],"picked":"Heavy Blade","floor":40},{"not_picked":["Body Slam+1","hubris:SpiceAddiction"],"picked":"Replay:Undeath\u0027s Touch+1","floor":41},{"not_picked":["hubris:SpiceAddiction","Dual Wield"],"picked":"Seeing Red","floor":42},{"not_picked":["Combust","Dual Wield"],"picked":"Havoc+1","floor":44},{"not_picked":["Replay:Many Hands","hubris:SpiceAddiction"],"picked":"hubris:ReadiedAction","floor":45},{"not_picked":["StuffTheSpire:Slingshot+1","Iron Wave+1"],"picked":"Inflame+1","floor":54}],"player_experience":116543,"relics_obtained":[{"floor":2.0,"key":"hubris:Teleporter"},{"floor":6.0,"key":"hubris:Spice"},{"floor":9.0,"key":"AT_BladeRuinedKing"},{"floor":9.0,"key":"Snack Pack"},{"floor":11.0,"key":"Orichalcum"},{"floor":13.0,"key":"hubris:Spice"},{"floor":22,"key":"hubris:Spice"},{"floor":22,"key":"ReplayTheSpireMod:Ninjato"},{"floor":25,"key":"hubris:Spice"},{"floor":27,"key":"Grinning Jar"},{"floor":36,"key":"ReplayTheSpireMod:Ring of Collecting"},{"floor":36,"key":"Ring of Peace"},{"floor":40,"key":"hubris:Spice"},{"floor":42,"key":"hubris:Spice"},{"floor":43,"key":"Ring of Searing"},{"floor":43,"key":"hubris:Spice"},{"floor":49,"key":"hubris:Spice"},{"floor":54,"key":"AT_RabadonDeathcap"}],"event_choices":[{"damage_healed":0.0,"max_hp_gain":0.0,"max_hp_loss":0.0,"gold_gain":0.0,"event_name":"WeMeetAgain","player_choice":"Gave Potion","floor":5.0,"gold_loss":0.0,"damage_taken":0.0,"relics_obtained":["Dota2Spire:BladeMail"]},{"damage_healed":0,"gold_gain":0,"player_choice":"Simplicity","damage_taken":0,"max_hp_gain":0,"max_hp_loss":0,"event_name":"Back to Basics","floor":21,"gold_loss":0,"cards_upgraded":["Strike_R","Strike_R","Strike_R","Strike_R","Strike_R","Defend_R","Defend_R","Defend_R","Defend_R"]},{"cards_removed":["Pain"],"damage_healed":0,"gold_gain":0,"player_choice":"Purged","damage_taken":0,"max_hp_gain":0,"max_hp_loss":0,"event_name":"Purifier","floor":37,"gold_loss":0},{"cards_removed":["Fire Breathing"],"damage_healed":0,"gold_gain":0,"player_choice":"Removed Power","damage_taken":0,"max_hp_gain":0,"max_hp_loss":0,"event_name":"Falling","floor":48,"gold_loss":0}],"is_beta":false,"boss_relics":[{"not_picked":["hubris:Spice","hubris:Spice"],"picked":"energizedSpire:EnergizedDie"},{"not_picked":["conspire:SpecialSausage","hubris:Spice"],"picked":"hubris:VirtuousBlindfold"}],"items_purged_floors":[28,53],"is_endless":false,"potions_floor_spawned":[2,3,12,13,14,18,20,25,33,35,40,44,45,54],"ascension_level":7}}