{"host":"owfagvjreo3l000m","time":1611848261,"event":{"mods":["BaseMod","Downfall","Hermit","Hubris","Minty Spire (QoL Compilation)","Replay The Spire","StSLib","The Cursed","The Disciple","The Necromancer","The Runesmith","The Witch"],"gold_per_floor":[99,99,109,109,126,126,126,157,171,204,204,354,366,29,47,147,147,147,159,169,169,131,166,166,166,79,112,112,127,27,39,58,155,155,155,167,179,199,217,229,229,32,32,70,70,99,99,118,130,130,130,130],"floor_reached":50,"language":"ENG","playtime":4135,"items_purged":["Guardian:Strike_Guardian"],"score":599,"play_id":"6bb1ff7a-43cf-46d1-91c1-f845515392f2","local_time":"20210128103741","is_ascension_mode":false,"campfire_choices":[{"data":"Jack Of All Trades","floor":1,"key":"SMITH"},{"data":"Guardian:CurlUp","floor":6,"key":"SMITH"},{"data":"Guardian:StasisField","floor":11,"key":"SMITH"},{"data":"Guardian:SentryBeam","floor":18,"key":"SMITH"},{"data":"expansioncontent:DashGenerateEvil","floor":25,"key":"SMITH"},{"data":"Guardian:RefractedBeam","floor":30,"key":"SMITH"},{"data":"Guardian:RefractedBeam+1","floor":35,"key":"SMITH"},{"data":"Guardian:RefractedBeam+2","floor":45,"key":"SMITH"},{"data":"Guardian:RefractedBeam+3","floor":47,"key":"SMITH"}],"circlet_count":0,"master_deck":["Guardian:Strike_Guardian","Guardian:Defend_Guardian","Guardian:Defend_Guardian","Guardian:Defend_Guardian","Guardian:CurlUp+1","Guardian:TwinSlam+1","Jack Of All Trades+1","Guardian:ChargeCore","Guardian:StasisField+1","Guardian:Planning","Guardian:PrimingBeam","expansioncontent:DashGenerateEvil+1","Guardian:SentryBeam+1","Guardian:ShieldCharger","Guardian:WalkerClaw","Guardian:DecasProtection","Guardian:BronzeArmor+1","Guardian:FloatingOrbs","Guardian:Incinerate","Guardian:RefractedBeam+4","Guardian:PiercingHide","Guardian:CrystalBeam","Guardian:ShieldSpikes","Guardian:SphericShield","Guardian:BodySlam+1","Guardian:TemporalStrike","Guardian:SpikerProtocol+1","Guardian:PrimingBeam+1","Guardian:Clone+1","Apotheosis","Guardian:TemporalStrike+1","expansioncontent:DashGenerateEvil+1","Guardian:TemporalStrike+1","Guardian:RevengeProtocol","Guardian:TemporalShield"],"relics":["Guardian:ModeShifter","MealTicket","HornCleat","Snecko Heart","Art of War","Onion Ring","Pen Nib","downfall:HeartBlessingGreen","Empty Cage","Molten Egg 2","hubris:Towel","hubris:SlimyHat","Pet Ghost"],"acts_visited":["Exordium","TheCity","TheBeyond"],"potions_floor_usage":[15,27,50,50],"damage_taken":[{"damage":7,"enemies":"Jaw Worm","floor":3,"turns":5},{"damage":1,"enemies":"Cultist","floor":5,"turns":3},{"damage":13,"enemies":"3 Sentries","floor":8,"turns":12},{"damage":2,"enemies":"2 Louse","floor":9,"turns":3},{"damage":26,"enemies":"Gremlin Nob","floor":10,"turns":6},{"damage":14,"enemies":"Exordium Thugs","floor":13,"turns":7},{"damage":0,"enemies":"downfall:FleeingMerchant","floor":14,"turns":4},{"damage":0,"enemies":"3 Louse","floor":15,"turns":2},{"damage":27,"enemies":"WA_ARCHETYPE_RETAIN","floor":16,"turns":13},{"damage":0,"enemies":"Spheric Guardian","floor":19,"turns":5},{"damage":12,"enemies":"Centurion and Healer","floor":20,"turns":7},{"damage":0,"enemies":"downfall:FleeingMerchant","floor":22,"turns":4},{"damage":19,"enemies":"Slavers","floor":23,"turns":9},{"damage":0,"enemies":"downfall:FleeingMerchant","floor":26,"turns":4},{"damage":58,"enemies":"Gremlin Leader","floor":27,"turns":8},{"damage":0,"enemies":"Snecko","floor":29,"turns":4},{"damage":0,"enemies":"3 Cultists","floor":31,"turns":4},{"damage":8,"enemies":"Shelled Parasite and Fungi","floor":32,"turns":3},{"damage":32,"enemies":"SI_MIRROR_ARCHETYPE","floor":33,"turns":8},{"damage":14,"enemies":"3 Shapes","floor":36,"turns":6},{"damage":5,"enemies":"Orb Walker","floor":37,"turns":2},{"damage":7,"enemies":"3 Darklings","floor":38,"turns":4},{"damage":3,"enemies":"Jaw Worm Horde","floor":39,"turns":3},{"damage":12,"enemies":"Sphere and 2 Shapes","floor":40,"turns":5},{"damage":0,"enemies":"downfall:FleeingMerchant","floor":42,"turns":4},{"damage":0,"enemies":"downfall:FleeingMerchant","floor":44,"turns":2},{"damage":8,"enemies":"Nemesis","floor":46,"turns":7},{"damage":0,"enemies":"Writhing Mass","floor":48,"turns":4},{"damage":0,"enemies":"Jaw Worm Horde","floor":49,"turns":4},{"damage":118,"enemies":"IC_BLOCK_ARCHETYPE","floor":50,"turns":4}],"seed_played":"6561231421987885019","potions_obtained":[{"floor":10,"key":"Strength Potion"},{"floor":13,"key":"Explosive Potion"},{"floor":15,"key":"Milkshake"},{"floor":20,"key":"BlessingOfTheForge"},{"floor":27,"key":"Dexterity Potion"}],"is_trial":false,"path_per_floor":["R","?","M","?","M","R","T","E","M","E","R","?","M","$","M","B",null,"R","M","M","?","$","E","T","R","$","E","?","M","R","M","M","B",null,"R","M","M","M","M","M","T","$","?","$","R","E","R","M","M","B"],"character_chosen":"GUARDIAN","items_purchased":["expansioncontent:DashGenerateEvil","Guardian:SentryBeam","Guardian:Gem_Red","Guardian:RefractedBeam","Apotheosis","expansioncontent:DashGenerateEvil+1","hubris:SlimyHat"],"campfire_rested":0,"item_purchase_floors":[14,14,22,26,42,44,44],"current_hp_per_floor":[80,80,73,73,72,72,72,59,57,31,31,31,17,32,32,5,80,80,80,68,68,80,61,61,61,76,18,44,44,44,44,36,4,80,80,66,61,54,51,39,39,54,54,69,69,61,61,61,61,0,0,0],"gold":130,"neow_bonus":"RANDOM_COLORLESS","is_daily":false,"chose_seed":false,"campfire_upgraded":9,"win_rate":0.0,"timestamp":1611848261,"path_taken":["R","?","M","?","?","R","T","E","M","E","R","?","?","$","M","BOSS","R","M","?","?","$","E","T","R","?","E","?","M","R","?","M","BOSS","R","M","M","M","M","M","T","$","?","$","R","E","R","M","M","BOSS"],"items_purchased_type":["Card","Card","Card","Card","Card","Card","Relic"],"build_version":"2020-12-22","purchased_purges":1,"victory":false,"max_hp_per_floor":[80,80,80,80,80,80,80,80,80,80,80,80,80,80,80,80,80,80,80,80,80,80,80,80,80,80,80,80,80,80,80,80,80,80,80,80,80,80,80,80,80,80,80,80,80,80,80,80,80,80,80,80],"card_choices":[{"not_picked":["Replay:Bootleg Shield Generator","Panacea"],"picked":"Jack Of All Trades","floor":0},{"not_picked":["Guardian:Recover","Guardian:DonusPower"],"picked":"Guardian:Gem_Blue","floor":3},{"not_picked":["Guardian:RollAttack","Guardian:Planning"],"picked":"Guardian:Gem_Cyan","floor":5},{"not_picked":["Guardian:Incinerate","Guardian:Planning"],"picked":"Guardian:Gem_Synthetic","floor":8},{"not_picked":["Guardian:TemporalStrike","Guardian:EvasiveProtocol"],"picked":"Guardian:ChargeCore","floor":9},{"not_picked":["Guardian:WalkerClaw","Guardian:Gem_Red"],"picked":"Guardian:StasisField","floor":10},{"not_picked":["Guardian:Gem_Cyan","Guardian:Harden"],"picked":"Guardian:Planning","floor":13},{"not_picked":["Guardian:Gem_Blue","Guardian:BronzeArmor"],"picked":"Guardian:PrimingBeam","floor":14},{"not_picked":["Guardian:Emergency","Guardian:TemporalStrike"],"picked":"Guardian:ShieldCharger","floor":15},{"not_picked":["Guardian:ConstructionForm","Guardian:Gem_Synthetic"],"picked":"Guardian:Gem_Orange","floor":16},{"not_picked":["Guardian:ShieldSpikes","Guardian:VentSteam"],"picked":"Guardian:WalkerClaw","floor":19},{"not_picked":["Guardian:ShieldCharger","Guardian:Suspension"],"picked":"Guardian:DecasProtection","floor":20},{"not_picked":["Guardian:Recover","Guardian:VentSteam"],"picked":"Guardian:BronzeArmor+1","floor":22},{"not_picked":["Guardian:ShieldCharger+1","Guardian:Gem_Synthetic"],"picked":"Guardian:FloatingOrbs","floor":23},{"not_picked":["Guardian:Preprogram+1","Guardian:ChargeCore"],"picked":"Guardian:Incinerate","floor":26},{"not_picked":["Guardian:Suspension+1","Guardian:VentSteam"],"picked":"Guardian:PiercingHide","floor":27},{"not_picked":["Guardian:ArmoredProtocol","Guardian:TemporalShield"],"picked":"Guardian:CrystalBeam","floor":29},{"not_picked":["Guardian:Planning","Guardian:VentSteam+1"],"picked":"Guardian:ShieldSpikes","floor":31},{"not_picked":["Guardian:Planning","Guardian:BronzeArmor","Guardian:ChargeCore"],"picked":"SKIP","floor":32},{"not_picked":["Guardian:StasisStrike","Guardian:Gem_Synthetic"],"picked":"Guardian:SphericShield","floor":33},{"not_picked":["Guardian:Preprogram+1","Guardian:Planning+1"],"picked":"Guardian:BodySlam+1","floor":36},{"not_picked":["Guardian:Gem_Lightblue","Guardian:PiercingHide"],"picked":"Guardian:Gem_Green","floor":37},{"not_picked":["Guardian:Gem_Cyan","Guardian:Gem_Red"],"picked":"Guardian:TemporalStrike","floor":38},{"not_picked":["Guardian:Gem_Fragmented","Guardian:CrystalBeam"],"picked":"Guardian:SpikerProtocol+1","floor":39},{"not_picked":["Guardian:Planning+1","Guardian:VentSteam"],"picked":"Guardian:PrimingBeam+1","floor":40},{"not_picked":["Guardian:RollAttack+1","Guardian:Gem_Lightblue"],"picked":"Guardian:Clone+1","floor":42},{"not_picked":["Guardian:RollAttack+1","Guardian:AncientConstruct"],"picked":"Guardian:TemporalStrike+1","floor":44},{"not_picked":["Guardian:RollAttack+1","Guardian:SpikerProtocol"],"picked":"Guardian:TemporalStrike+1","floor":46},{"not_picked":["Guardian:Planning","Guardian:WalkerClaw+1"],"picked":"Guardian:RevengeProtocol","floor":48},{"not_picked":["Guardian:Recover","Guardian:PrimingBeam+1"],"picked":"Guardian:TemporalShield","floor":49}],"player_experience":625262,"relics_obtained":[{"floor":7,"key":"Ornamental Fan"},{"floor":8,"key":"MealTicket"},{"floor":10,"key":"HornCleat"},{"floor":23,"key":"Art of War"},{"floor":24,"key":"Onion Ring"},{"floor":27,"key":"Pen Nib"},{"floor":41,"key":"Molten Egg 2"},{"floor":46,"key":"Pet Ghost"}],"event_choices":[{"damage_healed":26,"gold_gain":0,"player_choice":"Heal","damage_taken":0,"max_hp_gain":0,"max_hp_loss":0,"event_name":"The Library","floor":28,"gold_loss":0}],"is_beta":false,"boss_relics":[{"not_picked":["Guardian:StasisSlotReductionRelic","ReplayTheSpireMod:DimensionalGlitch"],"picked":"Snecko Heart"},{"not_picked":["Cursed Key","Coffee Dripper"],"picked":"Empty Cage"}],"items_purged_floors":[14],"is_endless":false,"potions_floor_spawned":[10,13,15,20,27,29,32,37,38,39,48,49],"killed_by":"IC_BLOCK_ARCHETYPE","ascension_level":0}}