{"host":"osk2oboccoevp2u5","time":1611804677,"event":{"mods":["AchievementEnabler","Alarm Clock","BaseMod","Colored Powertips","Disable Question Mark Monsters","Displayed Cursed Tome","Hermit","Key Reminder","Minty Spire (QoL Compilation)","Potion Indicator Mod","Quick Restart","Rare Cards Sparkle","Reorder Act Four","StSLib","Useless Jewels Mod"],"gold_per_floor":[113,129,31,46,56,81,81,156,182,182,182,182,22,49,49,145,145,161,175,450,462,487,487,521,535,535,23,36,36,36,36,36],"floor_reached":31,"language":"ENG","playtime":3225,"items_purged":["hermit:Strike_Hermit"],"score":289,"play_id":"f1b7ccf4-9e2e-472b-aabf-ea0c8ac37013","local_time":"20210127233117","is_ascension_mode":true,"campfire_choices":[{"floor":7,"key":"REST"},{"data":"hermit:Ricochet","floor":10,"key":"SMITH"},{"floor":15,"key":"REST"},{"floor":23,"key":"REST"}],"circlet_count":0,"master_deck":["hermit:Strike_Hermit","hermit:Strike_Hermit","hermit:Strike_Hermit","hermit:Defend_Hermit","hermit:Defend_Hermit","hermit:Defend_Hermit","hermit:Defend_Hermit","hermit:Snapshot","hermit:Covet","hermit:Manifest","hermit:Snipe","hermit:Coalescence","hermit:ItchyTrigger","hermit:Ricochet+1","hermit:BigShot","hermit:Cheat","Regret","hermit:Determination","hermit:Determination","hermit:Determination","hermit:Glare","Dark Shackles","hermit:Deadeye+1"],"relics":["hermit:Momento","Vajra","Art of War","Strawberry","Nunchaku","hermit:RyeStalk","hermit:BartenderGlass","Red Mask","Dream Catcher","Bottled Tornado","Sling","Tiny Chest"],"acts_visited":["Exordium","TheCity"],"potions_floor_usage":[6,18,18,18,19,19,19,21,21,22,22,22,22,24,24,24,25,25,28,28,29,31,31],"damage_taken":[{"damage":5,"enemies":"Small Slimes","floor":1,"turns":4},{"damage":4,"enemies":"Jaw Worm","floor":2,"turns":4},{"damage":0,"enemies":"Cultist","floor":4,"turns":3},{"damage":1,"enemies":"Red Slaver","floor":5,"turns":6},{"damage":29,"enemies":"3 Sentries","floor":6,"turns":12},{"damage":32,"enemies":"Lagavulin","floor":14,"turns":8},{"damage":99,"enemies":"The Guardian","floor":16,"turns":13},{"damage":67,"enemies":"3 Byrds","floor":18,"turns":8},{"damage":1,"enemies":"Shell Parasite","floor":19,"turns":4},{"damage":84,"enemies":"3 Cultists","floor":21,"turns":9},{"damage":24,"enemies":"Masked Bandits","floor":22,"turns":4},{"damage":41,"enemies":"Book of Stabbing","floor":24,"turns":5},{"damage":28,"enemies":"Snecko","floor":25,"turns":5},{"damage":37,"enemies":"Centurion and Healer","floor":28,"turns":6},{"damage":40,"enemies":"Colosseum Slavers","floor":29,"turns":5},{"damage":9,"enemies":"3 Cultists","floor":31,"turns":3}],"seed_played":"-5074076556764051274","potions_obtained":[{"floor":1,"key":"Regen Potion"},{"floor":16,"key":"ColorlessPotion"},{"floor":19,"key":"Weak Potion"},{"floor":21,"key":"LiquidMemories"},{"floor":22,"key":"BlessingOfTheForge"},{"floor":24,"key":"BlessingOfTheForge"}],"is_trial":false,"path_per_floor":["M","M","$","M","M","E","R","?","T","R","?","?","$","E","R","B",null,"M","M","?","M","?","R","E","M","T","$","M","?","?","M"],"character_chosen":"HERMIT","items_purchased":["hermit:Coalescence","Explosive Potion","hermit:BigShot","hermit:Cheat","Sling","Tiny Chest","hermit:Determination","hermit:Glare","Dark Shackles"],"campfire_rested":3,"item_purchase_floors":[3,13,13,13,27,27,27,27,27],"current_hp_per_floor":[70,66,66,66,65,51,73,62,69,69,51,56,56,24,48,28,82,15,14,14,68,44,68,27,72,72,72,35,9,9,0,0],"gold":36,"neow_bonus":"RANDOM_COMMON_RELIC","is_daily":false,"chose_seed":false,"campfire_upgraded":1,"win_rate":0.0,"timestamp":1611804677,"path_taken":["M","M","$","M","M","E","R","?","T","R","?","?","$","E","R","BOSS","M","M","?","?","?","R","E","M","T","$","M","?","?","M"],"items_purchased_type":["Card","Potion","Card","Card","Relic","Relic","Card","Card","Card"],"build_version":"2020-12-22","purchased_purges":1,"victory":false,"max_hp_per_floor":[75,75,75,75,75,75,75,75,82,82,82,82,82,82,82,82,82,82,82,82,82,82,82,82,82,82,82,82,82,82,82,82],"card_choices":[{"not_picked":["hermit:Showdown","hermit:Deadeye"],"picked":"hermit:Manifest","floor":1},{"not_picked":["hermit:LoneWolf","hermit:SprayPray"],"picked":"hermit:Snipe","floor":2},{"not_picked":["hermit:HighCaliber","hermit:Horror"],"picked":"hermit:ItchyTrigger","floor":4},{"not_picked":["hermit:Gestalt","hermit:WideOpen"],"picked":"hermit:CalledShot","floor":5},{"not_picked":["hermit:FatalDesire","hermit:GoldenBullet"],"picked":"hermit:Ricochet","floor":6},{"not_picked":["hermit:Quickdraw","hermit:CalledShot","hermit:TrackingShot"],"picked":"SKIP","floor":14},{"not_picked":["hermit:Dive","hermit:Glare","hermit:Enervate"],"picked":"SKIP","floor":18},{"not_picked":["hermit:Enervate+1","hermit:HoleUp","hermit:FullyLoaded"],"picked":"SKIP","floor":19},{"not_picked":["hermit:Snipe+1","hermit:Headshot","hermit:Dive"],"picked":"SKIP","floor":21},{"not_picked":["hermit:Spite","hermit:Misfire"],"picked":"hermit:Determination","floor":22},{"not_picked":["hermit:NoHoldsBarred","hermit:Coalescence+1","hermit:Deadeye"],"picked":"SKIP","floor":24},{"not_picked":["hermit:Desperado","hermit:Quickdraw"],"picked":"hermit:Determination","floor":25},{"not_picked":["hermit:EyeOfTheStorm+1","hermit:TakeCover"],"picked":"hermit:Deadeye+1","floor":28}],"player_experience":932616,"relics_obtained":[{"floor":6,"key":"Art of War"},{"floor":9,"key":"Strawberry"},{"floor":14,"key":"hermit:RyeStalk"},{"floor":22,"key":"Red Mask"},{"floor":24,"key":"Dream Catcher"},{"floor":26,"key":"Bottled Tornado"}],"event_choices":[{"damage_healed":0,"gold_gain":75,"player_choice":"Gather Gold","damage_taken":11,"max_hp_gain":0,"max_hp_loss":0,"event_name":"World of Goop","floor":8,"gold_loss":0},{"damage_healed":0,"gold_gain":0,"player_choice":"Success","damage_taken":18,"relics_obtained":["Nunchaku"],"max_hp_gain":0,"max_hp_loss":0,"event_name":"Scrap Ooze","floor":11,"gold_loss":0},{"cards_removed":["hermit:CalledShot"],"damage_healed":5,"gold_gain":0,"player_choice":"Offered Common","damage_taken":0,"max_hp_gain":0,"max_hp_loss":0,"event_name":"Bonfire Elementals","floor":12,"gold_loss":0},{"cards_removed":["hermit:CalledShot"],"damage_healed":5,"gold_gain":0,"player_choice":"Offered Special","damage_taken":0,"max_hp_gain":0,"max_hp_loss":0,"event_name":"Bonfire Elementals","floor":12,"gold_loss":0},{"damage_healed":0,"gold_gain":275,"player_choice":"Desecrate","damage_taken":0,"max_hp_gain":0,"max_hp_loss":0,"event_name":"Golden Shrine","floor":20,"gold_loss":0,"cards_obtained":["Regret"]},{"damage_healed":0,"gold_gain":0,"player_choice":"Fought Bandits","damage_taken":0,"max_hp_gain":0,"max_hp_loss":0,"event_name":"Masked Bandits","floor":22,"gold_loss":0},{"damage_healed":0,"gold_gain":0,"player_choice":"Fight","damage_taken":0,"max_hp_gain":0,"max_hp_loss":0,"event_name":"Colosseum","floor":29,"gold_loss":0},{"damage_healed":0,"gold_gain":0,"player_choice":"Fled From Nobs","damage_taken":0,"max_hp_gain":0,"max_hp_loss":0,"event_name":"Colosseum","floor":29,"gold_loss":0},{"damage_healed":0,"gold_gain":0,"player_choice":"Ignored","damage_taken":0,"max_hp_gain":0,"max_hp_loss":0,"event_name":"Ghosts","floor":30,"gold_loss":0}],"is_beta":false,"boss_relics":[{"not_picked":["Pandora\u0027s Box","Philosopher\u0027s Stone"],"picked":"hermit:BartenderGlass"}],"items_purged_floors":[3],"is_endless":false,"potions_floor_spawned":[1,16,19,21,22,24,29],"killed_by":"3 Cultists","ascension_level":2}}