{"host":"dztixnx9b0gu6w9i","time":1611793142,"event":{"mods":["BaseMod","Bestiary","Minty Spire (QoL Compilation)","Relic Stats","Slay the Relics Exporter","SpireBot","ojb\u0027s Better Paths Mod","ojb\u0027s Info Mod"],"gold_per_floor":[117,167,187,198,208,236,236,236,284,323,323,354,354,370,370,464,464,484,399,420,443,206,206,247,247,247,287,311,327,71,102,102,195,195,217,160,179,179,215,257,102,102,153,200,219,259,298,321,321,321,321,321,321,39,75,75],"floor_reached":57,"language":"ENG","playtime":15321,"items_purged":["Defend_P"],"score":3636,"play_id":"d10d74cc-b354-42d1-86e9-ae951b21597f","local_time":"20210127191902","is_ascension_mode":true,"campfire_choices":[{"data":"Eruption","floor":11,"key":"SMITH"},{"data":"Conclude","floor":15,"key":"SMITH"},{"data":"Vault","floor":23,"key":"SMITH"},{"floor":25,"key":"DIG"},{"floor":32,"key":"DIG"},{"floor":42,"key":"RECALL"},{"data":"CrushJoints","floor":49,"key":"SMITH"},{"floor":53,"key":"DIG"}],"circlet_count":0,"master_deck":["AscendersBane","Strike_P","Strike_P+1","Strike_P+1","Defend_P+1","Eruption+1","Vigilance+1","FollowUp+1","Conclude+1","FollowUp+1","BowlingBash+1","Blasphemy+1","Vault+1","TalkToTheHand+1","Tantrum+1","LessonLearned+1","Meditate+1","EmptyBody+1","TalkToTheHand+1","EmptyMind","Finesse+1","ReachHeaven+1","Worship+1","ThirdEye+1","Parasite","Halt+1","ClearTheMind+1","TalkToTheHand+1","CrushJoints+1","Wireheading","TalkToTheHand+1","FearNoEvil"],"relics":["Runic Pyramid","Blue Candle","Golden Idol","Bag of Preparation","Toy Ornithopter","Mercury Hourglass","Orichalcum","Runic Dome","Shovel","Kunai","War Paint","Gremlin Horn","Matryoshka","Frozen Eye","Bottled Lightning","CeramicFish","Darkstone Periapt","DollysMirror","Pear","Bag of Marbles","PreservedInsect","CloakClasp","Potion Belt","StrikeDummy","ClockworkSouvenir","Sundial"],"acts_visited":["Exordium","TheCity","TheBeyond","TheEnding"],"potions_floor_usage":[28,29,39,50,56,56,56,56],"damage_taken":[{"damage":4,"enemies":"2 Louse","floor":1,"turns":4},{"damage":0,"enemies":"Cultist","floor":3,"turns":4},{"damage":5,"enemies":"Small Slimes","floor":4,"turns":2},{"damage":1,"enemies":"Looter","floor":5,"turns":2},{"damage":0,"enemies":"Lagavulin","floor":6,"turns":4},{"damage":2,"enemies":"Gremlin Nob","floor":10,"turns":3},{"damage":0,"enemies":"3 Sentries","floor":12,"turns":2},{"damage":0,"enemies":"Blue Slaver","floor":14,"turns":2},{"damage":0,"enemies":"Slime Boss","floor":16,"turns":3},{"damage":0,"enemies":"3 Byrds","floor":18,"turns":3},{"damage":0,"enemies":"Chosen","floor":20,"turns":2},{"damage":0,"enemies":"Slavers","floor":24,"turns":2},{"damage":0,"enemies":"Gremlin Leader","floor":27,"turns":3},{"damage":3,"enemies":"Shelled Parasite and Fungi","floor":28,"turns":3},{"damage":0,"enemies":"Snake Plant","floor":29,"turns":4},{"damage":0,"enemies":"Book of Stabbing","floor":31,"turns":4},{"damage":3,"enemies":"Automaton","floor":33,"turns":6},{"damage":0,"enemies":"Orb Walker","floor":35,"turns":2},{"damage":6,"enemies":"3 Shapes","floor":37,"turns":4},{"damage":0,"enemies":"Writhing Mass","floor":39,"turns":5},{"damage":0,"enemies":"Nemesis","floor":40,"turns":6},{"damage":1,"enemies":"Giant Head","floor":44,"turns":8},{"damage":0,"enemies":"3 Darklings","floor":45,"turns":3},{"damage":1,"enemies":"Mind Bloom Boss Battle","floor":46,"turns":5},{"damage":5,"enemies":"Nemesis","floor":47,"turns":6},{"damage":0,"enemies":"Spire Growth","floor":48,"turns":3},{"damage":2,"enemies":"Time Eater","floor":50,"turns":8},{"damage":1,"enemies":"Awakened One","floor":51,"turns":11},{"damage":0,"enemies":"Shield and Spear","floor":55,"turns":3},{"damage":6,"enemies":"The Heart","floor":56,"turns":10}],"seed_played":"-2885838472272043858","potions_obtained":[{"floor":5,"key":"AttackPotion"},{"floor":6,"key":"GamblersBrew"},{"floor":12,"key":"StancePotion"},{"floor":14,"key":"Block Potion"},{"floor":28,"key":"EssenceOfSteel"},{"floor":29,"key":"Weak Potion"},{"floor":40,"key":"Ambrosia"},{"floor":47,"key":"PowerPotion"},{"floor":48,"key":"ColorlessPotion"}],"is_trial":false,"path_per_floor":["M","?","M","M","M","E","?","?","T","E","R","E","T","M","R","B",null,"M","?","M","T","$","R","E","R","T","E","M","M","$","E","R","B",null,"M","?","M","?","M","E","$","R","T","E","M","?","E","M","R","B","B",null,"R","$","E","B",null],"character_chosen":"WATCHER","items_purchased":["LessonLearned","Meditate","Frozen Eye","Finesse","DollysMirror","FearNoEvil","ClockworkSouvenir","PowerPotion"],"campfire_rested":0,"item_purchase_floors":[22,22,30,30,41,54,54,54],"current_hp_per_floor":[57,57,57,52,51,51,51,51,51,49,49,49,49,49,49,49,59,59,59,59,59,59,59,59,59,59,59,59,62,62,62,62,59,61,61,61,55,55,60,60,60,60,70,69,69,68,63,63,63,66,65,70,70,70,70,72],"gold":75,"neow_bonus":"BOSS_RELIC","is_daily":false,"chose_seed":false,"campfire_upgraded":4,"win_rate":0.0,"timestamp":1611793142,"path_taken":["M","?","M","M","?","E","?","?","T","E","R","E","?","?","R","BOSS","M","?","M","?","$","R","E","R","T","E","M","?","$","E","R","BOSS","M","?","?","?","M","E","$","R","T","E","?","?","E","M","R","BOSS","BOSS","R","$","E","BOSS"],"items_purchased_type":["Card","Card","Relic","Card","Relic","Card","Relic","Potion"],"build_version":"2020-12-22","purchased_purges":1,"victory":true,"max_hp_per_floor":[68,68,68,68,68,68,62,62,62,62,62,62,62,62,62,62,62,62,62,62,62,62,62,62,62,62,62,62,62,62,62,62,62,62,62,62,62,62,62,62,62,62,72,72,72,72,72,72,72,72,72,72,72,72,72,72],"relic_stats":{"Darkstone Periapt":0,"Gremlin Horn":[11,11],"counters":[30,127],"Golden Idol":202,"Blue Candle":[6],"CeramicFish":99,"PreservedInsect":127,"Bag of Preparation":[50],"CloakClasp":[171],"Orichalcum":[96],"War Paint":["EmptyBody","Defend_P"],"Mercury Hourglass":[416],"Shovel":3,"Sundial":[0],"Kunai":[62],"obtain_stats":[{"Darkstone Periapt":40,"Gremlin Horn":26,"CeramicFish":32,"Bag of Preparation":9,"CloakClasp":46,"ClockworkSouvenir":54,"Frozen Eye":30,"Shovel":19,"Matryoshka":27,"DollysMirror":41,"Sundial":55,"Kunai":24,"Runic Pyramid":0,"Potion Belt":47,"Pear":43,"Golden Idol":7,"Blue Candle":6,"PreservedInsect":44,"Orichalcum":13,"War Paint":25,"Mercury Hourglass":12,"Runic Dome":17,"Bag of Marbles":43,"Bottled Lightning":31,"PureWater":0,"StrikeDummy":53,"Toy Ornithopter":10},{"Darkstone Periapt":21,"Gremlin Horn":12,"CeramicFish":16,"Bag of Preparation":5,"CloakClasp":24,"ClockworkSouvenir":28,"Frozen Eye":15,"Shovel":10,"Matryoshka":13,"DollysMirror":21,"Sundial":29,"Kunai":12,"Runic Pyramid":0,"Potion Belt":25,"Pear":21,"Golden Idol":5,"Blue Candle":5,"PreservedInsect":22,"Orichalcum":7,"War Paint":12,"Mercury Hourglass":7,"Runic Dome":9,"Bag of Marbles":21,"Bottled Lightning":16,"PureWater":0,"StrikeDummy":28,"Toy Ornithopter":6},{"Darkstone Periapt":70,"Gremlin Horn":33,"CeramicFish":47,"Bag of Preparation":16,"CloakClasp":86,"ClockworkSouvenir":114,"Frozen Eye":43,"Shovel":29,"Matryoshka":36,"DollysMirror":70,"Sundial":117,"Kunai":33,"Runic Pyramid":0,"Potion Belt":92,"Pear":70,"Golden Idol":16,"Blue Candle":16,"PreservedInsect":78,"Orichalcum":21,"War Paint":33,"Mercury Hourglass":21,"Runic Dome":26,"Bag of Marbles":70,"Bottled Lightning":47,"PureWater":0,"StrikeDummy":114,"Toy Ornithopter":19}],"Toy Ornithopter":24},"card_choices":[{"not_picked":["FlyingSleeves","Crescendo"],"picked":"FollowUp","floor":1},{"not_picked":["CrushJoints","Prostrate"],"picked":"Conclude","floor":3},{"not_picked":["LikeWater","BattleHymn"],"picked":"FollowUp","floor":4},{"not_picked":["Perseverance","SashWhip"],"picked":"BowlingBash","floor":5},{"not_picked":["FlyingSleeves","Consecrate","PathToVictory"],"picked":"SKIP","floor":6},{"not_picked":["Nirvana","Perseverance"],"picked":"Blasphemy","floor":10},{"not_picked":["MasterReality","Collect","SignatureMove"],"picked":"SKIP","floor":12},{"not_picked":["Fasting2","Vengeance","Collect"],"picked":"SKIP","floor":14},{"not_picked":["Blasphemy","Scrawl"],"picked":"Vault","floor":16},{"not_picked":["FlurryOfBlows","ClearTheMind+1"],"picked":"TalkToTheHand","floor":18},{"not_picked":["Worship","CutThroughFate"],"picked":"Tantrum","floor":20},{"not_picked":["CutThroughFate","Consecrate"],"picked":"EmptyBody","floor":24},{"not_picked":["PathToVictory","FollowUp","Study"],"picked":"SKIP","floor":27},{"not_picked":["InnerPeace","Worship"],"picked":"TalkToTheHand","floor":28},{"not_picked":["Weave","Swivel"],"picked":"EmptyMind","floor":29},{"not_picked":["ForeignInfluence","MasterReality","ThirdEye"],"picked":"SKIP","floor":31},{"not_picked":["ThirdEye","DeceiveReality"],"picked":"ReachHeaven","floor":35},{"not_picked":["EmptyBody","CarveReality","PathToVictory"],"picked":"SKIP","floor":37},{"not_picked":["EmptyBody","CarveReality","PathToVictory"],"picked":"SKIP","floor":37},{"not_picked":["JustLucky","EmptyBody"],"picked":"Halt","floor":39},{"not_picked":["Vengeance","JustLucky"],"picked":"ClearTheMind+1","floor":40},{"not_picked":["JustLucky","EmptyMind+1"],"picked":"CrushJoints","floor":44},{"not_picked":["Omniscience","Fasting2","Pray"],"picked":"SKIP","floor":45},{"not_picked":["Weave","DeceiveReality+1"],"picked":"Wireheading","floor":46},{"not_picked":["Nirvana","Crescendo","SandsOfTime"],"picked":"SKIP","floor":47},{"not_picked":["Halt","EmptyBody"],"picked":"TalkToTheHand+1","floor":48},{"not_picked":["Nirvana","Consecrate","WheelKick"],"picked":"SKIP","floor":55}],"player_experience":8344073,"relics_obtained":[{"floor":6,"key":"Blue Candle"},{"floor":9,"key":"Bag of Preparation"},{"floor":10,"key":"Toy Ornithopter"},{"floor":12,"key":"Mercury Hourglass"},{"floor":13,"key":"Orichalcum"},{"floor":24,"key":"Kunai"},{"floor":25,"key":"War Paint"},{"floor":26,"key":"Gremlin Horn"},{"floor":27,"key":"Matryoshka"},{"floor":31,"key":"Bottled Lightning"},{"floor":32,"key":"CeramicFish"},{"floor":40,"key":"Darkstone Periapt"},{"floor":43,"key":"Pear"},{"floor":43,"key":"Bag of Marbles"},{"floor":44,"key":"PreservedInsect"},{"floor":46,"key":"CloakClasp"},{"floor":47,"key":"Potion Belt"},{"floor":53,"key":"StrikeDummy"},{"floor":55,"key":"Sundial"}],"event_choices":[{"damage_healed":0,"gold_gain":50,"player_choice":"Pray","damage_taken":0,"max_hp_gain":0,"max_hp_loss":0,"event_name":"Golden Shrine","floor":2,"gold_loss":0},{"damage_healed":0,"gold_gain":0,"player_choice":"Lose Max HP","damage_taken":0,"relics_obtained":["Golden Idol"],"max_hp_gain":0,"max_hp_loss":6,"event_name":"Golden Idol","floor":7,"gold_loss":0},{"cards_removed":["Defend_P"],"damage_healed":0,"gold_gain":0,"player_choice":"Forget","damage_taken":0,"max_hp_gain":0,"max_hp_loss":0,"event_name":"Living Wall","floor":8,"gold_loss":0},{"damage_healed":0,"gold_gain":0,"player_choice":"Obtained Relic","damage_taken":0,"relics_obtained":["Shovel"],"max_hp_gain":0,"max_hp_loss":0,"event_name":"Addict","floor":19,"gold_loss":85},{"damage_healed":0,"gold_gain":0,"cards_transformed":["Defend_P","Strike_P"],"player_choice":"Transformed Cards","damage_taken":0,"max_hp_gain":0,"max_hp_loss":0,"event_name":"Designer","floor":36,"gold_loss":75,"cards_obtained":["Worship","ThirdEye"]},{"damage_healed":0,"gold_gain":0,"player_choice":"Ignored","damage_taken":0,"max_hp_gain":0,"max_hp_loss":0,"event_name":"SecretPortal","floor":38,"gold_loss":0},{"damage_healed":0,"gold_gain":0,"player_choice":"Fight","damage_taken":0,"max_hp_gain":0,"max_hp_loss":0,"event_name":"MindBloom","floor":46,"gold_loss":0}],"is_beta":false,"boss_relics":[{"not_picked":["SacredBark","Astrolabe"],"picked":"Runic Dome"},{"not_picked":["Velvet Choker","Busted Crown","Snecko Eye"]}],"items_purged_floors":[22],"is_endless":false,"potions_floor_spawned":[5,6,10,12,14,28,29,31,35,37,40,47,48,55],"ascension_level":20}}