{"host":"phniwng9zo19jwdb","time":1611844062,"event":{"mods":["AchievementEnabler","BaseMod","Colored Powertips","Dark Map","Faster Ascension Climbing","GifTheSpireLib","Minty Spire (QoL Compilation)","Permanent Neow","Rare Cards Sparkle","StSLib"],"gold_per_floor":[113,125,144,219,236,236,246,4,58,58,87,87,114,114,114,114,114],"floor_reached":16,"language":"ENG","playtime":633,"items_purged":["Normality"],"score":198,"play_id":"f231b143-11eb-4165-992a-a52c88becc5e","local_time":"20210128152742","is_ascension_mode":true,"campfire_choices":[{"data":"Apotheosis","floor":6.0,"key":"SMITH"},{"data":"Corruption","floor":10.0,"key":"SMITH"},{"floor":15,"key":"REST"}],"circlet_count":0,"master_deck":["AscendersBane","Strike_R","Strike_R","Strike_R","Strike_R","Defend_R","Defend_R","Defend_R","Defend_R","Bash","Apotheosis+1","Shrug It Off","Blood for Blood","Warcry","Armaments","Corruption+1","Shockwave","Dark Embrace","Shrug It Off","Disarm","Cleave","Limit Break","Warcry"],"relics":["Burning Blood","Orrery","Bottled Flame","Dream Catcher","Golden Idol"],"acts_visited":["Exordium"],"potions_floor_usage":[],"damage_taken":[{"damage":10.0,"enemies":"2 Louse","floor":1.0,"turns":3.0},{"damage":1.0,"enemies":"Jaw Worm","floor":2.0,"turns":5.0},{"damage":1.0,"enemies":"Small Slimes","floor":3.0,"turns":4.0},{"damage":4.0,"enemies":"Exordium Wildlife","floor":5.0,"turns":5.0},{"damage":7.0,"enemies":"2 Fungi Beasts","floor":7.0,"turns":4.0},{"damage":33.0,"enemies":"3 Sentries","floor":11.0,"turns":9.0},{"damage":16,"enemies":"Gremlin Nob","floor":13,"turns":4},{"damage":23,"enemies":"The Guardian","floor":16,"turns":6}],"seed_played":"-7478409848553581226","potions_obtained":[{"floor":1.0,"key":"BlessingOfTheForge"},{"floor":2.0,"key":"BloodPotion"},{"floor":5.0,"key":"ElixirPotion"}],"is_trial":false,"path_per_floor":["M","M","M","?","M","R","M","$","T","R","E","?","E","?","R","B"],"character_chosen":"IRONCLAD","items_purchased":["Orrery"],"campfire_rested":1,"item_purchase_floors":[8],"current_hp_per_floor":[64,69,74,63,75,75,74,74,74,74,47,40,30,4,26,3,3],"gold":114,"neow_bonus":"RANDOM_COLORLESS_2","is_daily":false,"chose_seed":false,"campfire_upgraded":2,"win_rate":0.0,"timestamp":1611844062,"path_taken":["M","M","M","?","M","R","M","$","T","R","E","?","E","?","R","BOSS"],"items_purchased_type":["Relic"],"build_version":"2020-12-22","purchased_purges":1,"victory":false,"max_hp_per_floor":[75,75,75,75,75,75,75,75,75,75,75,75,75,75,75,75,75],"card_choices":[{"not_picked":["Secret Technique","Secret Weapon"],"picked":"Apotheosis","floor":0.0},{"not_picked":["Uppercut","Sever Soul"],"picked":"Shrug It Off","floor":1.0},{"not_picked":["Sword Boomerang","Thunderclap"],"picked":"Blood for Blood","floor":2.0},{"not_picked":["Anger","Rampage"],"picked":"Warcry","floor":3.0},{"not_picked":["Clothesline","Sever Soul"],"picked":"Armaments","floor":5.0},{"not_picked":["Thunderclap","Perfected Strike","Rage"],"picked":"SKIP","floor":7.0},{"not_picked":["Rampage","Perfected Strike"],"picked":"Corruption","floor":8.0},{"not_picked":["Warcry","Heavy Blade"],"picked":"Shockwave","floor":8.0},{"not_picked":["Flex","Headbutt"],"picked":"Dark Embrace","floor":8.0},{"not_picked":["Clash","Searing Blow"],"picked":"Shrug It Off","floor":8.0},{"not_picked":["Feel No Pain","Second Wind"],"picked":"Disarm","floor":8.0},{"not_picked":["Twin Strike","Warcry"],"picked":"Cleave","floor":11},{"not_picked":["True Grit","Cleave"],"picked":"Limit Break","floor":13},{"not_picked":["Cleave","Flex"],"picked":"Warcry","floor":15}],"player_experience":65845,"relics_obtained":[{"floor":11,"key":"Bottled Flame"},{"floor":13,"key":"Dream Catcher"}],"event_choices":[{"damage_healed":0.0,"max_hp_gain":0.0,"max_hp_loss":0.0,"gold_gain":75.0,"event_name":"World of Goop","player_choice":"Gather Gold","floor":4.0,"gold_loss":0.0,"damage_taken":11.0},{"cards_removed":["Strike_R"],"damage_healed":0,"gold_gain":0,"player_choice":"Card Removal","damage_taken":7,"max_hp_gain":0,"max_hp_loss":0,"event_name":"Golden Wing","floor":12,"gold_loss":0},{"damage_healed":0,"gold_gain":0,"player_choice":"Take Damage","damage_taken":26,"relics_obtained":["Golden Idol"],"max_hp_gain":0,"max_hp_loss":0,"event_name":"Golden Idol","floor":14,"gold_loss":0}],"is_beta":false,"boss_relics":[],"items_purged_floors":[8],"is_endless":false,"potions_floor_spawned":[1,2,5,11],"killed_by":"The Guardian","ascension_level":16}}