{"host":"ojme7g6xlqwffsso","time":1611828978,"event":{"mods":["BaseMod","Downfall","Hermit","MarisaÅiñ∂âJÅ@ñÇóùçπÅj","Minty Spire (QoL Compilation)","StSLib","The Cursed","The Hierophant","The Marked","The Servant 0.9.4"],"gold_per_floor":[119,137,117,70,20,20,48,63,63,80,80,99,131,150,150,252,252,281,304,331,358,388,433,445,473,537,563,594,641,347,447,447,547,547,567,577,218,218,231,257,257,288,288,299,315,315,348,365,365,365],"floor_reached":51,"language":"ENG","playtime":4074,"items_purged":["Strike_S"],"score":895,"play_id":"ad6007dc-a1e5-4cd7-a213-ba58e176a714","local_time":"20210128191618","is_ascension_mode":true,"campfire_choices":[{"data":"Exchange","floor":6.0,"key":"SMITH"},{"data":"Starlight","floor":15.0,"key":"SMITH"},{"data":"BestPractice","floor":24,"key":"SMITH"},{"data":"Deny","floor":32,"key":"SMITH"},{"data":"Foresight","floor":46,"key":"SMITH"},{"data":"Contraction","floor":49,"key":"SMITH"}],"circlet_count":0,"master_deck":["Strike_S","Strike_S","Strike_S","Defend_S","Defend_S","Defend_S","KidneyShot+1","Exchange+1","Initiator","Rearm","Defy","TimeWarp","Solidify","BottledTime","Luminosity+1","Starlight+1","Dilation","GearUp","Deny+1","CurseOfTheBell","TimeWarp","DualDimension","LightFlow","BestPractice+1","Foresight+1","Potential+1","Replace+1","Comet+1","Snipe","Rewind+1","Sabotage+1","SurpressingFire+1","Ricochet","Read","Foresight+1","SilverBlades+1","Contraction+1"],"relics":["Uniform","Meat on the Bone","Blood Vial","Bottled Flame","Calling Bell","MawBank","Pear","Bird Faced Urn","Thread and Needle","Bag of Marbles","Sundial","Oddly Smooth Stone","Happy Flower","Mango","Darkstone Periapt","Coffee Dripper","Mercury Hourglass","Lantern","Ornamental Fan","HornCleat","White Beast Statue"],"acts_visited":["Exordium","TheCity","TheBeyond"],"potions_floor_usage":[21,23,23,29,33,50],"damage_taken":[{"damage":1.0,"enemies":"2 Louse","floor":1.0,"turns":4.0},{"damage":3.0,"enemies":"Cultist","floor":2.0,"turns":4.0},{"damage":14.0,"enemies":"Gremlin Nob","floor":7.0,"turns":4.0},{"damage":0.0,"enemies":"Small Slimes","floor":8.0,"turns":2.0},{"damage":5.0,"enemies":"2 Fungi Beasts","floor":10.0,"turns":3.0},{"damage":6.0,"enemies":"Lots of Slimes","floor":12.0,"turns":3.0},{"damage":22.0,"enemies":"Lagavulin","floor":13.0,"turns":5.0},{"damage":5.0,"enemies":"Large Slime","floor":14.0,"turns":6.0},{"damage":30.0,"enemies":"Hexaghost","floor":16.0,"turns":13.0},{"damage":6.0,"enemies":"3 Byrds","floor":18.0,"turns":4.0},{"damage":6.0,"enemies":"Shell Parasite","floor":19.0,"turns":7.0},{"damage":25.0,"enemies":"Cultist and Chosen","floor":20.0,"turns":8.0},{"damage":9,"enemies":"Shelled Parasite and Fungi","floor":21,"turns":4},{"damage":30,"enemies":"Snake Plant","floor":22,"turns":5},{"damage":14,"enemies":"Gremlin Leader","floor":23,"turns":11},{"damage":26,"enemies":"3 Cultists","floor":25,"turns":6},{"damage":0,"enemies":"Centurion and Healer","floor":27,"turns":7},{"damage":9,"enemies":"Sentry and Sphere","floor":28,"turns":5},{"damage":28,"enemies":"Slavers","floor":29,"turns":5},{"damage":12,"enemies":"Colosseum Slavers","floor":31,"turns":3},{"damage":11,"enemies":"Colosseum Nobs","floor":31,"turns":5},{"damage":12,"enemies":"Automaton","floor":33,"turns":9},{"damage":46,"enemies":"3 Darklings","floor":35,"turns":5},{"damage":17,"enemies":"3 Shapes","floor":36,"turns":5},{"damage":12,"enemies":"3 Darklings","floor":39,"turns":5},{"damage":21,"enemies":"Giant Head","floor":40,"turns":8},{"damage":45,"enemies":"Reptomancer","floor":42,"turns":8},{"damage":6,"enemies":"4 Shapes","floor":44,"turns":7},{"damage":4,"enemies":"Transient","floor":45,"turns":5},{"damage":5,"enemies":"Nemesis","floor":47,"turns":5},{"damage":24,"enemies":"Spire Growth","floor":48,"turns":4},{"damage":12,"enemies":"Awakened One","floor":50,"turns":14}],"seed_played":"-4273272646068730251","potions_obtained":[{"floor":3.0,"key":"PowerPotion"},{"floor":7.0,"key":"Fruit Juice"},{"floor":12.0,"key":"LiquidBronze"},{"floor":13.0,"key":"SkillPotion"},{"floor":16.0,"key":"Block Potion"},{"floor":20.0,"key":"AttackPotion"},{"floor":21,"key":"Swift Potion"},{"floor":22,"key":"Dexterity Potion"},{"floor":23,"key":"Swift Potion"},{"floor":27,"key":"SkillPotion"},{"floor":31,"key":"Strength Potion"},{"floor":33,"key":"SteroidPotion"}],"is_trial":false,"path_per_floor":["M","M","?","$","?","R","E","M","T","M","?","M","E","M","R","B",null,"M","M","M","M","M","E","R","M","T","M","M","E","$","?","R","B",null,"M","M","$","?","M","E","?","E","T","M","M","R","E","M","R","B",null],"character_chosen":"THE_SERVANT","items_purchased":["TimeWarp","Oddly Smooth Stone","Happy Flower","Ricochet","Mercury Hourglass"],"campfire_rested":0,"item_purchase_floors":[4,30,30,37,37],"current_hp_per_floor":[64,61,61,61,61,61,52,52,52,49,49,45,37,46,46,30,80,74,72,51,46,34,38,38,32,32,52,51,41,41,56,56,52,94,50,53,53,53,51,52,52,29,29,47,57,57,64,50,50,50],"gold":365,"neow_bonus":"ONE_RANDOM_RARE_CARD","is_daily":false,"chose_seed":false,"campfire_upgraded":6,"win_rate":0.0,"timestamp":1611828978,"path_taken":["M","M","?","?","?","R","E","M","T","M","?","M","E","M","R","BOSS","M","M","M","M","M","E","R","M","T","?","?","E","$","?","R","BOSS","M","M","$","?","M","E","?","E","T","M","?","R","E","M","R","BOSS"],"items_purchased_type":["Card","Relic","Relic","Card","Relic"],"build_version":"2020-12-22","purchased_purges":1,"victory":true,"max_hp_per_floor":[65,65,65,65,65,65,70,70,70,70,70,70,70,70,70,70,80,80,80,80,80,80,80,80,80,80,80,80,80,80,94,94,94,94,94,94,94,94,94,94,94,94,94,94,94,94,94,94,94,94],"card_choices":[{"not_picked":["Rewind","Manipulate"],"picked":"Rearm","floor":1.0},{"not_picked":["Unruled","Alleviate"],"picked":"Defy","floor":2.0},{"not_picked":["Revamp","Desolation"],"picked":"Solidify","floor":7.0},{"not_picked":["FanOfKnives","Rearm"],"picked":"BottledTime","floor":8.0},{"not_picked":["Gouge","FastForward"],"picked":"Luminosity","floor":10.0},{"not_picked":["FastForward","Misdirection"],"picked":"Starlight","floor":12.0},{"not_picked":["Alleviate","Sabotage"],"picked":"Dilation","floor":13.0},{"not_picked":["Collapse","Moonlight"],"picked":"GearUp","floor":14.0},{"not_picked":["LightFlow","KillingDoll"],"picked":"Deny","floor":16.0},{"not_picked":["Revamp","Luminosity+1"],"picked":"TimeWarp","floor":18.0},{"not_picked":["TimeWarp+1","Starlight+1"],"picked":"DualDimension","floor":19.0},{"not_picked":["TimeWarp","Desolation+1"],"picked":"LightFlow","floor":20.0},{"not_picked":["Rewind","Manipulate+1"],"picked":"BestPractice","floor":21},{"not_picked":["Defy","Manipulate","Shuttle"],"picked":"SKIP","floor":22},{"not_picked":["Revamp","WasteNot"],"picked":"Foresight","floor":23},{"not_picked":["Unruled","TimeWarp"],"picked":"Potential+1","floor":25},{"not_picked":["BottledTime","DoubleEdge"],"picked":"Replace+1","floor":27},{"not_picked":["Rearm","Rewind"],"picked":"Comet+1","floor":28},{"not_picked":["Initiator","Alleviate"],"picked":"Snipe","floor":29},{"not_picked":["BottledTime","DoubleEdge"],"picked":"Rewind+1","floor":31},{"not_picked":["Alleviate+1","TimeWarp"],"picked":"Sabotage+1","floor":35},{"not_picked":["TimeWarp+1","FastForward+1"],"picked":"SurpressingFire+1","floor":36},{"not_picked":["Spin","Desolation+1"],"picked":"Read","floor":39},{"not_picked":["Defy","Alleviate","TimeWarp"],"picked":"SKIP","floor":40},{"not_picked":["Unruled","Solidify"],"picked":"Foresight+1","floor":42},{"not_picked":["Spin","BottledTime+1"],"picked":"SilverBlades+1","floor":44},{"not_picked":["WasteNot","GearUp+1","BottledTime"],"picked":"SKIP","floor":45},{"not_picked":["Moondial","Revamp"],"picked":"Contraction","floor":47},{"not_picked":["MoonPhase+1","Alleviate","Sabotage"],"picked":"SKIP","floor":48}],"player_experience":1063465,"relics_obtained":[{"floor":7.0,"key":"Meat on the Bone"},{"floor":9.0,"key":"Blood Vial"},{"floor":13.0,"key":"Bottled Flame"},{"floor":17.0,"key":"MawBank"},{"floor":17.0,"key":"Pear"},{"floor":17.0,"key":"Bird Faced Urn"},{"floor":23,"key":"Thread and Needle"},{"floor":26,"key":"Bag of Marbles"},{"floor":29,"key":"Sundial"},{"floor":31,"key":"Mango"},{"floor":31,"key":"Darkstone Periapt"},{"floor":40,"key":"Lantern"},{"floor":42,"key":"Ornamental Fan"},{"floor":43,"key":"HornCleat"},{"floor":47,"key":"White Beast Statue"}],"event_choices":[{"damage_healed":0.0,"max_hp_gain":0.0,"max_hp_loss":0.0,"gold_gain":0.0,"event_name":"The Woman in Blue","player_choice":"Bought 1 Potion","floor":3.0,"gold_loss":0.0,"damage_taken":0.0},{"cards_removed":["Defend_S"],"damage_healed":0.0,"max_hp_gain":0.0,"max_hp_loss":0.0,"gold_gain":0.0,"event_name":"The Cleric","player_choice":"Card Removal","floor":5.0,"gold_loss":50.0,"damage_taken":0.0},{"damage_healed":0.0,"max_hp_gain":0.0,"max_hp_loss":0.0,"gold_gain":0.0,"event_name":"Upgrade Shrine","player_choice":"Upgraded","floor":11.0,"gold_loss":0.0,"damage_taken":0.0,"cards_upgraded":["KidneyShot"]},{"damage_healed":0,"gold_gain":0,"player_choice":"Fight","damage_taken":0,"max_hp_gain":0,"max_hp_loss":0,"event_name":"Colosseum","floor":31,"gold_loss":0},{"damage_healed":0,"gold_gain":0,"player_choice":"Fought Nobs","damage_taken":0,"max_hp_gain":0,"max_hp_loss":0,"event_name":"Colosseum","floor":31,"gold_loss":0},{"damage_healed":0,"gold_gain":0,"player_choice":"Memory 1","damage_taken":0,"max_hp_gain":0,"max_hp_loss":0,"event_name":"SensoryStone","floor":38,"gold_loss":0},{"damage_healed":0,"gold_gain":0,"player_choice":"Upgraded","damage_taken":0,"max_hp_gain":0,"max_hp_loss":0,"event_name":"Upgrade Shrine","floor":41,"gold_loss":0,"cards_upgraded":["Luminosity"]}],"is_beta":false,"boss_relics":[{"not_picked":["Empty Cage","Velvet Choker"],"picked":"Calling Bell"},{"not_picked":["SlaversCollar","Black Star"],"picked":"Coffee Dripper"}],"items_purged_floors":[37],"is_endless":false,"potions_floor_spawned":[7,12,13,16,20,21,22,23,27,31,33,35,47,48],"ascension_level":2}}