{"host":"oi6p1guiqfwwvxym","time":1611796541,"event":{"mods":["BaseMod","Bestiary","Colored Map","Minty Spire (QoL Compilation)","Relic Stats"],"gold_per_floor":[13,27,44,44,59,59,93,93,93,93,93,106,149,169,169,262,262,281,281,37,37,62,62,98,98,125,158,198,219,240,32,32,125,125,141,162,495,520,106,137,137,172,172,186,219,219,251,262,262,262,262],"floor_reached":52,"language":"ENG","playtime":3825,"items_purged":["Strike_R","Strike_R+1"],"score":2236,"play_id":"fa8136e3-090d-44e0-8a54-6926645a4d0d","local_time":"20210127171541","is_ascension_mode":true,"campfire_choices":[{"data":"Fiend Fire","floor":6,"key":"SMITH"},{"data":"Feel No Pain","floor":8,"key":"SMITH"},{"data":"Bash","floor":11,"key":"SMITH"},{"floor":15,"key":"REST"},{"data":"Juggernaut","floor":23,"key":"SMITH"},{"data":"Inflame","floor":32,"key":"SMITH"},{"data":"Barricade","floor":41,"key":"SMITH"},{"floor":46,"key":"REST"},{"data":"Burning Pact","floor":49,"key":"SMITH"}],"circlet_count":0,"master_deck":["AscendersBane","Strike_R+1","Strike_R+1","Strike_R+1","Defend_R+1","Defend_R+1","Defend_R+1","Defend_R+1","Bash+1","Fiend Fire+1","Burning Pact+1","Feel No Pain+1","Reckless Charge","True Grit+1","Clothesline","Seeing Red+1","Inflame+1","Juggernaut+1","Shockwave+1","RitualDagger","Thunderclap","Warcry+1","Carnage+1","Intimidate+1","Offering+1","Havoc+1","Body Slam+1","Apotheosis+1","Shrug It Off+1","Barricade+1","Flame Barrier+1","Second Wind+1","Rage+1","Burning Pact+1","Parasite","Limit Break+1"],"relics":["Burning Blood","Toxic Egg 2","Dead Branch","Champion Belt","MealTicket","Philosopher\u0027s Stone","Bronze Scales","MutagenicStrength","Bag of Marbles","Tiny Chest","Red Mask","Cursed Key","Du-Vu Doll","Frozen Eye","Ancient Tea Set","Potion Belt","Unceasing Top","Pen Nib"],"acts_visited":["Exordium","TheCity","TheBeyond"],"potions_floor_usage":[7,12,16,27,33,40,50,50,50,50],"damage_taken":[{"damage":4,"enemies":"Jaw Worm","floor":1,"turns":5},{"damage":12,"enemies":"Small Slimes","floor":2,"turns":3},{"damage":8,"enemies":"2 Louse","floor":3,"turns":4},{"damage":7,"enemies":"2 Fungi Beasts","floor":5,"turns":3},{"damage":13,"enemies":"3 Sentries","floor":7,"turns":11},{"damage":7,"enemies":"Exordium Thugs","floor":12,"turns":3},{"damage":8,"enemies":"Gremlin Nob","floor":13,"turns":3},{"damage":10,"enemies":"3 Louse","floor":14,"turns":2},{"damage":19,"enemies":"Slime Boss","floor":16,"turns":7},{"damage":17,"enemies":"3 Byrds","floor":18,"turns":5},{"damage":2,"enemies":"Chosen","floor":22,"turns":2},{"damage":12,"enemies":"Slavers","floor":24,"turns":5},{"damage":28,"enemies":"Gremlin Leader","floor":27,"turns":5},{"damage":6,"enemies":"Masked Bandits","floor":28,"turns":1},{"damage":0,"enemies":"Sentry and Sphere","floor":29,"turns":2},{"damage":0,"enemies":"Snake Plant","floor":30,"turns":3},{"damage":6,"enemies":"Champ","floor":33,"turns":6},{"damage":12,"enemies":"3 Darklings","floor":35,"turns":4},{"damage":6,"enemies":"Orb Walker","floor":36,"turns":2},{"damage":6,"enemies":"Mind Bloom Boss Battle","floor":38,"turns":5},{"damage":6,"enemies":"Nemesis","floor":40,"turns":3},{"damage":24,"enemies":"Reptomancer","floor":42,"turns":4},{"damage":20,"enemies":"Writhing Mass","floor":44,"turns":5},{"damage":0,"enemies":"Nemesis","floor":45,"turns":5},{"damage":7,"enemies":"Giant Head","floor":47,"turns":3},{"damage":0,"enemies":"Sphere and 2 Shapes","floor":48,"turns":2},{"damage":22,"enemies":"Time Eater","floor":50,"turns":6},{"damage":28,"enemies":"Awakened One","floor":51,"turns":6}],"seed_played":"5486431660194796518","potions_obtained":[{"floor":2,"key":"CultistPotion"},{"floor":3,"key":"SteroidPotion"},{"floor":7,"key":"SneckoOil"},{"floor":18,"key":"PowerPotion"},{"floor":24,"key":"AttackPotion"},{"floor":27,"key":"Energy Potion"},{"floor":33,"key":"LiquidBronze"},{"floor":36,"key":"PowerPotion"},{"floor":40,"key":"Weak Potion"},{"floor":47,"key":"CultistPotion"},{"floor":48,"key":"DistilledChaos"}],"is_trial":false,"path_per_floor":["M","M","M","?","M","R","E","R","T","?","R","M","E","M","R","B",null,"M","?","$","?","M","R","E","?","T","E","?","M","M","$","R","B",null,"M","M","?","?","$","E","R","E","T","M","E","R","E","M","R","B","B",null],"character_chosen":"IRONCLAD","items_purchased":["Thunderclap","Warcry+1","Block Potion","Apotheosis+1","Shrug It Off+1","Rage+1","Frozen Eye","Fruit Juice"],"campfire_rested":2,"item_purchase_floors":[20,20,20,31,31,39,39,39],"current_hp_per_floor":[70,64,62,51,50,50,43,43,43,43,43,42,40,36,56,43,62,51,45,60,60,64,64,58,58,58,36,36,42,48,63,63,63,67,61,61,61,61,68,73,73,55,55,41,47,68,67,73,73,57,35],"gold":262,"neow_bonus":"THREE_RARE_CARDS","is_daily":false,"chose_seed":false,"campfire_upgraded":7,"win_rate":0.0,"timestamp":1611796541,"path_taken":["M","M","M","?","M","R","E","R","T","?","R","M","E","M","R","BOSS","M","?","$","?","M","R","E","?","T","E","?","M","M","$","R","BOSS","M","M","?","?","$","E","R","E","T","M","E","R","E","M","R","BOSS","BOSS"],"items_purchased_type":["Card","Card","Potion","Card","Card","Card","Relic","Potion"],"build_version":"2020-12-22","purchased_purges":2,"victory":true,"max_hp_per_floor":[75,75,75,75,75,75,75,75,75,68,68,68,68,68,68,68,68,68,68,68,68,68,68,68,68,68,68,68,68,68,68,68,68,68,68,68,68,68,68,73,73,73,73,73,73,73,73,73,73,73,73],"relic_stats":{"counters":[28,115],"Dead Branch":[289],"Bronze Scales":[153],"MealTicket":37,"Tiny Chest":0,"Pen Nib":[2],"Champion Belt":[70],"Cursed Key":0,"obtain_stats":[{"Potion Belt":42,"Golden Idol":10,"Dead Branch":7,"Pen Nib":47,"Cursed Key":34,"Ancient Tea Set":40,"Burning Blood":0,"Du-Vu Doll":38,"Frozen Eye":39,"Bronze Scales":24,"MutagenicStrength":25,"MealTicket":13,"Philosopher\u0027s Stone":17,"Tiny Chest":27,"Bag of Marbles":26,"Red Mask":28,"Champion Belt":9,"Toxic Egg 2":4,"Unceasing Top":45},{"Potion Belt":22,"Golden Idol":5,"Dead Branch":5,"Pen Nib":25,"Cursed Key":17,"Ancient Tea Set":21,"Burning Blood":0,"Du-Vu Doll":20,"Frozen Eye":20,"Bronze Scales":12,"MutagenicStrength":12,"MealTicket":7,"Philosopher\u0027s Stone":9,"Tiny Chest":13,"Bag of Marbles":12,"Red Mask":14,"Champion Belt":5,"Toxic Egg 2":3,"Unceasing Top":24},{"Potion Belt":88,"Golden Idol":26,"Dead Branch":26,"Pen Nib":101,"Cursed Key":70,"Ancient Tea Set":84,"Burning Blood":0,"Du-Vu Doll":81,"Frozen Eye":81,"Bronze Scales":53,"MutagenicStrength":53,"MealTicket":32,"Philosopher\u0027s Stone":41,"Tiny Chest":58,"Bag of Marbles":53,"Red Mask":59,"Champion Belt":26,"Toxic Egg 2":12,"Unceasing Top":98}],"Burning Blood":168,"Unceasing Top":[3]},"card_choices":[{"not_picked":["Offering","Limit Break"],"picked":"Fiend Fire","floor":0},{"not_picked":["Sword Boomerang","Flex"],"picked":"Burning Pact","floor":1},{"not_picked":["Seeing Red","Inflame"],"picked":"Feel No Pain","floor":2},{"not_picked":["Perfected Strike","Havoc"],"picked":"Reckless Charge","floor":3},{"not_picked":["Searing Blow","Sentinel+1"],"picked":"True Grit+1","floor":5},{"not_picked":["Clash","Twin Strike"],"picked":"Clothesline","floor":7},{"not_picked":["Clothesline","Heavy Blade"],"picked":"Seeing Red+1","floor":12},{"not_picked":["Twin Strike","Clash","Fiend Fire"],"picked":"SKIP","floor":13},{"not_picked":["Seeing Red+1","Power Through+1"],"picked":"Inflame","floor":14},{"not_picked":["Limit Break+1","Demon Form"],"picked":"Juggernaut","floor":16},{"not_picked":["Anger+1","Flex+1"],"picked":"Shockwave+1","floor":18},{"not_picked":["Perfected Strike+1","Thunderclap+1"],"picked":"Carnage+1","floor":22},{"not_picked":["Warcry+1","Cleave"],"picked":"Intimidate+1","floor":24},{"not_picked":["Sever Soul","Disarm+1"],"picked":"Offering+1","floor":27},{"not_picked":["Infernal Blade+1","Sword Boomerang"],"picked":"Havoc+1","floor":28},{"not_picked":["Whirlwind","Havoc+1"],"picked":"Body Slam+1","floor":29},{"not_picked":["True Grit+1","Intimidate+1","Heavy Blade"],"picked":"SKIP","floor":30},{"not_picked":["Double Tap+1","Immolate"],"picked":"Barricade","floor":33},{"not_picked":["Perfected Strike","Flex+1","Dual Wield+1"],"picked":"SKIP","floor":35},{"not_picked":["True Grit+1","Combust+1"],"picked":"Flame Barrier+1","floor":36},{"not_picked":["Twin Strike+1","Perfected Strike"],"picked":"Second Wind+1","floor":38},{"not_picked":["Clash+1","Wild Strike","Thunderclap+1"],"picked":"SKIP","floor":40},{"not_picked":["Iron Wave","Bloodletting+1"],"picked":"Burning Pact+1","floor":42},{"not_picked":["Clothesline","Infernal Blade+1","Cleave"],"picked":"SKIP","floor":44},{"not_picked":["Wild Strike+1","Rampage","Thunderclap"],"picked":"SKIP","floor":45},{"not_picked":["Anger","Clash+1","Blood for Blood"],"picked":"SKIP","floor":47},{"not_picked":["Headbutt+1","Sword Boomerang+1"],"picked":"Limit Break+1","floor":48}],"player_experience":401560,"relics_obtained":[{"floor":7,"key":"Dead Branch"},{"floor":9,"key":"Champion Belt"},{"floor":13,"key":"MealTicket"},{"floor":24,"key":"Bronze Scales"},{"floor":26,"key":"Bag of Marbles"},{"floor":27,"key":"Tiny Chest"},{"floor":28,"key":"Red Mask"},{"floor":38,"key":"Du-Vu Doll"},{"floor":40,"key":"Ancient Tea Set"},{"floor":42,"key":"Potion Belt"},{"floor":45,"key":"Unceasing Top"},{"floor":47,"key":"Pen Nib"}],"event_choices":[{"damage_healed":0,"gold_gain":0,"player_choice":"Success","damage_taken":11,"relics_obtained":["Toxic Egg 2"],"max_hp_gain":0,"max_hp_loss":0,"event_name":"Scrap Ooze","floor":4,"gold_loss":0},{"damage_healed":0,"gold_gain":0,"player_choice":"Lose Max HP","damage_taken":0,"relics_obtained":["Golden Idol"],"max_hp_gain":0,"max_hp_loss":7,"event_name":"Golden Idol","floor":10,"gold_loss":0},{"damage_healed":0,"gold_gain":0,"player_choice":"Joined the Cult","damage_taken":6,"max_hp_gain":0,"max_hp_loss":0,"event_name":"Nest","floor":19,"gold_loss":0,"cards_obtained":["RitualDagger"]},{"damage_healed":0,"gold_gain":0,"player_choice":"Simplicity","damage_taken":0,"max_hp_gain":0,"max_hp_loss":0,"event_name":"Back to Basics","floor":21,"gold_loss":0,"cards_upgraded":["Strike_R","Strike_R","Strike_R","Strike_R","Defend_R","Defend_R","Defend_R","Defend_R"]},{"damage_healed":0,"gold_gain":0,"player_choice":"Inject Mutagens","damage_taken":0,"relics_obtained":["MutagenicStrength"],"max_hp_gain":0,"max_hp_loss":0,"event_name":"Drug Dealer","floor":25,"gold_loss":0},{"damage_healed":0,"gold_gain":0,"player_choice":"Fought Bandits","damage_taken":0,"max_hp_gain":0,"max_hp_loss":0,"event_name":"Masked Bandits","floor":28,"gold_loss":0},{"damage_healed":0,"gold_gain":333,"player_choice":"Gave Idol","damage_taken":0,"max_hp_gain":0,"max_hp_loss":0,"event_name":"The Moai Head","floor":37,"relics_lost":["Golden Idol"],"gold_loss":0},{"damage_healed":0,"gold_gain":0,"player_choice":"Fight","damage_taken":0,"max_hp_gain":0,"max_hp_loss":0,"event_name":"MindBloom","floor":38,"gold_loss":0}],"is_beta":false,"boss_relics":[{"not_picked":["Runic Cube","Sozu"],"picked":"Philosopher\u0027s Stone"},{"not_picked":["Velvet Choker","Busted Crown"],"picked":"Cursed Key"}],"items_purged_floors":[20,39],"is_endless":false,"potions_floor_spawned":[2,3,5,7,18,24,27,30,33,36,40,47,48],"ascension_level":20}}