{"host":"Qube","time":1611811116,"event":{"mods":["AchievementEnabler","BaseMod","Colored Map","Colored Powertips","Highlight Path","Minty Spire (QoL Compilation)","Permanent Neow","Quick Restart","Random Character Button","StSLib"],"gold_per_floor":[119,119,134,144,219,219,247,247,272,292,292,292],"floor_reached":11,"language":"ENG","playtime":326,"items_purged":[],"score":77,"play_id":"dc1d9e4a-6675-48c9-85e0-662eb4a9a224","local_time":"20210127211836","is_ascension_mode":true,"campfire_choices":[{"data":"Beam Cell","floor":6,"key":"SMITH"},{"data":"Creative AI","floor":8,"key":"SMITH"}],"circlet_count":0,"master_deck":["Strike_B","Strike_B+1","Strike_B+1","Strike_B","Defend_B+1","Defend_B","Defend_B","Defend_B","Zap+1","Dualcast","Gash","Beam Cell+1","Creative AI+1","Glacier"],"relics":["Calling Bell","Happy Flower","Singing Bowl","Peace Pipe","Anchor","Whetstone"],"acts_visited":["Exordium"],"potions_floor_usage":[7],"damage_taken":[{"damage":1.0,"enemies":"Cultist","floor":1.0,"turns":4.0},{"damage":0.0,"enemies":"2 Louse","floor":3.0,"turns":3.0},{"damage":5.0,"enemies":"Small Slimes","floor":4.0,"turns":3.0},{"damage":24,"enemies":"3 Sentries","floor":7,"turns":6},{"damage":1,"enemies":"3 Louse","floor":10,"turns":3},{"damage":21,"enemies":"Lagavulin","floor":11,"turns":6}],"seed_played":"-8864664798464583272","potions_obtained":[{"floor":3.0,"key":"SneckoOil"},{"floor":10,"key":"SteroidPotion"}],"is_trial":false,"path_per_floor":["M","?","M","M","?","R","E","R","T","M","E"],"character_chosen":"DEFECT","items_purchased":[],"campfire_rested":0,"item_purchase_floors":[],"current_hp_per_floor":[74,59,59,54,47,47,25,25,25,24,3,3],"gold":292,"neow_bonus":"BOSS_RELIC","is_daily":false,"chose_seed":false,"campfire_upgraded":2,"win_rate":0.0,"timestamp":1611811116,"path_taken":["M","?","M","M","?","R","E","R","T","?","E"],"items_purchased_type":[],"build_version":"2020-12-18","purchased_purges":0,"victory":false,"max_hp_per_floor":[75,75,75,75,75,75,77,77,77,77,77,77],"card_choices":[{"not_picked":["White Noise","Coolheaded"],"picked":"Gash","floor":1.0},{"not_picked":["Redo","Fusion"],"picked":"Beam Cell","floor":3.0},{"not_picked":["Sweeping Beam","Conserve Battery"],"picked":"Creative AI","floor":4.0},{"not_picked":["Go for the Eyes","Barrage","Stack"],"picked":"Singing Bowl","floor":7},{"not_picked":["Doom and Gloom","Sweeping Beam"],"picked":"Glacier","floor":10}],"player_experience":1003432,"relics_obtained":[{"floor":0.0,"key":"Happy Flower"},{"floor":0.0,"key":"Singing Bowl"},{"floor":0.0,"key":"Peace Pipe"},{"floor":7,"key":"Anchor"},{"floor":9,"key":"Whetstone"}],"event_choices":[{"damage_healed":0.0,"max_hp_gain":0.0,"max_hp_loss":0.0,"gold_gain":0.0,"event_name":"Shining Light","player_choice":"Entered Light","floor":2.0,"gold_loss":0.0,"damage_taken":15.0,"cards_upgraded":["Defend_B","Zap"]},{"damage_healed":0,"gold_gain":75,"player_choice":"Touch","damage_taken":7,"max_hp_gain":0,"max_hp_loss":0,"event_name":"FaceTrader","floor":5,"gold_loss":0}],"is_beta":true,"boss_relics":[],"items_purged_floors":[],"is_endless":false,"potions_floor_spawned":[3,10],"killed_by":"Lagavulin","ascension_level":1}}