{"host":"0kk91h4bq4kgfj0u","time":1611854115,"event":{"mods":["BaseMod","Minty Spire (QoL Compilation)","StSLib"],"gold_per_floor":[114,126,139,139,158,158,186,35,35,46,46,46,46,71,71,172,172,191,217,217,235,235,235,235,235],"floor_reached":24,"language":"ENG","playtime":1393,"items_purged":[],"score":255,"play_id":"75511d25-c814-42a5-a10d-7d123ee55c60","local_time":"20210128121515","is_ascension_mode":true,"campfire_choices":[{"data":"Distraction","floor":6,"key":"SMITH"},{"floor":11,"key":"REST"},{"floor":13,"key":"REST"},{"floor":15,"key":"REST"},{"floor":23,"key":"REST"}],"circlet_count":0,"master_deck":["Strike_G+1","Strike_G+1","Strike_G+1","Strike_G+1","Strike_G+1","Defend_G+1","Defend_G+1","Defend_G+1","Defend_G+1","Defend_G+1","Survivor","Neutralize","Backflip","Dagger Spray","Tactician","Flechettes+1","Distraction+1","Blade Dance","Flying Knee","Blade Dance","Poisoned Stab","Doppelganger","Sucker Punch","Dodge and Roll","Blade Dance"],"relics":["Ring of the Snake","Ice Cream","Tingsha","Du-Vu Doll","HoveringKite","Red Mask"],"acts_visited":["Exordium","TheCity"],"potions_floor_usage":[7,19,19],"damage_taken":[{"damage":0,"enemies":"Cultist","floor":1,"turns":4},{"damage":0,"enemies":"Small Slimes","floor":2,"turns":4},{"damage":4,"enemies":"Jaw Worm","floor":3,"turns":3},{"damage":2,"enemies":"2 Fungi Beasts","floor":5,"turns":4},{"damage":41,"enemies":"Gremlin Nob","floor":7,"turns":6},{"damage":8,"enemies":"3 Louse","floor":10,"turns":2},{"damage":30,"enemies":"Lagavulin","floor":14,"turns":6},{"damage":55,"enemies":"Slime Boss","floor":16,"turns":13},{"damage":2,"enemies":"3 Byrds","floor":18,"turns":4},{"damage":69,"enemies":"Masked Bandits","floor":19,"turns":8},{"damage":10,"enemies":"Shell Parasite","floor":21,"turns":7},{"damage":69,"enemies":"Book of Stabbing","floor":24,"turns":7}],"seed_played":"7621976367085108487","potions_obtained":[{"floor":1,"key":"Block Potion"},{"floor":3,"key":"EssenceOfSteel"},{"floor":5,"key":"Regen Potion"},{"floor":14,"key":"Block Potion"},{"floor":19,"key":"FairyPotion"}],"is_trial":false,"path_per_floor":["M","M","M","?","M","R","E","$","T","M","R","?","R","E","R","B",null,"M","?","?","M","?","R","E"],"character_chosen":"THE_SILENT","items_purchased":["FairyPotion","Flying Knee"],"campfire_rested":4,"item_purchase_floors":[8,8],"current_hp_per_floor":[77,77,73,73,71,71,30,30,30,22,45,45,68,38,61,6,59,57,3,3,17,17,40,0,0],"gold":235,"neow_bonus":"TEN_PERCENT_HP_BONUS","is_daily":false,"chose_seed":false,"campfire_upgraded":1,"win_rate":0.0,"timestamp":1611854115,"path_taken":["M","?","M","?","M","R","E","?","T","M","R","?","R","E","R","BOSS","M","?","?","M","?","R","E"],"items_purchased_type":["Potion","Card"],"build_version":"2020-12-22","purchased_purges":0,"victory":false,"max_hp_per_floor":[77,77,77,77,77,77,77,77,77,77,77,77,77,77,77,77,77,77,77,77,77,77,77,77,77],"card_choices":[{"not_picked":["Catalyst","Noxious Fumes"],"picked":"Backflip","floor":1},{"not_picked":["Poisoned Stab","Endless Agony"],"picked":"Dagger Spray","floor":2},{"not_picked":["Dagger Spray","Dodge and Roll"],"picked":"Tactician","floor":3},{"not_picked":["Finisher","Riddle With Holes"],"picked":"Distraction","floor":5},{"not_picked":["Tactician","Noxious Fumes"],"picked":"Blade Dance","floor":7},{"not_picked":["Masterful Stab","Bane"],"picked":"Blade Dance","floor":10},{"not_picked":["Backstab","Deflect"],"picked":"Poisoned Stab","floor":14},{"not_picked":["Glass Knife","Grand Finale"],"picked":"Doppelganger","floor":16},{"not_picked":["Catalyst","Bane"],"picked":"Sucker Punch","floor":18},{"not_picked":["Finisher","PiercingWail+1"],"picked":"Dodge and Roll","floor":19},{"not_picked":["Flechettes","Bouncing Flask"],"picked":"Blade Dance","floor":21}],"player_experience":814101,"relics_obtained":[{"floor":7,"key":"Ice Cream"},{"floor":9,"key":"Tingsha"},{"floor":14,"key":"Du-Vu Doll"},{"floor":19,"key":"Red Mask"}],"event_choices":[{"damage_healed":0,"gold_gain":0,"player_choice":"1 cards matched","damage_taken":0,"max_hp_gain":0,"max_hp_loss":0,"event_name":"Match and Keep!","floor":4,"gold_loss":0,"cards_obtained":["Flechettes"]},{"damage_healed":0,"gold_gain":0,"player_choice":"Grow","damage_taken":0,"max_hp_gain":0,"max_hp_loss":0,"event_name":"Living Wall","floor":12,"gold_loss":0,"cards_upgraded":["Flechettes"]},{"damage_healed":0,"gold_gain":0,"player_choice":"Fought Bandits","damage_taken":0,"max_hp_gain":0,"max_hp_loss":0,"event_name":"Masked Bandits","floor":19,"gold_loss":0},{"damage_healed":0,"gold_gain":0,"player_choice":"Simplicity","damage_taken":0,"max_hp_gain":0,"max_hp_loss":0,"event_name":"Back to Basics","floor":20,"gold_loss":0,"cards_upgraded":["Strike_G","Strike_G","Strike_G","Strike_G","Strike_G","Defend_G","Defend_G","Defend_G","Defend_G","Defend_G"]},{"damage_healed":0,"gold_gain":0,"player_choice":"Ignored","damage_taken":0,"max_hp_gain":0,"max_hp_loss":0,"event_name":"Cursed Tome","floor":22,"gold_loss":0}],"is_beta":false,"boss_relics":[{"not_picked":["Sozu","Black Star"],"picked":"HoveringKite"}],"items_purged_floors":[],"is_endless":false,"potions_floor_spawned":[1,3,5,10,14,19],"killed_by":"Book of Stabbing","ascension_level":5}}