{"host":"zrerxgu8lagrk16e","time":1611805011,"event":{"mods":["AchievementEnabler","BaseMod","Colored Map","Colored Powertips","Minty Spire (QoL Compilation)","Quick Restart","Relic Stats","StSLib","slay the spire mod where everything is the same but ironclad has a cowboy hat"],"gold_per_floor":[112,129,129,89,108,108,108,148,193,14,27,202,202,238,238,366,366,382,396,396,396,409,409,109,143,143,187,12,12,12,51,51,160,187,207,269,109,131,37,81,81,140,166,166,186,225,254,290,290,290,290,290,28,64,64,64],"floor_reached":55,"language":"ENG","playtime":2570,"items_purged":[],"score":1015,"play_id":"889212eb-7bd0-4d5b-8198-c22a0adcb0e6","local_time":"20210127223651","is_ascension_mode":true,"campfire_choices":[{"data":"Intimidate","floor":6.0,"key":"SMITH"},{"data":"Perfected Strike","floor":15.0,"key":"SMITH"},{"data":"Berserk","floor":23.0,"key":"SMITH"},{"data":"Apotheosis","floor":29.0,"key":"SMITH"},{"data":"Mind Blast","floor":32.0,"key":"SMITH"},{"data":"Chrysalis","floor":41.0,"key":"SMITH"},{"floor":49,"key":"RECALL"},{"data":"Offering","floor":52,"key":"SMITH"}],"circlet_count":0,"master_deck":["Strike_R+1","Strike_R+1","Strike_R+1","Strike_R+1","Defend_R+1","Defend_R+1","Defend_R+1","Flex","Thunderclap","True Grit","Twin Strike","Perfected Strike+1","Mind Blast+1","Perfected Strike","Berserk+1","Pummel","Iron Wave","Armaments+1","Double Tap","Infernal Blade","Warcry+1","Apotheosis+1","Flex+1","Offering+1","Pommel Strike+1","Immolate+1","Uppercut+1","Hemokinesis+1","Pummel+1","Inflame+1","Heavy Blade","Perfected Strike","Chrysalis+1","Impervious","Pummel+1","Seeing Red+1","Sentinel+1","Clothesline+1","Rage+1","Pummel+1","Trip","Feel No Pain"],"relics":["Burning Blood","Oddly Smooth Stone","Bloody Idol","Centennial Puzzle","Omamori","Toy Ornithopter","SlaversCollar","Brimstone","Art of War","Meat on the Bone","CeramicFish","Kunai","Pear","Astrolabe","Torii","Membership Card","Pen Nib","Du-Vu Doll","Potion Belt","Regal Pillow","Incense Burner","DollysMirror","Bird Faced Urn","Letter Opener"],"acts_visited":["Exordium","TheCity","TheBeyond","TheEnding"],"potions_floor_usage":[50,55,55],"damage_taken":[{"damage":0.0,"enemies":"Cultist","floor":1.0,"turns":3.0},{"damage":12.0,"enemies":"Jaw Worm","floor":2.0,"turns":2.0},{"damage":1.0,"enemies":"2 Louse","floor":5.0,"turns":2.0},{"damage":19.0,"enemies":"Gremlin Nob","floor":8.0,"turns":4.0},{"damage":13.0,"enemies":"Looter","floor":11.0,"turns":4.0},{"damage":15.0,"enemies":"Lagavulin","floor":14.0,"turns":7.0},{"damage":8.0,"enemies":"Slime Boss","floor":16.0,"turns":7.0},{"damage":11.0,"enemies":"Spheric Guardian","floor":18.0,"turns":3.0},{"damage":12.0,"enemies":"Chosen","floor":19.0,"turns":5.0},{"damage":21.0,"enemies":"Snake Plant","floor":22.0,"turns":5.0},{"damage":16.0,"enemies":"Book of Stabbing","floor":25.0,"turns":3.0},{"damage":26.0,"enemies":"Slavers","floor":27.0,"turns":3.0},{"damage":29.0,"enemies":"Book of Stabbing","floor":31.0,"turns":3.0},{"damage":65.0,"enemies":"Champ","floor":33.0,"turns":6.0},{"damage":0.0,"enemies":"3 Darklings","floor":35.0,"turns":2.0},{"damage":37.0,"enemies":"2 Orb Walkers","floor":36.0,"turns":3.0},{"damage":12.0,"enemies":"3 Shapes","floor":38.0,"turns":3.0},{"damage":49.0,"enemies":"Giant Head","floor":40.0,"turns":6.0},{"damage":26.0,"enemies":"Mind Bloom Boss Battle","floor":42.0,"turns":4.0},{"damage":27.0,"enemies":"Maw","floor":45.0,"turns":5.0},{"damage":8.0,"enemies":"Reptomancer","floor":46.0,"turns":2.0},{"damage":14.0,"enemies":"4 Shapes","floor":47.0,"turns":3.0},{"damage":47,"enemies":"Nemesis","floor":48,"turns":3},{"damage":34,"enemies":"Time Eater","floor":50,"turns":7},{"damage":7,"enemies":"Shield and Spear","floor":54,"turns":3},{"damage":153,"enemies":"The Heart","floor":55,"turns":6}],"seed_played":"-3423748459984151556","potions_obtained":[{"floor":4.0,"key":"Energy Potion"},{"floor":4.0,"key":"SneckoOil"},{"floor":4.0,"key":"FairyPotion"},{"floor":8.0,"key":"AttackPotion"},{"floor":14.0,"key":"EntropicBrew"},{"floor":22.0,"key":"PowerPotion"},{"floor":25.0,"key":"SpeedPotion"},{"floor":33.0,"key":"AttackPotion"},{"floor":40.0,"key":"Block Potion"},{"floor":45.0,"key":"Energy Potion"},{"floor":48,"key":"Regen Potion"},{"floor":54,"key":"Dexterity Potion"}],"is_trial":false,"path_per_floor":["M","M","?","?","M","R","?","E","T","$","M","?","?","E","R","B",null,"M","M","?","?","M","R","$","E","T","E","$","R","?","E","R","B",null,"M","?","$","M","$","E","R","?","T","?","M","E","M","E","R","B",null,"R","$","E","B"],"character_chosen":"IRONCLAD","items_purchased":["Twin Strike","Omamori","Brimstone","Double Tap","Apotheosis","Membership Card","Inflame","Perfected Strike","Chrysalis","DollysMirror","Bird Faced Urn","Trip"],"campfire_rested":0,"item_purchase_floors":[10,10,24,24,28,37,37,39,39,53,53,53],"current_hp_per_floor":[80,74,74,74,74,74,67,54,54,54,47,47,47,38,38,46,74,69,63,63,63,58,58,58,58,58,60,65,65,65,67,67,30,84,84,63,68,72,82,61,61,68,73,73,62,75,77,58,58,50,84,84,84,84,0,0],"gold":64,"neow_bonus":"RANDOM_COMMON_RELIC","is_daily":false,"chose_seed":false,"campfire_upgraded":7,"win_rate":0.0,"timestamp":1611805011,"path_taken":["M","M","?","?","?","R","?","E","T","$","M","?","?","E","R","BOSS","M","?","?","?","M","R","$","E","T","E","$","R","?","E","R","BOSS","M","?","$","M","$","E","R","?","T","?","M","E","?","E","R","BOSS","R","$","E","BOSS"],"items_purchased_type":["Card","Relic","Relic","Card","Card","Relic","Card","Card","Card","Relic","Relic","Card"],"build_version":"2020-12-22","purchased_purges":0,"victory":false,"max_hp_per_floor":[80,80,74,74,74,74,74,74,74,74,74,74,74,74,74,74,74,74,74,74,74,74,74,74,74,74,74,74,74,74,84,84,84,84,84,84,84,84,84,84,84,84,84,84,84,84,84,84,84,84,84,84,84,84,84,84],"relic_stats":{"Regal Pillow":0,"Torii":9,"counters":[26,104],"CeramicFish":198,"Astrolabe":["Pommel Strike","Immolate","Uppercut"],"Pen Nib":[7],"Letter Opener":[0],"Burning Blood":133,"Centennial Puzzle":[63],"Bloody Idol":161,"Bird Faced Urn":[4],"Art of War":[2],"Kunai":[23],"obtain_stats":[{"Regal Pillow":46,"Torii":36,"CeramicFish":27,"Incense Burner":48,"Burning Blood":0,"Centennial Puzzle":8,"DollysMirror":53,"Kunai":30,"Potion Belt":43,"Pear":31,"Golden Idol":3,"Astrolabe":34,"Oddly Smooth Stone":0,"Pen Nib":40,"Omamori":10,"Letter Opener":54,"Du-Vu Doll":42,"SlaversCollar":17,"Brimstone":24,"Bloody Idol":20,"Bird Faced Urn":53,"Art of War":25,"Membership Card":37,"Toy Ornithopter":14,"Meat on the Bone":26},{"Regal Pillow":21,"Torii":16,"CeramicFish":12,"Incense Burner":23,"Burning Blood":0,"Centennial Puzzle":4,"DollysMirror":24,"Kunai":12,"Potion Belt":19,"Pear":13,"Golden Idol":2,"Astrolabe":14,"Oddly Smooth Stone":0,"Pen Nib":18,"Omamori":4,"Letter Opener":25,"Du-Vu Doll":19,"SlaversCollar":7,"Brimstone":10,"Bloody Idol":9,"Bird Faced Urn":24,"Art of War":11,"Membership Card":16,"Toy Ornithopter":6,"Meat on the Bone":11},{"Regal Pillow":82,"Torii":62,"CeramicFish":48,"Incense Burner":88,"Burning Blood":0,"Centennial Puzzle":11,"DollysMirror":95,"Kunai":48,"Potion Belt":75,"Pear":51,"Golden Idol":5,"Astrolabe":57,"Oddly Smooth Stone":0,"Pen Nib":71,"Omamori":11,"Letter Opener":98,"Du-Vu Doll":75,"SlaversCollar":29,"Brimstone":42,"Bloody Idol":37,"Bird Faced Urn":95,"Art of War":45,"Membership Card":62,"Toy Ornithopter":22,"Meat on the Bone":45}],"Toy Ornithopter":50,"Meat on the Bone":60},"card_choices":[{"not_picked":["Wild Strike","Shrug It Off"],"picked":"Flex","floor":1.0},{"not_picked":["Anger","Spot Weakness"],"picked":"Thunderclap","floor":2.0},{"not_picked":["Warcry","Metallicize"],"picked":"Intimidate","floor":5.0},{"not_picked":["Anger","Clash"],"picked":"True Grit","floor":8.0},{"not_picked":["Cleave","Clothesline"],"picked":"Perfected Strike","floor":11.0},{"not_picked":["Armaments","Headbutt"],"picked":"Perfected Strike","floor":14.0},{"not_picked":["Exhume","Limit Break"],"picked":"Berserk","floor":16.0},{"not_picked":["Clash","Heavy Blade"],"picked":"Pummel","floor":18.0},{"not_picked":["Pommel Strike","Clash+1"],"picked":"Iron Wave","floor":19.0},{"not_picked":["Cleave","Burning Pact"],"picked":"Armaments+1","floor":22.0},{"not_picked":["Bloodletting","Sentinel"],"picked":"Infernal Blade","floor":25.0},{"not_picked":["True Grit","Bloodletting+1"],"picked":"Warcry+1","floor":27.0},{"not_picked":["Twin Strike+1","Body Slam"],"picked":"Flex+1","floor":31.0},{"not_picked":["Immolate","Impervious"],"picked":"Offering","floor":33.0},{"not_picked":["Armaments","Clothesline+1"],"picked":"Hemokinesis+1","floor":35.0},{"not_picked":["Evolve","Headbutt+1"],"picked":"Pummel+1","floor":36.0},{"not_picked":["True Grit+1","Shrug It Off+1"],"picked":"Heavy Blade","floor":38.0},{"not_picked":["True Grit+1","Headbutt+1"],"picked":"Impervious","floor":40.0},{"not_picked":["Iron Wave","Armaments+1"],"picked":"Pummel+1","floor":42.0},{"not_picked":["True Grit+1","Heavy Blade+1"],"picked":"Seeing Red+1","floor":45.0},{"not_picked":["Clash+1","Iron Wave+1"],"picked":"Sentinel+1","floor":46.0},{"not_picked":["Armaments","Wild Strike"],"picked":"Clothesline+1","floor":47.0},{"not_picked":["Twin Strike","Evolve"],"picked":"Rage+1","floor":48},{"not_picked":["Pommel Strike","Shrug It Off"],"picked":"Feel No Pain","floor":54}],"player_experience":182483,"relics_obtained":[{"floor":8.0,"key":"Centennial Puzzle"},{"floor":14.0,"key":"Toy Ornithopter"},{"floor":25.0,"key":"Art of War"},{"floor":26.0,"key":"Meat on the Bone"},{"floor":27.0,"key":"CeramicFish"},{"floor":31.0,"key":"Pear"},{"floor":36.0,"key":"Torii"},{"floor":40.0,"key":"Pen Nib"},{"floor":42.0,"key":"Du-Vu Doll"},{"floor":43.0,"key":"Potion Belt"},{"floor":46.0,"key":"Regal Pillow"},{"floor":48,"key":"Incense Burner"},{"floor":54,"key":"Letter Opener"}],"event_choices":[{"damage_healed":0.0,"max_hp_gain":0.0,"max_hp_loss":6.0,"gold_gain":0.0,"event_name":"Golden Idol","player_choice":"Lose Max HP","floor":3.0,"gold_loss":0.0,"damage_taken":0.0,"relics_obtained":["Golden Idol"]},{"damage_healed":0.0,"max_hp_gain":0.0,"max_hp_loss":0.0,"gold_gain":0.0,"event_name":"The Woman in Blue","player_choice":"Bought 3 Potions","floor":4.0,"gold_loss":0.0,"damage_taken":0.0},{"cards_removed":["Strike_R"],"damage_healed":0.0,"max_hp_gain":0.0,"max_hp_loss":0.0,"gold_gain":0.0,"event_name":"Golden Wing","player_choice":"Card Removal","floor":7.0,"gold_loss":0.0,"damage_taken":7.0},{"damage_healed":0.0,"max_hp_gain":0.0,"max_hp_loss":0.0,"gold_gain":175.0,"event_name":"Liars Game","player_choice":"AGREE","floor":12.0,"gold_loss":0.0,"damage_taken":0.0,"cards_obtained":["Doubt"]},{"damage_healed":0.0,"max_hp_gain":0.0,"max_hp_loss":0.0,"gold_gain":0.0,"event_name":"Match and Keep!","player_choice":"1 cards matched","floor":13.0,"gold_loss":0.0,"damage_taken":0.0,"cards_obtained":["Mind Blast"]},{"damage_healed":0.0,"max_hp_gain":0.0,"max_hp_loss":0.0,"gold_gain":0.0,"event_name":"Forgotten Altar","player_choice":"Gave Idol","floor":20.0,"relics_lost":["Golden Idol"],"gold_loss":0.0,"damage_taken":0.0,"relics_obtained":["Bloody Idol"]},{"damage_healed":0.0,"max_hp_gain":0.0,"max_hp_loss":0.0,"gold_gain":0.0,"event_name":"Back to Basics","player_choice":"Simplicity","floor":21.0,"gold_loss":0.0,"damage_taken":0.0,"cards_upgraded":["Strike_R","Strike_R","Strike_R","Strike_R","Defend_R","Defend_R","Defend_R","Defend_R"]},{"damage_healed":0.0,"max_hp_gain":0.0,"max_hp_loss":0.0,"gold_gain":0.0,"event_name":"Addict","player_choice":"Stole Relic","floor":30.0,"gold_loss":0.0,"damage_taken":0.0,"relics_obtained":["Kunai"],"cards_obtained":["Shame"]},{"damage_healed":0.0,"max_hp_gain":0.0,"max_hp_loss":0.0,"gold_gain":0.0,"event_name":"Mysterious Sphere","player_choice":"Fight","floor":36.0,"gold_loss":0.0,"damage_taken":0.0},{"damage_healed":0.0,"max_hp_gain":0.0,"max_hp_loss":0.0,"gold_gain":0.0,"event_name":"MindBloom","player_choice":"Fight","floor":42.0,"gold_loss":0.0,"damage_taken":0.0},{"damage_healed":0.0,"max_hp_gain":0.0,"max_hp_loss":0.0,"gold_gain":0.0,"event_name":"Upgrade Shrine","player_choice":"Upgraded","floor":44.0,"gold_loss":0.0,"damage_taken":0.0,"cards_upgraded":["Inflame"]}],"is_beta":false,"boss_relics":[{"not_picked":["Runic Cube","Pandora\u0027s Box"],"picked":"SlaversCollar"},{"not_picked":["Runic Pyramid","Tiny House"],"picked":"Astrolabe"}],"items_purged_floors":[],"is_endless":false,"potions_floor_spawned":[5,8,11,14,16,22,25,33,40,45,48,54],"killed_by":"The Heart","ascension_level":3}}