{"host":"vyjryxuuuxkt43k4","time":1611824334,"event":{"mods":["AchievementEnabler","BaseMod","Colored Map","DeckTracker","Keyboard Shortcuts","Minty Spire (QoL Compilation)","Permanent Neow","Quick Restart","Rare Cards Sparkle","StSLib","SuperFastMode","everything is the same but u backflip on backflip"],"gold_per_floor":[117,134,134,149,169,169,195,195,276,287,287,287,287],"floor_reached":12,"language":"KOR","playtime":833,"items_purged":[],"score":160,"play_id":"266301f8-e78e-45d3-a33a-21095d786c04","local_time":"20210128175854","is_ascension_mode":true,"campfire_choices":[{"data":"Rupture","floor":6.0,"key":"SMITH"},{"floor":8.0,"key":"REST"},{"data":"Perfected Strike","floor":11.0,"key":"SMITH"}],"circlet_count":0,"master_deck":["AscendersBane","Strike_R","Strike_R","Strike_R","Strike_R","Strike_R","Defend_R","Defend_R","Defend_R","Defend_R","Bash","Brutality","Rupture+1","Perfected Strike+1","Evolve","Shrug It Off","Reaper","Perfected Strike"],"relics":["Burning Blood","Pocketwatch","Ancient Tea Set","Question Card"],"acts_visited":["Exordium"],"potions_floor_usage":[12],"damage_taken":[{"damage":4.0,"enemies":"2 Louse","floor":1.0,"turns":4.0},{"damage":9.0,"enemies":"Cultist","floor":2.0,"turns":4.0},{"damage":9.0,"enemies":"Jaw Worm","floor":4.0,"turns":3.0},{"damage":8.0,"enemies":"Large Slime","floor":5.0,"turns":5.0},{"damage":35.0,"enemies":"Gremlin Nob","floor":7.0,"turns":4.0},{"damage":13.0,"enemies":"Blue Slaver","floor":10.0,"turns":2.0},{"damage":29,"enemies":"Lagavulin","floor":12,"turns":6}],"seed_played":"5706008753070303165","potions_obtained":[{"floor":4.0,"key":"AttackPotion"},{"floor":7.0,"key":"Fruit Juice"},{"floor":10.0,"key":"SkillPotion"}],"is_trial":false,"path_per_floor":["M","M","?","M","M","R","E","R","T","M","R","E"],"character_chosen":"IRONCLAD","items_purchased":[],"campfire_rested":1,"item_purchase_floors":[],"current_hp_per_floor":[70,67,41,38,36,36,12,36,36,29,29,0,0],"gold":287,"neow_bonus":"ONE_RANDOM_RARE_CARD","is_daily":false,"chose_seed":false,"campfire_upgraded":2,"win_rate":0.0,"timestamp":1611824334,"path_taken":["M","M","?","M","M","R","E","R","T","M","R","E"],"items_purchased_type":[],"build_version":"2020-12-22","purchased_purges":0,"victory":false,"max_hp_per_floor":[75,75,75,75,75,75,80,80,80,80,80,80,80],"card_choices":[{"not_picked":["Wild Strike","Twin Strike"],"picked":"Rupture","floor":1.0},{"not_picked":["Havoc","Sever Soul"],"picked":"Perfected Strike","floor":2.0},{"not_picked":["Intimidate","Flex"],"picked":"Evolve","floor":4.0},{"not_picked":["Infernal Blade","Evolve"],"picked":"Shrug It Off","floor":5.0},{"not_picked":["Perfected Strike","Cleave"],"picked":"Reaper","floor":7.0},{"not_picked":["Whirlwind","Fire Breathing","Infernal Blade"],"picked":"Perfected Strike","floor":10.0}],"player_experience":453323,"relics_obtained":[{"floor":7.0,"key":"Ancient Tea Set"},{"floor":9.0,"key":"Question Card"}],"event_choices":[{"damage_healed":0.0,"max_hp_gain":0.0,"max_hp_loss":0.0,"gold_gain":0.0,"event_name":"Scrap Ooze","player_choice":"Success","floor":3.0,"gold_loss":0.0,"damage_taken":26.0,"relics_obtained":["Pocketwatch"]}],"is_beta":false,"boss_relics":[],"items_purged_floors":[],"is_endless":false,"potions_floor_spawned":[4,7,10],"killed_by":"Lagavulin","ascension_level":20}}