{"host":"lktusdb9orijgc6z","time":1611853334,"event":{"mods":["BaseMod","Bestiary","Colored Map","Colored Powertips","Minty Spire (QoL Compilation)","Permanent Neow","Quick Restart","Relic Stats","StSLib","everything is the same but u backflip on backflip","slay the spire mod where everything is the same but ironclad has a cowboy hat"],"gold_per_floor":[114,128,145,50,50,78,78,105,158,177,202,202,222,372,372,443,443,455,473,301,251,268,300,200,200,200,218,229,33,48,58,58,132,132,145,145,145,160,35,35,35],"floor_reached":40,"language":"ENG","playtime":2147,"items_purged":["Doubt","Strike_B","Strike_B"],"score":856,"play_id":"b797a36b-2f2f-4b92-889b-4d3819f2a03f","local_time":"20210128180214","is_ascension_mode":true,"campfire_choices":[{"data":"Go for the Eyes","floor":7.0,"key":"SMITH"},{"data":"Panacea","floor":12.0,"key":"SMITH"},{"floor":15.0,"key":"REST"},{"data":"Creative AI","floor":32,"key":"SMITH"}],"circlet_count":0,"master_deck":["AscendersBane","Strike_B","Defend_B","Defend_B","Defend_B","Defend_B","Zap","Dualcast","Glacier","Go for the Eyes+1","Defragment+1","Panacea+1","Cold Snap","Melter","Sweeping Beam","Tempest","Conserve Battery","Creative AI+1","Chill","Dark Shackles","Hologram+1","Chill","Defragment","Coolheaded","Skim","Echo Form"],"relics":["SlaversCollar","HornCleat","Akabeko","Tiny Chest","Lantern","Inserter","Ginger","Bottled Tornado","Runic Pyramid"],"acts_visited":["Exordium","TheCity","TheBeyond"],"potions_floor_usage":[30,35],"damage_taken":[{"damage":7.0,"enemies":"Jaw Worm","floor":1.0,"turns":3.0},{"damage":13.0,"enemies":"Small Slimes","floor":2.0,"turns":5.0},{"damage":0.0,"enemies":"Cultist","floor":3.0,"turns":4.0},{"damage":13.0,"enemies":"3 Sentries","floor":6.0,"turns":18.0},{"damage":12.0,"enemies":"Gremlin Nob","floor":8.0,"turns":6.0},{"damage":0.0,"enemies":"Blue Slaver","floor":10.0,"turns":4.0},{"damage":1.0,"enemies":"Lagavulin","floor":11.0,"turns":8.0},{"damage":1.0,"enemies":"Exordium Wildlife","floor":13.0,"turns":4.0},{"damage":17.0,"enemies":"Hexaghost","floor":16.0,"turns":14.0},{"damage":8.0,"enemies":"Shell Parasite","floor":18.0,"turns":7.0},{"damage":0.0,"enemies":"Chosen","floor":19.0,"turns":7.0},{"damage":2.0,"enemies":"Shelled Parasite and Fungi","floor":22.0,"turns":11.0},{"damage":24.0,"enemies":"Slavers","floor":23.0,"turns":6.0},{"damage":12.0,"enemies":"Centurion and Healer","floor":27.0,"turns":13.0},{"damage":0.0,"enemies":"Cultist and Chosen","floor":28.0,"turns":7.0},{"damage":0,"enemies":"Snecko","floor":30,"turns":13},{"damage":7,"enemies":"Chosen and Byrds","floor":31,"turns":8},{"damage":20,"enemies":"Collector","floor":33,"turns":10},{"damage":10,"enemies":"Orb Walker","floor":35,"turns":7},{"damage":34,"enemies":"3 Darklings","floor":38,"turns":6},{"damage":13,"enemies":"Reptomancer","floor":40,"turns":2}],"seed_played":"-3032865820162454769","potions_obtained":[{"floor":1.0,"key":"BlessingOfTheForge"},{"floor":3.0,"key":"Dexterity Potion"},{"floor":8.0,"key":"FocusPotion"},{"floor":18.0,"key":"AttackPotion"},{"floor":19.0,"key":"EntropicBrew"},{"floor":23.0,"key":"SpeedPotion"},{"floor":31,"key":"FearPotion"},{"floor":38,"key":"SneckoOil"}],"is_trial":false,"path_per_floor":["M","M","M","$","?","E","R","E","T","M","E","R","M","?","R","B",null,"M","M","$","?","M","E","$","T","T","M","M","$","M","M","R","B",null,"M","?","?","M","$","E"],"character_chosen":"DEFECT","items_purchased":["Panacea","Dark Shackles","Defragment","Coolheaded","Regen Potion"],"campfire_rested":1,"item_purchase_floors":[4,20,29,29,29],"current_hp_per_floor":[57,44,44,44,44,31,31,19,19,19,18,18,17,17,38,21,59,51,51,51,51,49,25,25,25,25,13,13,13,28,21,21,1,54,44,44,44,10,10,0,0],"gold":35,"neow_bonus":"BOSS_RELIC","is_daily":false,"chose_seed":false,"campfire_upgraded":3,"win_rate":0.0,"timestamp":1611853334,"path_taken":["M","M","M","$","?","E","R","E","T","M","E","R","M","?","R","BOSS","M","M","$","?","?","E","$","?","T","M","M","?","M","M","R","BOSS","M","?","?","M","$","E"],"items_purchased_type":["Card","Card","Card","Card","Potion"],"build_version":"2020-12-22","purchased_purges":3,"victory":false,"max_hp_per_floor":[71,71,71,71,71,71,71,71,71,71,71,71,71,71,71,71,71,71,71,71,71,71,71,71,71,71,71,71,71,71,71,71,71,71,71,67,67,67,67,67,67],"relic_stats":{"Inserter":[44],"counters":[21,163],"Tiny Chest":1,"Ginger":[28],"obtain_stats":[{"SlaversCollar":0,"Lantern":11,"HornCleat":6,"Inserter":17,"Tiny Chest":9,"Ginger":23,"Bottled Tornado":26,"Cracked Core":0,"Akabeko":8,"Runic Pyramid":34},{"SlaversCollar":0,"Lantern":7,"HornCleat":4,"Inserter":9,"Tiny Chest":5,"Ginger":13,"Bottled Tornado":13,"Cracked Core":0,"Akabeko":5,"Runic Pyramid":18},{"SlaversCollar":0,"Lantern":48,"HornCleat":30,"Inserter":66,"Tiny Chest":36,"Ginger":97,"Bottled Tornado":97,"Cracked Core":0,"Akabeko":36,"Runic Pyramid":148}]},"card_choices":[{"not_picked":["Go for the Eyes","Fusion"],"picked":"Glacier","floor":1.0},{"not_picked":["Rebound","Cold Snap"],"picked":"Go for the Eyes","floor":2.0},{"not_picked":["Go for the Eyes","Coolheaded"],"picked":"Defragment","floor":3.0},{"not_picked":["Skim","Chaos"],"picked":"Cold Snap","floor":6.0},{"not_picked":["Coolheaded","Storm"],"picked":"Melter","floor":8.0},{"not_picked":["Ball Lightning","Gash"],"picked":"Sweeping Beam","floor":10.0},{"not_picked":["Stack","Streamline"],"picked":"Tempest","floor":11.0},{"not_picked":["Storm","Force Field"],"picked":"Conserve Battery","floor":13.0},{"not_picked":["Meteor Strike","Multi-Cast"],"picked":"Creative AI","floor":16.0},{"not_picked":["Cold Snap","Stack"],"picked":"Chill","floor":18.0},{"not_picked":["Melter","Rebound","Leap"],"picked":"SKIP","floor":19.0},{"not_picked":["Compile Driver","Leap+1","Beam Cell"],"picked":"SKIP","floor":22.0},{"not_picked":["Steam+1","Reprogram"],"picked":"Hologram+1","floor":23.0},{"not_picked":["Cold Snap","Hyperbeam","Streamline"],"picked":"SKIP","floor":27.0},{"not_picked":["Streamline","Gash"],"picked":"Chill","floor":28.0},{"not_picked":["Beam Cell","Redo","Capacitor"],"picked":"SKIP","floor":30},{"not_picked":["Sweeping Beam+1","Streamline"],"picked":"Skim","floor":31},{"not_picked":["Electrodynamics","Hyperbeam"],"picked":"Echo Form","floor":33},{"not_picked":["Static Discharge","Cold Snap+1","Steam"],"picked":"SKIP","floor":35},{"not_picked":["Hologram","Conserve Battery","Gash"],"picked":"SKIP","floor":38}],"player_experience":711613,"relics_obtained":[{"floor":6.0,"key":"HornCleat"},{"floor":8.0,"key":"Akabeko"},{"floor":9.0,"key":"Tiny Chest"},{"floor":11.0,"key":"Lantern"},{"floor":23.0,"key":"Ginger"},{"floor":26.0,"key":"Bottled Tornado"}],"event_choices":[{"damage_healed":0.0,"max_hp_gain":0.0,"max_hp_loss":0.0,"gold_gain":0.0,"event_name":"Living Wall","player_choice":"Grow","floor":5.0,"gold_loss":0.0,"damage_taken":0.0,"cards_upgraded":["Defragment"]},{"damage_healed":0.0,"max_hp_gain":0.0,"max_hp_loss":0.0,"gold_gain":150.0,"event_name":"Liars Game","player_choice":"AGREE","floor":14.0,"gold_loss":0.0,"damage_taken":0.0,"cards_obtained":["Doubt"]},{"damage_healed":0.0,"max_hp_gain":0.0,"max_hp_loss":0.0,"gold_gain":0.0,"event_name":"The Joust","player_choice":"Bet on Murderer","floor":21.0,"gold_loss":50.0,"damage_taken":0.0},{"damage_healed":0,"gold_gain":0,"player_choice":"Max HP","damage_taken":0,"max_hp_gain":0,"max_hp_loss":4,"event_name":"Winding Halls","floor":36,"gold_loss":0},{"cards_removed":["Strike_B"],"damage_healed":0,"gold_gain":0,"player_choice":"Removed Attack","damage_taken":0,"max_hp_gain":0,"max_hp_loss":0,"event_name":"Falling","floor":37,"gold_loss":0}],"is_beta":false,"boss_relics":[{"not_picked":["Tiny House","Velvet Choker"],"picked":"Inserter"},{"not_picked":["Runic Dome","Empty Cage"],"picked":"Runic Pyramid"}],"items_purged_floors":[20,24,39],"is_endless":false,"potions_floor_spawned":[1,3,8,13,18,19,23,31,33,38],"killed_by":"Reptomancer","ascension_level":20}}