{"host":"w7o06k3e8uel8euj","time":1611845202,"event":{"mods":["AchievementEnabler","BaseMod","Colored Powertips","Custom Start","DeckTracker","Keyboard Shortcuts","Minty Spire (QoL Compilation)","Quick Restart","Relic Stats","StSLib","SuperFastMode","everything is the same but u backflip on backflip"],"gold_per_floor":[139,170,221,221,221,221,327,327,327,394,452,517,442,484,484,656,656,697,597,608,653,664,693,693,350,377,95,134,134,166,16,16,16,16],"floor_reached":33,"language":"KOR","playtime":909,"items_purged":["Strike_G","Strike_G","Strike_G","Defend_G"],"score":411,"play_id":"f010f45c-9aaa-4564-9647-abef2d27816c","local_time":"20210128234642","is_ascension_mode":true,"campfire_choices":[{"data":"Blade Dance","floor":6.0,"key":"SMITH"},{"data":"Dagger Spray","floor":8.0,"key":"SMITH"},{"floor":15.0,"key":"REST"},{"floor":24.0,"key":"REST"},{"floor":29,"key":"REST"},{"data":"Night Terror","floor":32,"key":"SMITH"}],"circlet_count":0,"master_deck":["Defend_G","Defend_G","Defend_G","Survivor","Neutralize","HandOfGreed+1","Blade Dance+1","Night Terror+1","Dagger Spray+1","Corpse Explosion","Deadly Poison","Backflip","Tactician+1","Escape Plan+1","Blur","Adrenaline","Grand Finale","Acrobatics+1"],"relics":["Ring of the Snake","CaptainsWheel","Unceasing Top","Vajra","Empty Cage","Oddly Smooth Stone","Anchor","Happy Flower","Eternal Feather","HornCleat"],"acts_visited":["Exordium","TheCity"],"potions_floor_usage":[33],"damage_taken":[{"damage":4.0,"enemies":"Jaw Worm","floor":1.0,"turns":3.0},{"damage":0.0,"enemies":"Cultist","floor":2.0,"turns":4.0},{"damage":4.0,"enemies":"Small Slimes","floor":3.0,"turns":4.0},{"damage":16.0,"enemies":"3 Sentries","floor":7.0,"turns":9.0},{"damage":9.0,"enemies":"2 Fungi Beasts","floor":10.0,"turns":3.0},{"damage":1.0,"enemies":"Gremlin Nob","floor":11.0,"turns":3.0},{"damage":12.0,"enemies":"Exordium Thugs","floor":12.0,"turns":5.0},{"damage":1.0,"enemies":"Red Slaver","floor":14.0,"turns":3.0},{"damage":21.0,"enemies":"Slime Boss","floor":16.0,"turns":11.0},{"damage":1.0,"enemies":"Spheric Guardian","floor":18.0,"turns":4.0},{"damage":46.0,"enemies":"Chosen","floor":20.0,"turns":6.0},{"damage":13.0,"enemies":"Centurion and Healer","floor":21.0,"turns":3.0},{"damage":8.0,"enemies":"Sentry and Sphere","floor":22.0,"turns":3.0},{"damage":0.0,"enemies":"Gremlin Leader","floor":23.0,"turns":5.0},{"damage":18,"enemies":"Shelled Parasite and Fungi","floor":28,"turns":6},{"damage":5,"enemies":"Book of Stabbing","floor":30,"turns":6},{"damage":52,"enemies":"Champ","floor":33,"turns":14}],"seed_played":"3395633168736721694","potions_obtained":[{"floor":1.0,"key":"Regen Potion"},{"floor":3.0,"key":"AttackPotion"},{"floor":10.0,"key":"Poison Potion"},{"floor":12.0,"key":"DistilledChaos"},{"floor":20.0,"key":"SteroidPotion"},{"floor":22.0,"key":"SkillPotion"},{"floor":30,"key":"GhostInAJar"}],"is_trial":false,"path_per_floor":["M","M","M","?","?","R","E","R","T","M","E","M","$","M","R","B",null,"M","$","M","M","M","E","R","$","T","$","M","R","E","$","R","B"],"character_chosen":"THE_SILENT","items_purchased":["Anchor","Blur","Adrenaline","Grand Finale","Eternal Feather"],"campfire_rested":3,"item_purchase_floors":[25,25,27,27,27],"current_hp_per_floor":[45,45,41,41,41,41,40,40,40,31,30,18,18,17,38,17,70,69,69,23,10,2,2,23,23,23,23,5,35,30,30,39,0,0],"gold":16,"neow_bonus":"RANDOM_COLORLESS_2","is_daily":false,"chose_seed":false,"campfire_upgraded":3,"win_rate":0.0,"timestamp":1611845202,"path_taken":["M","M","M","?","?","R","E","R","T","M","E","M","$","M","R","BOSS","M","?","M","?","M","E","R","$","T","$","M","R","E","$","R","BOSS"],"items_purchased_type":["Relic","Card","Card","Card","Relic"],"build_version":"2020-12-22","purchased_purges":4,"victory":false,"max_hp_per_floor":[70,70,70,70,70,70,70,70,70,70,70,70,70,70,70,70,70,70,70,70,70,70,70,70,70,70,70,70,70,70,70,70,70,70],"relic_stats":{"Happy Flower":[8],"counters":[17,92],"Eternal Feather":18,"obtain_stats":[{"CaptainsWheel":7,"Anchor":25,"HornCleat":30,"Happy Flower":26,"Vajra":11,"Oddly Smooth Stone":23,"Eternal Feather":27,"Empty Cage":17,"Unceasing Top":9,"Ring of the Snake":0},{"CaptainsWheel":4,"Anchor":14,"HornCleat":16,"Happy Flower":14,"Vajra":6,"Oddly Smooth Stone":14,"Eternal Feather":14,"Empty Cage":9,"Unceasing Top":4,"Ring of the Snake":0},{"CaptainsWheel":20,"Anchor":66,"HornCleat":78,"Happy Flower":66,"Vajra":26,"Oddly Smooth Stone":66,"Eternal Feather":66,"Empty Cage":45,"Unceasing Top":20,"Ring of the Snake":0}],"Unceasing Top":[7],"Ring of the Snake":[34]},"card_choices":[{"not_picked":["Secret Weapon","Metamorphosis"],"picked":"HandOfGreed","floor":0.0},{"not_picked":["Noxious Fumes","Bane","Choke"],"picked":"SKIP","floor":1.0},{"not_picked":["Flying Knee","Acrobatics","Footwork"],"picked":"SKIP","floor":2.0},{"not_picked":["Endless Agony","Flying Knee"],"picked":"Blade Dance","floor":3.0},{"not_picked":["Dodge and Roll","Dash"],"picked":"Dagger Spray","floor":7.0},{"not_picked":["Deadly Poison","Deflect","Crippling Poison"],"picked":"SKIP","floor":10.0},{"not_picked":["Bane","Dodge and Roll","Sucker Punch"],"picked":"SKIP","floor":11.0},{"not_picked":["All Out Attack","Bane","Flying Knee"],"picked":"SKIP","floor":12.0},{"not_picked":["Predator","Catalyst","Skewer"],"picked":"SKIP","floor":14.0},{"not_picked":["Venomology","Storm of Steel"],"picked":"Corpse Explosion","floor":16.0},{"not_picked":["Quick Slash","Flying Knee"],"picked":"Deadly Poison","floor":18.0},{"not_picked":["Bane","Predator","Deadly Poison"],"picked":"SKIP","floor":20.0},{"not_picked":["PiercingWail","Poisoned Stab"],"picked":"Backflip","floor":21.0},{"not_picked":["Backflip","Cloak And Dagger"],"picked":"Tactician+1","floor":22.0},{"not_picked":["Outmaneuver","Well Laid Plans"],"picked":"Escape Plan+1","floor":23.0},{"not_picked":["Accuracy","Dash"],"picked":"Acrobatics+1","floor":28},{"not_picked":["Bullet Time","Leg Sweep","Setup"],"picked":"SKIP","floor":30}],"player_experience":513139,"relics_obtained":[{"floor":7.0,"key":"CaptainsWheel"},{"floor":9.0,"key":"Unceasing Top"},{"floor":11.0,"key":"Vajra"},{"floor":23.0,"key":"Oddly Smooth Stone"},{"floor":26.0,"key":"Happy Flower"},{"floor":30,"key":"HornCleat"}],"event_choices":[{"damage_healed":0.0,"max_hp_gain":0.0,"max_hp_loss":0.0,"gold_gain":0.0,"cards_transformed":["Strike_G"],"event_name":"Living Wall","player_choice":"Change","floor":4.0,"gold_loss":0.0,"damage_taken":0.0,"cards_obtained":["Night Terror"]},{"damage_healed":0.0,"max_hp_gain":0.0,"max_hp_loss":0.0,"gold_gain":0.0,"event_name":"Accursed Blacksmith","player_choice":"Forge","floor":5.0,"gold_loss":0.0,"damage_taken":0.0,"cards_upgraded":["HandOfGreed"]}],"is_beta":false,"boss_relics":[{"not_picked":["Pandora\u0027s Box","SacredBark"],"picked":"Empty Cage"}],"items_purged_floors":[13,19,25,31],"is_endless":false,"potions_floor_spawned":[1,3,10,12,20,22,30],"killed_by":"Champ","ascension_level":4}}