{"host":"ordk2y2ebcetabk6","time":1611812513,"event":{"mods":["AlwaysNeverKeys","Astrologer","Bard","BaseMod","Better Debug","Colored Map","Colored Powertips","Dark Map","Hermit","Highlight Path","Minty Spire (QoL Compilation)","Permanent Neow","Rare Cards Sparkle","Spire Arcade","StSLib"],"gold_per_floor":[117,117,192,192,49,49,61,78,104,104,118,118,130,130,130,235,235,235,81,81,81,81,81,81,81,81,81,81,81,81,81,81,81,81,81,81,81,81,81,81,81,81,81,0,0,0,0,0,0,0],"floor_reached":51,"language":"ENG","playtime":1809,"items_purged":["bard:Strike"],"score":683,"play_id":"21f53589-0b16-48c7-b9b5-478e7023bd86","local_time":"20210127224153","is_ascension_mode":false,"campfire_choices":[{"data":"bard:Balestra","floor":6,"key":"SMITH"},{"data":"bard:Heroism","floor":10,"key":"SMITH"},{"data":"bard:Shout","floor":12,"key":"SMITH"},{"data":"bard:Solo","floor":15,"key":"SMITH"},{"data":"bard:Blink","floor":23,"key":"SMITH"},{"data":"bard:Inspire","floor":25,"key":"SMITH"},{"data":"bard:Defend","floor":29,"key":"SMITH"},{"data":"bard:Defend","floor":32,"key":"SMITH"},{"data":"bard:SplendidForm","floor":40,"key":"SMITH"},{"data":"bard:Strike","floor":42,"key":"SMITH"},{"data":"bard:Strike","floor":45,"key":"SMITH"},{"floor":49,"key":"REST"}],"circlet_count":0,"master_deck":["bard:Strike+1","bard:Strike+1","bard:Defend+1","bard:Defend+1","bard:Defend+1","bard:Defend+1","bard:Riposte+1","bard:Inspire+1","bard:Balestra+1","bard:Shout+1","bard:Heroism+1","bard:Solo+1","bard:Sift+1","bard:Blink+1","bard:SplendidForm+1","bard:Aphasia+1","bard:SplendidForm"],"relics":["bard:PitchPipe","bard:BagPipes","War Paint","ClockworkSouvenir","Happy Flower","Ectoplasm","Potion Belt","Strawberry","SacredBark","Prayer Wheel","Sundial","Red Mask","The Courier"],"acts_visited":["Exordium","TheCity","TheBeyond"],"potions_floor_usage":[22,33,33,33,41,50],"damage_taken":[{"damage":0,"enemies":"Small Slimes","floor":1,"turns":3},{"damage":3,"enemies":"Jaw Worm","floor":7,"turns":3},{"damage":0,"enemies":"2 Louse","floor":8,"turns":2},{"damage":0,"enemies":"2 Fungi Beasts","floor":11,"turns":3},{"damage":0,"enemies":"Looter","floor":13,"turns":2},{"damage":4,"enemies":"Hexaghost","floor":16,"turns":8},{"damage":0,"enemies":"3 Byrds","floor":18,"turns":3},{"damage":0,"enemies":"Shell Parasite","floor":22,"turns":3},{"damage":0,"enemies":"Chosen and Byrds","floor":24,"turns":5},{"damage":0,"enemies":"Shelled Parasite and Fungi","floor":27,"turns":4},{"damage":9,"enemies":"Centurion and Healer","floor":28,"turns":5},{"damage":0,"enemies":"Snake Plant","floor":31,"turns":5},{"damage":0,"enemies":"Collector","floor":33,"turns":9},{"damage":8,"enemies":"Orb Walker","floor":35,"turns":3},{"damage":0,"enemies":"Mind Bloom Boss Battle","floor":37,"turns":7},{"damage":0,"enemies":"3 Darklings","floor":41,"turns":8},{"damage":7,"enemies":"Jaw Worm Horde","floor":46,"turns":7},{"damage":44,"enemies":"Time Eater","floor":50,"turns":9}],"seed_played":"5475683351194945153","potions_obtained":[{"floor":8,"key":"PowerPotion"},{"floor":16,"key":"Dexterity Potion"},{"floor":22,"key":"Block Potion"},{"floor":24,"key":"BlessingOfTheForge"},{"floor":28,"key":"SpeedPotion"},{"floor":31,"key":"AttackPotion"},{"floor":37,"key":"Fire Potion"}],"is_trial":false,"path_per_floor":["M","?","?","?","$","R","M","M","T","R","M","R","M","?","R","B",null,"M","$","?","?","M","R","M","R","T","M","M","R","$","M","R","B",null,"M","$","?","?","$","R","M","R","T","?","R","M","$","T","R","B",null],"character_chosen":"BARD","items_purchased":["ClockworkSouvenir","bard:Blink"],"campfire_rested":1,"item_purchase_floors":[5,19],"current_hp_per_floor":[70,75,64,61,61,61,58,58,58,58,58,58,58,58,58,54,75,75,75,75,75,75,75,75,75,82,82,73,73,73,73,73,73,82,74,74,74,74,74,74,74,74,74,74,74,67,67,67,82,38],"gold":0,"neow_bonus":"UPGRADE_CARD","is_daily":false,"chose_seed":false,"campfire_upgraded":11,"win_rate":0.0,"timestamp":1611812513,"path_taken":["M","?","?","?","$","R","?","M","T","R","M","R","M","?","R","BOSS","M","$","?","?","M","R","M","R","T","M","M","R","$","M","R","BOSS","M","$","?","?","$","R","M","R","T","?","R","M","?","?","R","BOSS"],"items_purchased_type":["Relic","Card"],"build_version":"2020-12-22","purchased_purges":1,"victory":true,"max_hp_per_floor":[70,75,75,75,75,75,75,75,75,75,75,75,75,75,75,75,75,75,75,75,75,75,75,75,75,82,82,82,82,82,82,82,82,82,82,82,82,82,82,82,82,82,82,82,82,82,82,82,82,82],"card_choices":[{"not_picked":["bard:Fermata","bard:Thunderwave"],"picked":"bard:Balestra","floor":1},{"not_picked":["bard:Parry","bard:Fermata"],"picked":"bard:Shout","floor":7},{"not_picked":["bard:Demoralize","bard:InspiringSong"],"picked":"bard:Heroism","floor":8},{"not_picked":["bard:Thunderwave","bard:MantleOfInspiration"],"picked":"bard:Solo","floor":11},{"not_picked":["bard:Thunderwave","bard:TinyHut","bard:Heroism"],"picked":"SKIP","floor":13},{"not_picked":["bard:SongBolt+1","bard:GreaterMagicWeapon+1"],"picked":"bard:Sift+1","floor":18},{"not_picked":["bard:Sift","bard:CuttingWords","bard:QuickSong"],"picked":"SKIP","floor":22},{"not_picked":["bard:QuickSong","bard:Thunderwave","bard:PhantasmalForce+1"],"picked":"SKIP","floor":24},{"not_picked":["bard:PrismaticSpray","bard:Accelerando+1","bard:MnemonicVestments"],"picked":"SKIP","floor":27},{"not_picked":["bard:TinyHut","bard:InspiringSong","bard:BucklerBash"],"picked":"SKIP","floor":28},{"not_picked":["bard:Thunderwave","bard:SixFourTime","bard:CuttingWords+1"],"picked":"SKIP","floor":31},{"not_picked":["bard:ReverseGravity","bard:Wish"],"picked":"bard:SplendidForm","floor":33},{"not_picked":["bard:LingeringEcho","bard:Doot+1"],"picked":"bard:Aphasia+1","floor":35},{"not_picked":["bard:QuickSong","bard:PrismaticSpray+1","bard:Fermata+1"],"picked":"SKIP","floor":41},{"not_picked":["bard:Heroism","bard:GuardPoint+1","bard:FirstStrike"],"picked":"SKIP","floor":41},{"not_picked":["bard:Gamble+1","bard:StudiedStrike"],"picked":"bard:SplendidForm","floor":46},{"not_picked":["bard:Gamble+1","bard:PrismaticSpray","bard:HideousLaughter"],"picked":"SKIP","floor":46}],"player_experience":1064827,"relics_obtained":[{"floor":9,"key":"Happy Flower"},{"floor":26,"key":"Strawberry"},{"floor":37,"key":"Prayer Wheel"},{"floor":43,"key":"Sundial"},{"floor":48,"key":"The Courier"}],"event_choices":[{"damage_healed":0,"gold_gain":0,"player_choice":"Donut","damage_taken":0,"max_hp_gain":5,"max_hp_loss":0,"event_name":"Big Fish","floor":2,"gold_loss":0},{"damage_healed":0,"gold_gain":75,"player_choice":"Gather Gold","damage_taken":11,"max_hp_gain":0,"max_hp_loss":0,"event_name":"World of Goop","floor":3,"gold_loss":0},{"damage_healed":0,"gold_gain":0,"player_choice":"Success","damage_taken":3,"relics_obtained":["War Paint"],"max_hp_gain":0,"max_hp_loss":0,"event_name":"Scrap Ooze","floor":4,"gold_loss":0},{"cards_removed":["bard:Strike"],"damage_healed":0,"gold_gain":0,"player_choice":"Forget","damage_taken":0,"max_hp_gain":0,"max_hp_loss":0,"event_name":"Living Wall","floor":14,"gold_loss":0},{"damage_healed":0,"gold_gain":0,"player_choice":"Ignored","damage_taken":0,"max_hp_gain":0,"max_hp_loss":0,"event_name":"Ghosts","floor":20,"gold_loss":0},{"damage_healed":0,"gold_gain":0,"player_choice":"Opened","damage_taken":0,"relics_obtained":["Potion Belt"],"max_hp_gain":0,"max_hp_loss":0,"event_name":"The Mausoleum","floor":21,"gold_loss":0},{"damage_healed":0,"gold_gain":0,"player_choice":"Fight","damage_taken":0,"max_hp_gain":0,"max_hp_loss":0,"event_name":"MindBloom","floor":37,"gold_loss":0},{"damage_healed":0,"gold_gain":0,"player_choice":"Memory 1","damage_taken":0,"max_hp_gain":0,"max_hp_loss":0,"event_name":"SensoryStone","floor":38,"gold_loss":0},{"damage_healed":0,"gold_gain":0,"player_choice":"Paid","damage_taken":0,"relics_obtained":["Red Mask"],"max_hp_gain":0,"max_hp_loss":0,"event_name":"Tomb of Lord Red Mask","floor":44,"gold_loss":81}],"is_beta":false,"boss_relics":[{"not_picked":["Pandora\u0027s Box","bard:SelfPlayingFlute"],"picked":"Ectoplasm"},{"not_picked":["Snecko Eye","Fusion Hammer"],"picked":"SacredBark"}],"items_purged_floors":[19],"is_endless":false,"potions_floor_spawned":[8,16,22,24,28,31,37],"ascension_level":0}}