{"host":"iilsbsc0nnz3b4nr","time":1611847931,"event":{"mods":["BaseMod","Downfall","Hubris","Infinite Spire","Minty Spire (QoL Compilation)","Shade Mod","Shedinja","StSLib","??????REMEMod"],"gold_per_floor":[99,117,117,567,120,136,136,156,156,176,186,45,88,88],"floor_reached":13,"language":"ENG","playtime":776,"items_purged":[],"score":335,"play_id":"d1e08305-8fb7-40ec-8203-bd83144eb0a8","local_time":"20210128103211","daily_mods":["Hoarder","Terminal"],"is_ascension_mode":false,"campfire_choices":[{"floor":1,"key":"RECALL"}],"circlet_count":0,"master_deck":["Shedinja:Scratch","Shedinja:Scratch","Shedinja:Scratch","Shedinja:Scratch","Shedinja:Scratch","Shedinja:Endure","Shedinja:Endure","Shedinja:Endure","Shedinja:Endure","Shedinja:Endure","Shedinja:FocusSash","Shedinja:FocusSash","Master of Strategy","Master of Strategy","Master of Strategy","Shedinja:Thief","Shedinja:Thief","Shedinja:Thief","downfall:Icky","downfall:Icky","downfall:Icky","downfall:Icky","downfall:Icky","downfall:Icky","downfall:Icky","downfall:Icky","downfall:Icky","Shedinja:DoubleTeam+1","Shedinja:DoubleTeam","Shedinja:DoubleTeam","Shedinja:MetalClaw","Shedinja:MetalClaw","Shedinja:MetalClaw","Shedinja:HoneClaws","Shedinja:HoneClaws","Shedinja:HoneClaws","Shedinja:NightSlash","Shedinja:NightSlash","Shedinja:NightSlash","Shedinja:WillOWisp","Shedinja:WillOWisp","Shedinja:WillOWisp","Shedinja:MetalClaw","Shedinja:MetalClaw","Shedinja:MetalClaw","Shedinja:PowerBracer","Shedinja:PowerBracer","Shedinja:PowerBracer","Shedinja:ArtifactCard","Shedinja:ArtifactCard","Shedinja:ArtifactCard","Shedinja:ShadowClaw","Shedinja:ShadowClaw","Shedinja:ShadowClaw","expansioncontent:LastStand","expansioncontent:LastStand","expansioncontent:LastStand","Shedinja:ArtifactCard","Shedinja:ArtifactCard","Shedinja:ArtifactCard"],"relics":["Shedinja:WonderGuard","REME_ComplimentaryCards","infinitespire:EmpoweringShard","hubris:MedicalManual","Gremlin Horn"],"acts_visited":["Exordium"],"potions_floor_usage":[],"damage_taken":[{"damage":0,"enemies":"Small Slimes","floor":2,"turns":5},{"damage":0,"enemies":"downfall:FleeingMerchant","floor":5,"turns":4},{"damage":0,"enemies":"Jaw Worm","floor":6,"turns":5},{"damage":0,"enemies":"Cultist","floor":8,"turns":5},{"damage":0,"enemies":"Exordium Wildlife","floor":10,"turns":8},{"damage":0,"enemies":"3 Louse","floor":11,"turns":5},{"damage":0,"enemies":"downfall:FleeingMerchant","floor":12,"turns":4},{"damage":0,"enemies":"Lagavulin","floor":13,"turns":10}],"seed_played":"8027635100980777759","potions_obtained":[{"floor":2,"key":"Strength Potion"},{"floor":8,"key":"Energy Potion"},{"floor":10,"key":"champ:CounterPotion"}],"is_trial":true,"path_per_floor":["R","M","?","?","$","M","T","M","?","M","M","$","E"],"character_chosen":"THE_DEFAULT","items_purchased":["Shedinja:MetalClaw","Shedinja:HoneClaws","hubris:MedicalManual","Shedinja:ShadowClaw","expansioncontent:LastStand"],"campfire_rested":0,"item_purchase_floors":[5,5,5,12,12],"current_hp_per_floor":[1,1,1,1,1,1,1,1,1,1,1,1,1,1],"gold":88,"neow_bonus":"","is_daily":false,"chose_seed":false,"campfire_upgraded":0,"win_rate":0.0,"timestamp":1611847931,"path_taken":["R","M","?","?","$","M","T","M","?","?","M","$","E"],"items_purchased_type":["Card","Card","Relic","Card","Card"],"build_version":"2020-12-22","purchased_purges":0,"victory":false,"max_hp_per_floor":[1,1,1,1,1,1,1,1,1,1,1,1,1,1],"card_choices":[{"not_picked":["Shedinja:SuckerPunch","Shedinja:NightSlash"],"picked":"Shedinja:Thief","floor":2},{"not_picked":["Shedinja:WillOWisp","Shedinja:FurySwipes"],"picked":"Shedinja:DoubleTeam","floor":5},{"not_picked":["Shedinja:BugBuzz","Shedinja:StruggleBug"],"picked":"Shedinja:NightSlash","floor":6},{"not_picked":["Shedinja:Mimic","Shedinja:ShadowSneak"],"picked":"Shedinja:WillOWisp","floor":8},{"not_picked":["Shedinja:BugBuzz","Shedinja:StruggleBug"],"picked":"Shedinja:MetalClaw","floor":10},{"not_picked":["Shedinja:Absorb","Shedinja:Round"],"picked":"Shedinja:PowerBracer","floor":11},{"not_picked":["Shedinja:Substitute","Shedinja:NightSlash"],"picked":"Shedinja:ArtifactCard","floor":12},{"not_picked":["Shedinja:HoneClaws","Shedinja:MindReader"],"picked":"Shedinja:ArtifactCard","floor":13}],"player_experience":201664,"relics_obtained":[{"floor":13,"key":"Gremlin Horn"}],"event_choices":[],"is_beta":false,"boss_relics":[],"items_purged_floors":[],"is_endless":false,"potions_floor_spawned":[2,8,10],"killed_by":"Lagavulin","ascension_level":0}}