{"host":"jqa9y4qkalbx8qgz","time":1611866016,"event":{"mods":["Act Like it!","BaseMod","BetterRewards","CCEM2","Downfall","Gensokyo","Marisa????????","Minty Spire (QoL Compilation)","Permanent Neow","Relic Stats","Replay The Spire","StSLib","Wandering Minibosses"],"gold_per_floor":[119,294,312,37,56,85,85,98,98,123,123,150,170,185,185,283,283,295,50,50,60,71,71,71,71,120,120,120,145,145,161,161,264,264,281,127,127,127,146,179,215,228,228,255,255,283,283,133,133,133,133,133,29,56,56],"floor_reached":56,"language":"ENG","playtime":3915,"items_purged":["Strike_R","Defend_R","Doubt","Wraith","Doubt"],"score":1685,"play_id":"c7242b61-7845-497f-9b7a-f35d10bebc64","local_time":"20210128233336","is_ascension_mode":true,"campfire_choices":[{"data":"Searing Blow","floor":7.0,"key":"SMITH"},{"data":"Searing Blow+1","floor":15.0,"key":"SMITH"},{"data":"Searing Blow+2","floor":23,"key":"SMITH"},{"data":"Searing Blow+3","floor":25,"key":"SMITH"},{"data":"Searing Blow+4","floor":27,"key":"SMITH"},{"data":"Searing Blow+5","floor":30,"key":"SMITH"},{"data":"Searing Blow+6","floor":32,"key":"SMITH"},{"data":"Searing Blow+7","floor":45,"key":"SMITH"},{"floor":47,"key":"RECALL"},{"data":"Searing Blow+8","floor":49,"key":"SMITH"},{"data":"Searing Blow+9","floor":52,"key":"SMITH"}],"circlet_count":0,"master_deck":["Strike_R+1","Strike_R","Defend_R","Defend_R","Defend_R+1","Bash","Shrug It Off","Feed","Shrug It Off","Battle Trance","Feel No Pain","Thunderclap","Pummel","Spot Weakness","Clothesline","Shrug It Off","Pommel Strike","Searing Blow+10","Metallicize","True Grit","Warcry","Cleave","Armaments","Double Tap","Headbutt","Impervious","Fire Breathing+1","Offering","ReplayUltimateDefense","Replay:Bootleg Shield Generator","Replay:Bootleg Shield Generator","Burning Pact+1","Headbutt+1","ReplayTheSpireMod:Splinters","True Grit+1","Metallicize","Exhume","Offering","Flame Barrier","Flame Barrier"],"relics":["Burning Blood","Ice Cream","Slimebound:StickyStick","CCEMRelics:CanOfSoda","Lantern","Iron Hammer","Question Card","Replay:Multitool","SlaversCollar","CCEMRelics:CocoNut","Simple Rune","downfall:ExtraCursedKey","Pen Nib","Ooze Armor","Oddly Smooth Stone","CCEMRelics:StainlessSteel","CCEMRelics:LatexGloves","CCEMRelics:GrindingGear","Ancient Tea Set","ReplayTheSpireMod:CursedCoin","Garlic"],"acts_visited":["Exordium","TheCity","TheBeyond","TheEnding"],"potions_floor_usage":[33,41,44,46,55],"damage_taken":[{"damage":0.0,"enemies":"Small Slimes","floor":1.0,"turns":3.0},{"damage":2.0,"enemies":"2 Louse","floor":3.0,"turns":3.0},{"damage":0.0,"enemies":"Jaw Worm","floor":5.0,"turns":3.0},{"damage":14.0,"enemies":"3 Sentries","floor":6.0,"turns":7.0},{"damage":0.0,"enemies":"Looter","floor":8.0,"turns":2.0},{"damage":6.0,"enemies":"Replay:BlueRogue","floor":10.0,"turns":6.0},{"damage":39.0,"enemies":"Gremlin Nob","floor":12.0,"turns":6.0},{"damage":4.0,"enemies":"3 Louse","floor":13.0,"turns":4.0},{"damage":0.0,"enemies":"2 Fungi Beasts","floor":14.0,"turns":6.0},{"damage":2.0,"enemies":"Fading Forest","floor":16.0,"turns":11.0},{"damage":32.0,"enemies":"Spheric Guardian","floor":18.0,"turns":7.0},{"damage":0,"enemies":"Chosen","floor":21,"turns":4},{"damage":15,"enemies":"Centurion and Healer","floor":22,"turns":9},{"damage":22,"enemies":"Gremlin Leader","floor":29,"turns":4},{"damage":0,"enemies":"Cultist and Chosen","floor":31,"turns":3},{"damage":33,"enemies":"Collector","floor":33,"turns":10},{"damage":6,"enemies":"3 Shapes","floor":35,"turns":3},{"damage":0,"enemies":"3 Darklings","floor":39,"turns":5},{"damage":38,"enemies":"Nemesis","floor":40,"turns":7},{"damage":0,"enemies":"Writhing Mass","floor":42,"turns":7},{"damage":0,"enemies":"Giant Head","floor":44,"turns":5},{"damage":21,"enemies":"Reptomancer","floor":46,"turns":5},{"damage":39,"enemies":"Awakened One","floor":50,"turns":11},{"damage":0,"enemies":"Shield and Spear","floor":54,"turns":1},{"damage":54,"enemies":"The Heart","floor":55,"turns":8}],"seed_played":"-9032658061332916008","potions_obtained":[{"floor":5.0,"key":"Swift Potion"},{"floor":6.0,"key":"Energy Potion"},{"floor":12.0,"key":"PowerPotion"},{"floor":14.0,"key":"Reflective Coating"},{"floor":16.0,"key":"GamblersBrew"},{"floor":39,"key":"BloodPotion"},{"floor":41,"key":"LiquidMemories"}],"is_trial":false,"path_per_floor":["M","?","M","$","M","E","R","M","T","E","?","E","M","M","R","B",null,"M","$","?","M","M","R","?","R","T","R","?","E","R","M","R","B",null,"M","$","?","?","M","E","?","M","T","E","R","E","R","$","R","B",null,"R","$","E","B",null],"character_chosen":"IRONCLAD","items_purchased":["Shrug It Off","Feed","Slimebound:StickyStick","CCEMRelics:CanOfSoda","Shrug It Off","Battle Trance","Feel No Pain","Lantern","Thunderclap","Pummel","Shrug It Off","Block Potion","Strength Potion","CCEMRelics:CocoNut","Oddly Smooth Stone","ReplayTheSpireMod:CursedCoin","Flame Barrier"],"campfire_rested":0,"item_purchase_floors":[0,0,0,0,0,0,0,0,0,0,4,4,4,19,36,53,53],"current_hp_per_floor":[52,52,59,59,68,63,63,72,72,75,68,39,45,55,55,59,116,90,95,95,105,99,99,72,72,72,72,72,60,60,70,70,47,145,145,145,135,135,144,115,145,154,154,157,157,142,142,142,142,113,161,161,161,161,113],"gold":56,"neow_bonus":"","is_daily":false,"chose_seed":false,"campfire_upgraded":10,"win_rate":0.0,"timestamp":1611866016,"path_taken":["M","?","M","$","M","E","R","M","T","E","?","E","M","M","R","BOSS","M","$","?","M","M","R","?","R","T","R","?","E","R","M","R","BOSS","M","$","?","?","M","E","?","M","T","E","R","E","R","?","R","BOSS","R","$","E","BOSS"],"items_purchased_type":["Card","Card","Relic","Relic","Card","Card","Card","Relic","Card","Card","Card","Potion","Potion","Relic","Relic","Relic","Card"],"build_version":"2020-12-22","purchased_purges":5,"victory":true,"max_hp_per_floor":[89,89,92,92,95,98,98,101,101,104,104,108,112,116,116,116,116,116,121,121,125,128,128,133,133,133,133,133,137,137,141,141,145,145,145,145,145,145,148,151,151,154,154,157,157,157,157,157,157,161,161,161,161,161,161],"relic_stats":{"counters":[184,943],"Pen Nib":[11],"Question Card":22,"obtain_stats":[{"Golden Egg":54,"Replay:Accelerometer":24,"Whetstone":28,"Bottled Tornado":27,"Boot":13,"Sling":0,"Old Coin":44,"CCEMRelics:DerglesHeadphones":3,"Blood Vial":37,"downfall:ExtraCursedKey":28,"HandDrill":53,"Replay:Wax Seal":44,"Replay:Bottled Steam":9,"Pear":47,"Pen Nib":43,"Guardian:PocketSentry":15,"SlaversCollar":17,"Ooze Armor":34,"MutagenicStrength":19,"Unceasing Top":13,"Abe\u0027s Treasure":17,"Regal Pillow":40,"Lantern":0,"CCEMRelics:WrappedPresent":29,"Magic Flower":39,"Blue Doll":0,"StoneCalendar":44,"wanderingMiniBosses:AbyssPearl":35,"Replay:Multitool":47,"Bag of Preparation":3,"Ancient Tea Set":29,"Burning Blood":20,"Pet Ghost":42,"Replay:Rubber Ducky":40,"Shovel":14,"Toolbox":0,"WingedGreaves":0,"Replay:Bottled Eggs":46,"CCEMRelics:WhiteRose":9,"InkBottle":40,"CCEMRelics:JestersCrown":40,"Potion Belt":23,"Replay:M_StaffOfTheSnake":4,"CCEMRelics:StainlessSteel":37,"Damaru":23,"PreservedInsect":11,"Omamori":7,"CCEMRelics:CanOfSoda":0,"CCEMRelics:CocoNut":19,"Ring of Greed":44,"MawBank":46,"Replay:Arrowhead":31,"sneckomod:BabySnecko":28,"Ornamental Fan":7,"Ring of Misfortune":44,"Garlic":42,"Durian":0,"Art of War":47,"ReplayTheSpireMod:Lightbulb":29,"Toy Ornithopter":41,"wanderingMiniBosses:Inkheart":31,"Ice Cream":0,"CCEMRelics:LatexGloves":41,"Nilry\u0027s Codex":31,"CeramicFish":40,"Vajra":21,"HornCleat":53,"Strawberry":9,"Honey Jar":34,"Prayer Wheel":41,"Iron Hammer":54,"Toxic Egg 2":41,"Happy Flower":43,"ReplayTheSpireMod:CursedCoin":53,"Oddly Smooth Stone":38,"Ring of Chaos":17,"Charon\u0027s Ashes":0,"War Paint":30,"Question Card":10,"OrangePellets":0,"ReplayTheSpireMod:Shallot":13,"Bronze Scales":11,"Simple Rune":46,"Molten Egg 2":9,"Black Star":34,"Nloth\u0027s Gift":28,"ReplayTheSpireMod:TigerMarble":43,"Grinning Jar":11,"Pocketwatch":0,"ReplayFunnel":42,"Replay:PocketPolymizer":30,"SacredBark":34,"Melange":38,"Mango":7,"CloakClasp":0,"Incense Burner":0,"Juzu Bracelet":47,"Replay:Mystery Machine":45,"ClockworkSouvenir":0,"Replay:Bandana":39,"Nunchaku":45,"CCEMRelics:OldTooth":7,"Mummified Hand":27,"Slimebound:StickyStick":0,"Pantograph":45,"Gambling Chip":44,"Tiny Chest":25,"Red Mask":25,"Red Skull":26,"CCEMRelics:Barrel":47,"Quantum Egg":0,"Replay:WaspNest":0,"White Beast Statue":44,"CCEMRelics:SpiritsEdge":36,"Peace Pipe":37,"Anchor":9,"CaptainsWheel":42,"CCEMRelics:GrindingGear":44,"Snack Pack":0,"Coffee Dripper":17,"PureWater":0,"ReplayTheSpireMod:ShopPack":45},{"Golden Egg":27,"Replay:Accelerometer":70,"Whetstone":98,"Bottled Tornado":146,"Boot":36,"Sling":55,"Old Coin":79,"CCEMRelics:DerglesHeadphones":108,"Blood Vial":151,"downfall:ExtraCursedKey":172,"HandDrill":26,"Replay:Wax Seal":79,"Replay:Bottled Steam":33,"Pear":156,"Pen Nib":22,"Guardian:PocketSentry":7,"SlaversCollar":8,"Ooze Armor":175,"MutagenicStrength":39,"Unceasing Top":63,"Abe\u0027s Treasure":93,"Regal Pillow":127,"Lantern":159,"CCEMRelics:WrappedPresent":122,"Magic Flower":101,"Blue Doll":55,"StoneCalendar":155,"wanderingMiniBosses:AbyssPearl":125,"Replay:Multitool":81,"Bag of Preparation":85,"Ancient Tea Set":122,"Burning Blood":94,"Pet Ghost":129,"Replay:Rubber Ducky":20,"Shovel":7,"Toolbox":83,"WingedGreaves":132,"Replay:Bottled Eggs":24,"CCEMRelics:WhiteRose":110,"InkBottle":127,"CCEMRelics:JestersCrown":153,"Potion Belt":42,"Replay:M_StaffOfTheSnake":57,"CCEMRelics:StainlessSteel":151,"Damaru":13,"PreservedInsect":90,"Omamori":88,"CCEMRelics:CanOfSoda":159,"CCEMRelics:CocoNut":170,"Ring of Greed":79,"MawBank":24,"Replay:Arrowhead":15,"sneckomod:BabySnecko":14,"Ornamental Fan":3,"Ring of Misfortune":79,"Garlic":22,"Durian":28,"Art of War":54,"ReplayTheSpireMod:Lightbulb":72,"Toy Ornithopter":51,"wanderingMiniBosses:Inkheart":74,"Ice Cream":159,"CCEMRelics:LatexGloves":178,"Nilry\u0027s Codex":98,"CeramicFish":20,"Vajra":11,"HornCleat":26,"Strawberry":89,"Honey Jar":75,"Prayer Wheel":79,"Iron Hammer":27,"Toxic Egg 2":51,"Happy Flower":79,"ReplayTheSpireMod:CursedCoin":182,"Oddly Smooth Stone":77,"Ring of Chaos":38,"Charon\u0027s Ashes":107,"War Paint":98,"Question Card":165,"OrangePellets":28,"ReplayTheSpireMod:Shallot":114,"Bronze Scales":5,"Simple Rune":104,"Molten Egg 2":137,"Black Star":16,"Nloth\u0027s Gift":43,"ReplayTheSpireMod:TigerMarble":52,"Grinning Jar":61,"Pocketwatch":28,"ReplayFunnel":22,"Replay:PocketPolymizer":45,"SacredBark":150,"Melange":77,"Mango":110,"CloakClasp":0,"Incense Burner":28,"Juzu Bracelet":54,"Replay:Mystery Machine":53,"ClockworkSouvenir":28,"Replay:Bandana":19,"Nunchaku":80,"CCEMRelics:OldTooth":137,"Mummified Hand":71,"Slimebound:StickyStick":159,"Pantograph":53,"Gambling Chip":130,"Tiny Chest":14,"Red Mask":43,"Red Skull":121,"CCEMRelics:Barrel":130,"Quantum Egg":132,"Replay:WaspNest":132,"White Beast Statue":130,"CCEMRelics:SpiritsEdge":125,"Peace Pipe":151,"Anchor":3,"CaptainsWheel":129,"CCEMRelics:GrindingGear":180,"Snack Pack":28,"Coffee Dripper":65,"PureWater":0,"ReplayTheSpireMod:ShopPack":130},{"Golden Egg":172,"Replay:Accelerometer":347,"Whetstone":439,"Bottled Tornado":712,"Boot":206,"Sling":288,"Old Coin":380,"CCEMRelics:DerglesHeadphones":478,"Blood Vial":748,"downfall:ExtraCursedKey":874,"HandDrill":164,"Replay:Wax Seal":380,"Replay:Bottled Steam":198,"Pear":783,"Pen Nib":133,"Guardian:PocketSentry":41,"SlaversCollar":53,"Ooze Armor":891,"MutagenicStrength":220,"Unceasing Top":314,"Abe\u0027s Treasure":423,"Regal Pillow":585,"Lantern":803,"CCEMRelics:WrappedPresent":557,"Magic Flower":454,"Blue Doll":288,"StoneCalendar":776,"wanderingMiniBosses:AbyssPearl":575,"Replay:Multitool":386,"Bag of Preparation":401,"Ancient Tea Set":557,"Burning Blood":426,"Pet Ghost":595,"Replay:Rubber Ducky":122,"Shovel":41,"Toolbox":394,"WingedGreaves":612,"Replay:Bottled Eggs":147,"CCEMRelics:WhiteRose":486,"InkBottle":585,"CCEMRelics:JestersCrown":755,"Potion Belt":227,"Replay:M_StaffOfTheSnake":292,"CCEMRelics:StainlessSteel":748,"Damaru":79,"PreservedInsect":413,"Omamori":406,"CCEMRelics:CanOfSoda":803,"CCEMRelics:CocoNut":861,"Ring of Greed":380,"MawBank":147,"Replay:Arrowhead":90,"sneckomod:BabySnecko":86,"Ornamental Fan":19,"Ring of Misfortune":380,"Garlic":133,"Durian":181,"Art of War":281,"ReplayTheSpireMod:Lightbulb":356,"Toy Ornithopter":260,"wanderingMiniBosses:Inkheart":364,"Ice Cream":803,"CCEMRelics:LatexGloves":906,"Nilry\u0027s Codex":439,"CeramicFish":122,"Vajra":70,"HornCleat":164,"Strawberry":409,"Honey Jar":371,"Prayer Wheel":380,"Iron Hammer":172,"Toxic Egg 2":260,"Happy Flower":380,"ReplayTheSpireMod:CursedCoin":934,"Oddly Smooth Stone":375,"Ring of Chaos":217,"Charon\u0027s Ashes":474,"War Paint":439,"Question Card":827,"OrangePellets":181,"ReplayTheSpireMod:Shallot":506,"Bronze Scales":28,"Simple Rune":461,"Molten Egg 2":651,"Black Star":98,"Nloth\u0027s Gift":229,"ReplayTheSpireMod:TigerMarble":267,"Grinning Jar":309,"Pocketwatch":181,"ReplayFunnel":133,"Replay:PocketPolymizer":237,"SacredBark":743,"Melange":375,"Mango":486,"CloakClasp":0,"Incense Burner":181,"Juzu Bracelet":281,"Replay:Mystery Machine":274,"ClockworkSouvenir":181,"Replay:Bandana":115,"Nunchaku":383,"CCEMRelics:OldTooth":651,"Mummified Hand":351,"Slimebound:StickyStick":803,"Pantograph":274,"Gambling Chip":601,"Tiny Chest":86,"Red Mask":229,"Red Skull":552,"CCEMRelics:Barrel":601,"Quantum Egg":612,"Replay:WaspNest":612,"White Beast Statue":601,"CCEMRelics:SpiritsEdge":575,"Peace Pipe":748,"Anchor":19,"CaptainsWheel":595,"CCEMRelics:GrindingGear":918,"Snack Pack":181,"Coffee Dripper":327,"PureWater":0,"ReplayTheSpireMod:ShopPack":601}],"Burning Blood":538},"card_choices":[{"not_picked":["Battle Trance","Iron Wave"],"picked":"Spot Weakness","floor":1.0},{"not_picked":["True Grit","Wild Strike"],"picked":"Clothesline","floor":3.0},{"not_picked":["Thunderclap","Clash"],"picked":"Pommel Strike","floor":5.0},{"not_picked":["Feel No Pain","Eclipse"],"picked":"Searing Blow","floor":6.0},{"not_picked":["Replay:Undeath\u0027s Touch","Heavy Blade"],"picked":"Metallicize","floor":8.0},{"not_picked":["Clothesline","Battle Trance"],"picked":"True Grit","floor":10.0},{"not_picked":["Abandon","Anger","Body Slam"],"picked":"Warcry","floor":12.0},{"not_picked":["Thunderclap","ReplayTheSpireMod:Limb From Limb","Second Wind"],"picked":"Cleave","floor":13.0},{"not_picked":["Thunderclap","Heavy Blade","Twin Strike"],"picked":"Armaments","floor":14.0},{"not_picked":["Eclipse","Demonic Infusion","Fiend Fire"],"picked":"Double Tap","floor":16.0},{"not_picked":["Twin Strike","Uppercut","Clothesline","Cleave"],"picked":"SKIP","floor":18.0},{"not_picked":["Bloodletting","Spot Weakness","Fiend Fire"],"picked":"Headbutt","floor":21},{"not_picked":["ReplayTheSpireMod:Strike From Hell+1","Perfected Strike+1","Sword Boomerang","Uppercut"],"picked":"SKIP","floor":22},{"not_picked":["Shrug It Off","Body Slam","Abandon"],"picked":"Impervious","floor":29},{"not_picked":["True Grit","Replay:Undeath\u0027s Touch","Pommel Strike"],"picked":"Fire Breathing+1","floor":31},{"not_picked":["Juggernaut","Replay:Many Hands","Barricade"],"picked":"Offering","floor":33},{"not_picked":["Armaments","Perfected Strike","ReplayTheSpireMod:Muscle Training+1","Anger"],"picked":"SKIP","floor":35},{"not_picked":["Enlightenment","Purity","Thinking Ahead"],"picked":"ReplayUltimateDefense","floor":37},{"not_picked":["Crow Ritual","Replay:BasicMightCard","Swift Strike"],"picked":"Replay:Bootleg Shield Generator","floor":37},{"not_picked":["Magnetism","Panacea","Impatience"],"picked":"Replay:Bootleg Shield Generator","floor":37},{"not_picked":["Armaments","Dropkick+1","Rupture"],"picked":"Burning Pact+1","floor":39},{"not_picked":["Blood for Blood+1","Anger+1","Reckless Charge+1"],"picked":"Headbutt+1","floor":40},{"not_picked":["Iron Wave","Heavy Blade","Uppercut"],"picked":"True Grit+1","floor":41},{"not_picked":["Warcry+1","Headbutt+1","Iron Wave+1"],"picked":"Metallicize","floor":42},{"not_picked":["Reaper","Cleave","Searing Blow+1"],"picked":"Exhume","floor":44},{"not_picked":["Warcry+1","Demon Form","Flex"],"picked":"Offering","floor":46},{"not_picked":["Run Through+1","Dropkick","Sword Boomerang"],"picked":"Flame Barrier","floor":54}],"player_experience":328697,"relics_obtained":[{"floor":6.0,"key":"Iron Hammer"},{"floor":10.0,"key":"Question Card"},{"floor":12.0,"key":"Replay:Multitool"},{"floor":26,"key":"Simple Rune"},{"floor":29,"key":"Pen Nib"},{"floor":40,"key":"CCEMRelics:StainlessSteel"},{"floor":41,"key":"CCEMRelics:LatexGloves"},{"floor":44,"key":"CCEMRelics:GrindingGear"},{"floor":46,"key":"Ancient Tea Set"},{"floor":54,"key":"Garlic"}],"event_choices":[{"damage_healed":0.0,"max_hp_gain":0.0,"max_hp_loss":0.0,"gold_gain":175.0,"event_name":"Liars Game","player_choice":"AGREE","floor":2.0,"gold_loss":0.0,"damage_taken":0.0,"cards_obtained":["Doubt"]},{"cards_removed":["Strike_R"],"damage_healed":0.0,"max_hp_gain":0.0,"max_hp_loss":0.0,"gold_gain":0.0,"event_name":"Golden Wing","player_choice":"Card Removal","floor":11.0,"gold_loss":0.0,"damage_taken":7.0},{"cards_removed":["Strike_R"],"damage_healed":0.0,"max_hp_gain":0.0,"max_hp_loss":0.0,"gold_gain":0.0,"event_name":"Back to Basics","player_choice":"Elegance","floor":20.0,"gold_loss":0.0,"damage_taken":0.0},{"damage_healed":0,"gold_gain":0,"player_choice":"Shed Blood","damage_taken":32,"max_hp_gain":5,"max_hp_loss":0,"event_name":"Forgotten Altar","floor":24,"gold_loss":0},{"damage_healed":0,"gold_gain":0,"player_choice":"Memory 3","damage_taken":10,"max_hp_gain":0,"max_hp_loss":0,"event_name":"SensoryStone","floor":37,"gold_loss":0},{"damage_healed":0,"gold_gain":0,"player_choice":"Ignored","damage_taken":0,"max_hp_gain":0,"max_hp_loss":0,"event_name":"OrinTheCat","floor":38,"gold_loss":0}],"is_beta":false,"boss_relics":[{"not_picked":["SacredBark","Tiny House"],"picked":"SlaversCollar"},{"not_picked":["Snecko Eye","CCEMRelics:GreenEgg"],"picked":"Ooze Armor"}],"items_purged_floors":[0,0,4,48,53],"is_endless":false,"potions_floor_spawned":[5,6,12,14,16,21,39,40],"ascension_level":1}}