{"host":"phy652c7lim9lcu2","time":1611835252,"event":{"mods":["BaseMod","BetterRewards","Colored Powertips","Downfall","Googly Eyes","Hubris","Minty Spire (QoL Compilation)","Relic Stats","Spicy Shops","StSLib","everything is the same but u backflip on backflip"],"gold_per_floor":[115,132,151,7,19,44,44,57,57,57,69,19,19,81,81,186,186,186],"floor_reached":17,"language":"ENG","playtime":867,"items_purged":[],"score":300,"play_id":"d65b242b-2f4e-4891-aaed-db66654861e5","local_time":"20210128220052","is_ascension_mode":true,"campfire_choices":[{"data":"Defragment","floor":7,"key":"SMITH"},{"data":"Defragment","floor":10,"key":"SMITH"},{"data":"Blizzard","floor":15,"key":"SMITH"}],"circlet_count":0,"master_deck":["Strike_B","Strike_B","Defend_B","Defend_B","Defend_B","Zap","Dualcast","Defragment+1","Coolheaded","Glacier","Cold Snap","Barrage","Defragment+1","Barrage","Blizzard+1","Melter","Machine Learning+1","Tempest+1","Go for the Eyes+1"],"relics":["Cracked Core","Runic Capacitor","Membership Card","Juzu Bracelet","hubris:PeanutButter","downfall:ExtraCursedKey","Smiling Mask","Astrolabe"],"acts_visited":["Exordium","TheCity"],"potions_floor_usage":[],"damage_taken":[{"damage":2,"enemies":"Small Slimes","floor":1,"turns":5},{"damage":0,"enemies":"2 Louse","floor":2,"turns":3},{"damage":4,"enemies":"Jaw Worm","floor":3,"turns":3},{"damage":0,"enemies":"2 Fungi Beasts","floor":5,"turns":3},{"damage":3,"enemies":"Lagavulin","floor":6,"turns":7},{"damage":1,"enemies":"3 Louse","floor":8,"turns":4},{"damage":16,"enemies":"Gremlin Gang","floor":11,"turns":5},{"damage":0,"enemies":"Gremlin Nob","floor":14,"turns":4},{"damage":0,"enemies":"Hexaghost","floor":16,"turns":9}],"seed_played":"-5744769151567573904","potions_obtained":[{"floor":5,"key":"LiquidMemories"},{"floor":6,"key":"Guardian:BlockOnCardUsePotion"},{"floor":14,"key":"Weak Potion"}],"is_trial":false,"path_per_floor":["M","M","M","$","M","E","R","M","T","R","M","$","?","?","R","B",null],"character_chosen":"DEFECT","items_purchased":["Runic Capacitor","Defragment","Coolheaded","Glacier","Membership Card","Melter"],"campfire_rested":0,"item_purchase_floors":[0,0,0,0,4,12],"current_hp_per_floor":[50,50,46,46,46,43,43,42,42,42,26,26,26,26,26,26,63,63],"gold":186,"neow_bonus":"","is_daily":false,"chose_seed":false,"campfire_upgraded":3,"win_rate":0.0,"timestamp":1611835252,"path_taken":["M","M","M","$","M","E","R","M","T","R","M","$","?","?","R","BOSS"],"items_purchased_type":["Relic","Card","Card","Card","Relic","Card"],"build_version":"2020-12-22","purchased_purges":0,"victory":false,"max_hp_per_floor":[75,75,75,75,75,75,75,75,75,75,75,75,75,75,75,75,75,75],"relic_stats":{"counters":[14,56],"Astrolabe":["Machine Learning","Tempest","Go for the Eyes"],"Juzu Bracelet":0,"Smiling Mask":0,"obtain_stats":[{"Astrolabe":17,"hubris:PeanutButter":9,"PreservedInsect":0,"downfall:ExtraCursedKey":13,"Red Mask":0,"Runic Capacitor":0,"Juzu Bracelet":6,"Chemical X":0,"Membership Card":4,"Cracked Core":0,"Smiling Mask":14,"TungstenRod":0},{"Astrolabe":14,"hubris:PeanutButter":11,"PreservedInsect":0,"downfall:ExtraCursedKey":12,"Red Mask":0,"Runic Capacitor":5,"Juzu Bracelet":10,"Chemical X":0,"Membership Card":8,"Cracked Core":0,"Smiling Mask":12,"TungstenRod":0},{"Astrolabe":56,"hubris:PeanutButter":38,"PreservedInsect":0,"downfall:ExtraCursedKey":43,"Red Mask":0,"Runic Capacitor":13,"Juzu Bracelet":34,"Chemical X":0,"Membership Card":24,"Cracked Core":0,"Smiling Mask":43,"TungstenRod":0}]},"card_choices":[{"not_picked":["Go for the Eyes","White Noise"],"picked":"Cold Snap","floor":1},{"not_picked":["Hologram","Stack","Rebound"],"picked":"SKIP","floor":2},{"not_picked":["Turbo","Sweeping Beam","Beam Cell"],"picked":"SKIP","floor":3},{"not_picked":["Beam Cell","Stack"],"picked":"Barrage","floor":5},{"not_picked":["Melter","White Noise"],"picked":"Defragment","floor":6},{"not_picked":["Streamline","Coolheaded"],"picked":"Barrage","floor":8},{"not_picked":["Compile Driver","Barrage"],"picked":"Blizzard","floor":11}],"player_experience":269662,"relics_obtained":[{"floor":6,"key":"Juzu Bracelet"},{"floor":9,"key":"hubris:PeanutButter"}],"event_choices":[{"damage_healed":0,"gold_gain":30,"player_choice":"Searched \u00273\u0027 times","damage_taken":0,"relics_obtained":["Smiling Mask"],"max_hp_gain":0,"max_hp_loss":0,"event_name":"Dead Adventurer","floor":14,"gold_loss":0}],"is_beta":false,"boss_relics":[{"not_picked":["Philosopher\u0027s Stone","SlaversCollar"],"picked":"Astrolabe"}],"items_purged_floors":[],"is_endless":false,"potions_floor_spawned":[5,6,14],"ascension_level":9}}