{"host":"7qqg3hyzrz6apiso","time":1611797779,"event":{"mods":["AchievementEnabler","BaseMod","Better Debug","Colored Map","Keyboard Shortcuts","Minty Spire (QoL Compilation)","Permanent Neow","Quick Restart","StSLib","SuperFastMode"],"gold_per_floor":[10,21,32,32,48,73,73,87,139,64,79,79,79,141,141,239,239,256,306,90,239,289,289,264,280,280,315,375,425,489,539,539,636,636,651,198,248,52,69,102,102,116,140,190,240,290,0,12,12,12],"floor_reached":51,"language":"KOR","playtime":2642,"items_purged":["Strike_G","Strike_G","Doppelganger"],"score":856,"play_id":"cb469edc-4b1c-4a12-8449-b49b4fd36d89","local_time":"20210128103619","is_ascension_mode":true,"campfire_choices":[{"data":"Neutralize","floor":7,"key":"SMITH"},{"data":"Noxious Fumes","floor":12,"key":"SMITH"},{"data":"Footwork","floor":15,"key":"SMITH"},{"data":"Catalyst","floor":23,"key":"SMITH"},{"floor":32,"key":"REST"},{"floor":41,"key":"DIG"},{"floor":49,"key":"DIG"}],"circlet_count":0,"master_deck":["Defend_G+1","Defend_G","Defend_G","Survivor+1","Neutralize+1","Backflip","Footwork+1","Deadly Poison","Noxious Fumes+1","Catalyst+1","PiercingWail","Crippling Poison","Corpse Explosion","CurseOfTheBell","Crippling Poison","Deflect","Deadly Poison","Deflect+1","Setup"],"relics":["Ring of the Snake","Gambling Chip","Vajra","War Paint","SsserpentHead","SlaversCollar","Ninja Scroll","Eternal Feather","Calling Bell","Snake Skull","Matryoshka","Shovel","Torii","Juzu Bracelet","Art of War","Dream Catcher","Bag of Marbles","Toy Ornithopter","Orichalcum","Blue Candle","Red Mask","Du-Vu Doll"],"acts_visited":["Exordium","TheCity","TheBeyond"],"potions_floor_usage":[6,16,31,33,50],"damage_taken":[{"damage":1,"enemies":"Cultist","floor":1,"turns":4},{"damage":0,"enemies":"2 Louse","floor":2,"turns":5},{"damage":0,"enemies":"Small Slimes","floor":3,"turns":4},{"damage":2,"enemies":"3 Louse","floor":5,"turns":7},{"damage":18,"enemies":"3 Sentries","floor":6,"turns":16},{"damage":0,"enemies":"Blue Slaver","floor":8,"turns":4},{"damage":0,"enemies":"Large Slime","floor":11,"turns":8},{"damage":2,"enemies":"Red Slaver","floor":14,"turns":3},{"damage":0,"enemies":"Hexaghost","floor":16,"turns":8},{"damage":3,"enemies":"Shell Parasite","floor":18,"turns":6},{"damage":0,"enemies":"Spheric Guardian","floor":25,"turns":4},{"damage":4,"enemies":"Book of Stabbing","floor":27,"turns":6},{"damage":8,"enemies":"Snake Plant","floor":28,"turns":4},{"damage":0,"enemies":"Centurion and Healer","floor":30,"turns":7},{"damage":14,"enemies":"Colosseum Slavers","floor":31,"turns":5},{"damage":2,"enemies":"Automaton","floor":33,"turns":8},{"damage":1,"enemies":"Orb Walker","floor":35,"turns":5},{"damage":0,"enemies":"3 Darklings","floor":39,"turns":4},{"damage":9,"enemies":"Giant Head","floor":40,"turns":7},{"damage":8,"enemies":"4 Shapes","floor":42,"turns":6},{"damage":0,"enemies":"Sphere and 2 Shapes","floor":48,"turns":5},{"damage":18,"enemies":"Time Eater","floor":50,"turns":7}],"seed_played":"5489494536680730548","potions_obtained":[{"floor":3,"key":"Poison Potion"},{"floor":8,"key":"LiquidMemories"},{"floor":11,"key":"Explosive Potion"},{"floor":16,"key":"Energy Potion"},{"floor":25,"key":"Swift Potion"},{"floor":30,"key":"Fruit Juice"},{"floor":40,"key":"PowerPotion"}],"is_trial":false,"path_per_floor":["M","M","M","$","M","E","R","M","T","$","M","R","?","M","R","B",null,"M","?","$","?","?","R","?","M","T","E","M","?","M","?","R","B",null,"M","$","?","$","M","E","R","M","T","?","T","?","?","M","R","B",null],"character_chosen":"THE_SILENT","items_purchased":["Catalyst","PiercingWail","Deflect","Torii","Juzu Bracelet","Deadly Poison"],"campfire_rested":1,"item_purchase_floors":[20,20,36,36,38,38],"current_hp_per_floor":[69,69,69,69,67,49,49,49,49,49,49,49,49,47,47,47,70,67,54,54,54,54,54,54,54,54,50,42,42,42,33,66,64,80,79,79,79,79,79,70,79,71,71,71,71,71,71,71,76,58],"gold":12,"neow_bonus":"ONE_RARE_RELIC","is_daily":false,"chose_seed":false,"campfire_upgraded":4,"win_rate":0.0,"timestamp":1611797779,"path_taken":["M","?","M","$","M","E","R","M","T","$","M","R","?","?","R","BOSS","M","?","$","?","?","R","?","M","T","E","?","?","?","?","R","BOSS","M","$","?","$","M","E","R","M","T","?","?","?","?","M","R","BOSS"],"items_purchased_type":["Card","Card","Card","Relic","Relic","Card"],"build_version":"2020-12-22","purchased_purges":3,"victory":true,"max_hp_per_floor":[70,70,70,70,70,70,70,70,70,70,70,70,70,70,70,70,70,70,75,75,75,75,75,75,75,75,75,75,75,75,80,80,80,80,80,80,80,80,80,80,80,80,80,80,80,76,76,76,76,76],"card_choices":[{"not_picked":["Dagger Spray","Heel Hook","Prepared"],"picked":"SKIP","floor":1},{"not_picked":["Bane","Acrobatics"],"picked":"Backflip","floor":2},{"not_picked":["Quick Slash","Flechettes","Concentrate"],"picked":"SKIP","floor":3},{"not_picked":["Dodge and Roll","Blur"],"picked":"Footwork","floor":5},{"not_picked":["Heel Hook","Tactician"],"picked":"Deadly Poison","floor":6},{"not_picked":["Tactician","Terror","Riddle With Holes"],"picked":"SKIP","floor":8},{"not_picked":["Venomology","Slice"],"picked":"Noxious Fumes","floor":11},{"not_picked":["Bane","Flying Knee","Acrobatics"],"picked":"SKIP","floor":14},{"not_picked":["Poisoned Stab+1","Cloak And Dagger+1","Concentrate+1"],"picked":"SKIP","floor":18},{"not_picked":["Heel Hook","Backflip","Blur"],"picked":"SKIP","floor":25},{"not_picked":["Tactician+1","Quick Slash"],"picked":"Crippling Poison","floor":27},{"not_picked":["Prepared","Blur","Sucker Punch"],"picked":"SKIP","floor":28},{"not_picked":["Storm of Steel","Dagger Spray","Quick Slash"],"picked":"SKIP","floor":30},{"not_picked":["Malaise","Doppelganger"],"picked":"Corpse Explosion","floor":33},{"not_picked":["Backflip+1","Bane"],"picked":"Crippling Poison","floor":35},{"not_picked":["Poisoned Stab+1","Expertise","Blur"],"picked":"SKIP","floor":39},{"not_picked":["Prepared","Dagger Throw+1"],"picked":"Deflect+1","floor":40},{"not_picked":["Eviscerate+1","Malaise","Quick Slash"],"picked":"SKIP","floor":42},{"not_picked":["Eviscerate","Accuracy","Backflip"],"picked":"SKIP","floor":48}],"player_experience":160929,"relics_obtained":[{"floor":6,"key":"Vajra"},{"floor":9,"key":"War Paint"},{"floor":26,"key":"Ninja Scroll"},{"floor":27,"key":"Eternal Feather"},{"floor":34,"key":"Snake Skull"},{"floor":34,"key":"Matryoshka"},{"floor":34,"key":"Shovel"},{"floor":40,"key":"Art of War"},{"floor":41,"key":"Dream Catcher"},{"floor":43,"key":"Bag of Marbles"},{"floor":43,"key":"Toy Ornithopter"},{"floor":45,"key":"Orichalcum"},{"floor":45,"key":"Blue Candle"},{"floor":49,"key":"Du-Vu Doll"}],"event_choices":[{"damage_healed":0,"gold_gain":0,"player_choice":"Trade","damage_taken":0,"relics_obtained":["SsserpentHead"],"max_hp_gain":0,"max_hp_loss":0,"event_name":"FaceTrader","floor":13,"gold_loss":0},{"damage_healed":0,"gold_gain":0,"player_choice":"Shed Blood","damage_taken":18,"max_hp_gain":5,"max_hp_loss":0,"event_name":"Forgotten Altar","floor":19,"gold_loss":0},{"damage_healed":0,"gold_gain":99,"player_choice":"Stole From Cult","damage_taken":0,"max_hp_gain":0,"max_hp_loss":0,"event_name":"Nest","floor":21,"gold_loss":0},{"cards_removed":["Strike_G"],"damage_healed":0,"gold_gain":0,"player_choice":"Elegance","damage_taken":0,"max_hp_gain":0,"max_hp_loss":0,"event_name":"Back to Basics","floor":22,"gold_loss":0},{"cards_removed":["Strike_G"],"damage_healed":0,"gold_gain":0,"player_choice":"Gave Gold","damage_taken":0,"max_hp_gain":0,"max_hp_loss":0,"event_name":"Beggar","floor":24,"gold_loss":75},{"damage_healed":0,"gold_gain":0,"cards_transformed":["Strike_G"],"player_choice":"Transformed","damage_taken":0,"max_hp_gain":0,"max_hp_loss":0,"event_name":"Transmorgrifier","floor":29,"gold_loss":0,"cards_obtained":["Doppelganger"]},{"damage_healed":0,"gold_gain":0,"player_choice":"Fight","damage_taken":0,"max_hp_gain":0,"max_hp_loss":0,"event_name":"Colosseum","floor":31,"gold_loss":0},{"damage_healed":0,"gold_gain":0,"player_choice":"Fled From Nobs","damage_taken":0,"max_hp_gain":0,"max_hp_loss":0,"event_name":"Colosseum","floor":31,"gold_loss":0},{"cards_removed":["Defend_G"],"damage_healed":0,"gold_gain":0,"player_choice":"Offered Basic","damage_taken":0,"max_hp_gain":0,"max_hp_loss":0,"event_name":"Bonfire Elementals","floor":37,"gold_loss":0},{"damage_healed":0,"gold_gain":0,"cards_transformed":["Defend_G"],"player_choice":"Transformed","damage_taken":0,"max_hp_gain":0,"max_hp_loss":0,"event_name":"Transmorgrifier","floor":44,"gold_loss":0,"cards_obtained":["Setup"]},{"damage_healed":0,"gold_gain":0,"player_choice":"Max HP","damage_taken":0,"max_hp_gain":0,"max_hp_loss":4,"event_name":"Winding Halls","floor":46,"gold_loss":0},{"damage_healed":0,"gold_gain":0,"player_choice":"Paid","damage_taken":0,"relics_obtained":["Red Mask"],"max_hp_gain":0,"max_hp_loss":0,"event_name":"Tomb of Lord Red Mask","floor":47,"gold_loss":340}],"is_beta":false,"boss_relics":[{"not_picked":["Sozu","Runic Pyramid"],"picked":"SlaversCollar"},{"not_picked":["Tiny House","HoveringKite"],"picked":"Calling Bell"}],"items_purged_floors":[10,20,36],"is_endless":false,"potions_floor_spawned":[3,8,11,16,25,27,30,31,40],"ascension_level":1}}