{"host":"eeb412nj2w7f9cz8","time":1611835891,"event":{"mods":["100% Spire Juice","Act Like it!","BaseMod","Minty Spire (QoL Compilation)","Ryuuou¡˙Õı","StSLib"],"gold_per_floor":[116,135,50,63,63,63,82,82,82,7,7,24,24,35,35,135,135,30,30,41,41,53,73,73,83,83,83,83,83,83],"floor_reached":29,"language":"ZHS","playtime":1279,"items_purged":["Regret"],"score":292,"play_id":"bfff171b-c8db-4ebc-9f84-1c97a0e7bdc4","local_time":"20210128201131","is_ascension_mode":false,"campfire_choices":[{"data":"Moonworks:CloudOfSeagulls","floor":6.0,"key":"SMITH"},{"data":"Moonworks:Ambush","floor":8.0,"key":"SMITH"},{"data":"Moonworks:CloudOfSeagulls","floor":15.0,"key":"SMITH"}],"circlet_count":0,"master_deck":["Moonworks:Strike","Moonworks:Strike","Moonworks:Strike","Moonworks:Strike","Moonworks:Defend","Moonworks:Defend","Moonworks:Ambush+1","Moonworks:LongDistanceShot","Moonworks:CloudOfSeagulls+1","Moonworks:NicePresent","Moonworks:CloudOfSeagulls+1","Moonworks:Dash","Moonworks:CrystalBarrier","Moonworks:StiffCrystal","Moonworks:BindingChains","Moonworks:NicePresent","Moonworks:ImmovableObject","Moonworks:Gamble","Moonworks:TacticalRetreat+1"],"relics":["Moonworks:BrokenBomb","Moonworks:Homemark","Toy Ornithopter","StrikeDummy","Oddly Smooth Stone","Philosopher\u0027s Stone","Frozen Egg 2"],"acts_visited":["Exordium","TheCity"],"potions_floor_usage":[29],"damage_taken":[{"damage":2.0,"enemies":"2 Louse","floor":1.0,"turns":4.0},{"damage":1.0,"enemies":"Cultist","floor":2.0,"turns":4.0},{"damage":6.0,"enemies":"Jaw Worm","floor":4.0,"turns":3.0},{"damage":15.0,"enemies":"Blue Slaver","floor":7.0,"turns":3.0},{"damage":3.0,"enemies":"Exordium Wildlife","floor":12.0,"turns":2.0},{"damage":2.0,"enemies":"Looter","floor":14.0,"turns":2.0},{"damage":0.0,"enemies":"Slime Boss","floor":16.0,"turns":6.0},{"damage":0.0,"enemies":"3 Byrds","floor":18.0,"turns":5.0},{"damage":16.0,"enemies":"2 Thieves","floor":20.0,"turns":4.0},{"damage":4.0,"enemies":"Chosen and Byrds","floor":22.0,"turns":4.0},{"damage":0.0,"enemies":"Snecko","floor":23.0,"turns":4.0},{"damage":0.0,"enemies":"3 Cultists","floor":25.0,"turns":4.0},{"damage":704,"enemies":"Gremlin Leader","floor":29,"turns":4}],"seed_played":"4493470045453069533","potions_obtained":[{"floor":1.0,"key":"PowerPotion"},{"floor":4.0,"key":"Energy Potion"},{"floor":7.0,"key":"Strength Potion"},{"floor":16.0,"key":"Block Potion"},{"floor":23.0,"key":"FearPotion"},{"floor":25.0,"key":"BlessingOfTheForge"}],"is_trial":false,"path_per_floor":["M","M","?","M","?","R","M","R","T","$","$","M","T","M","R","B",null,"M","?","M","?","M","M","?","M","T","?","$","E"],"character_chosen":"THE_STARBREAKER","items_purchased":[],"campfire_rested":0,"item_purchase_floors":[],"current_hp_per_floor":[58,57,57,51,44,44,29,29,29,29,29,31,31,29,29,39,60,60,60,44,44,40,40,40,40,40,40,40,0,0],"gold":83,"neow_bonus":"RANDOM_COMMON_RELIC","is_daily":false,"chose_seed":false,"campfire_upgraded":3,"win_rate":0.0,"timestamp":1611835891,"path_taken":["M","M","?","?","?","R","M","R","T","?","$","M","?","M","R","BOSS","M","?","M","?","M","M","?","M","T","?","?","E"],"items_purchased_type":[],"build_version":"2020-12-22","purchased_purges":1,"victory":false,"max_hp_per_floor":[60,60,60,60,60,60,60,60,60,60,60,60,60,60,60,60,60,60,60,60,60,60,60,60,60,60,60,60,60,60],"card_choices":[{"not_picked":["Moonworks:ReproductionOfRecords","Moonworks:DevilHand","Moonworks:BackdoorTrade"],"picked":"SKIP","floor":1.0},{"not_picked":["Moonworks:AngelHand","Moonworks:UnluckyCharm","Moonworks:ScrambledEve"],"picked":"SKIP","floor":2.0},{"not_picked":["Moonworks:IndiscriminateFireSupport","Moonworks:Dash"],"picked":"Moonworks:CloudOfSeagulls","floor":4.0},{"not_picked":["Moonworks:DevilHand","Moonworks:Dinner"],"picked":"Moonworks:NicePresent","floor":7.0},{"not_picked":["Moonworks:IntelligenceOfficer","Moonworks:RedAndBlue"],"picked":"Moonworks:CloudOfSeagulls","floor":12.0},{"not_picked":["Moonworks:StiffCrystal","Moonworks:x16BigRocket"],"picked":"Moonworks:Dash","floor":14.0},{"not_picked":["Moonworks:MeltingMemories","Moonworks:Encore"],"picked":"Moonworks:CrystalBarrier","floor":16.0},{"not_picked":["Moonworks:ImOnFire","Moonworks:LuckyCharm","Moonworks:LulusLuckyEgg"],"picked":"SKIP","floor":18.0},{"not_picked":["Moonworks:LulusLuckyEgg","Moonworks:ImOnFire"],"picked":"Moonworks:NicePresent","floor":20.0},{"not_picked":["Moonworks:CookingTime","Moonworks:ScrambledEve","Moonworks:ImOnFire+1"],"picked":"SKIP","floor":22.0},{"not_picked":["Moonworks:JonathanRush","Moonworks:LulusLuckyEgg"],"picked":"Moonworks:ImmovableObject","floor":23.0},{"not_picked":["Moonworks:Flamethrower","Moonworks:BindingChains"],"picked":"Moonworks:TacticalRetreat+1","floor":25.0}],"player_experience":88990,"relics_obtained":[{"floor":9.0,"key":"Oddly Smooth Stone"},{"floor":26.0,"key":"Frozen Egg 2"}],"event_choices":[{"damage_healed":0.0,"max_hp_gain":0.0,"max_hp_loss":0.0,"gold_gain":275.0,"event_name":"Golden Shrine","player_choice":"Desecrate","floor":3.0,"gold_loss":0.0,"damage_taken":0.0,"cards_obtained":["Regret"]},{"damage_healed":0.0,"max_hp_gain":0.0,"max_hp_loss":0.0,"gold_gain":0.0,"event_name":"Scrap Ooze","player_choice":"Success","floor":5.0,"gold_loss":0.0,"damage_taken":7.0,"relics_obtained":["StrikeDummy"]},{"damage_healed":0.0,"max_hp_gain":0.0,"max_hp_loss":0.0,"gold_gain":0.0,"cards_transformed":["Moonworks:Defend","Moonworks:Defend"],"event_name":"Drug Dealer","player_choice":"Became Test Subject","floor":19.0,"gold_loss":0.0,"damage_taken":0.0,"cards_obtained":["Moonworks:StiffCrystal","Moonworks:BindingChains"]},{"damage_healed":0.0,"max_hp_gain":0.0,"max_hp_loss":0.0,"gold_gain":0.0,"event_name":"Ghosts","player_choice":"Ignored","floor":21.0,"gold_loss":0.0,"damage_taken":0.0},{"damage_healed":0.0,"max_hp_gain":0.0,"max_hp_loss":0.0,"gold_gain":0.0,"event_name":"The Library","player_choice":"Read","floor":24.0,"gold_loss":0.0,"damage_taken":0.0,"cards_obtained":["Moonworks:Gamble"]},{"damage_healed":0,"gold_gain":0,"player_choice":"Ignored","damage_taken":0,"max_hp_gain":0,"max_hp_loss":0,"event_name":"The Mausoleum","floor":27,"gold_loss":0}],"is_beta":false,"boss_relics":[{"not_picked":["Sozu","Tiny House"],"picked":"Philosopher\u0027s Stone"}],"items_purged_floors":[10],"is_endless":false,"potions_floor_spawned":[1,4,7,16,23,25],"killed_by":"Gremlin Leader","ascension_level":0}}