{"host":"t9zjxed0utvsfjwc","time":1611839565,"event":{"mods":["2.2 Compatiblity","Aspiration","BaseMod","Better Altar","Better Match","Better Note","Better Sensory Stone","Better Skull","Better Third Choice","Block Reminder","Colored Map","Colored Powertips","Custom Start","Downfall","Hermit","Highlight Path","Hubris","Infinite Spire","Marisa????????","Minty Spire (QoL Compilation)","Quick Restart","Rare Cards Sparkle","Reliquary","Replay The Spire","StSLib","The Cursed","The Marked","The Runesmith","Unceasing Turn Reminder","everything is the same but u backflip on backflip"],"gold_per_floor":[110,110,129,162,193,193,239,252,252,279,314,360,360,360,360,489,489,518,0,0,0,0],"floor_reached":21,"language":"ENG","playtime":2018,"items_purged":["Defend_MRS"],"score":241,"play_id":"9984dd01-1027-43f6-a4d3-2f17307622a2","local_time":"20210128131245","is_ascension_mode":false,"campfire_choices":[{"floor":13,"key":"REST"},{"floor":15,"key":"REST"}],"circlet_count":0,"master_deck":["Strike_MRS","Strike_MRS","Strike_MRS","Strike_MRS","Defend_MRS","Defend_MRS","Defend_MRS","MasterSpark","UpSweep","6A","WitchOfGreed","OortCloud","SprinkleStarSeal","TreasureHunter","GrandCross","hubris:DuctTapeCard","MilkyWay","TreasureHunter","NonDirectionalLaser","WitchOfGreed+1","UltimateShortwave+1"],"relics":["Black Star","hubris:Towel","reliquary:TatteredRug","Frozen Egg 2","Akabeko","Lizard Tail","hubris:OldNail","BreadOfAWashokuLover","hubris:DuctTape","reliquary:RedPaperclip","Mummified Hand","aspiration:KaomsHeart"],"acts_visited":["Exordium","TheCity"],"potions_floor_usage":[4,5,5,7,7,8,8,10,11,12,12,12,16,16,18,18],"damage_taken":[{"damage":1,"enemies":"Cultist","floor":1,"turns":4},{"damage":0,"enemies":"2 Louse","floor":3,"turns":2},{"damage":0,"enemies":"Jaw Worm","floor":4,"turns":6},{"damage":3,"enemies":"Gremlin Gang","floor":5,"turns":7},{"damage":26,"enemies":"Lagavulin","floor":7,"turns":6},{"damage":0,"enemies":"Blue Slaver","floor":8,"turns":3},{"damage":1,"enemies":"Large Slime","floor":10,"turns":5},{"damage":1,"enemies":"2 Fungi Beasts","floor":11,"turns":4},{"damage":31,"enemies":"3 Sentries","floor":12,"turns":12},{"damage":20,"enemies":"Fading Forest","floor":16,"turns":11},{"damage":14,"enemies":"2 Thieves","floor":18,"turns":4}],"seed_played":"1620612201232106937","potions_obtained":[{"floor":3,"key":"LifebloodPotion"},{"floor":4,"key":"Energy Potion"},{"floor":4,"key":"Weak Potion"},{"floor":5,"key":"Block Potion"},{"floor":5,"key":"SkillPotion"},{"floor":7,"key":"bronze:BurnAndBuffPotion"},{"floor":7,"key":"Languid Potion"},{"floor":8,"key":"ShroomBrew"},{"floor":10,"key":"FearPotion"},{"floor":10,"key":"Weak Potion"},{"floor":11,"key":"Dexterity Potion"},{"floor":11,"key":"champ:CounterPotion"},{"floor":12,"key":"infinitespire:BlackPotion"},{"floor":12,"key":"Dexterity Potion"},{"floor":16,"key":"AttackPotion"},{"floor":16,"key":"Adrenaline Potion"},{"floor":18,"key":"Strength Potion"}],"is_trial":false,"path_per_floor":["M","T","M","M","M","?","E","M","T","M","M","E","R","?","R","B",null,"M","$","?","AVR"],"character_chosen":"MARISA","items_purchased":["Mummified Hand","WitchOfGreed+1","PowerPotion","Swift Potion","BottledSpark"],"campfire_rested":2,"item_purchase_floors":[19,19,19,19,19],"current_hp_per_floor":[74,74,74,74,71,71,45,45,45,44,43,12,34,17,39,19,75,61,61,61,161,161],"gold":0,"neow_bonus":"BOSS_RELIC","is_daily":false,"chose_seed":false,"campfire_upgraded":0,"win_rate":0.0,"timestamp":1611839565,"path_taken":["M","?","M","M","M","?","E","M","T","M","M","E","R","?","R","BOSS","M","$","?","AVR"],"items_purchased_type":["Relic","Card","Potion","Potion","Potion"],"build_version":"2020-12-22","purchased_purges":1,"victory":false,"max_hp_per_floor":[75,75,75,75,75,75,75,75,75,75,75,75,75,75,75,75,75,75,75,75,175,175],"card_choices":[{"not_picked":["Orbital","UnstableBomb"],"picked":"6A","floor":1},{"not_picked":["DarkMatter","MeteoricShower"],"picked":"WitchOfGreed","floor":3},{"not_picked":["Orbital","EventHorizon","DoubleSpark"],"picked":"SKIP","floor":4},{"not_picked":["StarlightTyphoon","MilkyWay"],"picked":"MysteriousBeam","floor":5},{"not_picked":["WitchOfGreed","DC"],"picked":"OortCloud","floor":7},{"not_picked":["GrandCross","GravityBeat"],"picked":"SprinkleStarSeal","floor":8},{"not_picked":["Acceleration","LuminesStrike","DoubleSpark"],"picked":"SKIP","floor":10},{"not_picked":["LuminesStrike","WitchLeyline"],"picked":"TreasureHunter","floor":11},{"not_picked":["MagicChant","EarthLightRay"],"picked":"MysteriousBeam","floor":12},{"not_picked":["DC","ShootingEcho"],"picked":"GrandCross","floor":13},{"not_picked":["LuminesStrike","SprinkleStarSeal"],"picked":"MilkyWay","floor":15},{"not_picked":["BlazingStar","StarDustReverie"],"picked":"TreasureHunter","floor":16},{"not_picked":["SporeBomb","UnstableBomb"],"picked":"NonDirectionalLaser","floor":18}],"player_experience":452885,"relics_obtained":[{"floor":2,"key":"White Beast Statue"},{"floor":7,"key":"reliquary:TatteredRug"},{"floor":7,"key":"Dream Catcher"},{"floor":9,"key":"Frozen Egg 2"},{"floor":12,"key":"Akabeko"},{"floor":12,"key":"Lizard Tail"},{"floor":12,"key":"hubris:OldNail"}],"event_choices":[{"damage_healed":0,"gold_gain":1,"player_choice":"Relic Relic ","damage_taken":17,"max_hp_gain":0,"max_hp_loss":0,"event_name":"betterThird:BetterScrap","floor":14,"gold_loss":0,"cards_obtained":["Reflex"]},{"cards_removed":["TreasureHunter"],"damage_healed":0,"gold_gain":0,"player_choice":"Take \u0026 Give","damage_taken":0,"max_hp_gain":0,"max_hp_loss":0,"event_name":"betterNote:BetterNote","floor":20,"gold_loss":0,"cards_obtained":["UltimateShortwave"]}],"is_beta":false,"boss_relics":[{"not_picked":["hubris:HollowSoul","Honey Jar"],"picked":"reliquary:RedPaperclip"}],"items_purged_floors":[19],"is_endless":false,"potions_floor_spawned":[3,4,5,7,8,10,11,12,16],"ascension_level":0}}