{"host":"6jrd8fn9k88n08be","time":1611870056,"event":{"mods":["BaseMod","Minty Spire (QoL Compilation)","StSLib"],"gold_per_floor":[119,130,130,230,248,283,283,283,283],"floor_reached":8,"language":"ENG","playtime":1039,"items_purged":[],"score":64,"play_id":"1aba1e82-3888-4297-b7ae-45b18772b5bf","local_time":"20210128164056","is_ascension_mode":true,"campfire_choices":[{"floor":7,"key":"REST"}],"circlet_count":0,"master_deck":["Strike_B","Strike_B","Strike_B","Strike_B","Defend_B","Defend_B","Defend_B","Defend_B","Zap","Dualcast","Madness","Conserve Battery","Genetic Algorithm","Conserve Battery","Glacier"],"relics":["Cracked Core","Ornamental Fan","InkBottle"],"acts_visited":["Exordium"],"potions_floor_usage":[8],"damage_taken":[{"damage":0,"enemies":"Small Slimes","floor":1,"turns":3},{"damage":1,"enemies":"2 Louse","floor":2,"turns":2},{"damage":6,"enemies":"Cultist","floor":5,"turns":5},{"damage":48,"enemies":"3 Sentries","floor":6,"turns":12},{"damage":56,"enemies":"Gremlin Nob","floor":8,"turns":5}],"seed_played":"4928846846436893435","potions_obtained":[{"floor":6,"key":"Swift Potion"}],"is_trial":false,"path_per_floor":["M","M","?","?","M","E","R","E"],"character_chosen":"DEFECT","items_purchased":[],"campfire_rested":1,"item_purchase_floors":[],"current_hp_per_floor":[75,74,71,71,65,17,39,0,0],"gold":283,"neow_bonus":"RANDOM_COLORLESS","is_daily":false,"chose_seed":false,"campfire_upgraded":0,"win_rate":0.0,"timestamp":1611870056,"path_taken":["M","M","?","?","?","E","R","E"],"items_purchased_type":[],"build_version":"2020-12-22","purchased_purges":0,"victory":false,"max_hp_per_floor":[75,75,75,75,75,75,75,75,75],"card_choices":[{"not_picked":["Dramatic Entrance","Blind"],"picked":"Madness","floor":0},{"not_picked":["Rebound","Gash"],"picked":"Conserve Battery","floor":1},{"not_picked":["Steam","Conserve Battery"],"picked":"Genetic Algorithm","floor":2},{"not_picked":["Chill","Stack"],"picked":"Conserve Battery","floor":5},{"not_picked":["Steam","Consume"],"picked":"Glacier","floor":6}],"player_experience":133398,"relics_obtained":[{"floor":6,"key":"InkBottle"}],"event_choices":[{"damage_healed":0,"gold_gain":0,"player_choice":"Success","damage_taken":3,"relics_obtained":["Ornamental Fan"],"max_hp_gain":0,"max_hp_loss":0,"event_name":"Scrap Ooze","floor":3,"gold_loss":0},{"damage_healed":0,"gold_gain":100,"player_choice":"Pray","damage_taken":0,"max_hp_gain":0,"max_hp_loss":0,"event_name":"Golden Shrine","floor":4,"gold_loss":0}],"is_beta":false,"boss_relics":[],"items_purged_floors":[],"is_endless":false,"potions_floor_spawned":[6],"killed_by":"Gremlin Nob","ascension_level":3}}