{"host":"lnnm69al9x392px5","time":1611811655,"event":{"mods":["BaseMod","Downfall","Hermit","Minty Spire (QoL Compilation)","Replay The Spire","StSLib","The Cursed"],"gold_per_floor":[99,110,139,139,157,167,167,202,215,234,134,134,134,151,164,264,264,264,276,29,48,48,48,48,58,91,91,91,144,144,168,188,288,288,188,24,24,24,44,64,90,124,134,34,45,45,78,94,109,109,109,135,60,60,60,60],"floor_reached":57,"language":"ENG","playtime":3774,"items_purged":["sneckomod:Defend"],"score":1784,"play_id":"da935346-b5c5-4996-94f2-88ef5bf9a4c9","local_time":"20210127212735","is_ascension_mode":false,"campfire_choices":[{"floor":1,"key":"DIG"},{"floor":11,"key":"REST"},{"floor":13,"key":"REST"},{"data":"sneckomod:DiceBoulder","floor":23,"key":"SMITH"},{"data":"sneckomod:DiceBoulder+1","floor":28,"key":"SMITH"},{"floor":30,"key":"REST"},{"floor":35,"key":"RECALL"},{"data":"ReplayTheSpireMod:Necrogeddon","floor":44,"key":"SMITH"},{"data":"Fiend Fire","floor":44,"key":"SMITH"},{"data":"sneckomod:UnknownRareAttack","floor":46,"key":"SMITH"},{"data":"Survey Options","floor":46,"key":"SMITH"},{"data":"sneckomod:UnknownX","floor":54,"key":"SMITH"},{"data":"sneckomod:SnakeSap","floor":54,"key":"SMITH"}],"circlet_count":0,"master_deck":["sneckomod:Defend","sneckomod:TailWhip","sneckomod:SnekBite","sneckomod:Unknown","sneckomod:Rotation","sneckomod:SoulCleanse","sneckomod:SnekBeam+1","sneckomod:DiceBoulder+2","sneckomod:UnknownColorless","sneckomod:SoulRoll","sneckomod:UnknownCommonAttack","sneckomod:SoulExchange","Fiend Fire+1","sneckomod:UnknownUncommonSkill","sneckomod:SoulExchange","sneckomod:UnknownStrength+1","sneckomod:UnknownX+1","Survey Options+1","downfall:Bewildered","sneckomod:SnakeSap+1","sneckomod:UnknownColorless","sneckomod:UnknownX+1","sneckomod:UnknownCommonSkill","sneckomod:UnendingSupply","sneckomod:UnknownClassGUARDIAN","sneckomod:UnknownRareAttack+1","ReplayTheSpireMod:Necrogeddon+1","Hallucinations","sneckomod:SoulRoll","sneckomod:UnknownColorless+1","sneckomod:SoulRoll+1","sneckomod:UnknownClassGREEN","sneckomod:DiceBlock+1","sneckomod:UnknownStrength+1","sneckomod:Unknown1Cost","sneckomod:UnknownDraw+1"],"relics":["Replay:Drink Me","ReplayFunnel","Ginger","downfall:ShatteredFragment","Oddly Smooth Stone","Quantum Egg","downfall:HeartBlessingGreen","SacredBark","Chemical X","sneckomod:BabySnecko","Bottled Lightning","Strawberry","Bag of Marbles","TheAbacus","SlaversCollar","downfall:HeartBlessingBlue","Boot","Ring of Misfortune","ReplayTheSpireMod:TigerMarble","Replay:Arrowhead","downfall:HeartBlessingRed","InkBottle","Mercury Hourglass"],"acts_visited":["Exordium","TheCity","TheBeyond","TheEnding"],"potions_floor_usage":[56,56,56],"damage_taken":[{"damage":2,"enemies":"Jaw Worm","floor":2,"turns":3},{"damage":0,"enemies":"2 Louse","floor":5,"turns":2},{"damage":2,"enemies":"Small Slimes","floor":6,"turns":1},{"damage":18,"enemies":"3 Sentries","floor":8,"turns":9},{"damage":7,"enemies":"3 Louse","floor":9,"turns":2},{"damage":0,"enemies":"Exordium Thugs","floor":10,"turns":2},{"damage":0,"enemies":"2 Fungi Beasts","floor":14,"turns":2},{"damage":7,"enemies":"Blue Slaver","floor":15,"turns":2},{"damage":0,"enemies":"IC_STATUS_ARCHETYPE","floor":16,"turns":3},{"damage":0,"enemies":"Spheric Guardian","floor":19,"turns":2},{"damage":0,"enemies":"downfall:FleeingMerchant","floor":20,"turns":4},{"damage":0,"enemies":"Chosen","floor":21,"turns":3},{"damage":24,"enemies":"Centurion and Healer","floor":25,"turns":3},{"damage":18,"enemies":"Gremlin Leader","floor":26,"turns":6},{"damage":15,"enemies":"downfall:FleeingMerchant","floor":29,"turns":4},{"damage":0,"enemies":"Snake Plant","floor":32,"turns":3},{"damage":23,"enemies":"DF_ARCHETYPE_CLAW","floor":33,"turns":5},{"damage":0,"enemies":"3 Shapes","floor":39,"turns":3},{"damage":0,"enemies":"Orb Walker","floor":40,"turns":1},{"damage":0,"enemies":"Reptomancer","floor":42,"turns":2},{"damage":0,"enemies":"Sphere and 2 Shapes","floor":43,"turns":3},{"damage":0,"enemies":"3 Darklings","floor":45,"turns":2},{"damage":0,"enemies":"Giant Head","floor":47,"turns":4},{"damage":6,"enemies":"4 Shapes","floor":48,"turns":2},{"damage":16,"enemies":"Spire Growth","floor":49,"turns":3},{"damage":0,"enemies":"WA_ARCHETYPE_DIVINITY","floor":50,"turns":13},{"damage":0,"enemies":"downfall:CharBossMerchant","floor":52,"turns":4},{"damage":0,"enemies":"downfall:NeowBoss","floor":55,"turns":12},{"damage":72,"enemies":"downfall:NeowBossFinal","floor":56,"turns":12}],"seed_played":"5387467285735387406","potions_obtained":[{"floor":5,"key":"sneckomod:OffclassReductionPotion"},{"floor":6,"key":"PowerPotion"},{"floor":15,"key":"champ:CounterPotion"},{"floor":16,"key":"Slimebound:ThreeZeroPotion"},{"floor":25,"key":"sneckomod:DiceRollPotion"}],"is_trial":false,"path_per_floor":["R","M","?","?","M","M","T","E","M","M","R","?","R","M","M","B",null,"R","M","$","M","?","R","T","M","E","?","R","$","R","T","M","B",null,"R","$","?","?","M","M","T","E","M","R","M","R","E","M","M","B",null,"E","$","R","B","B",null],"character_chosen":"THE_SNECKO","items_purchased":["Chemical X","Survey Options","TheAbacus","sneckomod:UnknownCommonSkill","sneckomod:UnendingSupply","ReplayTheSpireMod:Necrogeddon"],"campfire_rested":3,"item_purchase_floors":[20,20,29,29,29,36],"current_hp_per_floor":[68,66,49,28,28,26,26,8,1,1,21,21,41,41,34,34,68,68,68,68,68,68,68,68,44,33,33,33,18,40,40,40,17,75,85,85,85,85,85,85,85,85,85,85,85,85,85,79,63,63,85,85,85,85,85,13],"gold":60,"neow_bonus":"BOSS_RELIC","is_daily":false,"chose_seed":false,"campfire_upgraded":8,"win_rate":0.0,"timestamp":1611811655,"path_taken":["R","M","?","?","M","M","T","E","M","M","R","?","R","?","M","BOSS","R","M","$","M","?","R","T","M","E","?","R","$","R","?","M","BOSS","R","?","?","?","M","M","T","E","?","R","M","R","E","M","M","BOSS","E","$","R","BOSS","BOSS"],"items_purchased_type":["Relic","Card","Relic","Card","Card","Card"],"build_version":"2020-12-22","purchased_purges":1,"victory":true,"max_hp_per_floor":[68,68,68,68,68,68,68,68,68,68,68,68,68,68,68,68,68,68,68,68,68,68,68,68,68,75,75,75,75,75,75,75,75,75,85,85,85,85,85,85,85,85,85,85,85,85,85,85,85,85,85,85,85,85,85,85],"card_choices":[{"not_picked":["sneckomod:SerpentIdol","sneckomod:ImprovisedGuard"],"picked":"sneckomod:Rotation","floor":2},{"not_picked":["sneckomod:IronFang","sneckomod:DefensiveFlair"],"picked":"sneckomod:Memorize","floor":3},{"not_picked":["sneckomod:DiceCrush","sneckomod:Unknown2Cost"],"picked":"sneckomod:SoulCleanse","floor":5},{"not_picked":["sneckomod:Nope","sneckomod:QuickBite"],"picked":"sneckomod:SnekBeam","floor":6},{"not_picked":["sneckomod:SoulDraw","sneckomod:UnknownCommonSkill"],"picked":"sneckomod:DiceBoulder","floor":8},{"not_picked":["sneckomod:SoulDraw","sneckomod:UnknownCommonAttack"],"picked":"sneckomod:UnknownColorless","floor":9},{"not_picked":["sneckomod:SnekBeam","sneckomod:DiceCrush"],"picked":"sneckomod:SoulRoll","floor":10},{"not_picked":["sneckomod:SoulDraw","sneckomod:Unknown1Cost"],"picked":"sneckomod:SoulExchange","floor":14},{"not_picked":["sneckomod:DiceCrush","sneckomod:Unknown1Cost"],"picked":"sneckomod:UnknownUncommonSkill","floor":15},{"not_picked":["sneckomod:UnknownRareSkill","sneckomod:Restock"],"picked":"sneckomod:SoulExchange","floor":16},{"not_picked":["sneckomod:UnknownUncommonSkill","sneckomod:UnknownDraw"],"picked":"sneckomod:UnknownStrength+1","floor":19},{"not_picked":["sneckomod:UnknownDraw","sneckomod:Unknown1Cost+1"],"picked":"sneckomod:UnknownX+1","floor":20},{"not_picked":["sneckomod:SoulRoll","sneckomod:DiceCrush+1","sneckomod:SoulCleanse+1"],"picked":"SKIP","floor":21},{"not_picked":["sneckomod:DiceCrush+1","sneckomod:RainOfDice"],"picked":"sneckomod:SnakeSap","floor":25},{"not_picked":["sneckomod:SoulDraw+1","sneckomod:DiceCrush"],"picked":"sneckomod:UnknownColorless","floor":26},{"not_picked":["sneckomod:UnknownBlock","sneckomod:Mudshield"],"picked":"sneckomod:UnknownX","floor":29},{"not_picked":["sneckomod:TrashToTreasure","sneckomod:Memorize+1"],"picked":"sneckomod:UnknownClassGUARDIAN","floor":32},{"not_picked":["sneckomod:SoulExchange","sneckomod:Mudshield"],"picked":"sneckomod:UnknownRareAttack","floor":33},{"not_picked":["sneckomod:DiceBoulder+1","sneckomod:UnknownStrike+1"],"picked":"sneckomod:SoulRoll","floor":39},{"not_picked":["sneckomod:RainOfDice","sneckomod:QuickBite+1"],"picked":"sneckomod:UnknownColorless+1","floor":40},{"not_picked":["sneckomod:UnknownWeak","sneckomod:WideSting"],"picked":"sneckomod:SoulRoll+1","floor":42},{"not_picked":["sneckomod:Memorize","sneckomod:UnknownCommonAttack+1"],"picked":"sneckomod:UnknownClassGREEN","floor":43},{"not_picked":["sneckomod:UnknownVulnerable","sneckomod:SoulDraw"],"picked":"sneckomod:DiceBlock+1","floor":45},{"not_picked":["sneckomod:QuickMove+1","sneckomod:SoulExchange"],"picked":"sneckomod:UnknownStrength+1","floor":47},{"not_picked":["sneckomod:DiceCrush+1","sneckomod:SnekBeam"],"picked":"sneckomod:Unknown1Cost","floor":48},{"not_picked":["sneckomod:ImprovisedAttack+1","sneckomod:UnknownUncommonSkill+1"],"picked":"sneckomod:UnknownDraw+1","floor":49},{"not_picked":["sneckomod:IronFang+1","sneckomod:UnknownClassRED+1","sneckomod:UnknownClassGUARDIAN+1"],"picked":"SKIP","floor":52}],"player_experience":344841,"relics_obtained":[{"floor":1,"key":"ReplayFunnel"},{"floor":3,"key":"Ginger"},{"floor":7,"key":"Oddly Smooth Stone"},{"floor":8,"key":"Quantum Egg"},{"floor":24,"key":"Bottled Lightning"},{"floor":26,"key":"Strawberry"},{"floor":37,"key":"Boot"},{"floor":38,"key":"Ring of Misfortune"},{"floor":41,"key":"ReplayTheSpireMod:TigerMarble"},{"floor":42,"key":"Replay:Arrowhead"},{"floor":47,"key":"InkBottle"},{"floor":52,"key":"Mercury Hourglass"}],"event_choices":[],"is_beta":false,"boss_relics":[{"not_picked":["Calling Bell","sneckomod:SneckoBoss"],"picked":"SacredBark"},{"not_picked":["Abe\u0027s Treasure","Velvet Choker"],"picked":"SlaversCollar"}],"items_purged_floors":[53],"is_endless":false,"potions_floor_spawned":[5,6,15,16,21,25,33,39,42,45,48],"ascension_level":0}}