{"host":"qrlp59d4kykmw4mt","time":1611858120,"event":{"mods":["Act Like it!","BaseMod","Colored Map","Downfall","Friendly Minions","Highlight Path","Minty Spire (QoL Compilation)","Permanent Neow","Random Character Button","Rare Cards Sparkle","SacredBarkPlus","StSLib","SuperFastMode","everything is the same but u backflip on backflip"],"gold_per_floor":[99,110,122,32,32,50,76,101,201,231,33,33,33,33],"floor_reached":12,"language":"ENG","playtime":846,"items_purged":["sneckomod:Strike","sneckomod:SnekBite"],"score":86,"play_id":"7ee51304-ad19-4208-a4fe-b1f53ddc3526","local_time":"20210128132200","is_ascension_mode":false,"campfire_choices":[{"floor":1,"key":"RECALL"}],"circlet_count":0,"master_deck":["sneckomod:Defend","sneckomod:Defend","sneckomod:Defend","sneckomod:TailWhip+1","sneckomod:Unknown","sneckomod:Unknown","sneckomod:UnknownCommonSkill","sneckomod:UnknownCommonSkill","sneckomod:UnknownBlock","sneckomod:Nope","sneckomod:Unknown0Cost","sneckomod:DiceBlock","sneckomod:UnknownUncommonPower","sneckomod:CheapStock","sneckomod:DiceBlock"],"relics":["sneckomod:SneckoSoul","Meat on the Bone","Vajra","Bag of Marbles","The Courier"],"acts_visited":["Exordium"],"potions_floor_usage":[],"damage_taken":[{"damage":0,"enemies":"Small Slimes","floor":2,"turns":4},{"damage":10,"enemies":"Jaw Worm","floor":3,"turns":4},{"damage":1,"enemies":"downfall:FleeingMerchant","floor":4,"turns":4},{"damage":0,"enemies":"2 Louse","floor":6,"turns":1},{"damage":27,"enemies":"Gremlin Nob","floor":8,"turns":5},{"damage":20,"enemies":"downfall:Heads","floor":9,"turns":8},{"damage":35,"enemies":"3 Sentries","floor":10,"turns":16},{"damage":0,"enemies":"downfall:FleeingMerchant","floor":11,"turns":4},{"damage":32,"enemies":"Gremlin Nob","floor":12,"turns":4}],"seed_played":"-657221258747955426","potions_obtained":[{"floor":3,"key":"sneckomod:OffclassReductionPotion"},{"floor":6,"key":"BlessingOfTheForge"},{"floor":9,"key":"SteroidPotion"}],"is_trial":false,"path_per_floor":["R","M","M","$","?","M","T","E","?","E","$","E"],"character_chosen":"THE_SNECKO","items_purchased":["sneckomod:CheapStock","sneckomod:DiceBlock"],"campfire_rested":0,"item_purchase_floors":[11,11],"current_hp_per_floor":[90,90,87,86,74,74,74,47,39,16,28,0,0,0],"gold":33,"neow_bonus":"THREE_CARDS","is_daily":false,"chose_seed":false,"campfire_upgraded":0,"win_rate":0.0,"timestamp":1611858120,"path_taken":["R","M","M","$","?","M","T","E","?","E","$","E"],"items_purchased_type":["Card","Card"],"build_version":"2020-12-22","purchased_purges":2,"victory":false,"max_hp_per_floor":[90,90,90,90,90,90,90,90,90,90,90,90,90,90],"card_choices":[{"not_picked":["sneckomod:QuickBite","sneckomod:UnknownUncommonAttack"],"picked":"sneckomod:UnknownCommonSkill","floor":0},{"not_picked":["sneckomod:UnknownWeak","sneckomod:QuickBite"],"picked":"sneckomod:UnknownCommonSkill","floor":2},{"not_picked":["sneckomod:RainOfDice","sneckomod:Nope","sneckomod:PureSnecko"],"picked":"SKIP","floor":3},{"not_picked":["sneckomod:RainOfDice","sneckomod:SoulRoll","sneckomod:QuickBite"],"picked":"SKIP","floor":4},{"not_picked":["sneckomod:SlitherStrike","sneckomod:ImprovisedGuard"],"picked":"sneckomod:UnknownBlock","floor":6},{"not_picked":["sneckomod:QuickBite","sneckomod:UnknownDraw","sneckomod:Nope"],"picked":"SKIP","floor":8},{"not_picked":["sneckomod:Unknown3Cost","sneckomod:Rotation"],"picked":"sneckomod:Unknown0Cost","floor":9},{"not_picked":["sneckomod:UnknownCommonSkill","sneckomod:QuickMove"],"picked":"sneckomod:DiceBlock","floor":10},{"not_picked":["sneckomod:WideSting","sneckomod:UnknownCommonSkill"],"picked":"sneckomod:UnknownUncommonPower","floor":11}],"player_experience":299247,"relics_obtained":[{"floor":7,"key":"Vajra"},{"floor":8,"key":"Bag of Marbles"},{"floor":10,"key":"The Courier"}],"event_choices":[{"damage_healed":0,"gold_gain":0,"player_choice":"Success","damage_taken":12,"relics_obtained":["Meat on the Bone"],"max_hp_gain":0,"max_hp_loss":0,"event_name":"Scrap Ooze","floor":5,"gold_loss":0}],"is_beta":false,"boss_relics":[],"items_purged_floors":[4,11],"is_endless":false,"potions_floor_spawned":[3,6,9],"killed_by":"Gremlin Nob","ascension_level":0}}