{"host":"8f5cu9y0fpol72qs","time":1611824291,"event":{"mods":["AlwaysNeverKeys","BaseMod","Colored Map","Colored Powertips","Curses Come First","Highlight Path","Key Reminder","Minty Spire (QoL Compilation)","StSLib"],"gold_per_floor":[19,19,31,50,50,81,81,408,408,408,184,196,196,211,211,285,285,303,316,241,241,141,172,172,198,198,73,73,108,126,151,151,249,249,285,322,359,399,419,419,473,93,117,117,142,142,142,142,142],"floor_reached":48,"language":"ENG","playtime":4224,"items_purged":["Strike_P","Strike_P+1","Defend_P+1","Strike_P+1"],"score":1089,"play_id":"c2f8a50d-2bf0-4fa2-8aca-80f99f618cd6","local_time":"20210128005811","is_ascension_mode":true,"campfire_choices":[{"data":"1","floor":7.0,"key":"LIFT"},{"data":"2","floor":10.0,"key":"LIFT"},{"data":"3","floor":13.0,"key":"LIFT"},{"floor":15.0,"key":"REST"},{"floor":24.0,"key":"REST"},{"floor":28,"key":"REST"},{"data":"LikeWater","floor":32,"key":"SMITH"},{"floor":40,"key":"REST"}],"circlet_count":0,"master_deck":["AscendersBane","Defend_P+1","Defend_P+1","Defend_P+1","Eruption","Vigilance","TalkToTheHand","FollowUp","DeceiveReality","Wish","Wireheading","CutThroughFate","Vault","ConjureBlade","SandsOfTime","DeceiveReality","CrushJoints+1","Evaluate+1","CutThroughFate","Conclude+1","LikeWater+1","Omniscience","LikeWater","WaveOfTheHand+1","InnerPeace"],"relics":["PureWater","Girya","Ancient Tea Set","Old Coin","Shuriken","Lantern","Sozu","Blue Candle","Potion Belt","Question Card","TeardropLocket","Busted Crown","Nunchaku","Oddly Smooth Stone","keyreminder:keyreminder","Bottled Flame"],"acts_visited":["Exordium","TheCity","TheBeyond"],"potions_floor_usage":[33],"damage_taken":[{"damage":2.0,"enemies":"Jaw Worm","floor":1.0,"turns":3.0},{"damage":0.0,"enemies":"Cultist","floor":3.0,"turns":3.0},{"damage":0.0,"enemies":"2 Louse","floor":4.0,"turns":3.0},{"damage":17.0,"enemies":"Lagavulin","floor":6.0,"turns":7.0},{"damage":22.0,"enemies":"3 Sentries","floor":8.0,"turns":14.0},{"damage":0.0,"enemies":"Blue Slaver","floor":12.0,"turns":1.0},{"damage":4.0,"enemies":"2 Fungi Beasts","floor":14.0,"turns":2.0},{"damage":0.0,"enemies":"Slime Boss","floor":16.0,"turns":6.0},{"damage":0.0,"enemies":"Chosen","floor":18.0,"turns":2.0},{"damage":16.0,"enemies":"2 Thieves","floor":19.0,"turns":6.0},{"damage":22.0,"enemies":"Slavers","floor":23.0,"turns":4.0},{"damage":6,"enemies":"Book of Stabbing","floor":25,"turns":5},{"damage":12,"enemies":"Snecko","floor":29,"turns":5},{"damage":6,"enemies":"Shelled Parasite and Fungi","floor":30,"turns":4},{"damage":3,"enemies":"Slavers","floor":31,"turns":4},{"damage":10,"enemies":"Champ","floor":33,"turns":7},{"damage":14,"enemies":"3 Darklings","floor":35,"turns":6},{"damage":0,"enemies":"3 Shapes","floor":36,"turns":5},{"damage":3,"enemies":"Sphere and 2 Shapes","floor":37,"turns":6},{"damage":2,"enemies":"Transient","floor":38,"turns":6},{"damage":5,"enemies":"4 Shapes","floor":39,"turns":7},{"damage":24,"enemies":"Reptomancer","floor":41,"turns":8},{"damage":7,"enemies":"Nemesis","floor":45,"turns":8},{"damage":36,"enemies":"Writhing Mass","floor":48,"turns":1}],"seed_played":"7558833191629642461","potions_obtained":[{"floor":1.0,"key":"Ancient Potion"},{"floor":2.0,"key":"SpeedPotion"},{"floor":2.0,"key":"Ambrosia"},{"floor":8.0,"key":"StancePotion"},{"floor":16.0,"key":"BottledMiracle"}],"is_trial":false,"path_per_floor":["M","?","M","M","?","E","R","E","T","R","$","M","R","M","R","B",null,"M","M","?","?","$","E","R","E","T","$","R","M","M","E","R","B",null,"M","M","M","M","M","R","E","$","T","?","E","$","?","M"],"character_chosen":"WATCHER","items_purchased":["Lantern","Oddly Smooth Stone","InnerPeace"],"campfire_rested":4,"item_purchase_floors":[11,42,42],"current_hp_per_floor":[59,59,59,59,59,42,42,20,20,20,20,20,20,16,36,36,60,60,44,44,44,44,22,42,36,36,36,56,44,38,35,35,25,57,43,43,40,38,33,53,29,29,29,29,22,22,22,0,0],"gold":142,"neow_bonus":"ONE_RARE_RELIC","is_daily":false,"chose_seed":false,"campfire_upgraded":1,"win_rate":0.0,"timestamp":1611824291,"path_taken":["M","?","M","?","?","E","R","E","T","R","$","M","R","M","R","BOSS","M","M","?","?","?","E","R","E","T","$","R","M","M","E","R","BOSS","M","?","?","M","M","R","E","$","T","?","E","?","?","M"],"items_purchased_type":["Relic","Relic","Card"],"build_version":"2020-12-22","purchased_purges":4,"victory":false,"max_hp_per_floor":[68,68,68,68,68,68,68,68,68,68,68,68,68,68,68,68,68,68,68,68,68,68,68,68,68,68,68,68,68,68,68,68,68,68,68,68,68,68,68,68,68,68,68,68,68,68,68,68,68],"card_choices":[{"not_picked":["Weave","Perseverance"],"picked":"TalkToTheHand","floor":1.0},{"not_picked":["PathToVictory","EmptyBody"],"picked":"FollowUp","floor":3.0},{"not_picked":["Consecrate","JustLucky"],"picked":"DeceiveReality","floor":4.0},{"not_picked":["Vengeance","Evaluate"],"picked":"Wish","floor":6.0},{"not_picked":["BowlingBash","ThirdEye"],"picked":"Wireheading","floor":8.0},{"not_picked":["WreathOfFlame","FlurryOfBlows"],"picked":"CutThroughFate","floor":12.0},{"not_picked":["Crescendo","Fasting2"],"picked":"Vault","floor":14.0},{"not_picked":["Judgement","Brilliance"],"picked":"ConjureBlade","floor":16.0},{"not_picked":["Consecrate","WindmillStrike"],"picked":"SandsOfTime","floor":18.0},{"not_picked":["Wireheading","MentalFortress"],"picked":"DeceiveReality","floor":19.0},{"not_picked":["Tantrum","ThirdEye"],"picked":"CrushJoints+1","floor":23.0},{"not_picked":["Sanctity","Adaptation"],"picked":"Evaluate+1","floor":25},{"not_picked":["FlurryOfBlows","JustLucky+1","BattleHymn+1"],"picked":"CutThroughFate","floor":29},{"not_picked":["FlurryOfBlows","FlyingSleeves","ClearTheMind"],"picked":"Conclude+1","floor":30},{"not_picked":["Worship","DeceiveReality","SashWhip"],"picked":"LikeWater","floor":31},{"not_picked":["Devotion","Brilliance","Blasphemy"],"picked":"Omniscience","floor":33},{"not_picked":["SashWhip+1","Prostrate+1"],"picked":"SKIP","floor":35},{"not_picked":["Worship"],"picked":"LikeWater","floor":36},{"not_picked":["SashWhip","Perseverance"],"picked":"SKIP","floor":37},{"not_picked":["SashWhip+1","BattleHymn+1"],"picked":"SKIP","floor":38},{"not_picked":["Halt+1"],"picked":"WaveOfTheHand+1","floor":39},{"not_picked":["EmptyBody","ThirdEye"],"picked":"SKIP","floor":41},{"not_picked":["BowlingBash","Evaluate"],"picked":"SKIP","floor":45}],"player_experience":922366,"relics_obtained":[{"floor":6.0,"key":"Ancient Tea Set"},{"floor":8.0,"key":"Old Coin"},{"floor":9.0,"key":"Shuriken"},{"floor":23.0,"key":"Blue Candle"},{"floor":25,"key":"Potion Belt"},{"floor":26,"key":"Question Card"},{"floor":31,"key":"TeardropLocket"},{"floor":41,"key":"Nunchaku"},{"floor":45,"key":"Bottled Flame"}],"event_choices":[{"damage_healed":0.0,"max_hp_gain":0.0,"max_hp_loss":0.0,"gold_gain":0.0,"event_name":"Lab","player_choice":"Got Potions","floor":2.0,"gold_loss":0.0,"damage_taken":0.0},{"damage_healed":0.0,"max_hp_gain":0.0,"max_hp_loss":0.0,"gold_gain":0.0,"event_name":"Liars Game","player_choice":"Ignored","floor":5.0,"gold_loss":0.0,"damage_taken":0.0},{"cards_removed":["Strike_P"],"damage_healed":0.0,"max_hp_gain":0.0,"max_hp_loss":0.0,"gold_gain":0.0,"event_name":"Beggar","player_choice":"Gave Gold","floor":20.0,"gold_loss":75.0,"damage_taken":0.0},{"damage_healed":0.0,"max_hp_gain":0.0,"max_hp_loss":0.0,"gold_gain":0.0,"event_name":"Back to Basics","player_choice":"Simplicity","floor":21.0,"gold_loss":0.0,"damage_taken":0.0,"cards_upgraded":["Strike_P","Strike_P","Defend_P","Defend_P","Defend_P","Defend_P"]},{"damage_healed":0,"gold_gain":0,"player_choice":"Ignored","damage_taken":0,"max_hp_gain":0,"max_hp_loss":0,"event_name":"The Moai Head","floor":44,"gold_loss":0},{"damage_healed":0,"gold_gain":0,"player_choice":"Ignored","damage_taken":0,"max_hp_gain":0,"max_hp_loss":0,"event_name":"Tomb of Lord Red Mask","floor":47,"gold_loss":0}],"is_beta":false,"boss_relics":[{"not_picked":["Astrolabe","Philosopher\u0027s Stone"],"picked":"Sozu"},{"not_picked":["Calling Bell","Pandora\u0027s Box"],"picked":"Busted Crown"}],"items_purged_floors":[11,22,27,42],"is_endless":false,"potions_floor_spawned":[1,8,12,16,23,25,30,35,37,45],"killed_by":"Writhing Mass","ascension_level":15}}