{"host":"ws1rigs6jhqnf67d","time":1611842112,"event":{"mods":["BaseMod","Friendly Minions","KinomotoSakuraMod(ƒæ÷Æ±æ”£)","Kiyohime£®«Âºß£©","Lobotomy","LobotomyExtend","Marisa£®ÏF”Í°°ƒß¿Ì…≥£©","Minty Spire (QoL Compilation)","Remilia£®¿Ÿ√◊¿Ú—«£©","StSLib","The Bug Knight","The Senshi","Youmu£®ªÍ∆«—˝√Œ£©","[IsaacMod]“‘»ˆº‚À˛"],"gold_per_floor":[115,133,133,133,143,178,195,195,220,255,220,240,266,266,266,364,364,380,380,394,409,425,458,485,515,515,515,515,529,540,566,566,664,664,677,688,699,501,515,515,535,568,568,593,593,627,643,660,660,660,660],"floor_reached":52,"language":"ZHS","playtime":1744,"items_purged":[],"score":1412,"play_id":"614f6ec4-18ad-43d2-8c87-42bfe422bad3","local_time":"20210128215512","is_ascension_mode":true,"campfire_choices":[{"data":"Blade Dance","floor":8,"key":"SMITH"},{"data":"Venomology","floor":15,"key":"SMITH"},{"floor":27,"key":"REST"},{"data":"Storm of Steel","floor":32,"key":"SMITH"},{"floor":40,"key":"REST"},{"floor":45,"key":"REST"},{"floor":49,"key":"REST"}],"circlet_count":0,"master_deck":["AscendersBane","Strike_G","Strike_G","Strike_G","Strike_G","Strike_G","Defend_G","Defend_G","Defend_G","Defend_G","Defend_G","Survivor","Neutralize","Blade Dance+1","Venomology+1","Infinite Blades","Storm of Steel+1","Terror","Blade Dance","Riddle With Holes","Blade Dance","Cloak And Dagger","Die Die Die","Choke+1","Clumsy","Cloak And Dagger+1","Glass Knife"],"relics":["Ring of the Snake","HushsDoor","Bag of Marbles","DeadEye","LetterFromLob","Oddly Smooth Stone","Blood Vial","Dream Catcher","Mercury Hourglass","WristBlade","WingedGreaves","Red Mask","TheBible","HowToJump","The Courier","Cursed Key","Ninja Scroll","Toxic Egg 2","Darkstone Periapt","Bottled Flame","Mummified Hand"],"acts_visited":["Exordium","TheCity","TheBeyond"],"potions_floor_usage":[5,10,13,16,18,20,22,25,29,31,33,36,37,41,42,42,44,48,50,50],"damage_taken":[{"damage":1,"enemies":"Cultist","floor":1,"turns":3},{"damage":3,"enemies":"Small Slimes","floor":2,"turns":4},{"damage":0,"enemies":"2 Louse","floor":5,"turns":2},{"damage":0,"enemies":"3 Sentries","floor":6,"turns":2},{"damage":0,"enemies":"Red Slaver","floor":7,"turns":3},{"damage":18,"enemies":"Gremlin Nob","floor":10,"turns":3},{"damage":0,"enemies":"Large Slime","floor":12,"turns":3},{"damage":16,"enemies":"3 Sentries","floor":13,"turns":7},{"damage":23,"enemies":"Hexaghost","floor":16,"turns":7},{"damage":14,"enemies":"2 Thieves","floor":18,"turns":3},{"damage":0,"enemies":"Chosen","floor":20,"turns":3},{"damage":0,"enemies":"Shelled Parasite and Fungi","floor":21,"turns":2},{"damage":3,"enemies":"Chosen and Byrds","floor":22,"turns":3},{"damage":0,"enemies":"Gremlin Leader","floor":23,"turns":3},{"damage":0,"enemies":"Masked Bandits","floor":24,"turns":2},{"damage":18,"enemies":"Slavers","floor":25,"turns":4},{"damage":0,"enemies":"Snake Plant","floor":29,"turns":2},{"damage":0,"enemies":"Shelled Parasite and Fungi","floor":30,"turns":1},{"damage":0,"enemies":"Gremlin Leader","floor":31,"turns":5},{"damage":32,"enemies":"Champ","floor":33,"turns":7},{"damage":0,"enemies":"Orb Walker","floor":35,"turns":1},{"damage":21,"enemies":"3 Darklings","floor":36,"turns":3},{"damage":11,"enemies":"4 Shapes","floor":37,"turns":2},{"damage":0,"enemies":"Spire Growth","floor":39,"turns":2},{"damage":0,"enemies":"Jaw Worm Horde","floor":41,"turns":2},{"damage":26,"enemies":"Reptomancer","floor":42,"turns":4},{"damage":35,"enemies":"Nemesis","floor":44,"turns":5},{"damage":34,"enemies":"Giant Head","floor":46,"turns":6},{"damage":4,"enemies":"Sphere and 2 Shapes","floor":47,"turns":4},{"damage":0,"enemies":"3 Darklings","floor":48,"turns":1},{"damage":32,"enemies":"Awakened One","floor":50,"turns":10}],"seed_played":"-7931564704957170427","potions_obtained":[{"floor":1,"key":"GamblersBrew"},{"floor":2,"key":"Explosive Potion"},{"floor":12,"key":"LiquidMemories"},{"floor":16,"key":"Weak Potion"},{"floor":41,"key":"AttackPotion"},{"floor":46,"key":"Weak Potion"}],"is_trial":false,"path_per_floor":["M","M","$","?","M","E","M","R","T","E","?","M","E","?","R","B",null,"M","?","M","M","M","E","?","E","T","R","E","M","M","E","R","B",null,"M","M","M","$","M","R","M","E","T","E","R","E","M","M","R","B",null,null],"character_chosen":"THE_SILENT","items_purchased":["Terror","Ninja Scroll"],"campfire_rested":4,"item_purchase_floors":[17,38],"current_hp_per_floor":[62,59,59,64,64,64,64,64,64,48,66,68,54,54,54,33,62,50,37,39,41,40,42,44,28,28,51,51,53,55,57,57,27,65,67,48,39,39,41,64,66,42,42,9,32,23,21,23,46,16,16],"gold":660,"neow_bonus":"RANDOM_COMMON_RELIC","is_daily":false,"chose_seed":false,"campfire_upgraded":3,"win_rate":0.0,"timestamp":1611842112,"path_taken":["M","M","$","?","M","E","M","R","T","E","?","M","E","?","R","BOSS","M","?","M","M","M","E","?","E","T","R","E","M","M","E","R","BOSS","M","M","M","$","M","R","M","E","T","E","R","E","M","M","R","BOSS"],"items_purchased_type":["Card","Relic"],"build_version":"2020-12-22","purchased_purges":0,"victory":true,"max_hp_per_floor":[70,70,70,75,75,75,75,75,75,75,75,75,75,75,75,75,72,72,77,77,77,77,77,77,77,77,77,77,77,77,77,77,77,77,77,77,77,77,77,77,77,77,77,77,77,77,77,77,77,77,77],"card_choices":[{"not_picked":["Deadly Poison","Prepared"],"picked":"Bomb","floor":1},{"not_picked":["Backflip","Dodge and Roll"],"picked":"Blade Dance","floor":2},{"not_picked":["Acrobatics","Backflip","Finisher"],"picked":"SKIP","floor":5},{"not_picked":["Tactician","All Out Attack","Heel Hook"],"picked":"SKIP","floor":6},{"not_picked":["Poisoned Stab","Concentrate","Distraction"],"picked":"SKIP","floor":7},{"not_picked":["Prepared","Dodge and Roll","Choke"],"picked":"SKIP","floor":10},{"not_picked":["Dodge and Roll","Acrobatics"],"picked":"Venomology","floor":12},{"not_picked":["Reflex","A Thousand Cuts"],"picked":"Infinite Blades","floor":13},{"not_picked":["Grand Finale","Unload"],"picked":"Storm of Steel","floor":16},{"not_picked":["Underhanded Strike","Catalyst"],"picked":"Blade Dance","floor":18},{"not_picked":["Crippling Poison","Dagger Throw+1","Deflect"],"picked":"SKIP","floor":20},{"not_picked":["Slice","Deadly Poison+1"],"picked":"Riddle With Holes","floor":21},{"not_picked":["Calculated Gamble","Sucker Punch"],"picked":"Blade Dance","floor":22},{"not_picked":["Outmaneuver+1","Reflex","Night Terror"],"picked":"SKIP","floor":23},{"not_picked":["Dagger Spray","PiercingWail","Sucker Punch"],"picked":"SKIP","floor":25},{"not_picked":["Dagger Spray","Predator","Heel Hook"],"picked":"SKIP","floor":29},{"not_picked":["Dodge and Roll","Dagger Throw","Slice"],"picked":"SKIP","floor":30},{"not_picked":["Prepared","A Thousand Cuts"],"picked":"Cloak And Dagger","floor":31},{"not_picked":["Wraith Form v2","A Thousand Cuts"],"picked":"Die Die Die","floor":33},{"not_picked":["Deflect","Riddle With Holes","Distraction+1"],"picked":"SKIP","floor":35},{"not_picked":["Underhanded Strike","Escape Plan"],"picked":"Choke+1","floor":36},{"not_picked":["Outmaneuver+1","All Out Attack","Dagger Throw"],"picked":"SKIP","floor":37},{"not_picked":["Dash","Infinite Blades","Wraith Form v2"],"picked":"SKIP","floor":39},{"not_picked":["Bane","Quick Slash+1","Noxious Fumes"],"picked":"SKIP","floor":41},{"not_picked":["Noxious Fumes","Backflip+1","Leg Sweep+1"],"picked":"SKIP","floor":42},{"not_picked":["Poisoned Stab","Heel Hook"],"picked":"Cloak And Dagger+1","floor":44},{"not_picked":["Poisoned Stab","Bane"],"picked":"Glass Knife","floor":46},{"not_picked":["Acrobatics+1","Dagger Spray","Deadly Poison+1"],"picked":"SKIP","floor":47},{"not_picked":["Riddle With Holes","Dagger Spray","Bane"],"picked":"SKIP","floor":48}],"player_experience":918366,"relics_obtained":[{"floor":1,"key":"LetterFromLob"},{"floor":6,"key":"Oddly Smooth Stone"},{"floor":9,"key":"Blood Vial"},{"floor":10,"key":"Dream Catcher"},{"floor":13,"key":"Mercury Hourglass"},{"floor":23,"key":"WingedGreaves"},{"floor":24,"key":"Red Mask"},{"floor":25,"key":"TheBible"},{"floor":26,"key":"HowToJump"},{"floor":31,"key":"The Courier"},{"floor":42,"key":"Toxic Egg 2"},{"floor":43,"key":"Darkstone Periapt"},{"floor":44,"key":"Bottled Flame"},{"floor":46,"key":"Mummified Hand"}],"event_choices":[{"damage_healed":0,"gold_gain":0,"player_choice":"Donut","damage_taken":0,"max_hp_gain":5,"max_hp_loss":0,"event_name":"Big Fish","floor":4,"gold_loss":0},{"damage_healed":18,"gold_gain":0,"player_choice":"Healed","damage_taken":0,"max_hp_gain":0,"max_hp_loss":0,"event_name":"The Cleric","floor":11,"gold_loss":35},{"damage_healed":0,"gold_gain":0,"player_choice":"Shed Blood","damage_taken":18,"max_hp_gain":5,"max_hp_loss":0,"event_name":"Forgotten Altar","floor":19,"gold_loss":0},{"damage_healed":0,"gold_gain":0,"player_choice":"Fought Bandits","damage_taken":0,"max_hp_gain":0,"max_hp_loss":0,"event_name":"Masked Bandits","floor":24,"gold_loss":0}],"is_beta":false,"boss_relics":[{"not_picked":["Runic Pyramid","Velvet Choker"],"picked":"WristBlade"},{"not_picked":[]},{"not_picked":["Sozu","SacredBark"],"picked":"Cursed Key"},{"not_picked":[]}],"items_purged_floors":[],"is_endless":false,"potions_floor_spawned":[1,2,12,16,18,21,23,30,36,41,46,47],"ascension_level":12}}