{"host":"6z37w3v1wo6fteqs","time":1611821822,"event":{"mods":["AchievementEnabler","BaseMod","Bestiary","Block Reminder","Colored Map","Highlight Path","Minty Spire (QoL Compilation)","Relic Stats"],"gold_per_floor":[111,126,126,126,51,51,0,16,61,61,92,112,112,139,139,235,235,252,95,365,365,365,398,421,454,454,5,25,25,124,135,135,232,232,248,266,266,285,285,317,317,362,362,374,391,403,436,455,455,455,455,455,7,35,35],"floor_reached":56,"language":"ENG","playtime":5155,"items_purged":["Strike_B","Strike_B"],"score":1353,"play_id":"d16b08dd-8d88-4821-b3c8-8f6227ce25a6","local_time":"20210128001702","is_ascension_mode":true,"campfire_choices":[{"data":"Static Discharge","floor":6.0,"key":"SMITH"},{"data":"Defragment","floor":10.0,"key":"SMITH"},{"data":"Hologram","floor":13.0,"key":"SMITH"},{"data":"Rainbow","floor":15.0,"key":"SMITH"},{"data":"Doom and Gloom","floor":29.0,"key":"SMITH"},{"data":"Coolheaded","floor":32.0,"key":"SMITH"},{"floor":41.0,"key":"RECALL"},{"floor":49.0,"key":"REST"},{"floor":52.0,"key":"REST"}],"circlet_count":0,"master_deck":["Strike_B","Defend_B+1","Defend_B","Defend_B","Defend_B","Zap+1","Dualcast","Doom and Gloom+1","Static Discharge+1","Ball Lightning","Defragment+1","Compile Driver","Hologram+1","Rainbow+1","Biased Cognition","Storm","Self Repair","Genetic Algorithm","Cold Snap","Necronomicurse","Storm+1","Doom and Gloom+1","Conserve Battery","Coolheaded+1","Cold Snap","Hologram+1","Seek","Coolheaded+1","Doom and Gloom+1","Conserve Battery+1","Buffer","Double Energy+1","Glacier+1","Glacier","Storm","Buffer"],"relics":["Cracked Core","Omamori","Blood Vial","Juzu Bracelet","Lantern","Calling Bell","Tiny Chest","Darkstone Periapt","TungstenRod","WarpedTongs","Necronomicon","Bag of Marbles","Pantograph","Calipers","OrangePellets","Fusion Hammer","Meat on the Bone","Toy Ornithopter","InkBottle","Nunchaku","Lizard Tail","Anchor"],"acts_visited":["TheCity","TheBeyond","TheEnding"],"potions_floor_usage":[55],"damage_taken":[{"damage":1.0,"enemies":"Jaw Worm","floor":1.0,"turns":3.0},{"damage":0.0,"enemies":"Small Slimes","floor":2.0,"turns":2.0},{"damage":0.0,"enemies":"2 Louse","floor":8.0,"turns":1.0},{"damage":13.0,"enemies":"Lagavulin","floor":11.0,"turns":6.0},{"damage":13.0,"enemies":"Exordium Thugs","floor":12.0,"turns":3.0},{"damage":14.0,"enemies":"Gremlin Nob","floor":14.0,"turns":3.0},{"damage":8.0,"enemies":"Hexaghost","floor":16.0,"turns":7.0},{"damage":1.0,"enemies":"3 Byrds","floor":18.0,"turns":2.0},{"damage":17.0,"enemies":"Book of Stabbing","floor":23.0,"turns":4.0},{"damage":6.0,"enemies":"Gremlin Leader","floor":25.0,"turns":4.0},{"damage":0.0,"enemies":"Shell Parasite","floor":28.0,"turns":3.0},{"damage":11.0,"enemies":"Shelled Parasite and Fungi","floor":31.0,"turns":2.0},{"damage":38.0,"enemies":"Collector","floor":33.0,"turns":6.0},{"damage":0.0,"enemies":"Orb Walker","floor":35.0,"turns":4.0},{"damage":9.0,"enemies":"3 Shapes","floor":36.0,"turns":13.0},{"damage":0.0,"enemies":"Transient","floor":38.0,"turns":5.0},{"damage":0.0,"enemies":"Nemesis","floor":40.0,"turns":5.0},{"damage":8.0,"enemies":"3 Darklings","floor":44.0,"turns":3.0},{"damage":0.0,"enemies":"Jaw Worm Horde","floor":45.0,"turns":4.0},{"damage":0.0,"enemies":"Maw","floor":46.0,"turns":6.0},{"damage":8.0,"enemies":"Reptomancer","floor":47.0,"turns":8.0},{"damage":3.0,"enemies":"Writhing Mass","floor":48.0,"turns":5.0},{"damage":0.0,"enemies":"Awakened One","floor":50.0,"turns":17.0},{"damage":7.0,"enemies":"Shield and Spear","floor":54.0,"turns":5.0},{"damage":16,"enemies":"The Heart","floor":55,"turns":9}],"seed_played":"366987641721120244","potions_obtained":[{"floor":1.0,"key":"SpeedPotion"},{"floor":11.0,"key":"PotionOfCapacity"},{"floor":14.0,"key":"BlessingOfTheForge"},{"floor":18.0,"key":"Weak Potion"},{"floor":28.0,"key":"LiquidBronze"},{"floor":31.0,"key":"LiquidMemories"},{"floor":36.0,"key":"GamblersBrew"},{"floor":39.0,"key":"GamblersBrew"},{"floor":48.0,"key":"Block Potion"}],"is_trial":false,"path_per_floor":["M","M","?","?","$","R","?","M","T","R","E","M","R","E","R","B",null,"M","$","?","?","?","E","T","E","T","$","M","R","?","M","R","B",null,"M","M","?","M","?","E","R","T","T","M","M","M","E","M","R","B",null,"R","$","E","B",null],"character_chosen":"DEFECT","items_purchased":["Self Repair","Genetic Algorithm","Cold Snap","Conserve Battery","Coolheaded","Cold Snap","OrangePellets","FocusPotion","Lizard Tail","Glacier","Storm"],"campfire_rested":2,"item_purchase_floors":[19,19,19,27,27,27,27,27,53,53,53],"current_hp_per_floor":[74,74,59,59,59,59,59,59,59,59,48,37,37,25,25,19,75,74,74,51,51,45,37,37,43,43,43,45,45,45,36,36,32,81,81,81,81,81,81,81,81,81,81,81,81,81,80,81,81,81,81,81,81,74,70],"gold":35,"neow_bonus":"TRANSFORM_CARD","is_daily":false,"chose_seed":false,"campfire_upgraded":6,"win_rate":0.0,"timestamp":1611821822,"path_taken":["M","M","?","?","$","R","?","M","T","R","E","M","R","E","R","BOSS","M","$","?","?","?","E","?","E","T","$","M","R","?","M","R","BOSS","M","M","?","M","?","E","R","?","T","M","M","M","E","M","R","BOSS","R","$","E","BOSS"],"items_purchased_type":["Card","Card","Card","Card","Card","Card","Relic","Potion","Relic","Card","Card"],"build_version":"2020-12-22","purchased_purges":2,"victory":true,"max_hp_per_floor":[75,75,75,75,75,75,75,75,75,75,75,75,75,75,75,75,75,75,75,75,75,81,81,81,81,81,81,81,81,81,81,81,81,81,81,81,81,81,81,81,81,81,81,81,81,81,81,81,81,81,81,81,81,81,81],"relic_stats":{"Darkstone Periapt":6,"counters":[25,130],"Juzu Bracelet":3,"WarpedTongs":[97],"Blood Vial":19,"OrangePellets":[21],"Nunchaku":[5],"Lizard Tail":0,"Pantograph":32,"Tiny Chest":2,"Necronomicon":[28],"obtain_stats":[{"Darkstone Periapt":17,"Lantern":14,"Calipers":26,"Omamori":7,"Juzu Bracelet":11,"WarpedTongs":21,"Blood Vial":9,"Calling Bell":17,"OrangePellets":27,"Nunchaku":47,"Lizard Tail":53,"Anchor":54,"Pantograph":25,"Tiny Chest":17,"Fusion Hammer":34,"Necronomicon":22,"Bag of Marbles":23,"Cracked Core":0,"TungstenRod":17,"Toy Ornithopter":42,"InkBottle":43,"Meat on the Bone":40},{"Darkstone Periapt":7,"Lantern":6,"Calipers":10,"Omamori":2,"Juzu Bracelet":4,"WarpedTongs":8,"Blood Vial":3,"Calling Bell":7,"OrangePellets":10,"Nunchaku":21,"Lizard Tail":23,"Anchor":24,"Pantograph":10,"Tiny Chest":7,"Fusion Hammer":13,"Necronomicon":8,"Bag of Marbles":9,"Cracked Core":0,"TungstenRod":7,"Toy Ornithopter":17,"InkBottle":17,"Meat on the Bone":17},{"Darkstone Periapt":25,"Lantern":18,"Calipers":35,"Omamori":5,"Juzu Bracelet":12,"WarpedTongs":27,"Blood Vial":6,"Calling Bell":25,"OrangePellets":35,"Nunchaku":94,"Lizard Tail":116,"Anchor":121,"Pantograph":35,"Tiny Chest":25,"Fusion Hammer":46,"Necronomicon":27,"Bag of Marbles":31,"Cracked Core":0,"TungstenRod":25,"Toy Ornithopter":73,"InkBottle":73,"Meat on the Bone":73}],"TungstenRod":41,"Toy Ornithopter":5,"InkBottle":[24],"Meat on the Bone":0},"card_choices":[{"not_picked":["Hello World","Coolheaded"],"picked":"Static Discharge","floor":1.0},{"not_picked":["Consume","Loop"],"picked":"Ball Lightning","floor":2.0},{"not_picked":["Genetic Algorithm","Barrage"],"picked":"Defragment","floor":8.0},{"not_picked":["Force Field","Melter"],"picked":"Compile Driver","floor":11.0},{"not_picked":["Gash","Steam"],"picked":"Hologram","floor":12.0},{"not_picked":["Melter","Rebound"],"picked":"Rainbow","floor":14.0},{"not_picked":["Rainbow","Machine Learning"],"picked":"Biased Cognition","floor":16.0},{"not_picked":["Conserve Battery","Rebound+1"],"picked":"Storm","floor":18.0},{"not_picked":["Redo","Rainbow"],"picked":"Storm+1","floor":23.0},{"not_picked":["Rip and Tear+1","Reinforced Body"],"picked":"Doom and Gloom","floor":25.0},{"not_picked":["Reprogram","Rebound","Leap"],"picked":"SKIP","floor":28.0},{"not_picked":["White Noise","Stack+1"],"picked":"Hologram+1","floor":31.0},{"not_picked":["Fission","Machine Learning"],"picked":"Seek","floor":33.0},{"not_picked":["Barrage","Gash","Defragment"],"picked":"SKIP","floor":35.0},{"not_picked":["Hologram","Leap+1"],"picked":"Coolheaded+1","floor":36.0},{"not_picked":["Barrage","Cold Snap"],"picked":"Doom and Gloom+1","floor":38.0},{"not_picked":["Rip and Tear","Streamline"],"picked":"Conserve Battery+1","floor":40.0},{"not_picked":["Hologram","Chaos","Ball Lightning"],"picked":"SKIP","floor":44.0},{"not_picked":["Ball Lightning","Streamline+1"],"picked":"Buffer","floor":45.0},{"not_picked":["Ball Lightning+1","Go for the Eyes"],"picked":"Double Energy+1","floor":46.0},{"not_picked":["Cold Snap","Rebound+1","Conserve Battery"],"picked":"SKIP","floor":47.0},{"not_picked":["Coolheaded","Leap"],"picked":"Glacier+1","floor":48.0},{"not_picked":["Tempest","Melter+1"],"picked":"Buffer","floor":54.0}],"player_experience":31370,"relics_obtained":[{"floor":9.0,"key":"Blood Vial"},{"floor":11.0,"key":"Juzu Bracelet"},{"floor":14.0,"key":"Lantern"},{"floor":17.0,"key":"Tiny Chest"},{"floor":17.0,"key":"Darkstone Periapt"},{"floor":17.0,"key":"TungstenRod"},{"floor":22.0,"key":"Necronomicon"},{"floor":23.0,"key":"Bag of Marbles"},{"floor":25.0,"key":"Pantograph"},{"floor":26.0,"key":"Calipers"},{"floor":40.0,"key":"Meat on the Bone"},{"floor":42.0,"key":"Toy Ornithopter"},{"floor":43.0,"key":"InkBottle"},{"floor":47.0,"key":"Nunchaku"},{"floor":54.0,"key":"Anchor"}],"event_choices":[{"damage_healed":0.0,"max_hp_gain":0.0,"max_hp_loss":0.0,"gold_gain":0.0,"event_name":"Shining Light","player_choice":"Entered Light","floor":3.0,"gold_loss":0.0,"damage_taken":15.0,"cards_upgraded":["Zap","Defend_B"]},{"damage_healed":0.0,"max_hp_gain":0.0,"max_hp_loss":0.0,"gold_gain":0.0,"event_name":"Living Wall","player_choice":"Grow","floor":4.0,"gold_loss":0.0,"damage_taken":0.0,"cards_upgraded":["Doom and Gloom"]},{"damage_healed":0.0,"max_hp_gain":0.0,"max_hp_loss":0.0,"gold_gain":0.0,"event_name":"WeMeetAgain","player_choice":"Paid Gold","floor":7.0,"gold_loss":51.0,"damage_taken":0.0,"relics_obtained":["Omamori"]},{"damage_healed":0.0,"max_hp_gain":0.0,"max_hp_loss":0.0,"gold_gain":270.0,"event_name":"Knowing Skull","player_choice":"GOLD GOLD GOLD ","floor":20.0,"potions_obtained":[],"gold_loss":0.0,"damage_taken":27.0,"cards_obtained":[]},{"damage_healed":0.0,"max_hp_gain":0.0,"max_hp_loss":0.0,"gold_gain":270.0,"event_name":"Knowing Skull","player_choice":"GOLD GOLD GOLD ","floor":20.0,"potions_obtained":[],"gold_loss":0.0,"damage_taken":27.0,"cards_obtained":[]},{"damage_healed":0.0,"max_hp_gain":0.0,"max_hp_loss":0.0,"gold_gain":0.0,"event_name":"Accursed Blacksmith","player_choice":"Rummage","floor":21.0,"gold_loss":0.0,"damage_taken":0.0,"relics_obtained":["WarpedTongs"],"cards_obtained":["Pain"]},{"damage_healed":0.0,"max_hp_gain":0.0,"max_hp_loss":0.0,"gold_gain":0.0,"event_name":"Cursed Tome","player_choice":"Obtained Book","floor":22.0,"gold_loss":0.0,"damage_taken":16.0},{"damage_healed":0.0,"max_hp_gain":0.0,"max_hp_loss":0.0,"gold_gain":99.0,"event_name":"Nest","player_choice":"Stole From Cult","floor":30.0,"gold_loss":0.0,"damage_taken":0.0},{"damage_healed":0.0,"max_hp_gain":0.0,"max_hp_loss":0.0,"gold_gain":0.0,"event_name":"Tomb of Lord Red Mask","player_choice":"Ignored","floor":37.0,"gold_loss":0.0,"damage_taken":0.0},{"damage_healed":0.0,"max_hp_gain":0.0,"max_hp_loss":0.0,"gold_gain":0.0,"event_name":"Lab","player_choice":"Got Potions","floor":39.0,"gold_loss":0.0,"damage_taken":0.0}],"is_beta":false,"boss_relics":[{"not_picked":["SlaversCollar","Tiny House"],"picked":"Calling Bell"},{"not_picked":["Nuclear Battery","Runic Dome"],"picked":"Fusion Hammer"}],"items_purged_floors":[5,27],"is_endless":false,"potions_floor_spawned":[1,11,14,18,28,31,36,40,46,48],"ascension_level":1}}