{"host":"sav7uxregyirlf69","time":1611798285,"event":{"mods":["AchievementEnabler","BaseMod","Colored Map","DeckTracker","Keyboard Shortcuts","Minty Spire (QoL Compilation)","READ ME - Guardian Mod","StSLib","SuperFastMode"],"gold_per_floor":[20,36,50,50,62,62,75,75,125,148,164,7,7,7,7,80,130,149,149,149,149,63,63,23,33,58,58,58],"floor_reached":27,"language":"KOR","playtime":315,"items_purged":[],"score":402,"play_id":"32ac5f55-6792-430d-a526-0efa9c1cef49","local_time":"20210128104445","is_ascension_mode":true,"campfire_choices":[{"data":"Streamline","floor":6,"key":"SMITH"},{"data":"Zap","floor":8,"key":"SMITH"},{"floor":13,"key":"REST"},{"data":"Auto Shields","floor":15,"key":"SMITH"},{"floor":23,"key":"REST"}],"circlet_count":0,"master_deck":["AscendersBane","Strike_B+1","Strike_B","Defend_B","Defend_B","Defend_B","Defend_B","Zap+1","Dualcast","Coolheaded","Streamline+1","Conserve Battery","FTL","Ball Lightning","Auto Shields+1","Hologram","Biased Cognition","Gash+1","Necronomicurse","Capacitor","Double Energy","Compile Driver+1"],"relics":["Cracked Core","Art of War","Odd Mushroom","TheAbacus","Tiny House","Necronomicon","Tiny Chest"],"acts_visited":["Exordium","TheCity"],"potions_floor_usage":[10],"damage_taken":[{"damage":0,"enemies":"2 Louse","floor":1,"turns":2},{"damage":17,"enemies":"Small Slimes","floor":2,"turns":4},{"damage":7,"enemies":"Jaw Worm","floor":3,"turns":3},{"damage":7,"enemies":"Large Slime","floor":5,"turns":5},{"damage":11,"enemies":"Blue Slaver","floor":7,"turns":3},{"damage":6,"enemies":"The Mushroom Lair","floor":10,"turns":3},{"damage":1,"enemies":"Exordium Wildlife","floor":11,"turns":3},{"damage":15,"enemies":"The Guardian","floor":16,"turns":10},{"damage":16,"enemies":"2 Thieves","floor":18,"turns":4},{"damage":22,"enemies":"Shell Parasite","floor":25,"turns":4},{"damage":0,"enemies":"Centurion and Healer","floor":27,"turns":1}],"seed_played":"-3478995806819016408","potions_obtained":[{"floor":3,"key":"Explosive Potion"},{"floor":10,"key":"SpeedPotion"},{"floor":16,"key":"BlessingOfTheForge"}],"is_trial":false,"path_per_floor":["M","M","M","?","M","R","M","R","T","?","M","$","R","$","R","B",null,"M","?","?","?","$","R","$","M","T","M"],"character_chosen":"DEFECT","items_purchased":["TheAbacus","Capacitor","Double Energy"],"campfire_rested":2,"item_purchase_floors":[12,22,24],"current_hp_per_floor":[64,47,40,45,38,38,27,27,27,21,20,20,42,42,42,27,69,53,53,53,32,32,56,56,34,34,34,34],"gold":58,"neow_bonus":"REMOVE_TWO","is_daily":false,"chose_seed":false,"campfire_upgraded":3,"win_rate":0.0,"timestamp":1611798285,"path_taken":["M","M","M","?","M","R","M","R","T","?","M","$","R","$","R","BOSS","M","?","?","?","?","R","$","M","T","?"],"items_purchased_type":["Relic","Card","Card"],"build_version":"2020-12-22","purchased_purges":0,"victory":false,"max_hp_per_floor":[71,71,71,76,76,76,76,76,76,76,76,76,76,76,76,76,81,81,81,81,81,81,81,81,81,81,81,81],"card_choices":[{"not_picked":["Reinforced Body","Leap"],"picked":"Coolheaded","floor":1},{"not_picked":["Steam","Hello World"],"picked":"Streamline","floor":2},{"not_picked":["Steam Power","Fusion"],"picked":"Conserve Battery","floor":3},{"not_picked":["Leap","Hologram"],"picked":"FTL","floor":5},{"not_picked":["Conserve Battery","Gash"],"picked":"Ball Lightning","floor":7},{"not_picked":["Conserve Battery","Ball Lightning"],"picked":"Auto Shields","floor":10},{"not_picked":["Consume","Rainbow"],"picked":"Hologram","floor":11},{"not_picked":["Echo Form","Hyperbeam"],"picked":"Biased Cognition","floor":16},{"not_picked":["Genetic Algorithm","Go for the Eyes"],"picked":"Gash+1","floor":18},{"not_picked":["Scrape","Hologram"],"picked":"Compile Driver+1","floor":25}],"player_experience":1404875,"relics_obtained":[{"floor":9,"key":"Art of War"},{"floor":10,"key":"Odd Mushroom"},{"floor":21,"key":"Necronomicon"},{"floor":26,"key":"Tiny Chest"}],"event_choices":[{"damage_healed":0,"gold_gain":0,"player_choice":"Donut","damage_taken":0,"max_hp_gain":5,"max_hp_loss":0,"event_name":"Big Fish","floor":4,"gold_loss":0},{"damage_healed":0,"gold_gain":0,"player_choice":"Fought Mushrooms","damage_taken":0,"max_hp_gain":0,"max_hp_loss":0,"event_name":"Mushrooms","floor":10,"gold_loss":0},{"damage_healed":0,"gold_gain":0,"player_choice":"Ignored","damage_taken":0,"max_hp_gain":0,"max_hp_loss":0,"event_name":"The Mausoleum","floor":19,"gold_loss":0},{"damage_healed":0,"gold_gain":0,"player_choice":"Ignored","damage_taken":0,"max_hp_gain":0,"max_hp_loss":0,"event_name":"Vampires","floor":20,"gold_loss":0},{"damage_healed":0,"gold_gain":0,"player_choice":"Obtained Book","damage_taken":21,"max_hp_gain":0,"max_hp_loss":0,"event_name":"Cursed Tome","floor":21,"gold_loss":0}],"is_beta":false,"boss_relics":[{"not_picked":["Busted Crown","Runic Dome"],"picked":"Tiny House"}],"items_purged_floors":[],"is_endless":false,"potions_floor_spawned":[3,10,16],"killed_by":"Centurion and Healer","ascension_level":20}}