{"host":"edc6wmn2qug8wnvl","time":1611802008,"event":{"mods":["AchievementEnabler","BaseMod","Colored Map","Colored Powertips","Minty Spire (QoL Compilation)","StSLib"],"gold_per_floor":[113,125,125,125,47,47,75,95,95,95,95,122,122,138,138,237,237,253,253,265,295,317,329,360,391,403,429,452,464,488,425,437,546,608,640,652,680,498,498,517,530,530,557,567,667,687,701,19,19,19,19],"floor_reached":50,"language":"ENG","playtime":5131,"items_purged":[],"score":558,"play_id":"e8db86ac-9e10-4091-a185-2933910edbc7","local_time":"20210127184648","is_ascension_mode":false,"campfire_choices":[{"data":"Inflame","floor":6.0,"key":"SMITH"},{"data":"Perfected Strike","floor":10.0,"key":"SMITH"},{"data":"Bludgeon","floor":15.0,"key":"SMITH"},{"floor":23,"key":"REST"},{"floor":29,"key":"REST"},{"floor":32,"key":"REST"},{"floor":42,"key":"REST"},{"floor":49,"key":"REST"}],"circlet_count":0,"master_deck":["Strike_R","Strike_R","Strike_R","Strike_R","Strike_R","Defend_R","Defend_R","Defend_R","Defend_R","Headbutt","Perfected Strike+1","Inflame+1","Perfected Strike","Bludgeon+1","Reaper","Headbutt","Limit Break","CurseOfTheBell","Perfected Strike+1","Heavy Blade+1","Anger+1","Seeing Red","Whirlwind+1","Hemokinesis","Warcry+1","Double Tap","Warcry","Headbutt","Shrug It Off","Battle Trance","Rage+1","Cleave","Spot Weakness","Shrug It Off+1","Blood for Blood+1","Rage","Reaper","Bludgeon"],"relics":["Burning Blood","NeowsBlessing","Pocketwatch","Gambling Chip","Strawberry","Calling Bell","Orichalcum","Mummified Hand","Ice Cream","MawBank","WarpedTongs","Nunchaku","Tiny House","Juzu Bracelet","FossilizedHelix"],"acts_visited":["Exordium","TheCity","TheBeyond"],"potions_floor_usage":[24,25,28,33,35,40,40,41,44,46,50],"damage_taken":[{"damage":0.0,"enemies":"2 Louse","floor":1.0,"turns":1.0},{"damage":0.0,"enemies":"Cultist","floor":2.0,"turns":1.0},{"damage":0.0,"enemies":"Lagavulin","floor":7.0,"turns":1.0},{"damage":1.0,"enemies":"Jaw Worm","floor":8.0,"turns":3.0},{"damage":19.0,"enemies":"3 Sentries","floor":12.0,"turns":5.0},{"damage":16.0,"enemies":"Gremlin Gang","floor":14.0,"turns":3.0},{"damage":67.0,"enemies":"Hexaghost","floor":16.0,"turns":8.0},{"damage":24,"enemies":"Shell Parasite","floor":18,"turns":6},{"damage":31,"enemies":"2 Thieves","floor":21,"turns":4},{"damage":37,"enemies":"Centurion and Healer","floor":22,"turns":5},{"damage":3,"enemies":"Chosen and Byrds","floor":24,"turns":4},{"damage":35,"enemies":"Shelled Parasite and Fungi","floor":25,"turns":5},{"damage":13,"enemies":"Snecko","floor":27,"turns":4},{"damage":17,"enemies":"Snake Plant","floor":28,"turns":3},{"damage":24,"enemies":"Shelled Parasite and Fungi","floor":30,"turns":3},{"damage":62,"enemies":"Champ","floor":33,"turns":9},{"damage":46,"enemies":"3 Darklings","floor":35,"turns":4},{"damage":27,"enemies":"Orb Walker","floor":37,"turns":4},{"damage":12,"enemies":"Sphere and 2 Shapes","floor":40,"turns":2},{"damage":41,"enemies":"3 Darklings","floor":41,"turns":4},{"damage":7,"enemies":"Jaw Worm Horde","floor":44,"turns":5},{"damage":52,"enemies":"Spire Growth","floor":46,"turns":4},{"damage":18,"enemies":"Sphere and 2 Shapes","floor":47,"turns":5},{"damage":74,"enemies":"Time Eater","floor":50,"turns":4}],"seed_played":"-1223188457211227374","potions_obtained":[{"floor":1.0,"key":"Block Potion"},{"floor":12.0,"key":"DistilledChaos"},{"floor":14.0,"key":"Weak Potion"},{"floor":22,"key":"SkillPotion"},{"floor":24,"key":"ColorlessPotion"},{"floor":27,"key":"BlessingOfTheForge"},{"floor":28,"key":"BloodPotion"},{"floor":33,"key":"Ancient Potion"},{"floor":34,"key":"Strength Potion"},{"floor":41,"key":"SkillPotion"},{"floor":44,"key":"Strength Potion"}],"is_trial":false,"path_per_floor":["M","M","$","?","$","R","E","M","T","R","?","E","?","M","R","B",null,"M","?","?","M","M","R","M","M","T","M","M","R","M","?","R","B",null,"M","?","M","$","?","M","M","R","T","M","?","M","M","$","R","B"],"character_chosen":"IRONCLAD","items_purchased":["Inflame","Battle Trance","BlessingOfTheForge","BloodPotion","Strength Potion","DistilledChaos","Rage","Reaper","Bludgeon","FossilizedHelix"],"campfire_rested":5,"item_purchase_floors":[5,38,38,38,38,48,48,48,48,48],"current_hp_per_floor":[80,80,80,80,80,80,80,80,80,80,85,79,79,84,84,30,92,84,84,84,59,38,65,83,60,60,61,57,84,66,66,92,71,97,57,57,40,40,40,53,33,62,62,61,61,20,15,15,44,0,0],"gold":19,"neow_bonus":"THREE_ENEMY_KILL","is_daily":false,"chose_seed":false,"campfire_upgraded":3,"win_rate":0.0,"timestamp":1611802008,"path_taken":["M","M","$","?","?","R","E","M","T","R","?","E","?","?","R","BOSS","M","?","?","M","M","R","M","M","T","?","M","R","M","?","R","BOSS","M","?","?","$","?","M","M","R","T","M","?","M","M","$","R","BOSS"],"items_purchased_type":["Card","Card","Potion","Potion","Potion","Potion","Card","Card","Card","Relic"],"build_version":"2020-12-22","purchased_purges":0,"victory":false,"max_hp_per_floor":[80,80,80,80,80,80,80,80,80,80,85,92,92,92,92,92,92,92,92,92,92,92,92,92,92,92,92,92,92,92,92,92,92,97,97,97,97,97,97,97,97,97,97,97,97,97,97,97,97,97,97],"card_choices":[{"not_picked":["Shrug It Off","Body Slam"],"picked":"Headbutt","floor":1.0},{"not_picked":["Warcry","Second Wind"],"picked":"Perfected Strike","floor":2.0},{"not_picked":["True Grit","Combust"],"picked":"Shockwave","floor":7.0},{"not_picked":["Burning Pact","Hemokinesis"],"picked":"Perfected Strike","floor":8.0},{"not_picked":["Inflame","Perfected Strike"],"picked":"Bludgeon","floor":12.0},{"not_picked":["Power Through","Clothesline"],"picked":"Headbutt","floor":14.0},{"not_picked":["Reaper","Feed"],"picked":"Limit Break","floor":16.0},{"not_picked":["Second Wind","Body Slam+1"],"picked":"Perfected Strike+1","floor":18},{"not_picked":["Iron Wave","Dropkick"],"picked":"Heavy Blade","floor":21},{"not_picked":["Ghostly Armor","Rampage"],"picked":"Anger+1","floor":22},{"not_picked":["Heavy Blade+1","Anger"],"picked":"Seeing Red","floor":24},{"not_picked":["Barricade","True Grit","Pummel"],"picked":"SKIP","floor":25},{"not_picked":["Combust+1","True Grit"],"picked":"Whirlwind+1","floor":27},{"not_picked":["Uppercut","Shrug It Off"],"picked":"Hemokinesis","floor":28},{"not_picked":["Rupture","Iron Wave+1"],"picked":"Warcry+1","floor":30},{"not_picked":["Juggernaut","Brutality"],"picked":"Double Tap","floor":33},{"not_picked":["True Grit","Armaments+1"],"picked":"Warcry","floor":34},{"not_picked":["Fire Breathing+1","Body Slam"],"picked":"Headbutt","floor":35},{"not_picked":["Clothesline+1","Sword Boomerang+1"],"picked":"Shrug It Off","floor":37},{"not_picked":["Dropkick","Metallicize+1"],"picked":"Rage+1","floor":40},{"not_picked":["Twin Strike","Thunderclap+1"],"picked":"Cleave","floor":41},{"not_picked":["Body Slam","True Grit+1"],"picked":"Spot Weakness","floor":44},{"not_picked":["Sword Boomerang","Carnage"],"picked":"Shrug It Off+1","floor":46},{"not_picked":["Searing Blow","Burning Pact"],"picked":"Blood for Blood+1","floor":47}],"player_experience":61847,"relics_obtained":[{"floor":7.0,"key":"Pocketwatch"},{"floor":9.0,"key":"Gambling Chip"},{"floor":12.0,"key":"Strawberry"},{"floor":17,"key":"Orichalcum"},{"floor":17,"key":"Mummified Hand"},{"floor":17,"key":"Ice Cream"},{"floor":26,"key":"Nunchaku"},{"floor":43,"key":"Juzu Bracelet"}],"event_choices":[{"cards_removed":["Bash"],"damage_healed":0.0,"max_hp_gain":0.0,"max_hp_loss":0.0,"gold_gain":0.0,"event_name":"Bonfire Elementals","player_choice":"Offered Basic","floor":4.0,"gold_loss":0.0,"damage_taken":0.0},{"damage_healed":0.0,"max_hp_gain":5.0,"max_hp_loss":0.0,"gold_gain":0.0,"event_name":"Big Fish","player_choice":"Donut","floor":11.0,"gold_loss":0.0,"damage_taken":0.0},{"damage_healed":0.0,"max_hp_gain":0.0,"max_hp_loss":0.0,"gold_gain":0.0,"cards_transformed":["Shockwave"],"event_name":"Transmorgrifier","player_choice":"Transformed","floor":13.0,"gold_loss":0.0,"damage_taken":0.0,"cards_obtained":["Reaper"]},{"damage_healed":0,"gold_gain":0,"player_choice":"Opened","damage_taken":0,"relics_obtained":["MawBank"],"max_hp_gain":0,"max_hp_loss":0,"event_name":"The Mausoleum","floor":19,"gold_loss":0,"cards_obtained":["Writhe"]},{"damage_healed":0,"gold_gain":0,"player_choice":"Rummage","damage_taken":0,"relics_obtained":["WarpedTongs"],"max_hp_gain":0,"max_hp_loss":0,"event_name":"Accursed Blacksmith","floor":20,"gold_loss":0,"cards_obtained":["Pain"]},{"cards_removed":["Pain"],"damage_healed":0,"gold_gain":0,"player_choice":"Gave Gold","damage_taken":0,"max_hp_gain":0,"max_hp_loss":0,"event_name":"Beggar","floor":31,"gold_loss":75},{"cards_removed":["Writhe"],"damage_healed":0,"gold_gain":0,"player_choice":"Purged","damage_taken":0,"max_hp_gain":0,"max_hp_loss":0,"event_name":"Purifier","floor":36,"gold_loss":0},{"damage_healed":0,"gold_gain":0,"player_choice":"Ignored","damage_taken":0,"max_hp_gain":0,"max_hp_loss":0,"event_name":"Tomb of Lord Red Mask","floor":39,"gold_loss":0},{"damage_healed":0,"gold_gain":100,"player_choice":"Pray","damage_taken":0,"max_hp_gain":0,"max_hp_loss":0,"event_name":"Golden Shrine","floor":45,"gold_loss":0}],"is_beta":false,"boss_relics":[{"not_picked":["Runic Cube","Empty Cage"],"picked":"Calling Bell"},{"not_picked":["Coffee Dripper","Runic Dome"],"picked":"Tiny House"}],"items_purged_floors":[],"is_endless":false,"potions_floor_spawned":[1,12,14,22,24,27,28,33,41,44],"killed_by":"Time Eater","ascension_level":0}}