{"host":"ew66i0vuc7r9fnl7","time":1611808198,"event":{"mods":["BaseMod","DeckTracker","Marisa£¨Ùöéë¡¡Øª×âÞÞ£©","Minty Spire (QoL Compilation)","StSLib","WarShipGirlsR/??á´Ò³R mod"],"gold_per_floor":[115,65,65,75,85,85,97,97,97,97,97,22,22,38,38,162,162,178,138,156,175,175,175,90,15,42,55,55,75,75,75,75],"floor_reached":31,"language":"KOR","playtime":1141,"items_purged":["rmod:strick"],"score":225,"play_id":"3750f5e5-dc76-48bd-8549-f9e9ebf73cf1","local_time":"20210128132958","is_ascension_mode":false,"campfire_choices":[{"data":"rmod:expedition","floor":6,"key":"SMITH"},{"data":"rmod:ammunitionsupply","floor":8,"key":"SMITH"},{"data":"rmod:basicallowance","floor":10,"key":"SMITH"},{"data":"rmod:expedition+1","floor":13,"key":"SMITH"},{"data":"rmod:expedition+2","floor":15,"key":"SMITH"},{"data":"rmod:maingunfire","floor":23,"key":"SMITH"}],"circlet_count":0,"master_deck":["rmod:strick","rmod:defend","rmod:basicallowance+1","rmod:maingunfire+1","rmod:tearstotiara","rmod:expedition+3","rmod:ammunitionsupply+1","rmod:openingtorpedo","rmod:gendarmerie","rmod:bulid"],"relics":["rmod:firstchargereward","NeowsBlessing","Golden Idol","rmod:monthlycard","Enchiridion","Ornamental Fan","Pen Nib"],"acts_visited":["Exordium","TheCity"],"potions_floor_usage":[16,21,31],"damage_taken":[{"damage":0,"enemies":"2 Louse","floor":1,"turns":1},{"damage":0,"enemies":"Jaw Worm","floor":4,"turns":1},{"damage":0,"enemies":"Small Slimes","floor":5,"turns":1},{"damage":7,"enemies":"Exordium Thugs","floor":7,"turns":5},{"damage":3,"enemies":"Red Slaver","floor":14,"turns":4},{"damage":21,"enemies":"The Guardian","floor":16,"turns":12},{"damage":3,"enemies":"Spheric Guardian","floor":18,"turns":3},{"damage":10,"enemies":"Shell Parasite","floor":20,"turns":5},{"damage":4,"enemies":"Cultist and Chosen","floor":21,"turns":8},{"damage":28,"enemies":"Centurion and Healer","floor":27,"turns":6},{"damage":0,"enemies":"Sentry and Sphere","floor":29,"turns":2},{"damage":10,"enemies":"Snake Plant","floor":31,"turns":1}],"seed_played":"-6564394304479000564","potions_obtained":[{"floor":5,"key":"DistilledChaos"},{"floor":14,"key":"DistilledChaos"},{"floor":16,"key":"LiquidBronze"},{"floor":20,"key":"Swift Potion"},{"floor":21,"key":"GamblersBrew"}],"is_trial":false,"path_per_floor":["M","?","?","M","M","R","M","R","T","R","?","$","R","M","R","B",null,"M","?","M","M","?","R","?","?","T","M","?","M","?","M"],"character_chosen":"PRAEFECT","items_purchased":[],"campfire_rested":0,"item_purchase_floors":[],"current_hp_per_floor":[75,75,68,68,68,68,61,61,61,61,61,61,61,58,58,37,69,66,66,56,52,36,36,36,36,36,8,8,8,8,0,0],"gold":75,"neow_bonus":"THREE_ENEMY_KILL","is_daily":false,"chose_seed":false,"campfire_upgraded":6,"win_rate":0.0,"timestamp":1611808198,"path_taken":["M","?","?","M","M","R","M","R","T","R","?","?","R","M","R","BOSS","M","?","M","M","?","R","?","?","T","?","?","M","?","M"],"items_purchased_type":[],"build_version":"2020-12-22","purchased_purges":1,"victory":false,"max_hp_per_floor":[75,75,75,75,75,75,75,75,75,75,69,69,69,69,69,69,69,69,69,69,69,69,69,69,69,69,69,69,69,69,69,69],"card_choices":[{"not_picked":["rmod:salvage","rmod:intelligenceanalysis"],"picked":"rmod:tearstotiara","floor":1},{"not_picked":["rmod:advancebysurprise","rmod:diamondstrike"],"picked":"rmod:expedition","floor":4},{"not_picked":["rmod:supportescort","rmod:unsinkable","rmod:intelligenceanalysis"],"picked":"SKIP","floor":5},{"not_picked":["rmod:advancebysurprise","rmod:selfconfidence"],"picked":"rmod:ammunitionsupply","floor":7},{"not_picked":["rmod:aviationdawn","rmod:tearstotiara","rmod:goodsister"],"picked":"SKIP","floor":14},{"not_picked":["rmod:punchline","rmod:aggressivemary+1","rmod:intelligenceanalysis"],"picked":"SKIP","floor":18},{"not_picked":["rmod:steelsupply+1","rmod:unsinkable","rmod:supportescort"],"picked":"SKIP","floor":20},{"not_picked":["rmod:victimresponsibility","rmod:aluminumsupply","rmod:selfconfidence"],"picked":"SKIP","floor":21},{"not_picked":["rmod:steelsupply","rmod:victimresponsibility"],"picked":"rmod:openingtorpedo","floor":27},{"not_picked":["rmod:fletcher","rmod:aluminumsupply","rmod:luckystar"],"picked":"SKIP","floor":29}],"player_experience":625209,"relics_obtained":[{"floor":22,"key":"Enchiridion"},{"floor":26,"key":"Pen Nib"}],"event_choices":[{"cards_removed":["rmod:strick"],"damage_healed":0,"gold_gain":0,"player_choice":"Card Removal","damage_taken":0,"max_hp_gain":0,"max_hp_loss":0,"event_name":"The Cleric","floor":2,"gold_loss":50},{"cards_removed":["rmod:strick"],"damage_healed":0,"gold_gain":0,"player_choice":"Card Removal","damage_taken":7,"max_hp_gain":0,"max_hp_loss":0,"event_name":"Golden Wing","floor":3,"gold_loss":0},{"damage_healed":0,"gold_gain":0,"player_choice":"Lose Max HP","damage_taken":0,"relics_obtained":["Golden Idol"],"max_hp_gain":0,"max_hp_loss":6,"event_name":"Golden Idol","floor":11,"gold_loss":0},{"damage_healed":0,"gold_gain":0,"player_choice":"Obtained Book","damage_taken":16,"max_hp_gain":0,"max_hp_loss":0,"event_name":"Cursed Tome","floor":22,"gold_loss":0},{"damage_healed":0,"gold_gain":0,"player_choice":"Obtained Relic","damage_taken":0,"relics_obtained":["Ornamental Fan"],"max_hp_gain":0,"max_hp_loss":0,"event_name":"Addict","floor":24,"gold_loss":85},{"cards_removed":["rmod:defend"],"damage_healed":0,"gold_gain":0,"player_choice":"Gave Gold","damage_taken":0,"max_hp_gain":0,"max_hp_loss":0,"event_name":"Beggar","floor":25,"gold_loss":75},{"damage_healed":0,"gold_gain":0,"cards_transformed":["rmod:defend","rmod:defend"],"player_choice":"Became Test Subject","damage_taken":0,"max_hp_gain":0,"max_hp_loss":0,"event_name":"Drug Dealer","floor":28,"gold_loss":0,"cards_obtained":["rmod:gendarmerie","rmod:bulid"]},{"damage_healed":0,"gold_gain":0,"player_choice":"Ignored","damage_taken":0,"max_hp_gain":0,"max_hp_loss":0,"event_name":"Vampires","floor":30,"gold_loss":0}],"is_beta":false,"boss_relics":[{"not_picked":["Fusion Hammer","Runic Pyramid"],"picked":"rmod:monthlycard"}],"items_purged_floors":[12],"is_endless":false,"potions_floor_spawned":[5,14,16,20,21],"killed_by":"Snake Plant","ascension_level":0}}