{"host":"2ttsipbxjlhedj1t","time":1611812351,"event":{"mods":["2.2 Compatiblity","Act Like it!","BaseMod","Colored Map","Colored Powertips","Curses Come First","Highlight Path","Minty Spire (QoL Compilation)","Quick Restart","Robot Space Explorer","Shop Mod","StSLib"],"gold_per_floor":[112,112,128,141,216,216,216,216,271,281,39,39,51,79,79,178,178,198,198,198],"floor_reached":19,"language":"ENG","playtime":719,"items_purged":[],"score":184,"play_id":"a7901675-2611-43bf-aaa8-a1c89241e8de","local_time":"20210128003911","is_ascension_mode":true,"campfire_choices":[{"data":"Blood for Blood","floor":6,"key":"SMITH"},{"data":"Flame Barrier","floor":8,"key":"SMITH"},{"data":"Searing Blow+1","floor":15,"key":"SMITH"}],"circlet_count":0,"master_deck":["Strike_R","Strike_R","Strike_R","Strike_R","Strike_R","Defend_R","Defend_R","Defend_R","Bash","Flame Barrier+1","Blood for Blood+1","Hemokinesis","Finesse","Uppercut","Searing Blow+2","Demon Form","Metallicize"],"relics":["Burning Blood","NeowsBlessing","White Beast Statue","Dream Catcher","PreservedInsect","Molten Egg 2","Runic Cube"],"acts_visited":["Exordium","TheCity"],"potions_floor_usage":[3,13,14,16,16,16,19,19],"damage_taken":[{"damage":0,"enemies":"Cultist","floor":1,"turns":1},{"damage":0,"enemies":"Jaw Worm","floor":3,"turns":1},{"damage":0,"enemies":"Small Slimes","floor":4,"turns":1},{"damage":8,"enemies":"Looter","floor":10,"turns":3},{"damage":2,"enemies":"2 Fungi Beasts","floor":13,"turns":3},{"damage":14,"enemies":"Lagavulin","floor":14,"turns":4},{"damage":31,"enemies":"Hexaghost","floor":16,"turns":8},{"damage":3,"enemies":"3 Byrds","floor":18,"turns":4},{"damage":33,"enemies":"Masked Bandits","floor":19,"turns":3}],"seed_played":"2278000885046878312","potions_obtained":[{"floor":1,"key":"PowerPotion"},{"floor":3,"key":"Fruit Juice"},{"floor":4,"key":"HeartOfIron"},{"floor":10,"key":"CultistPotion"},{"floor":13,"key":"Ancient Potion"},{"floor":14,"key":"GamblersBrew"},{"floor":16,"key":"PowerPotion"},{"floor":18,"key":"Strength Potion"}],"is_trial":false,"path_per_floor":["M","?","M","M","?","R","T","R","T","M","$","$","M","E","R","B",null,"M","?"],"character_chosen":"IRONCLAD","items_purchased":["PreservedInsect","Finesse"],"campfire_rested":0,"item_purchase_floors":[11,11],"current_hp_per_floor":[80,80,85,85,74,74,74,74,74,72,72,72,76,68,68,43,85,85,52,52],"gold":198,"neow_bonus":"THREE_ENEMY_KILL","is_daily":false,"chose_seed":false,"campfire_upgraded":3,"win_rate":0.0,"timestamp":1611812351,"path_taken":["M","?","M","?","?","R","?","R","T","?","?","$","M","E","R","BOSS","M","?"],"items_purchased_type":["Relic","Card"],"build_version":"2020-12-22","purchased_purges":0,"victory":false,"max_hp_per_floor":[80,80,85,85,85,85,85,85,85,85,85,85,85,85,85,85,85,85,85,85],"card_choices":[{"not_picked":["Dropkick","Twin Strike"],"picked":"Flame Barrier","floor":1},{"not_picked":["Rampage","Heavy Blade"],"picked":"Blood for Blood","floor":3},{"not_picked":["Sword Boomerang","Flex"],"picked":"Hemokinesis","floor":4},{"not_picked":["Headbutt","Pommel Strike","Perfected Strike"],"picked":"SKIP","floor":10},{"not_picked":["Cleave","Clothesline"],"picked":"Uppercut","floor":13},{"not_picked":["Dark Embrace","Armaments"],"picked":"Searing Blow+1","floor":14},{"not_picked":["Fiend Fire+1","Barricade"],"picked":"Demon Form","floor":16},{"not_picked":["Twin Strike+1","Iron Wave+1"],"picked":"Metallicize","floor":18}],"player_experience":361099,"relics_obtained":[{"floor":7,"key":"White Beast Statue"},{"floor":9,"key":"Dream Catcher"},{"floor":14,"key":"Molten Egg 2"}],"event_choices":[{"cards_removed":["Defend_R"],"damage_healed":0,"gold_gain":0,"player_choice":"Card Removal","damage_taken":0,"max_hp_gain":0,"max_hp_loss":0,"event_name":"Wheel of Change","floor":2,"gold_loss":0},{"damage_healed":0,"gold_gain":75,"player_choice":"Gather Gold","damage_taken":11,"max_hp_gain":0,"max_hp_loss":0,"event_name":"World of Goop","floor":5,"gold_loss":0},{"damage_healed":0,"gold_gain":0,"player_choice":"Fought Bandits","damage_taken":0,"max_hp_gain":0,"max_hp_loss":0,"event_name":"Masked Bandits","floor":19,"gold_loss":0}],"is_beta":false,"boss_relics":[{"not_picked":["Philosopher\u0027s Stone","Fusion Hammer"],"picked":"Runic Cube"}],"items_purged_floors":[],"is_endless":false,"potions_floor_spawned":[1,3,4,10,13,14,16,18],"killed_by":"Masked Bandits","ascension_level":2}}