{"host":"q0qnzbgdx8oqogg9","time":1611803923,"event":{"mods":["BaseMod","Minty Spire (QoL Compilation)","StSLib"],"gold_per_floor":[111,127,127,144,164,164,182,182,182,210,210,23,50,69,69,140,140,158,178,195,209,223,223,223],"floor_reached":23,"language":"ENG","playtime":941,"items_purged":["Strike_G"],"score":342,"play_id":"a2a375ae-a599-44f1-ad3e-adfe44f2eb38","local_time":"20210127221843","is_ascension_mode":true,"campfire_choices":[{"data":"Neutralize","floor":6.0,"key":"SMITH"},{"data":"Crippling Poison","floor":8.0,"key":"SMITH"},{"data":"Bouncing Flask","floor":15.0,"key":"SMITH"}],"circlet_count":0,"master_deck":["AscendersBane","Strike_G","Strike_G","Strike_G","Strike_G","Defend_G","Defend_G","Defend_G","Defend_G","Defend_G","Survivor","Neutralize+1","Die Die Die","Cloak And Dagger","Deadly Poison","Quick Slash","Crippling Poison+1","Glass Knife","Footwork","Bouncing Flask+1","Footwork","Burst","PiercingWail","Poisoned Stab+1"],"relics":["Ring of the Snake","Du-Vu Doll","White Beast Statue","Gambling Chip","Velvet Choker"],"acts_visited":["Exordium","TheCity"],"potions_floor_usage":[22,23],"damage_taken":[{"damage":1.0,"enemies":"Cultist","floor":1.0,"turns":4.0},{"damage":2.0,"enemies":"Small Slimes","floor":2.0,"turns":3.0},{"damage":0.0,"enemies":"Jaw Worm","floor":4.0,"turns":3.0},{"damage":1.0,"enemies":"2 Fungi Beasts","floor":5.0,"turns":3.0},{"damage":0.0,"enemies":"Exordium Wildlife","floor":7.0,"turns":3.0},{"damage":11.0,"enemies":"Lagavulin","floor":10.0,"turns":5.0},{"damage":13.0,"enemies":"3 Sentries","floor":13.0,"turns":6.0},{"damage":0.0,"enemies":"3 Louse","floor":14.0,"turns":1.0},{"damage":24.0,"enemies":"Hexaghost","floor":16.0,"turns":8.0},{"damage":12.0,"enemies":"3 Byrds","floor":18.0,"turns":4.0},{"damage":11.0,"enemies":"2 Thieves","floor":19.0,"turns":4.0},{"damage":6.0,"enemies":"Snake Plant","floor":20.0,"turns":4.0},{"damage":0.0,"enemies":"Centurion and Healer","floor":21.0,"turns":7.0},{"damage":17,"enemies":"Sentry and Sphere","floor":22,"turns":8},{"damage":19,"enemies":"Book of Stabbing","floor":23,"turns":5}],"seed_played":"5654714164051352523","potions_obtained":[{"floor":2.0,"key":"BlessingOfTheForge"},{"floor":5.0,"key":"SmokeBomb"},{"floor":7.0,"key":"LiquidMemories"},{"floor":10.0,"key":"Explosive Potion"},{"floor":13.0,"key":"CunningPotion"},{"floor":22,"key":"BlessingOfTheForge"}],"is_trial":false,"path_per_floor":["M","M","?","M","M","R","M","R","T","E","?","$","E","M","R","B",null,"M","M","M","M","M","E"],"character_chosen":"THE_SILENT","items_purchased":["Footwork","Bouncing Flask"],"campfire_rested":0,"item_purchase_floors":[12,12],"current_hp_per_floor":[62,60,60,60,59,59,59,59,59,48,70,70,57,57,57,33,61,49,38,32,32,15,0,0],"gold":223,"neow_bonus":"ONE_RANDOM_RARE_CARD","is_daily":false,"chose_seed":false,"campfire_upgraded":3,"win_rate":0.0,"timestamp":1611803923,"path_taken":["M","M","?","M","M","R","M","R","T","E","?","?","E","M","R","BOSS","M","M","M","M","M","E"],"items_purchased_type":["Card","Card"],"build_version":"2020-12-22","purchased_purges":1,"victory":false,"max_hp_per_floor":[70,70,70,70,70,70,70,70,70,70,70,70,70,70,70,70,70,70,70,70,70,70,70,70],"card_choices":[{"not_picked":["Bane","Eviscerate","Prepared"],"picked":"SKIP","floor":1.0},{"not_picked":["Deadly Poison","Well Laid Plans"],"picked":"Cloak And Dagger","floor":2.0},{"not_picked":["Blur","Endless Agony"],"picked":"Deadly Poison","floor":4.0},{"not_picked":["Tactician","Prepared"],"picked":"Quick Slash","floor":5.0},{"not_picked":["Envenom","Backflip"],"picked":"Crippling Poison","floor":7.0},{"not_picked":["Finisher","Accuracy"],"picked":"Glass Knife","floor":10.0},{"not_picked":["Deadly Poison","Riddle With Holes"],"picked":"Footwork","floor":13.0},{"not_picked":["Dagger Spray","Concentrate","Bouncing Flask"],"picked":"SKIP","floor":14.0},{"not_picked":["Grand Finale","Die Die Die"],"picked":"Burst","floor":16.0},{"not_picked":["Masterful Stab","Expertise"],"picked":"PiercingWail","floor":18.0},{"not_picked":["Bouncing Flask","Prepared","Cloak And Dagger"],"picked":"SKIP","floor":19.0},{"not_picked":["PiercingWail","Poisoned Stab+1","Tactician"],"picked":"SKIP","floor":20.0},{"not_picked":["Quick Slash","All Out Attack","Riddle With Holes"],"picked":"SKIP","floor":21.0},{"not_picked":["Deadly Poison","Heel Hook"],"picked":"Poisoned Stab+1","floor":22}],"player_experience":310409,"relics_obtained":[{"floor":9.0,"key":"Du-Vu Doll"},{"floor":10.0,"key":"White Beast Statue"},{"floor":13.0,"key":"Gambling Chip"}],"event_choices":[{"damage_healed":0.0,"max_hp_gain":0.0,"max_hp_loss":0.0,"gold_gain":0.0,"event_name":"Liars Game","player_choice":"Ignored","floor":3.0,"gold_loss":0.0,"damage_taken":0.0},{"damage_healed":23.0,"max_hp_gain":0.0,"max_hp_loss":0.0,"gold_gain":0.0,"event_name":"Big Fish","player_choice":"Banana","floor":11.0,"gold_loss":0.0,"damage_taken":0.0}],"is_beta":false,"boss_relics":[{"not_picked":["WristBlade","SacredBark"],"picked":"Velvet Choker"}],"items_purged_floors":[12],"is_endless":false,"potions_floor_spawned":[2,5,7,10,13,14,16,18,19,20,21,22],"killed_by":"Book of Stabbing","ascension_level":13}}