{"host":"knoo6yq0od847mqf","time":1611854118,"event":{"mods":["100% Spire Juice","BaseMod","Downfall","Fiend Mod","Hubris","Koishi","Marisa????????","Minty Spire (QoL Compilation)","Replay The Spire","Spire Arcade","StSLib","The Alterego","The Blackbeard","The Bug Knight","The Marked","Wandering Minibosses","Yuri Mod"],"gold_per_floor":[411,411,411,432,448,489,489,512,538,4,4,18,54,67,67,186,186,240,264,303,160,184,184,204,204,255,255,275,275,294,294,294,425,425,445,465,485,544,560,560,580,188,188,209,250,264,264,264,264,264],"floor_reached":51,"language":"ENG","playtime":2526,"items_purged":["Injury"],"score":768,"play_id":"cbb486b6-68a6-4407-b218-f0831bb4871d","local_time":"20210128181518","is_ascension_mode":false,"campfire_choices":[{"data":"Koishi:FadingMemory","floor":7,"key":"SMITH"},{"data":"Koishi:HauntingSlash","floor":11,"key":"SMITH"},{"data":"Koishi:MindStellarRelief","floor":15,"key":"SMITH"},{"floor":23,"key":"REST"},{"data":"Koishi:JumpScare","floor":25,"key":"SMITH"},{"data":"Koishi:DanmakuParanoia","floor":29,"key":"SMITH"},{"data":"Koishi:UnconsciousUrges","floor":32,"key":"SMITH"},{"data":"Koishi:GrowingPain","floor":40,"key":"SMITH"},{"data":"Koishi:ConfinedInnocent","floor":47,"key":"SMITH"},{"data":"Koishi:DreadfulBlow","floor":49,"key":"SMITH"}],"circlet_count":0,"master_deck":["blackbeard:Parrot+1","Koishi:BasicStrike","Koishi:BasicStrike","Koishi:BasicStrike","Koishi:BasicStrike","Koishi:BasicDefend","Koishi:BasicDefend","Koishi:BasicDefend","Koishi:BasicDefend","Koishi:Provoke+1","Koishi:HauntingSlash+1","Koishi:RacingHeart+1","Koishi:RacingHeart","Koishi:PhilosophyOfTheDespised+1","Koishi:FadingMemory+1","Koishi:UnconsciousUrges+1","Koishi:JumpScare","Koishi:DreadfulBlow+1","Koishi:MindStellarRelief+1","Koishi:PerfectMindControl","Koishi:MindNumbingTerror","Koishi:StingingMind","Koishi:DanmakuParanoia+1","Koishi:JumpScare+1","Koishi:UnconsciousUrges+1","Koishi:Catatonia+1","Koishi:ParalyzingFear+1","Koishi:GrowingPain+1","Koishi:BloodcurdlingScream+1","Koishi:YoukaiPolygraph","Koishi:FleetingPhantom+1","Koishi:ConfinedInnocent+1"],"relics":["Koishi:ImaginaryFriend","Old Coin","Golden Idol","Koishi:BloodstainedWhiteRose","Art of War","Guide Book","Incense Burner","hubris:PeanutButter","hubris:Backtick","Ice Cream","Red Mask","ClockworkSouvenir","Toy Ornithopter","alterego_mod:FleetingLove","Koishi:ColorfulDays","Calipers","StoneCalendar","Pocketwatch","Boot"],"acts_visited":["Exordium","TheCity","TheBeyond"],"potions_floor_usage":[6,19,38,50,50],"damage_taken":[{"damage":1,"enemies":"Cultist","floor":1,"turns":4},{"damage":3,"enemies":"Jaw Worm","floor":4,"turns":6},{"damage":2,"enemies":"Small Slimes","floor":5,"turns":4},{"damage":12,"enemies":"Gremlin Nob","floor":6,"turns":6},{"damage":2,"enemies":"2 Fungi Beasts","floor":8,"turns":4},{"damage":19,"enemies":"Exordium Thugs","floor":12,"turns":7},{"damage":18,"enemies":"Lagavulin","floor":13,"turns":7},{"damage":0,"enemies":"Large Slime","floor":14,"turns":7},{"damage":19,"enemies":"Hexaghost","floor":16,"turns":8},{"damage":0,"enemies":"2 Thieves","floor":18,"turns":5},{"damage":0,"enemies":"Chosen","floor":19,"turns":4},{"damage":25,"enemies":"Masked Bandits","floor":20,"turns":4},{"damage":30,"enemies":"Centurion and Healer","floor":22,"turns":5},{"damage":4,"enemies":"Chosen and Byrds","floor":24,"turns":5},{"damage":26,"enemies":"Shelled Parasite and Fungi","floor":28,"turns":6},{"damage":20,"enemies":"Centurion and Healer","floor":30,"turns":4},{"damage":20,"enemies":"Pondfish","floor":33,"turns":10},{"damage":0,"enemies":"Orb Walker","floor":35,"turns":4},{"damage":6,"enemies":"3 Shapes","floor":36,"turns":2},{"damage":28,"enemies":"3 Darklings","floor":37,"turns":5},{"damage":38,"enemies":"2 Orb Walkers","floor":38,"turns":4},{"damage":6,"enemies":"Transient","floor":39,"turns":5},{"damage":0,"enemies":"Maw","floor":41,"turns":5},{"damage":0,"enemies":"Spire Growth","floor":44,"turns":4},{"damage":0,"enemies":"Giant Head","floor":45,"turns":5},{"damage":0,"enemies":"Maw","floor":46,"turns":4},{"damage":25,"enemies":"Replay:Hell Engine","floor":50,"turns":7}],"seed_played":"4230444498191651165","potions_obtained":[{"floor":1,"key":"Venom Potion"},{"floor":4,"key":"DistilledChaos"},{"floor":6,"key":"Toxic Potion"},{"floor":13,"key":"BlessingOfTheForge"},{"floor":19,"key":"Fruit Juice"},{"floor":22,"key":"Milkshake"},{"floor":37,"key":"Fire Potion"},{"floor":39,"key":"PowerPotion"}],"is_trial":false,"path_per_floor":["M","?","?","M","M","E","R","M","T","$","R","M","E","M","R","B",null,"M","M","?","$","M","R","M","R","T","?","M","R","M","?","R","B",null,"M","M","M","?","M","R","M","$","T","M","E","M","R","?","R","B",null],"character_chosen":"KOISHI","items_purchased":["Guide Book","Incense Burner","ClockworkSouvenir","StoneCalendar","Koishi:YoukaiPolygraph"],"campfire_rested":1,"item_purchase_floors":[10,10,21,42,42],"current_hp_per_floor":[54,43,43,45,45,44,44,46,46,46,46,48,54,54,54,54,54,54,59,49,49,37,54,59,59,59,59,59,59,48,48,48,41,59,59,59,42,28,41,41,59,59,59,59,59,59,59,59,59,59],"gold":264,"neow_bonus":"ONE_RARE_RELIC","is_daily":false,"chose_seed":false,"campfire_upgraded":9,"win_rate":0.0,"timestamp":1611854118,"path_taken":["M","?","?","M","M","E","R","M","T","$","R","M","E","M","R","BOSS","M","M","?","$","M","R","M","R","T","?","?","R","M","?","R","BOSS","M","M","M","?","M","R","M","$","T","M","E","M","R","?","R","BOSS"],"items_purchased_type":["Relic","Relic","Relic","Relic","Card"],"build_version":"2020-12-22","purchased_purges":1,"victory":true,"max_hp_per_floor":[54,54,54,54,54,54,54,54,54,54,54,54,54,54,54,54,54,54,59,59,59,59,59,59,59,59,59,59,59,59,59,59,59,59,59,59,59,59,59,59,59,59,59,59,59,59,59,59,59,59],"card_choices":[{"not_picked":["Koishi:SpiritedAway","Koishi:PhantomStrike"],"picked":"Koishi:RacingHeart","floor":1},{"not_picked":["Koishi:ReflexRadar","Koishi:SprinkleStarAndHeart"],"picked":"Koishi:RacingHeart","floor":4},{"not_picked":["Koishi:Bloodlust","Koishi:Prune"],"picked":"Koishi:PhilosophyOfTheDespised","floor":5},{"not_picked":["Koishi:Prune","Koishi:SubterraneanRose"],"picked":"Koishi:FadingMemory","floor":6},{"not_picked":["Koishi:Prune","Koishi:SubconsciousSweep"],"picked":"Koishi:UnconsciousUrges","floor":8},{"not_picked":["Koishi:Jaunt","Koishi:SubconsciousSweep"],"picked":"Koishi:JumpScare","floor":12},{"not_picked":["Koishi:UnconsciousUprising","Koishi:Jaunt"],"picked":"Koishi:DreadfulBlow","floor":13},{"not_picked":["Koishi:HeartAttack","Koishi:IdleWhim"],"picked":"Koishi:MindStellarRelief","floor":14},{"not_picked":["Koishi:RuptureMind","Koishi:SilentAndRestless"],"picked":"Koishi:PerfectMindControl","floor":16},{"not_picked":["Koishi:Vanish+1","Koishi:ParalyzingFear"],"picked":"Koishi:MindNumbingTerror","floor":18},{"not_picked":["Koishi:UnansweredLove","Koishi:EmbryosDream+1"],"picked":"Koishi:StingingMind","floor":19},{"not_picked":["Koishi:DreadfulBlow","Koishi:RacingHeart"],"picked":"Koishi:DanmakuParanoia","floor":20},{"not_picked":["Koishi:PhantomStrike","Koishi:HeartAttack+1"],"picked":"Koishi:JumpScare","floor":22},{"not_picked":["Koishi:ReflexRadar","Koishi:FourthEye"],"picked":"Koishi:UnconsciousUrges","floor":24},{"not_picked":["Koishi:JumpScare+1","Koishi:RorschachInDanmaku"],"picked":"Koishi:Catatonia+1","floor":28},{"not_picked":["Koishi:Vanish","Koishi:DreadfulBlow"],"picked":"Koishi:ParalyzingFear","floor":30},{"not_picked":["Koishi:FormlessExistence","Koishi:ConfinedInnocent"],"picked":"Koishi:GrowingPain","floor":33},{"not_picked":["Koishi:FidgetySnatcher+1","Koishi:GhostParty+1"],"picked":"Koishi:BloodcurdlingScream+1","floor":35},{"not_picked":["Koishi:ParalyzingFear+1","Koishi:EmbryosDream+1","Koishi:SubconsciousSweep"],"picked":"SKIP","floor":36},{"not_picked":["Koishi:UnconsciousUprising+1","Koishi:UnansweredLove","Koishi:DNAsFlaw"],"picked":"SKIP","floor":37},{"not_picked":["Koishi:Ego","Koishi:DreadfulBlow","Koishi:JumpScare"],"picked":"SKIP","floor":39},{"not_picked":["Koishi:RacingHeart+1","Koishi:SpiritedAway","Koishi:ReflexRadar"],"picked":"SKIP","floor":41},{"not_picked":["Koishi:TraumaticStroke","Koishi:MassHysteria+1","Koishi:Whimsy"],"picked":"SKIP","floor":44},{"not_picked":["Koishi:PhantomBarrier+1","Koishi:UnansweredLove+1"],"picked":"Koishi:FleetingPhantom+1","floor":45},{"not_picked":["Koishi:PhantomBarrier+1","Koishi:DreadfulBlow"],"picked":"Koishi:ConfinedInnocent","floor":46}],"player_experience":218499,"relics_obtained":[{"floor":6,"key":"Koishi:BloodstainedWhiteRose"},{"floor":9,"key":"Art of War"},{"floor":13,"key":"hubris:PeanutButter"},{"floor":20,"key":"Red Mask"},{"floor":26,"key":"Toy Ornithopter"},{"floor":38,"key":"Calipers"},{"floor":43,"key":"Pocketwatch"},{"floor":45,"key":"Boot"}],"event_choices":[{"damage_healed":0,"gold_gain":0,"player_choice":"Entered Light","damage_taken":11,"max_hp_gain":0,"max_hp_loss":0,"event_name":"Shining Light","floor":2,"gold_loss":0,"cards_upgraded":["Koishi:Provoke","Koishi:RacingHeart"]},{"damage_healed":0,"gold_gain":0,"player_choice":"Take Wound","damage_taken":0,"relics_obtained":["Golden Idol"],"max_hp_gain":0,"max_hp_loss":0,"event_name":"Golden Idol","floor":3,"gold_loss":0,"cards_obtained":["Injury"]},{"damage_healed":0,"gold_gain":0,"player_choice":"Fought Bandits","damage_taken":0,"max_hp_gain":0,"max_hp_loss":0,"event_name":"Masked Bandits","floor":20,"gold_loss":0},{"damage_healed":0,"gold_gain":0,"player_choice":"Choice 1","damage_taken":0,"relics_obtained":["alterego_mod:FleetingLove"],"max_hp_gain":0,"max_hp_loss":0,"event_name":"Secret Garden","floor":27,"gold_loss":0},{"damage_healed":0,"gold_gain":0,"player_choice":"Fight","damage_taken":0,"max_hp_gain":0,"max_hp_loss":0,"event_name":"Mysterious Sphere","floor":38,"gold_loss":0}],"is_beta":false,"boss_relics":[{"not_picked":["hubris:BlackHole","Replay:Drink Me"],"picked":"hubris:Backtick"},{"not_picked":["Fusion Hammer","Painkiller Herb"],"picked":"Koishi:ColorfulDays"}],"items_purged_floors":[10],"is_endless":false,"potions_floor_spawned":[1,4,6,13,14,18,19,22,33,35,37,39,44,46],"ascension_level":0}}