{"host":"2hea6pl5vmah38iy","time":1611805837,"event":{"mods":["AchievementEnabler","BaseMod","Colored Map","DeckTracker","Keyboard Shortcuts","Minty Spire (QoL Compilation)","Rare Cards Sparkle","StSLib","SuperFastMode","everything is the same but u backflip on backflip"],"gold_per_floor":[113,130,150,165,184,184,204,204,250,263,278,278,278,278,278,349,349,359,359,359,101,111,111,111,111,111],"floor_reached":25,"language":"KOR","playtime":891,"items_purged":[],"score":379,"play_id":"7787ffcb-603c-434f-a6a3-c3bca038ce1a","local_time":"20210128125037","is_ascension_mode":true,"campfire_choices":[{"data":"Gash","floor":6.0,"key":"SMITH"},{"floor":8.0,"key":"REST"},{"floor":13.0,"key":"REST"},{"data":"Hologram","floor":15.0,"key":"SMITH"},{"floor":23,"key":"REST"}],"circlet_count":0,"master_deck":["AscendersBane","Strike_B","Strike_B","Defend_B","Defend_B","Defend_B","Defend_B","Zap+1","Dualcast","Swift Strike","Gash+1","Stack","FTL","Reinforced Body","Sweeping Beam","Hologram+1","Hologram","Echo Form+1","Reboot","Conserve Battery","Turbo","Loop","Flash of Steel","Gash","Beam Cell+1","Cold Snap+1","Coolheaded","Buffer","Coolheaded","Ghostly","Ghostly","Ghostly"],"relics":["Cracked Core","Centennial Puzzle","Black Star","Orrery"],"acts_visited":["Exordium","TheCity"],"potions_floor_usage":[],"damage_taken":[{"damage":9.0,"enemies":"2 Louse","floor":1.0,"turns":2.0},{"damage":7.0,"enemies":"Small Slimes","floor":2.0,"turns":3.0},{"damage":14.0,"enemies":"Jaw Worm","floor":3.0,"turns":4.0},{"damage":12.0,"enemies":"Exordium Wildlife","floor":4.0,"turns":4.0},{"damage":3.0,"enemies":"Large Slime","floor":5.0,"turns":4.0},{"damage":5.0,"enemies":"Lots of Slimes","floor":7.0,"turns":4.0},{"damage":10.0,"enemies":"3 Louse","floor":10.0,"turns":2.0},{"damage":1.0,"enemies":"Looter","floor":11.0,"turns":3.0},{"damage":0.0,"enemies":"Gremlin Nob","floor":14.0,"turns":2.0},{"damage":18.0,"enemies":"Hexaghost","floor":16.0,"turns":9.0},{"damage":25.0,"enemies":"3 Byrds","floor":18.0,"turns":4.0},{"damage":19,"enemies":"Chosen","floor":22,"turns":6},{"damage":1,"enemies":"Gremlin Leader","floor":25,"turns":7}],"seed_played":"-3033794118082579600","potions_obtained":[{"floor":2.0,"key":"SmokeBomb"},{"floor":5.0,"key":"Energy Potion"}],"is_trial":false,"path_per_floor":["M","M","M","M","M","R","M","R","T","M","M","?","R","E","R","B",null,"M","?","?","$","M","R","?","E"],"character_chosen":"DEFECT","items_purchased":["Flash of Steel","Orrery"],"campfire_rested":3,"item_purchase_floors":[21,21],"current_hp_per_floor":[55,48,34,22,19,19,14,35,35,25,24,3,24,24,24,6,55,30,30,30,30,11,32,32,31,31],"gold":111,"neow_bonus":"RANDOM_COLORLESS","is_daily":false,"chose_seed":false,"campfire_upgraded":2,"win_rate":0.0,"timestamp":1611805837,"path_taken":["M","M","M","M","M","R","M","R","T","M","M","?","R","E","R","BOSS","M","?","?","$","M","R","?","E"],"items_purchased_type":["Card","Relic"],"build_version":"2020-12-22","purchased_purges":0,"victory":false,"max_hp_per_floor":[71,71,71,71,71,71,71,71,71,71,71,71,71,71,71,71,71,71,71,71,71,71,71,35,35,35],"card_choices":[{"not_picked":["Madness","Panacea"],"picked":"Swift Strike","floor":0.0},{"not_picked":["Lockon","Steam Power"],"picked":"Gash","floor":1.0},{"not_picked":["Compile Driver","Redo"],"picked":"Stack","floor":2.0},{"not_picked":["Sweeping Beam","Genetic Algorithm"],"picked":"FTL","floor":3.0},{"not_picked":["Streamline","Fusion"],"picked":"Reinforced Body","floor":4.0},{"not_picked":["Loop","Steam Power"],"picked":"Sweeping Beam","floor":5.0},{"not_picked":["Blizzard","Ball Lightning"],"picked":"Hologram","floor":7.0},{"not_picked":["Blizzard","Force Field"],"picked":"Hologram","floor":10.0},{"not_picked":["Streamline","Hologram"],"picked":"Echo Form","floor":11.0},{"not_picked":["Amplify","Echo Form"],"picked":"Reboot","floor":16.0},{"not_picked":["Fusion","Sweeping Beam"],"picked":"Conserve Battery","floor":18.0},{"not_picked":["Turbo+1","Blizzard"],"picked":"Gash","floor":21},{"not_picked":["Steam+1","Go for the Eyes+1"],"picked":"Beam Cell+1","floor":21},{"not_picked":["Tempest","Hologram"],"picked":"Cold Snap+1","floor":21},{"not_picked":["Fission","Defragment"],"picked":"Coolheaded","floor":21},{"not_picked":["Meteor Strike","Consume"],"picked":"Buffer","floor":21},{"not_picked":["Leap","Conserve Battery"],"picked":"Coolheaded","floor":22}],"player_experience":525757,"relics_obtained":[{"floor":9.0,"key":"Centennial Puzzle"}],"event_choices":[{"damage_healed":0.0,"max_hp_gain":0.0,"max_hp_loss":0.0,"gold_gain":0.0,"event_name":"Shining Light","player_choice":"Entered Light","floor":12.0,"gold_loss":0.0,"damage_taken":21.0,"cards_upgraded":["Zap","Echo Form"]},{"damage_healed":0.0,"max_hp_gain":0.0,"max_hp_loss":0.0,"gold_gain":0.0,"cards_transformed":["Strike_B","Strike_B"],"event_name":"Drug Dealer","player_choice":"Became Test Subject","floor":19.0,"gold_loss":0.0,"damage_taken":0.0,"cards_obtained":["Turbo","Loop"]},{"damage_healed":0,"gold_gain":0,"player_choice":"Ignored","damage_taken":0,"max_hp_gain":0,"max_hp_loss":0,"event_name":"The Mausoleum","floor":20,"gold_loss":0},{"damage_healed":0,"gold_gain":0,"player_choice":"Became a Ghost","damage_taken":0,"max_hp_gain":0,"max_hp_loss":36,"event_name":"Ghosts","floor":24,"gold_loss":0,"cards_obtained":["Ghostly","Ghostly","Ghostly"]}],"is_beta":false,"boss_relics":[{"not_picked":["Sozu","Snecko Eye"],"picked":"Black Star"}],"items_purged_floors":[],"is_endless":false,"potions_floor_spawned":[2,5,7,11],"killed_by":"Gremlin Leader","ascension_level":17}}