{"host":"pcbz64t4k17ey4z1","time":1611856253,"event":{"mods":["2.2 Compatiblity","AchievementEnabler","Act Like it!","Aspiration","BaseMod","Beaked The Cultist","Better Match","Better Third Choice","BetterRewards","Card Forge","Colored Map","Colored Powertips","Conspire","Disable Question Mark Monsters","Fireblade Mod","Friendly Minions","Gensokyo","GifTheSpireLib","Glutton Mod","Googly Eyes","Gremlin Mod","Hermit","Hubris","Infinite Spire","Koishi","Marisa????????","Minty Spire (QoL Compilation)","Permanent Neow","Potionbrewer","Quick Restart","Random Character Button","Rare Cards Sparkle","Relic Filter","Replay The Spire","Robot Space Explorer","Shade Mod","Shop Mod","Spicy Shops","StSLib","Stuff the Spire","SuperFastMode","The Cursed","The Druid","The Gatherer","The Hierophant","The IronCluck","The Jungle","The Marked","The Runesmith","Virulent Crown","Waifu the Spire","Wandering Minibosses"],"gold_per_floor":[112,164,176,189,209,234,234,265,265,265,235,410,425,32,32,32,32],"floor_reached":16,"language":"ENG","playtime":1123,"items_purged":[],"score":261,"play_id":"8bdbbb0e-1202-4d10-93eb-69f34d11840f","local_time":"20210128175053","is_ascension_mode":true,"campfire_choices":[{"floor":7,"key":"REST"},{"floor":10,"key":"REST"},{"floor":15,"key":"REST"}],"circlet_count":0,"master_deck":["Glutton:Defend+1","Glutton:Defend+1","Glutton:Defend+1","Glutton:Flail","Glutton:Fast","Glutton:Feast+1","Glutton:Borborygmi+1","Glutton:Bite","Glutton:Treat+1","Glutton:Thrombosis","Glutton:LashOut+1","Glutton:Scab+1","Glutton:Scab+1","Glutton:EatAlive+1"],"relics":["Glutton:EternalHunger","Hammer of Thor","Seething Fire","Anvil of the Gods","Gremlin Horn","Pear","aspiration:HummingbirdHeart","Frozen Egg 2","Glutton:Lollipop","Replay:Bottled Flurry"],"acts_visited":["Exordium"],"potions_floor_usage":[4,6,11],"damage_taken":[{"damage":24,"enemies":"conspire:RoseBush","floor":1,"turns":4},{"damage":3,"enemies":"2 Louse","floor":2,"turns":3},{"damage":7,"enemies":"Jaw Worm","floor":3,"turns":6},{"damage":57,"enemies":"Large Slime","floor":4,"turns":14},{"damage":14,"enemies":"2 Fungi Beasts","floor":5,"turns":4},{"damage":46,"enemies":"Replay:BlueRogue","floor":6,"turns":13},{"damage":120,"enemies":"Gremlin Nob","floor":8,"turns":6},{"damage":21,"enemies":"Looter","floor":11,"turns":4},{"damage":44,"enemies":"Blue Slaver","floor":13,"turns":6},{"damage":272,"enemies":"Hexaghost","floor":16,"turns":21}],"seed_played":"-7102842838191345602","potions_obtained":[{"floor":2,"key":"Weak Potion"},{"floor":4,"key":"Toxic Potion"},{"floor":8,"key":"Energy Potion"}],"is_trial":false,"path_per_floor":["M","M","M","M","M","E","R","E","T","R","M","?","M","$","R","B"],"character_chosen":"GLUTTON","items_purchased":["Gremlin Horn","Glutton:Fast","Glutton:Feast","Glutton:Lollipop","Replay:Bottled Flurry"],"campfire_rested":3,"item_purchase_floors":[0,0,0,14,14],"current_hp_per_floor":[88,93,98,59,66,57,107,24,24,74,90,90,99,99,151,0,0],"gold":32,"neow_bonus":"","is_daily":false,"chose_seed":false,"campfire_upgraded":0,"win_rate":0.0,"timestamp":1611856253,"path_taken":["M","M","M","M","M","E","R","E","T","R","M","?","M","$","R","BOSS"],"items_purchased_type":["Relic","Card","Card","Relic","Relic"],"build_version":"2020-12-22","purchased_purges":0,"victory":false,"max_hp_per_floor":[124,132,136,144,152,168,168,168,168,168,168,168,176,176,176,180,180],"card_choices":[{"not_picked":["Glutton:ShedFat","Glutton:Loot"],"picked":"Glutton:Borborygmi","floor":1},{"not_picked":["Glutton:Delusion","Glutton:ToxicResidue"],"picked":"Glutton:Bite","floor":2},{"not_picked":["Glutton:Strain","Glutton:ToxicResidue"],"picked":"Glutton:Treat","floor":3},{"not_picked":["Glutton:Regurgitate","Glutton:Overreach"],"picked":"Glutton:Thrombosis","floor":4},{"not_picked":["Glutton:Devour","Glutton:GnawingHunger"],"picked":"Glutton:LashOut","floor":5},{"not_picked":["Glutton:DecrepitStrike","Glutton:Demolish"],"picked":"Glutton:Scab","floor":6},{"not_picked":["Glutton:Brace","Glutton:GnawingHunger"],"picked":"Glutton:Scab","floor":8},{"not_picked":["Glutton:Slam","Glutton:Borborygmi","Glutton:Torment"],"picked":"SKIP","floor":11},{"not_picked":["Glutton:DecrepitStrike","Glutton:SelfFlagellate"],"picked":"Glutton:EatAlive","floor":13}],"player_experience":3390092,"relics_obtained":[{"floor":6,"key":"Pear"},{"floor":8,"key":"aspiration:HummingbirdHeart"},{"floor":9,"key":"Frozen Egg 2"}],"event_choices":[{"damage_healed":0,"gold_gain":175,"player_choice":"AGREE","damage_taken":235,"max_hp_gain":0,"max_hp_loss":0,"event_name":"betterThird:BetterSerpent","floor":12,"gold_loss":0}],"is_beta":false,"boss_relics":[],"items_purged_floors":[],"is_endless":false,"potions_floor_spawned":[2,4,8],"killed_by":"Hexaghost","ascension_level":6}}