{"host":"aj7el8l5kufbk20z","time":1611817984,"event":{"mods":["AchievementEnabler","BaseMod","Colored Map","Colored Powertips","Curses Come First","Highlight Path","Minty Spire (QoL Compilation)","Permanent Neow","Poor People Problems","Quick Restart","Rare Cards Sparkle","Relic Stats","StSLib","SuperFastMode","Waifu the Spire"],"gold_per_floor":[114,114,132,300,311,311,346,358,370,416,447,472,500,548,560,668,680,692,692],"floor_reached":18,"language":"ZHS","playtime":1041,"items_purged":["Strike_G"],"score":328,"play_id":"c3280da0-2eba-4b07-a41a-09dc07318c99","local_time":"20210128151304","is_ascension_mode":true,"campfire_choices":[{"data":"Cloak And Dagger","floor":6.0,"key":"SMITH"},{"data":"Storm of Steel","floor":15,"key":"SMITH"}],"circlet_count":0,"master_deck":["AscendersBane","Strike_G","Strike_G","Strike_G","Defend_G","Defend_G","Defend_G","Defend_G","Defend_G","Survivor","Neutralize","Prepared","Acrobatics","Cloak And Dagger+1","Terror","Cloak And Dagger","Blade Dance","Blade Dance","Catalyst","Storm of Steel+1","Venomology"],"relics":["Black Star","MealTicket","Pear","The Specimen","MawBank","Golden Idol","Turnip","Bird Faced Urn","Pen Nib","Sundial","Bottled Lightning","SlaversCollar"],"acts_visited":["Exordium","TheCity"],"potions_floor_usage":[10],"damage_taken":[{"damage":0.0,"enemies":"2 Louse","floor":1.0,"turns":4.0},{"damage":0.0,"enemies":"Cultist","floor":3.0,"turns":5.0},{"damage":4.0,"enemies":"Small Slimes","floor":5.0,"turns":5.0},{"damage":53.0,"enemies":"3 Sentries","floor":7.0,"turns":16.0},{"damage":18,"enemies":"Lagavulin","floor":10,"turns":5},{"damage":18,"enemies":"Exordium Wildlife","floor":11,"turns":5},{"damage":4,"enemies":"2 Fungi Beasts","floor":12,"turns":3},{"damage":13,"enemies":"3 Louse","floor":13,"turns":3},{"damage":29,"enemies":"3 Sentries","floor":14,"turns":8},{"damage":93,"enemies":"Hexaghost","floor":16,"turns":10},{"damage":0,"enemies":"3 Byrds","floor":18,"turns":1}],"seed_played":"-5917257145214837640","potions_obtained":[{"floor":1.0,"key":"AttackPotion"},{"floor":10,"key":"LiquidMemories"},{"floor":12,"key":"Fire Potion"},{"floor":16,"key":"PowerPotion"}],"is_trial":false,"path_per_floor":["M","?","M","$","M","R","E","?","T","E","M","M","M","E","R","B",null,"M"],"character_chosen":"THE_SILENT","items_purchased":["Cloak And Dagger","MealTicket","Pear"],"campfire_rested":0,"item_purchase_floors":[4,4,4],"current_hp_per_floor":[59,59,59,69,65,65,55,29,29,191,173,169,156,127,127,34,66,66,66],"gold":692,"neow_bonus":"BOSS_RELIC","is_daily":false,"chose_seed":false,"campfire_upgraded":2,"win_rate":0.0,"timestamp":1611817984,"path_taken":["M","?","M","$","M","R","E","?","T","E","M","M","M","E","R","BOSS","M"],"items_purchased_type":["Card","Relic","Relic"],"build_version":"2020-12-22","purchased_purges":1,"victory":false,"max_hp_per_floor":[66,66,66,76,76,76,76,76,76,76,76,76,76,76,76,76,76,76,76],"relic_stats":{"counters":[11,65],"Golden Idol":43,"Sundial":[0],"Bird Faced Urn":[0],"MealTicket":0,"Turnip":[0],"Pen Nib":[9],"Black Star":3,"MawBank":132,"obtain_stats":[{"Pear":4,"The Specimen":7,"Golden Idol":8,"Pen Nib":10,"MawBank":7,"SlaversCollar":17,"Sundial":14,"Bird Faced Urn":10,"MealTicket":4,"Turnip":9,"Black Star":0,"Bottled Lightning":14,"Ring of the Snake":0},{"Pear":2,"The Specimen":4,"Golden Idol":4,"Pen Nib":5,"MawBank":4,"SlaversCollar":10,"Sundial":9,"Bird Faced Urn":5,"MealTicket":2,"Turnip":4,"Black Star":0,"Bottled Lightning":9,"Ring of the Snake":0},{"Pear":9,"The Specimen":30,"Golden Idol":30,"Pen Nib":35,"MawBank":30,"SlaversCollar":64,"Sundial":54,"Bird Faced Urn":35,"MealTicket":9,"Turnip":30,"Black Star":0,"Bottled Lightning":54,"Ring of the Snake":0}]},"card_choices":[{"not_picked":["Quick Slash","Deadly Poison"],"picked":"Prepared","floor":1.0},{"not_picked":["Poisoned Stab","Underhanded Strike"],"picked":"Acrobatics","floor":3.0},{"not_picked":["Tactician","Flying Knee"],"picked":"Terror","floor":5.0},{"not_picked":["Leg Sweep","Quick Slash"],"picked":"Cloak And Dagger","floor":7.0},{"not_picked":["Slice","Wraith Form v2","Phantasmal Killer"],"picked":"SKIP","floor":10},{"not_picked":["Acrobatics","Flechettes"],"picked":"Blade Dance","floor":11},{"not_picked":["Dagger Throw","Dodge and Roll"],"picked":"Blade Dance","floor":12},{"not_picked":["Backstab","Bane"],"picked":"Catalyst","floor":13},{"not_picked":["Adrenaline","Riddle With Holes"],"picked":"Storm of Steel","floor":14},{"not_picked":["Wraith Form v2","Doppelganger"],"picked":"Venomology","floor":16}],"player_experience":427095,"relics_obtained":[{"floor":7.0,"key":"The Specimen"},{"floor":7.0,"key":"MawBank"},{"floor":9.0,"key":"Turnip"},{"floor":10,"key":"Bird Faced Urn"},{"floor":10,"key":"Pen Nib"},{"floor":14,"key":"Sundial"},{"floor":14,"key":"Bottled Lightning"}],"event_choices":[{"cards_removed":["Strike_G"],"damage_healed":0.0,"max_hp_gain":0.0,"max_hp_loss":0.0,"gold_gain":0.0,"event_name":"Living Wall","player_choice":"Forget","floor":2.0,"gold_loss":0.0,"damage_taken":0.0},{"damage_healed":0.0,"max_hp_gain":0.0,"max_hp_loss":0.0,"gold_gain":0.0,"event_name":"Golden Idol","player_choice":"Take Damage","floor":8.0,"gold_loss":0.0,"damage_taken":26.0,"relics_obtained":["Golden Idol"]}],"is_beta":false,"boss_relics":[{"not_picked":["HoveringKite","Coffee Dripper"],"picked":"SlaversCollar"}],"items_purged_floors":[4],"is_endless":false,"potions_floor_spawned":[1,10,12,14,16],"killed_by":"3 Byrds","ascension_level":16}}