{"host":"na09lpbrez4gbfiz","time":1611855288,"event":{"mods":["Act Like it!","BaseMod","BetterRewards","Colored Map","Colored Powertips","DeckTracker","Googly Eyes","Highlight Path","Minty Spire (QoL Compilation)","Quick Restart","Spicy Shops","StSLib","SuperFastMode","Synergy Search"],"gold_per_floor":[119,119,119,44,58,58,93,93,118,132,145,145,169,183,183,303,303,328,248,269,292,316,316,316],"floor_reached":23,"language":"ENG","playtime":1337,"items_purged":["Strike_R","Strike_R"],"score":352,"play_id":"a782163e-3a1c-4977-8d33-efd3052ec0ee","local_time":"20210128183448","is_ascension_mode":true,"campfire_choices":[{"data":"Bash","floor":6,"key":"SMITH"},{"data":"Metallicize","floor":8,"key":"SMITH"},{"data":"Carnage","floor":12,"key":"SMITH"},{"data":"Metallicize","floor":15,"key":"SMITH"}],"circlet_count":0,"master_deck":["AscendersBane","Strike_R","Strike_R","Strike_R","Defend_R","Defend_R","Defend_R","Defend_R","Bash+1","Metallicize+1","Metallicize+1","Carnage+1","Evolve","Juggernaut"],"relics":["Burning Blood","NeowsBlessing","Golden Idol","Sundial","The Courier","Oddly Smooth Stone","Velvet Choker"],"acts_visited":["Exordium","TheCity"],"potions_floor_usage":[16,21,22],"damage_taken":[{"damage":0,"enemies":"Small Slimes","floor":1,"turns":1},{"damage":0,"enemies":"Cultist","floor":5,"turns":1},{"damage":0,"enemies":"Lagavulin","floor":7,"turns":1},{"damage":0,"enemies":"2 Louse","floor":10,"turns":4},{"damage":1,"enemies":"Blue Slaver","floor":11,"turns":5},{"damage":1,"enemies":"Large Slime","floor":13,"turns":7},{"damage":6,"enemies":"Looter","floor":14,"turns":4},{"damage":26,"enemies":"Slime Boss","floor":16,"turns":9},{"damage":16,"enemies":"2 Thieves","floor":18,"turns":5},{"damage":32,"enemies":"3 Byrds","floor":20,"turns":6},{"damage":20,"enemies":"Shelled Parasite and Fungi","floor":21,"turns":7},{"damage":5,"enemies":"Centurion and Healer","floor":22,"turns":7},{"damage":47,"enemies":"Gremlin Leader","floor":23,"turns":4}],"seed_played":"-4320742271190564212","potions_obtained":[{"floor":1,"key":"PowerPotion"},{"floor":7,"key":"CultistPotion"},{"floor":11,"key":"SpeedPotion"},{"floor":16,"key":"BloodPotion"},{"floor":21,"key":"Strength Potion"}],"is_trial":false,"path_per_floor":["M","?","?","$","M","R","E","R","T","M","M","R","M","M","R","B",null,"M","$","M","M","M","E"],"character_chosen":"IRONCLAD","items_purchased":[],"campfire_rested":0,"item_purchase_floors":[],"current_hp_per_floor":[78,58,58,58,64,64,70,70,70,76,80,80,80,80,80,60,75,65,65,39,41,42,0,0],"gold":316,"neow_bonus":"THREE_ENEMY_KILL","is_daily":false,"chose_seed":false,"campfire_upgraded":4,"win_rate":0.0,"timestamp":1611855288,"path_taken":["M","?","?","$","M","R","E","R","T","?","M","R","M","M","R","BOSS","M","$","M","?","M","E"],"items_purchased_type":[],"build_version":"2020-12-22","purchased_purges":2,"victory":false,"max_hp_per_floor":[80,80,80,80,80,80,80,80,80,80,80,80,80,80,80,80,80,80,80,80,80,80,80,80],"card_choices":[{"not_picked":["Power Through","Perfected Strike","Whirlwind"],"picked":"SKIP","floor":1},{"not_picked":["Armaments","Seeing Red"],"picked":"Metallicize","floor":5},{"not_picked":["Sever Soul","True Grit"],"picked":"Metallicize","floor":7},{"not_picked":["Rage","Shockwave"],"picked":"Carnage","floor":10},{"not_picked":["Clothesline","Dropkick","Perfected Strike"],"picked":"SKIP","floor":11},{"not_picked":["Body Slam","Anger"],"picked":"Evolve","floor":13},{"not_picked":["Thunderclap","Sword Boomerang","Warcry"],"picked":"SKIP","floor":14},{"not_picked":["Exhume","Bludgeon"],"picked":"Juggernaut","floor":16},{"not_picked":["Thunderclap","Clothesline","Feel No Pain"],"picked":"SKIP","floor":18},{"not_picked":["Havoc","Pommel Strike","Headbutt"],"picked":"SKIP","floor":20},{"not_picked":["Warcry","Dropkick","Thunderclap"],"picked":"SKIP","floor":21},{"not_picked":["Searing Blow","Iron Wave","Clash"],"picked":"SKIP","floor":22}],"player_experience":190701,"relics_obtained":[{"floor":7,"key":"The Courier"},{"floor":9,"key":"Oddly Smooth Stone"}],"event_choices":[{"damage_healed":0,"gold_gain":0,"player_choice":"Take Damage","damage_taken":20,"relics_obtained":["Golden Idol"],"max_hp_gain":0,"max_hp_loss":0,"event_name":"Golden Idol","floor":2,"gold_loss":0},{"damage_healed":0,"gold_gain":0,"player_choice":"Gave Potion","damage_taken":0,"relics_obtained":["Sundial"],"max_hp_gain":0,"max_hp_loss":0,"event_name":"WeMeetAgain","floor":3,"gold_loss":0}],"is_beta":false,"boss_relics":[{"not_picked":["Calling Bell","Pandora\u0027s Box"],"picked":"Velvet Choker"}],"items_purged_floors":[4,19],"is_endless":false,"potions_floor_spawned":[1,7,11,16,18,21],"killed_by":"Gremlin Leader","ascension_level":12}}