{"host":"sc0o2qwpf9j16a4i","time":1611855050,"event":{"mods":["AchievementEnabler","BaseMod","BetterRewards","Block Reminder","Colored Map","Colored Powertips","Custom Start","Highlight Path","Minty Spire (QoL Compilation)","Relic Stats"],"gold_per_floor":[117,192,206,10,22,48,48,65,133,133,161,171,346,4,4,100,100,117,128,128,128,145,180,180,105,128,169,169,193,32,67,67,181,181,201,227,117,144,167,211,171,209,209,234,271,295,18,27,27,27],"floor_reached":51,"language":"ENG","playtime":2330,"items_purged":["Doubt","Strike_B"],"score":1055,"play_id":"a0dd9edc-d40b-4014-ab68-eec71c2f3637","local_time":"20210128193050","daily_mods":["Specialized","ControlledChaos","Terminal"],"is_ascension_mode":false,"campfire_choices":[{"data":"Static Discharge","floor":10,"key":"SMITH"},{"data":"Hologram","floor":15,"key":"SMITH"},{"data":"Biased Cognition","floor":24,"key":"SMITH"},{"data":"Go for the Eyes","floor":28,"key":"SMITH"},{"data":"Capacitor","floor":32,"key":"SMITH"},{"data":"Heatsinks","floor":49,"key":"SMITH"}],"circlet_count":0,"master_deck":["Strike_B","Strike_B+1","Defend_B","Defend_B","Defend_B","Defend_B","Zap","Dualcast","Go for the Eyes","Go for the Eyes","Go for the Eyes","Go for the Eyes+1","Ball Lightning","Cold Snap","Gash","Static Discharge+1","Compile Driver","BootSequence","Self Repair","Gash","Electrodynamics","Hologram+1","Biased Cognition+1","Conserve Battery","Force Field+1","Gash","White Noise+1","Conserve Battery+1","Compile Driver","Stack+1","Capacitor+1","Creative AI","Multi-Cast+1","Coolheaded+1","Cold Snap+1","Heatsinks+1","Hologram+1","Barrage","Compile Driver+1","Doom and Gloom","Core Surge+1","Seek+1","Leap+1","Meteor Strike","Cold Snap+1","Discovery+1","Turbo+1","Metamorphosis+1"],"relics":["Cracked Core","Frozen Eye","Lee\u0027s Waffle","Dead Branch","Meat on the Bone","Nunchaku","ClockworkSouvenir","Snecko Eye","Toxic Egg 2","CeramicFish","Akabeko","CaptainsWheel","Sozu","Lizard Tail","Mercury Hourglass","PreservedInsect","Ancient Tea Set","Happy Flower"],"acts_visited":["Exordium","TheCity","TheBeyond"],"potions_floor_usage":[11,11,16,23,27,29],"damage_taken":[{"damage":0,"enemies":"2 Louse","floor":1,"turns":1},{"damage":0,"enemies":"Cultist","floor":3,"turns":3},{"damage":0,"enemies":"Jaw Worm","floor":5,"turns":3},{"damage":3,"enemies":"Gremlin Nob","floor":6,"turns":4},{"damage":0,"enemies":"Large Slime","floor":8,"turns":5},{"damage":4,"enemies":"3 Sentries","floor":11,"turns":5},{"damage":3,"enemies":"Exordium Wildlife","floor":12,"turns":5},{"damage":8,"enemies":"Hexaghost","floor":16,"turns":7},{"damage":7,"enemies":"2 Thieves","floor":18,"turns":3},{"damage":5,"enemies":"Chosen","floor":19,"turns":4},{"damage":17,"enemies":"Shelled Parasite and Fungi","floor":22,"turns":6},{"damage":0,"enemies":"Gremlin Leader","floor":23,"turns":7},{"damage":0,"enemies":"Book of Stabbing","floor":27,"turns":6},{"damage":0,"enemies":"Snake Plant","floor":29,"turns":4},{"damage":0,"enemies":"Slavers","floor":31,"turns":5},{"damage":17,"enemies":"Collector","floor":33,"turns":7},{"damage":0,"enemies":"Orb Walker","floor":35,"turns":4},{"damage":20,"enemies":"3 Darklings","floor":36,"turns":4},{"damage":1,"enemies":"Writhing Mass","floor":38,"turns":7},{"damage":32,"enemies":"Spire Growth","floor":39,"turns":7},{"damage":18,"enemies":"Giant Head","floor":40,"turns":8},{"damage":15,"enemies":"Reptomancer","floor":42,"turns":7},{"damage":9,"enemies":"Jaw Worm Horde","floor":44,"turns":4},{"damage":0,"enemies":"Nemesis","floor":45,"turns":7},{"damage":0,"enemies":"3 Darklings","floor":46,"turns":2},{"damage":0,"enemies":"Awakened One","floor":50,"turns":12}],"seed_played":"-8983956929568255536","potions_obtained":[{"floor":1,"key":"Dexterity Potion"},{"floor":3,"key":"DistilledChaos"},{"floor":6,"key":"LiquidBronze"},{"floor":19,"key":"AttackPotion"},{"floor":23,"key":"Swift Potion"},{"floor":27,"key":"Fire Potion"}],"is_trial":true,"path_per_floor":["M","?","M","$","M","E","?","M","T","R","E","M","?","$","R","B",null,"M","M","?","?","M","E","R","$","T","E","R","M","$","E","R","B",null,"M","M","$","M","M","E","?","E","T","M","E","M","$","?","R","B",null],"character_chosen":"DEFECT","items_purchased":["Lee\u0027s Waffle","Gash","ClockworkSouvenir","Electrodynamics","Hologram","Capacitor","Heatsinks","Hologram+1","Barrage","Happy Flower","Discovery+1","Turbo+1"],"campfire_rested":0,"item_purchase_floors":[4,4,14,14,14,30,37,37,37,47,47,47],"current_hp_per_floor":[73,62,62,77,76,73,66,66,66,66,62,59,59,59,59,58,64,63,62,61,60,50,50,50,50,50,54,53,52,51,50,49,39,47,46,33,33,39,19,13,13,32,32,23,36,35,34,24,24,24],"gold":27,"neow_bonus":"","is_daily":false,"chose_seed":false,"campfire_upgraded":6,"win_rate":0.0,"timestamp":1611855050,"path_taken":["M","?","M","$","M","E","?","M","T","R","E","M","?","?","R","BOSS","M","?","?","?","M","E","R","$","T","E","R","M","$","E","R","BOSS","M","M","$","M","M","E","?","E","T","M","E","?","$","?","R","BOSS"],"items_purchased_type":["Relic","Card","Relic","Card","Card","Card","Card","Card","Card","Relic","Card","Card"],"build_version":"2020-12-22","purchased_purges":2,"victory":true,"max_hp_per_floor":[73,72,71,77,76,75,74,73,72,71,70,69,68,67,66,65,64,63,62,61,60,59,58,57,56,55,54,53,52,51,50,49,48,47,46,45,44,43,42,41,40,39,38,37,36,35,34,33,32,31],"relic_stats":{"Lee\u0027s Waffle":16,"Happy Flower":[4],"counters":[26,137],"Dead Branch":[80],"CeramicFish":180,"PreservedInsect":47,"Mercury Hourglass":[78],"Sozu":4,"Nunchaku":[24],"Lizard Tail":20,"Snecko Eye":[216,229,215,217],"obtain_stats":[{"Lee\u0027s Waffle":4,"Happy Flower":47,"Dead Branch":6,"CeramicFish":26,"PreservedInsect":43,"Ancient Tea Set":45,"Akabeko":27,"ClockworkSouvenir":14,"Mercury Hourglass":42,"Sozu":34,"Frozen Eye":0,"Nunchaku":11,"CaptainsWheel":31,"Lizard Tail":40,"Snecko Eye":17,"Toxic Egg 2":23,"Cracked Core":0,"Meat on the Bone":9},{"Lee\u0027s Waffle":2,"Happy Flower":25,"Dead Branch":4,"CeramicFish":12,"PreservedInsect":22,"Ancient Tea Set":24,"Akabeko":13,"ClockworkSouvenir":7,"Mercury Hourglass":22,"Sozu":16,"Frozen Eye":0,"Nunchaku":6,"CaptainsWheel":15,"Lizard Tail":21,"Snecko Eye":8,"Toxic Egg 2":12,"Cracked Core":0,"Meat on the Bone":5},{"Lee\u0027s Waffle":4,"Happy Flower":125,"Dead Branch":11,"CeramicFish":53,"PreservedInsect":112,"Ancient Tea Set":123,"Akabeko":59,"ClockworkSouvenir":26,"Mercury Hourglass":112,"Sozu":75,"Frozen Eye":0,"Nunchaku":21,"CaptainsWheel":68,"Lizard Tail":105,"Snecko Eye":33,"Toxic Egg 2":53,"Cracked Core":0,"Meat on the Bone":16}],"Meat on the Bone":36},"card_choices":[{"not_picked":["Capacitor","Hologram"],"picked":"Ball Lightning","floor":1},{"not_picked":["Barrage","Hello World"],"picked":"Cold Snap","floor":3},{"not_picked":["Recycle","Double Energy"],"picked":"Static Discharge","floor":5},{"not_picked":["Ball Lightning","Cold Snap"],"picked":"Compile Driver","floor":6},{"not_picked":["Conserve Battery","Redo"],"picked":"BootSequence","floor":8},{"not_picked":["Static Discharge","Go for the Eyes"],"picked":"Self Repair","floor":11},{"not_picked":["Turbo","Streamline"],"picked":"Gash","floor":12},{"not_picked":["Creative AI","Electrodynamics"],"picked":"Biased Cognition","floor":16},{"not_picked":["Turbo","Fusion"],"picked":"Conserve Battery","floor":18},{"not_picked":["Sweeping Beam","Compile Driver"],"picked":"Force Field+1","floor":19},{"not_picked":["Rebound","Redo","White Noise+1"],"picked":"SKIP","floor":22},{"not_picked":["Rebound","Redo"],"picked":"White Noise+1","floor":22},{"not_picked":["Leap+1","Go for the Eyes"],"picked":"Conserve Battery+1","floor":23},{"not_picked":["Streamline","Gash+1"],"picked":"Compile Driver","floor":27},{"not_picked":["Sweeping Beam","Chill+1"],"picked":"Stack+1","floor":29},{"not_picked":["Barrage","Compile Driver"],"picked":"Creative AI","floor":31},{"not_picked":["Thunder Strike","Reboot+1"],"picked":"Multi-Cast+1","floor":33},{"not_picked":["Sweeping Beam","Go for the Eyes+1"],"picked":"Coolheaded+1","floor":35},{"not_picked":["Rebound+1","Streamline+1"],"picked":"Cold Snap+1","floor":36},{"not_picked":["Rebound","Ball Lightning+1"],"picked":"Compile Driver+1","floor":38},{"not_picked":["Go for the Eyes","Barrage"],"picked":"Doom and Gloom","floor":39},{"not_picked":["Darkness+1","Scrape"],"picked":"Core Surge","floor":40},{"not_picked":["Blizzard","Reinforced Body+1"],"picked":"Seek+1","floor":42},{"not_picked":["Streamline+1","Gash"],"picked":"Leap+1","floor":44},{"not_picked":["Compile Driver","Leap+1"],"picked":"Meteor Strike","floor":45},{"not_picked":["Blizzard","Scrape"],"picked":"Cold Snap+1","floor":46},{"not_picked":["Dark Shackles+1","HandOfGreed"],"picked":"Metamorphosis+1","floor":48}],"player_experience":1032899,"relics_obtained":[{"floor":6,"key":"Dead Branch"},{"floor":9,"key":"Meat on the Bone"},{"floor":11,"key":"Nunchaku"},{"floor":23,"key":"Toxic Egg 2"},{"floor":26,"key":"CeramicFish"},{"floor":27,"key":"Akabeko"},{"floor":31,"key":"CaptainsWheel"},{"floor":40,"key":"Lizard Tail"},{"floor":42,"key":"Mercury Hourglass"},{"floor":43,"key":"PreservedInsect"},{"floor":45,"key":"Ancient Tea Set"}],"event_choices":[{"damage_healed":0,"gold_gain":75,"player_choice":"Gather Gold","damage_taken":11,"max_hp_gain":0,"max_hp_loss":0,"event_name":"World of Goop","floor":2,"gold_loss":0},{"cards_removed":["Go for the Eyes"],"damage_healed":0,"gold_gain":0,"player_choice":"Card Removal","damage_taken":7,"max_hp_gain":0,"max_hp_loss":0,"event_name":"Golden Wing","floor":7,"gold_loss":0},{"damage_healed":0,"gold_gain":175,"player_choice":"AGREE","damage_taken":0,"max_hp_gain":0,"max_hp_loss":0,"event_name":"Liars Game","floor":13,"gold_loss":0,"cards_obtained":["Doubt"]},{"damage_healed":0,"gold_gain":0,"player_choice":"Ignored","damage_taken":0,"max_hp_gain":0,"max_hp_loss":0,"event_name":"Ghosts","floor":20,"gold_loss":0},{"damage_healed":0,"gold_gain":0,"cards_transformed":["Strike_B"],"player_choice":"Transformed","damage_taken":0,"max_hp_gain":0,"max_hp_loss":0,"event_name":"Transmorgrifier","floor":21,"gold_loss":0,"cards_obtained":["Gash"]},{"damage_healed":0,"gold_gain":0,"player_choice":"Upgraded Two","damage_taken":0,"max_hp_gain":0,"max_hp_loss":0,"event_name":"Designer","floor":41,"gold_loss":40,"cards_upgraded":["Strike_B","Core Surge"]},{"damage_healed":0,"gold_gain":0,"player_choice":"Memory 3","damage_taken":10,"max_hp_gain":0,"max_hp_loss":0,"event_name":"SensoryStone","floor":48,"gold_loss":0}],"is_beta":false,"boss_relics":[{"not_picked":["Calling Bell","SacredBark"],"picked":"Snecko Eye"},{"not_picked":["Runic Dome","Busted Crown"],"picked":"Sozu"}],"items_purged_floors":[25,30],"is_endless":false,"potions_floor_spawned":[1,3,6,8,19,23,27,36,39,45,46],"ascension_level":0}}