{"host":"ijtzdp8x8o2bpzki","time":1611842465,"event":{"mods":["AchievementEnabler","BaseMod","Colored Map","Colored Powertips","DeckTracker","Minty Spire (QoL Compilation)"],"gold_per_floor":[17,17,17,31,31,31,44,44,44,44,44,44,44],"floor_reached":12,"language":"ENG","playtime":233,"items_purged":[],"score":76,"play_id":"83f2e535-470e-449b-be5a-d9baa4f1bfaf","local_time":"20210128170105","is_ascension_mode":true,"campfire_choices":[{"data":"Adrenaline","floor":6,"key":"SMITH"},{"floor":10,"key":"REST"}],"circlet_count":0,"master_deck":["Strike_G","Strike_G","Strike_G","Defend_G","Defend_G+1","Defend_G","Defend_G+1","Defend_G","Survivor","Neutralize","Adrenaline+1","Quick Slash","Deadly Poison","Bane"],"relics":["Ring of the Snake","Gambling Chip","Juzu Bracelet"],"acts_visited":["Exordium"],"potions_floor_usage":[],"damage_taken":[{"damage":0,"enemies":"Cultist","floor":1,"turns":4},{"damage":0,"enemies":"Small Slimes","floor":4,"turns":4},{"damage":1,"enemies":"2 Louse","floor":7,"turns":2},{"damage":58,"enemies":"Gremlin Nob","floor":12,"turns":4}],"seed_played":"8398597211853004344","potions_obtained":[],"is_trial":false,"path_per_floor":["M","?","?","M","$","R","M","?","T","R","?","E"],"character_chosen":"THE_SILENT","items_purchased":[],"campfire_rested":1,"item_purchase_floors":[],"current_hp_per_floor":[70,70,52,52,52,52,51,37,37,58,51,0,0],"gold":44,"neow_bonus":"THREE_RARE_CARDS","is_daily":false,"chose_seed":false,"campfire_upgraded":1,"win_rate":0.0,"timestamp":1611842465,"path_taken":["M","?","?","M","$","R","M","?","T","R","?","E"],"items_purchased_type":[],"build_version":"2020-12-22","purchased_purges":0,"victory":false,"max_hp_per_floor":[70,70,70,70,70,70,70,70,70,70,70,70,70],"card_choices":[{"not_picked":["Phantasmal Killer","Venomology"],"picked":"Adrenaline","floor":0},{"not_picked":["Underhanded Strike","Prepared"],"picked":"Quick Slash","floor":1},{"not_picked":["Reflex","Acrobatics"],"picked":"Deadly Poison","floor":4},{"not_picked":["Escape Plan","Sucker Punch"],"picked":"Bane","floor":7}],"player_experience":86684,"relics_obtained":[{"floor":9,"key":"Juzu Bracelet"}],"event_choices":[{"cards_removed":["Strike_G"],"damage_healed":0,"gold_gain":0,"player_choice":"Forget","damage_taken":0,"max_hp_gain":0,"max_hp_loss":0,"event_name":"Living Wall","floor":2,"gold_loss":0},{"damage_healed":0,"gold_gain":0,"player_choice":"Success","damage_taken":18,"relics_obtained":["Gambling Chip"],"max_hp_gain":0,"max_hp_loss":0,"event_name":"Scrap Ooze","floor":3,"gold_loss":0},{"damage_healed":0,"gold_gain":0,"player_choice":"Entered Light","damage_taken":14,"max_hp_gain":0,"max_hp_loss":0,"event_name":"Shining Light","floor":8,"gold_loss":0,"cards_upgraded":["Defend_G","Defend_G"]},{"cards_removed":["Strike_G"],"damage_healed":0,"gold_gain":0,"player_choice":"Card Removal","damage_taken":7,"max_hp_gain":0,"max_hp_loss":0,"event_name":"Golden Wing","floor":11,"gold_loss":0}],"is_beta":false,"boss_relics":[],"items_purged_floors":[],"is_endless":false,"potions_floor_spawned":[],"killed_by":"Gremlin Nob","ascension_level":3}}