{"host":"1vzdexsn8vtq5lt7","time":1611849576,"event":{"mods":["Act Like it!","BaseMod","Colored Map","Colored Powertips","Conspire","Downfall","Easy Mod","Energized Spire","Minty Spire (QoL Compilation)","Quick Restart","Relic Stats","Replay The Spire","StSLib","SuperFastMode","TestMod","【功能Mod】Neow奖励","【功能Mod】混沌之环修复补丁","【功能Mod】精心准备","【遗物卡牌】REMEMod","没有小屋子和绿帽子啦"],"gold_per_floor":[99,118,268,268,268,268,268,268,300,327,337,355,355,387,403,501,501,501,512,512,528,542,570,594,626,526,526,526,561,573,585,599,695,695,695,706,719,731,779,796,796,796,806,806,806,861,1194,1094,1104,1104],"floor_reached":51,"language":"ZHS","playtime":1385,"items_purged":["hexamod:Defend"],"score":971,"play_id":"a32afd6f-8a23-4605-9092-55af90a2ea1d","local_time":"20210128235936","is_ascension_mode":false,"campfire_choices":[{"data":"hexamod:TimeOfNeed","floor":1,"key":"SMITH"},{"data":"hexamod:Float","floor":8,"key":"SMITH"},{"data":"hexamod:ExtraCrispy","floor":13,"key":"SMITH"},{"data":"hexamod:UnlimitedPower","floor":18,"key":"SMITH"},{"data":"hexamod:ForkedFlame","floor":26,"key":"SMITH"},{"data":"hexamod:Sear","floor":28,"key":"SMITH"},{"data":"hexamod:UnleashSpirits","floor":35,"key":"SMITH"},{"data":"Pot Of Greed","floor":42,"key":"SMITH"},{"data":"hexamod:RecurringNightmare","floor":45,"key":"SMITH"},{"floor":48,"key":"RECALL"}],"circlet_count":0,"master_deck":["EasyMod:card_1","hexamod:Strike","hexamod:Strike+1","hexamod:Strike","hexamod:Strike","hexamod:Defend","hexamod:Defend","hexamod:Defend+1","hexamod:Sear+1","hexamod:Float+1","Backstab","hexamod:TimeOfNeed+1","hexamod:GhostShield","downfall:Icky","downfall:Malfunctioning","hexamod:Hexaguard","hexamod:NightmareStrike","hexamod:ExtraCrispy+1","hexamod:ForkedFlame+1","hexamod:GhostLash","hexamod:UnlimitedPower+1","hexamod:Hexaguard+1","hexamod:SpectersWail","hexamod:FirstSeal","hexamod:NightmareGuise","hexamod:UnleashSpirits+1","hexamod:InspiringFlames","hexamod:RecurringNightmare+1","Pot Of Greed","Pot Of Greed+1","Pot Of Greed","hexamod:FourthSeal","expansioncontent:QuickStudy+1","hexamod:FlamesFromBeyond+1"],"relics":["hexamod:SpiritBrand","EasyMod:Easy_1","EasyMod:Easy_5","EasyMod:Easy_8","EasyMod:Easy_9","EasyMod:Easy_0","testmod-TestBox","REME_ComplimentaryCards","testmod-Nine","Ring of Panic","Tiny Chest","ReplayTheSpireMod:Lightbulb","Replay:Mystery Machine","Blood Vial","Lantern","hexamod:IceCube","testmod-InjuryResistance","ReplayTheSpireMod:TigerMarble","testmod-ArcanaOfDestiny","downfall:HeartBlessingBlue","PreservedInsect","Nunchaku","energizedSpire:SpiderWeb","Oddly Smooth Stone","Grinning Jar","Blue Candle","Spirit Poop","testmod-IndustrialRevolution","Old Coin","downfall:HeartBlessingGreen"],"acts_visited":["Exordium","TheCity","TheBeyond"],"potions_floor_usage":[],"damage_taken":[{"damage":0,"enemies":"Jaw Worm","floor":2,"turns":3},{"damage":7,"enemies":"Lagavulin","floor":9,"turns":6},{"damage":0,"enemies":"2 Louse","floor":11,"turns":2},{"damage":0,"enemies":"Small Slimes","floor":12,"turns":2},{"damage":0,"enemies":"3 Sentries","floor":14,"turns":6},{"damage":0,"enemies":"3 Louse","floor":15,"turns":2},{"damage":2,"enemies":"WA_ARCHETYPE_RETAIN","floor":16,"turns":4},{"damage":0,"enemies":"Spheric Guardian","floor":19,"turns":2},{"damage":2,"enemies":"Shell Parasite","floor":21,"turns":2},{"damage":0,"enemies":"Snake Plant","floor":22,"turns":2},{"damage":16,"enemies":"Book of Stabbing","floor":23,"turns":3},{"damage":0,"enemies":"Gremlin Leader","floor":25,"turns":4},{"damage":0,"enemies":"Slavers","floor":29,"turns":2},{"damage":1,"enemies":"Cultist and Chosen","floor":30,"turns":2},{"damage":0,"enemies":"Centurion and Healer","floor":31,"turns":2},{"damage":0,"enemies":"3 Cultists","floor":32,"turns":2},{"damage":7,"enemies":"IC_MUSHROOM_ARCHETYPE","floor":33,"turns":4},{"damage":0,"enemies":"3 Shapes","floor":36,"turns":2},{"damage":0,"enemies":"Orb Walker","floor":37,"turns":2},{"damage":0,"enemies":"Maw","floor":38,"turns":4},{"damage":0,"enemies":"Transient","floor":40,"turns":4},{"damage":0,"enemies":"3 Darklings","floor":43,"turns":2},{"damage":0,"enemies":"downfall:FleeingMerchant","floor":46,"turns":2},{"damage":13,"enemies":"Giant Head","floor":47,"turns":4},{"damage":1,"enemies":"Writhing Mass","floor":49,"turns":2},{"damage":6,"enemies":"SI_POISON_ARCHETYPE","floor":50,"turns":4}],"seed_played":"-8109280685383398594","potions_obtained":[{"floor":9,"key":"ColorlessPotion"},{"floor":11,"key":"Fire Potion"},{"floor":21,"key":"Fire Potion"},{"floor":27,"key":"CultistPotion"}],"is_trial":false,"path_per_floor":["R","M","?","?","?","?","T","R","E","T","M","M","R","E","M","B",null,"R","M","?","M","M","E","T","E","R","?","R","E","M","M","M","B",null,"R","M","M","M","T","M","T","R","M","?","R","$","E","R","M","B",null],"character_chosen":"THE_SPIRIT","items_purchased":["expansioncontent:QuickStudy+1"],"campfire_rested":0,"item_purchase_floors":[46],"current_hp_per_floor":[63,63,63,63,63,63,63,63,60,60,63,63,63,63,63,63,63,63,63,52,68,68,52,52,54,64,64,64,73,78,78,78,78,78,78,78,78,78,78,78,78,78,78,78,78,78,72,72,73,72],"gold":1104,"neow_bonus":"THREE_RARE_CARDS","is_daily":false,"chose_seed":false,"campfire_upgraded":9,"win_rate":0.0,"timestamp":1611849576,"path_taken":["R","M","?","?","?","?","T","R","E","?","M","M","R","E","M","BOSS","R","M","?","M","M","E","T","E","R","?","R","E","M","M","M","BOSS","R","M","M","M","?","M","T","R","M","?","R","$","E","R","M","BOSS"],"items_purchased_type":["Card"],"build_version":"2020-12-22","purchased_purges":1,"victory":true,"max_hp_per_floor":[63,63,63,63,63,63,63,63,63,63,63,63,63,63,63,63,63,63,63,68,68,68,68,68,68,78,78,78,78,78,78,78,78,78,78,78,78,78,78,78,78,78,78,78,78,78,78,78,78,78],"relic_stats":{"Blood Vial":12,"Nunchaku":[3],"counters":[26,76],"Blue Candle":[6],"Tiny Chest":1,"PreservedInsect":257,"obtain_stats":[{"Lantern":16,"Spirit Poop":44,"downfall:HeartBlessingGreen":48,"Replay:Mystery Machine":10,"EasyMod:Easy_0":0,"EasyMod:Easy_1":0,"Old Coin":47,"Blood Vial":14,"EasyMod:Easy_5":0,"Nunchaku":32,"testmod-InjuryResistance":23,"EasyMod:Easy_8":0,"downfall:HeartBlessingBlue":26,"EasyMod:Easy_9":0,"Tiny Chest":7,"Ring of Panic":6,"hexamod:SpiritBrand":0,"testmod-ArcanaOfDestiny":25,"testmod-TestBox":0,"Blue Candle":41,"Oddly Smooth Stone":39,"PreservedInsect":29,"energizedSpire:SpiderWeb":34,"testmod-IndustrialRevolution":46,"ReplayTheSpireMod:TigerMarble":25,"Grinning Jar":40,"ReplayTheSpireMod:Lightbulb":9,"testmod-Nine":0,"hexamod:IceCube":17,"REME_ComplimentaryCards":0},{"Lantern":7,"Spirit Poop":22,"downfall:HeartBlessingGreen":24,"Replay:Mystery Machine":2,"EasyMod:Easy_0":0,"EasyMod:Easy_1":0,"Old Coin":24,"Blood Vial":5,"EasyMod:Easy_5":0,"Nunchaku":16,"testmod-InjuryResistance":11,"EasyMod:Easy_8":0,"downfall:HeartBlessingBlue":12,"EasyMod:Easy_9":0,"Tiny Chest":1,"Ring of Panic":1,"hexamod:SpiritBrand":0,"testmod-ArcanaOfDestiny":12,"testmod-TestBox":0,"Blue Candle":21,"Oddly Smooth Stone":20,"PreservedInsect":13,"energizedSpire:SpiderWeb":17,"testmod-IndustrialRevolution":23,"ReplayTheSpireMod:TigerMarble":12,"Grinning Jar":21,"ReplayTheSpireMod:Lightbulb":2,"testmod-Nine":0,"hexamod:IceCube":7,"REME_ComplimentaryCards":0},{"Lantern":25,"Spirit Poop":64,"downfall:HeartBlessingGreen":70,"Replay:Mystery Machine":9,"EasyMod:Easy_0":0,"EasyMod:Easy_1":0,"Old Coin":70,"Blood Vial":19,"EasyMod:Easy_5":0,"Nunchaku":46,"testmod-InjuryResistance":34,"EasyMod:Easy_8":0,"downfall:HeartBlessingBlue":38,"EasyMod:Easy_9":0,"Tiny Chest":3,"Ring of Panic":3,"hexamod:SpiritBrand":0,"testmod-ArcanaOfDestiny":38,"testmod-TestBox":0,"Blue Candle":62,"Oddly Smooth Stone":58,"PreservedInsect":40,"energizedSpire:SpiderWeb":50,"testmod-IndustrialRevolution":66,"ReplayTheSpireMod:TigerMarble":38,"Grinning Jar":62,"ReplayTheSpireMod:Lightbulb":9,"testmod-Nine":0,"hexamod:IceCube":25,"REME_ComplimentaryCards":0}]},"card_choices":[{"not_picked":["hexamod:SearingWound","hexamod:VolcanoVisage"],"picked":"hexamod:TimeOfNeed","floor":0},{"not_picked":["hexamod:GhostOfSpirePast","hexamod:ShieldOfDarkness"],"picked":"hexamod:GhostShield","floor":2},{"not_picked":["hexamod:GhostOfSpireFuture","hexamod:RecurringNightmare"],"picked":"hexamod:Hexaguard","floor":9},{"not_picked":["hexamod:DynamicBlow","hexamod:FastForward"],"picked":"hexamod:NightmareStrike","floor":11},{"not_picked":["hexamod:HauntingEcho","hexamod:GhostOfSpireFuture"],"picked":"hexamod:ExtraCrispy","floor":12},{"not_picked":["hexamod:GhostShield","hexamod:DynamicBlow"],"picked":"hexamod:ForkedFlame","floor":14},{"not_picked":["hexamod:SuperheatedStrike","hexamod:SwordOfDarkness"],"picked":"hexamod:GhostLash","floor":15},{"not_picked":["hexamod:ForkedFlame","hexamod:UnleashSpirits"],"picked":"hexamod:UnlimitedPower","floor":16},{"not_picked":["hexamod:HauntingEcho","hexamod:SpectralAdrenaline"],"picked":"hexamod:Hexaguard+1","floor":19},{"not_picked":["hexamod:ChargedBarrage","hexamod:ThermalTransfer+1","hexamod:ShieldOfDarkness"],"picked":"SKIP","floor":21},{"not_picked":["hexamod:HauntingEcho","hexamod:FlamesFromBeyond"],"picked":"hexamod:SpectersWail","floor":22},{"not_picked":["hexamod:FlamesFromBeyond","hexamod:HeatShield","hexamod:SuperheatedStrike"],"picked":"SKIP","floor":23},{"not_picked":["hexamod:TurnItUp","hexamod:RadiantFlame"],"picked":"hexamod:FirstSeal","floor":25},{"not_picked":["hexamod:GhostLash","hexamod:AdvancingGuard","hexamod:GhostflameBarrier+1"],"picked":"SKIP","floor":29},{"not_picked":["hexamod:HeatShield","hexamod:Haunt+1"],"picked":"hexamod:NightmareGuise","floor":30},{"not_picked":["hexamod:PhantomCloak","hexamod:Firestarter","hexamod:NightmareGuise"],"picked":"SKIP","floor":31},{"not_picked":["hexamod:GhostLash","hexamod:GhostShield","hexamod:HeatMetal+1"],"picked":"SKIP","floor":32},{"not_picked":["hexamod:WildfireWeapon","hexamod:ForkedFlame"],"picked":"hexamod:UnleashSpirits","floor":33},{"not_picked":["hexamod:HeatCrush","hexamod:SpectersWail+1"],"picked":"hexamod:InspiringFlames","floor":36},{"not_picked":["hexamod:HeatMetal","hexamod:ThermalTransfer"],"picked":"hexamod:RecurringNightmare","floor":37},{"not_picked":["hexamod:HauntingEcho+1","hexamod:SuperheatedStrike+1","hexamod:ThermalTransfer"],"picked":"SKIP","floor":38},{"not_picked":["hexamod:BacktrackSmack","hexamod:ThermalTransfer","hexamod:GhostLash+1"],"picked":"SKIP","floor":40},{"not_picked":["hexamod:BacktrackSmack+1","hexamod:HeatShield","hexamod:NightmareGuise"],"picked":"SKIP","floor":43},{"not_picked":["hexamod:HeatShield","hexamod:SpectralAdrenaline"],"picked":"hexamod:FourthSeal","floor":46},{"not_picked":["hexamod:NightmareGuise+1","hexamod:SoulSteal"],"picked":"hexamod:FlamesFromBeyond+1","floor":47},{"not_picked":["hexamod:ShieldOfDarkness","hexamod:NightmareGuise+1","hexamod:BacktrackSmack+1"],"picked":"SKIP","floor":49}],"player_experience":238909,"relics_obtained":[{"floor":6,"key":"Ring of Panic"},{"floor":7,"key":"Tiny Chest"},{"floor":9,"key":"ReplayTheSpireMod:Lightbulb"},{"floor":10,"key":"Replay:Mystery Machine"},{"floor":14,"key":"Blood Vial"},{"floor":16,"key":"Lantern"},{"floor":23,"key":"testmod-InjuryResistance"},{"floor":25,"key":"ReplayTheSpireMod:TigerMarble"},{"floor":25,"key":"testmod-ArcanaOfDestiny"},{"floor":29,"key":"PreservedInsect"},{"floor":32,"key":"Nunchaku"},{"floor":39,"key":"Oddly Smooth Stone"},{"floor":40,"key":"Grinning Jar"},{"floor":41,"key":"Blue Candle"},{"floor":46,"key":"testmod-IndustrialRevolution"},{"floor":47,"key":"Old Coin"}],"event_choices":[{"damage_healed":0,"gold_gain":0,"player_choice":"Disagree","damage_taken":0,"max_hp_gain":0,"max_hp_loss":0,"event_name":"conspire:LoneGhost","floor":4,"gold_loss":0},{"cards_removed":["CommonCold"],"damage_healed":0,"gold_gain":0,"player_choice":"Offered Curse","damage_taken":0,"relics_obtained":["Spirit Poop"],"max_hp_gain":0,"max_hp_loss":0,"event_name":"Bonfire Elementals","floor":44,"gold_loss":0}],"is_beta":false,"boss_relics":[{"not_picked":["Calling Bell","Fusion Hammer"],"picked":"hexamod:IceCube"},{"not_picked":["energizedSpire:OgreHead","energizedSpire:DeadBattery"],"picked":"energizedSpire:SpiderWeb"}],"items_purged_floors":[46],"is_endless":false,"potions_floor_spawned":[9,11,15,21,30,31,32,37,40,43],"ascension_level":0}}