{"host":"0kk91h4bq4kgfj0u","time":1611870617,"event":{"mods":["BaseMod","Minty Spire (QoL Compilation)","StSLib"],"gold_per_floor":[110,90,107,107,118,118,145,145,145,145,174,174,8,19,19,114,114,126,126,139,139,153,153,165,190,190,190,20,52,70,88,88,88,88],"floor_reached":33,"language":"ENG","playtime":1095,"items_purged":[],"score":344,"play_id":"32ddbbf0-4339-4ef5-b06d-b32639cd0703","local_time":"20210128165017","is_ascension_mode":true,"campfire_choices":[{"data":"Infinite Blades","floor":6,"key":"SMITH"},{"floor":8,"key":"REST"},{"data":"Cloak And Dagger","floor":10,"key":"SMITH"},{"floor":12,"key":"REST"},{"data":"Sucker Punch","floor":15,"key":"SMITH"},{"floor":23,"key":"REST"},{"floor":32,"key":"REST"}],"circlet_count":0,"master_deck":["Strike_G+1","Strike_G+1","Strike_G+1","Strike_G+1","Strike_G+1","Defend_G+1","Defend_G+1","Defend_G+1","Defend_G+1","Defend_G+1","Survivor+1","Neutralize","Cloak And Dagger+1","Blade Dance+1","Infinite Blades+1","Outmaneuver","Dagger Spray","Sucker Punch+1","Slice","Envenom","Quick Slash","Noxious Fumes","Deflect","Sucker Punch","Blade Dance","Dagger Throw","Slice","Deflect"],"relics":["Ring of the Snake","Happy Flower","Gremlin Horn","HornCleat","War Paint","Omamori","Tiny Chest","Mummified Hand","MutagenicStrength","Lantern","Potion Belt"],"acts_visited":["Exordium","TheCity"],"potions_floor_usage":[11,29,29,30,33],"damage_taken":[{"damage":0,"enemies":"Small Slimes","floor":1,"turns":4},{"damage":2,"enemies":"Cultist","floor":3,"turns":4},{"damage":0,"enemies":"2 Louse","floor":5,"turns":2},{"damage":27,"enemies":"Lagavulin","floor":7,"turns":8},{"damage":15,"enemies":"3 Sentries","floor":11,"turns":9},{"damage":6,"enemies":"Lots of Slimes","floor":14,"turns":3},{"damage":23,"enemies":"Hexaghost","floor":16,"turns":13},{"damage":15,"enemies":"Spheric Guardian","floor":18,"turns":4},{"damage":14,"enemies":"2 Thieves","floor":20,"turns":4},{"damage":0,"enemies":"Centurion and Healer","floor":22,"turns":7},{"damage":16,"enemies":"Snake Plant","floor":24,"turns":6},{"damage":2,"enemies":"Slavers","floor":29,"turns":5},{"damage":11,"enemies":"Chosen and Byrds","floor":30,"turns":5},{"damage":0,"enemies":"Snecko","floor":31,"turns":4},{"damage":48,"enemies":"Collector","floor":33,"turns":4}],"seed_played":"1776726753694394243","potions_obtained":[{"floor":2,"key":"BlessingOfTheForge"},{"floor":7,"key":"LiquidMemories"},{"floor":11,"key":"Block Potion"},{"floor":18,"key":"Dexterity Potion"},{"floor":31,"key":"ColorlessPotion"}],"is_trial":false,"path_per_floor":["M","?","M","?","M","R","E","R","T","R","E","R","$","M","R","B",null,"M","?","M","?","M","R","M","T","T","?","$","E","M","M","R","B"],"character_chosen":"THE_SILENT","items_purchased":["Omamori","Sucker Punch","Lantern","Blade Dance"],"campfire_rested":4,"item_purchase_floors":[13,13,28,28],"current_hp_per_floor":[70,70,68,68,68,68,41,62,62,62,47,68,68,62,62,39,62,47,47,33,33,33,54,38,38,38,38,38,36,25,25,46,0,0],"gold":88,"neow_bonus":"RANDOM_COMMON_RELIC","is_daily":false,"chose_seed":false,"campfire_upgraded":3,"win_rate":0.0,"timestamp":1611870617,"path_taken":["M","?","?","?","?","R","E","R","T","R","E","R","$","M","R","BOSS","M","?","M","?","M","R","M","?","T","?","?","E","M","?","R","BOSS"],"items_purchased_type":["Relic","Card","Relic","Card"],"build_version":"2020-12-22","purchased_purges":0,"victory":false,"max_hp_per_floor":[70,70,70,70,70,70,70,70,70,70,70,70,70,70,70,70,70,70,70,70,70,70,70,70,70,70,70,70,70,70,70,70,70,70],"card_choices":[{"not_picked":["Dagger Throw","Distraction"],"picked":"Cloak And Dagger","floor":1},{"not_picked":["Bane","Calculated Gamble"],"picked":"Blade Dance","floor":3},{"not_picked":["Deflect","Flying Knee"],"picked":"Infinite Blades","floor":5},{"not_picked":["Concentrate","Masterful Stab"],"picked":"Outmaneuver","floor":7},{"not_picked":["Underhanded Strike","Finisher"],"picked":"Dagger Spray","floor":11},{"not_picked":["Skewer","Malaise"],"picked":"Slice","floor":14},{"not_picked":["Die Die Die","Storm of Steel"],"picked":"Envenom","floor":16},{"not_picked":["Dagger Spray","Acrobatics"],"picked":"Quick Slash","floor":18},{"not_picked":["PiercingWail","Choke+1"],"picked":"Noxious Fumes","floor":20},{"not_picked":["Prepared+1","Dagger Spray"],"picked":"Deflect","floor":22},{"not_picked":["Prepared+1","Flechettes"],"picked":"Sucker Punch","floor":24},{"not_picked":["Glass Knife","Outmaneuver+1"],"picked":"Dagger Throw","floor":29},{"not_picked":["Reflex","Deadly Poison+1"],"picked":"Slice","floor":30},{"not_picked":["Dagger Throw+1","Flying Knee+1"],"picked":"Deflect","floor":31}],"player_experience":818379,"relics_obtained":[{"floor":7,"key":"Gremlin Horn"},{"floor":9,"key":"HornCleat"},{"floor":11,"key":"War Paint"},{"floor":25,"key":"Tiny Chest"},{"floor":26,"key":"Mummified Hand"},{"floor":29,"key":"Potion Belt"}],"event_choices":[{"damage_healed":0,"gold_gain":0,"player_choice":"Bought 1 Potion","damage_taken":0,"max_hp_gain":0,"max_hp_loss":0,"event_name":"The Woman in Blue","floor":2,"gold_loss":0},{"damage_healed":0,"gold_gain":0,"player_choice":"Forge","damage_taken":0,"max_hp_gain":0,"max_hp_loss":0,"event_name":"Accursed Blacksmith","floor":4,"gold_loss":0,"cards_upgraded":["Survivor"]},{"damage_healed":0,"gold_gain":0,"player_choice":"Ignored","damage_taken":0,"max_hp_gain":0,"max_hp_loss":0,"event_name":"Beggar","floor":19,"gold_loss":0},{"damage_healed":0,"gold_gain":0,"player_choice":"Simplicity","damage_taken":0,"max_hp_gain":0,"max_hp_loss":0,"event_name":"Back to Basics","floor":21,"gold_loss":0,"cards_upgraded":["Strike_G","Strike_G","Strike_G","Strike_G","Strike_G","Defend_G","Defend_G","Defend_G","Defend_G"]},{"damage_healed":0,"gold_gain":0,"player_choice":"Inject Mutagens","damage_taken":0,"relics_obtained":["MutagenicStrength"],"max_hp_gain":0,"max_hp_loss":0,"event_name":"Drug Dealer","floor":27,"gold_loss":0}],"is_beta":false,"boss_relics":[{"not_picked":["Ectoplasm","Philosopher\u0027s Stone","Empty Cage"]}],"items_purged_floors":[],"is_endless":false,"potions_floor_spawned":[7,11,18,24,31],"killed_by":"Collector","ascension_level":5}}