{"host":"viepjj0bn20d0lzc","time":1611854743,"event":{"mods":["AchievementEnabler","BaseMod","Better Altar","Better Match","Better Note","Better Sensory Stone","Better Skull","Better Third Choice","Better Vampires","Block Reminder","Colored Map","Colored Powertips","Disable Question Mark Monsters","Downfall","Hermit","Highlight Path","Hubris","Mimic Mod","Minty Spire (QoL Compilation)","Permanent Neow","Practice Mode","Quick Restart","Random Character Button","Rare Cards Sparkle","Relic Sorter","Reliquary","Replay The Spire","StSLib","The Blue Laboratory","The Cursed","The Jungle","The Runesmith","Wandering Minibosses"],"gold_per_floor":[99,99,99,99,99,99,99,164,192,192,212,305,214,228,241,241,241,241],"floor_reached":16,"language":"ENG","playtime":920,"items_purged":[],"score":96,"play_id":"ddb11c41-987b-44f4-b48a-d50fb582f421","local_time":"20210128112543","is_ascension_mode":false,"campfire_choices":[{"floor":1.0,"key":"RECALL"}],"circlet_count":0,"master_deck":["hexamod:Strike","hexamod:Strike","hexamod:Strike","hexamod:Strike","hexamod:Defend","hexamod:Defend","hexamod:Defend","hexamod:Defend","hexamod:Sear","hexamod:Float","hexamod:Rewind","hexamod:Firestarter","hexamod:RainOfEmbers","hexamod:FlamesFromBeyond","hexamod:GhostflameInferno","hexamod:ShieldOfDarkness","hexamod:AdvancingGuard","hexamod:FastForward","hexamod:PowerFromBeyond","hexamod:FirstSeal","hexamod:FlamesFromBeyond"],"relics":["hexamod:SpiritBrand","downfall:HeartsMalice","downfall:BrokenWingStatue","CultistMask","Calipers","Oddly Smooth Stone","Regal Pillow"],"acts_visited":["Exordium"],"potions_floor_usage":[],"damage_taken":[{"damage":0.0,"enemies":"2 Louse","floor":2.0,"turns":1.0},{"damage":0.0,"enemies":"Small Slimes","floor":3.0,"turns":1.0},{"damage":0.0,"enemies":"Cultist","floor":6.0,"turns":1.0},{"damage":27.0,"enemies":"Gremlin Nob","floor":8.0,"turns":4.0},{"damage":20.0,"enemies":"Replay:BlueRogue","floor":9.0,"turns":6.0},{"damage":1,"enemies":"Blue Slaver","floor":11,"turns":3},{"damage":0,"enemies":"downfall:FleeingMerchant","floor":13,"turns":4},{"damage":12,"enemies":"2 Fungi Beasts","floor":14,"turns":5},{"damage":2,"enemies":"Blue Slaver","floor":15,"turns":3},{"damage":34,"enemies":"SI_SHIV_ARCHETYPE","floor":16,"turns":8}],"seed_played":"2369676560291504226","potions_obtained":[{"floor":8.0,"key":"blueLaboratory:BottledHope"},{"floor":9.0,"key":"blueLaboratory:EmptyBottle"},{"floor":11,"key":"Elixir"}],"is_trial":false,"path_per_floor":["R","M","M","?","?","M","T","?","E","?","M","?","$","M","M","B"],"character_chosen":"THE_SPIRIT","items_purchased":["hexamod:FirstSeal"],"campfire_rested":0,"item_purchase_floors":[13],"current_hp_per_floor":[70,70,70,70,70,70,70,43,23,26,25,25,25,20,18,0,0,0],"gold":241,"neow_bonus":"THREE_ENEMY_KILL","is_daily":false,"chose_seed":false,"campfire_upgraded":0,"win_rate":0.0,"timestamp":1611854743,"path_taken":["R","M","M","?","?","?","T","?","E","?","M","?","?","M","M","BOSS"],"items_purchased_type":["Card"],"build_version":"2020-12-22","purchased_purges":0,"victory":false,"max_hp_per_floor":[70,70,70,70,70,70,70,70,70,73,73,73,73,73,73,73,73,73],"card_choices":[{"not_picked":["hexamod:SwordOfDarkness","hexamod:BacktrackSmack"],"picked":"hexamod:Rewind","floor":2.0},{"not_picked":["hexamod:SecondSeal","hexamod:SkipABeat"],"picked":"hexamod:Firestarter","floor":3.0},{"not_picked":["hexamod:Incineration","hexamod:HauntingEcho"],"picked":"hexamod:RainOfEmbers","floor":6.0},{"not_picked":["hexamod:HauntingEcho","hexamod:ShieldOfDarkness"],"picked":"hexamod:FlamesFromBeyond","floor":8.0},{"not_picked":["hexamod:PhantomCloak","hexamod:ThirdSeal"],"picked":"hexamod:GhostflameInferno","floor":9.0},{"not_picked":["hexamod:BurningTouch","hexamod:HeatCrush"],"picked":"hexamod:ShieldOfDarkness","floor":11},{"not_picked":["hexamod:HeatMetal","hexamod:NightmareGuise"],"picked":"hexamod:AdvancingGuard","floor":12},{"not_picked":["hexamod:InspiringFlames","hexamod:HauntingEcho"],"picked":"hexamod:FastForward","floor":12},{"not_picked":["hexamod:RetreatToShadows","hexamod:BurningTouch"],"picked":"hexamod:PowerFromBeyond","floor":13},{"not_picked":["hexamod:GhostShield","hexamod:Again","hexamod:AdvancingGuard"],"picked":"SKIP","floor":14},{"not_picked":["hexamod:HauntingEcho","hexamod:Haunt"],"picked":"hexamod:FlamesFromBeyond","floor":15}],"player_experience":41037,"relics_obtained":[{"floor":9.0,"key":"Oddly Smooth Stone"},{"floor":12,"key":"Regal Pillow"}],"event_choices":[{"damage_healed":0.0,"max_hp_gain":0.0,"max_hp_loss":0.0,"gold_gain":0.0,"event_name":"FaceTrader","player_choice":"Trade","floor":5.0,"gold_loss":0.0,"damage_taken":0.0,"relics_obtained":["CultistMask"]}],"is_beta":false,"boss_relics":[],"items_purged_floors":[],"is_endless":false,"potions_floor_spawned":[8,9,11,14],"killed_by":"SI_SHIV_ARCHETYPE","ascension_level":0}}