{"host":"g8iwl4xt8d9tko0g","time":1611820894,"event":{"mods":["AchievementEnabler","Bartender","BaseMod","Better Match","Better Sensory Stone","Better Skull","Block Reminder","Colored Map","Colored Powertips","Downfall","Energized Spire","Evolution","Googly Eyes","Halation","Highlight Path","Hubris","LagranYue(???·?)","Luminous","Magitek Elite","Marisa????????","Melee Mod","Minty Spire (QoL Compilation)","Reliquary","Replay The Spire","Shop Mod","Spire Arcade","StSLib","SuperFastMode","The Alterego","The Animator","The Bladedancer","The Marked","The Mystic","The Servant 0.9.4","The Wild Card","Transform Curses","Uncapped","everything is the same but u backflip on backflip"],"gold_per_floor":[110,135,135,146,146,173,173,186,235,290,321,335,36,51,51,179,179,196,222,222,222,79,79,99,136,136,136,184,192,192],"floor_reached":29,"language":"ENG","playtime":1391,"items_purged":[],"score":227,"play_id":"7d0863e1-9fda-44a6-a280-4986e4c04a40","local_time":"20210128000134","is_ascension_mode":false,"campfire_choices":[{"floor":7,"key":"REST"},{"floor":15,"key":"RECALL"},{"data":"animator:Mitsurugi","floor":23,"key":"SMITH"}],"circlet_count":0,"master_deck":["animator:UneriGinkaku","animator:Defend_Konosuba","animator:Strike","animator:Strike","animator:Defend","animator:Defend","animator:Defend","animator:Kazuma","animator:Aqua","animator:Mitsurugi+1","animator:YunYun","animator:Darkness","animator:Chris","animator:Eris","animator:Mitsurugi"],"relics":["animator:LivingPicture","animator:TheMissingPiece","EVO:Axolotl","LagranYue:RandomDrawCardRelic","reliquary:PartyBalloon","MerchantsRug","Replay:Rubber Ducky","LagranYue:SoulBurningRelic","Medical Kit","reliquary:Stiletto"],"acts_visited":["Exordium","TheCity"],"potions_floor_usage":[16,24,25],"damage_taken":[{"damage":0,"enemies":"Small Slimes","floor":1,"turns":4},{"damage":0,"enemies":"Cultist","floor":2,"turns":4},{"damage":0,"enemies":"2 Louse","floor":4,"turns":4},{"damage":28,"enemies":"Gremlin Nob","floor":6,"turns":5},{"damage":0,"enemies":"Looter","floor":8,"turns":3},{"damage":0,"enemies":"Blue Slaver","floor":11,"turns":2},{"damage":0,"enemies":"Exordium Thugs","floor":12,"turns":4},{"damage":0,"enemies":"Lots of Slimes","floor":14,"turns":2},{"damage":51,"enemies":"Fading Forest","floor":16,"turns":11},{"damage":5,"enemies":"3 Byrds","floor":18,"turns":3},{"damage":6,"enemies":"Shell Parasite","floor":19,"turns":5},{"damage":39,"enemies":"Snecko","floor":24,"turns":8},{"damage":12,"enemies":"Centurion and Healer","floor":25,"turns":9},{"damage":26,"enemies":"animator:HornedBat","floor":29,"turns":5}],"seed_played":"4574342027464049138","potions_obtained":[{"floor":2,"key":"Adrenaline Potion"},{"floor":4,"key":"FearPotion"},{"floor":8,"key":"Ancient Potion"},{"floor":16,"key":"Swift Potion"},{"floor":18,"key":"CultistPotion"},{"floor":24,"key":"Flashbang"}],"is_trial":false,"path_per_floor":["M","M","?","M","?","E","R","M","T","?","M","M","$","M","R","B",null,"M","M","$","?","$","R","M","M","PTL","PTL","T","E"],"character_chosen":"THE_ANIMATOR","items_purchased":["MerchantsRug","Replay:Rubber Ducky","Medical Kit"],"campfire_rested":1,"item_purchase_floors":[13,13,22],"current_hp_per_floor":[66,66,66,66,66,39,59,61,61,61,63,65,65,68,68,26,68,63,60,60,68,68,68,29,20,20,20,20,0,0],"gold":192,"neow_bonus":"RANDOM_EVENT","is_daily":false,"chose_seed":false,"campfire_upgraded":1,"win_rate":0.0,"timestamp":1611820894,"path_taken":["M","M","?","M","?","E","R","?","T","?","M","M","$","M","R","BOSS","M","M","$","?","?","R","?","M","PTL","PTL","T","E"],"items_purchased_type":["Relic","Relic","Relic"],"build_version":"2020-12-22","purchased_purges":0,"victory":false,"max_hp_per_floor":[66,66,66,66,66,67,67,67,67,67,67,67,67,68,68,68,68,68,68,68,68,68,68,68,68,68,68,68,68,68],"card_choices":[{"not_picked":["animator:PandorasActor","animator:Sebas","animator:Pride"],"picked":"SKIP","floor":1},{"not_picked":["animator:Gluttony","animator:PandorasActor"],"picked":"animator:Mitsurugi","floor":2},{"not_picked":["animator:Bozes","animator:Hakurou","animator:Kazuma"],"picked":"SKIP","floor":4},{"not_picked":["animator:Vanir","animator:Chris"],"picked":"animator:YunYun","floor":6},{"not_picked":["animator:YaoHaDucy","animator:Kuribayashi","animator:MaesHughes"],"picked":"SKIP","floor":8},{"not_picked":["animator:WinryRockbell","animator:Vesta"],"picked":"animator:Darkness","floor":11},{"not_picked":["animator:MumenRider","animator:Sonic","animator:Kazuma"],"picked":"SKIP","floor":12},{"not_picked":["animator:YunYun","animator:Verdia"],"picked":"animator:Chris","floor":14},{"not_picked":["animator:Saitama","animator:Father"],"picked":"animator:Eris","floor":16},{"not_picked":["animator:YuiTsuruno+1","animator:Tatsumaki","animator:Sonic"],"picked":"SKIP","floor":18},{"not_picked":["animator:IrohaTamaki","animator:MumenRider","animator:ElricAlphonse"],"picked":"SKIP","floor":19},{"not_picked":["animator:SilverFang","animator:YunYun+1","animator:RoyMustang"],"picked":"SKIP","floor":24},{"not_picked":["animator:Verdia","animator:Aqua"],"picked":"animator:Mitsurugi","floor":25}],"player_experience":199322,"relics_obtained":[{"floor":6,"key":"reliquary:PartyBalloon"},{"floor":28,"key":"reliquary:Stiletto"}],"event_choices":[{"damage_healed":0,"gold_gain":0,"cards_transformed":["animator:Strike"],"player_choice":"Change","damage_taken":0,"max_hp_gain":0,"max_hp_loss":0,"event_name":"Living Wall","floor":0,"gold_loss":0,"cards_obtained":["animator:MadokaKaname"]},{"damage_healed":0,"gold_gain":0,"player_choice":"Leave","damage_taken":0,"max_hp_gain":0,"max_hp_loss":0,"event_name":"The Cleric","floor":3,"gold_loss":0},{"cards_removed":["animator:MadokaKaname"],"damage_healed":0,"gold_gain":0,"player_choice":"Purged","damage_taken":0,"max_hp_gain":0,"max_hp_loss":0,"event_name":"Purifier","floor":5,"gold_loss":0},{"damage_healed":0,"gold_gain":55,"player_choice":"Gained Gold","damage_taken":0,"max_hp_gain":0,"max_hp_loss":0,"event_name":"Golden Wing","floor":10,"gold_loss":0},{"damage_healed":22,"gold_gain":0,"player_choice":"Heal","damage_taken":0,"max_hp_gain":0,"max_hp_loss":0,"event_name":"The Library","floor":21,"gold_loss":0}],"is_beta":false,"boss_relics":[{"not_picked":["halation:Risk","Replay:Wanted Poster"],"picked":"LagranYue:SoulBurningRelic"}],"items_purged_floors":[],"is_endless":false,"potions_floor_spawned":[2,4,8,16,18,24],"killed_by":"animator:HornedBat","ascension_level":0}}