{"host":"nwd160me4iqdtr8u","time":1611829211,"event":{"mods":["AchievementEnabler","Act Like it!","BaseMod","Colored Map","DeckTracker","Minty Spire (QoL Compilation)","Quick Restart","Rare Cards Sparkle","StSLib","SuperFastMode","everything is the same but u backflip on backflip"],"gold_per_floor":[110,60,60,60,37,65,65,65,65,79,97,22,22,51,51,154,154,165,38,38,38,48,48,83,98,125,125,137,155,155,155,155,251,251,261,14,64,0,0,34,34,65,65,114,114,114,114,127,127,127],"floor_reached":51,"language":"KOR","playtime":2063,"items_purged":["Strike_G","Strike_G"],"score":1121,"play_id":"d5b73b1f-8536-4fa2-9422-5ec8f599a27f","local_time":"20210128192011","is_ascension_mode":true,"campfire_choices":[{"floor":7.0,"key":"REST"},{"data":"Calculated Gamble","floor":15.0,"key":"SMITH"},{"data":"Footwork","floor":23.0,"key":"SMITH"},{"data":"Infinite Blades","floor":27.0,"key":"SMITH"},{"floor":32.0,"key":"REST"},{"data":"Riddle With Holes","floor":41.0,"key":"SMITH"},{"floor":45.0,"key":"REST"},{"data":"Blade Dance","floor":47.0,"key":"SMITH"},{"data":"PiercingWail","floor":49.0,"key":"SMITH"}],"circlet_count":0,"master_deck":["AscendersBane","Strike_G","Defend_G","Defend_G","Defend_G","Defend_G","Defend_G","Survivor","Neutralize","Infinite Blades+1","Dagger Spray","Dagger Throw","Calculated Gamble+1","Escape Plan","Terror+1","Footwork+1","Sucker Punch","Acrobatics","PiercingWail+1","Crippling Poison","Riddle With Holes+1","Storm of Steel","Blade Dance+1","Wraith Form v2+1","Blur+1","Blur+1"],"relics":["Ring of the Snake","Shuriken","Akabeko","Paper Crane","Ornamental Fan","Centennial Puzzle","Black Star","Eternal Feather","Smiling Mask","Pen Nib","Omamori","WristBlade","Blood Vial","Ice Cream","Red Mask","Vajra","Ancient Tea Set","Frozen Egg 2","Bag of Marbles","Bottled Tornado","Du-Vu Doll","Question Card"],"acts_visited":["Exordium","TheCity","TheBeyond"],"potions_floor_usage":[50],"damage_taken":[{"damage":1.0,"enemies":"Cultist","floor":1.0,"turns":6.0},{"damage":24.0,"enemies":"3 Sentries","floor":6.0,"turns":9.0},{"damage":1.0,"enemies":"2 Louse","floor":10.0,"turns":3.0},{"damage":0.0,"enemies":"Small Slimes","floor":11.0,"turns":2.0},{"damage":18.0,"enemies":"Gremlin Nob","floor":14.0,"turns":4.0},{"damage":37.0,"enemies":"Slime Boss","floor":16.0,"turns":9.0},{"damage":4.0,"enemies":"3 Byrds","floor":18.0,"turns":3.0},{"damage":4.0,"enemies":"Shell Parasite","floor":22.0,"turns":4.0},{"damage":5.0,"enemies":"Book of Stabbing","floor":24.0,"turns":6.0},{"damage":4.0,"enemies":"Snake Plant","floor":25.0,"turns":6.0},{"damage":21.0,"enemies":"Sentry and Sphere","floor":28.0,"turns":10.0},{"damage":11.0,"enemies":"Snecko","floor":29.0,"turns":6.0},{"damage":10.0,"enemies":"Colosseum Slavers","floor":30.0,"turns":2.0},{"damage":41.0,"enemies":"Collector","floor":33.0,"turns":10.0},{"damage":6.0,"enemies":"3 Shapes","floor":35.0,"turns":2.0},{"damage":6.0,"enemies":"Mind Bloom Boss Battle","floor":37.0,"turns":8.0},{"damage":12.0,"enemies":"Reptomancer","floor":40.0,"turns":5.0},{"damage":31.0,"enemies":"Nemesis","floor":42.0,"turns":3.0},{"damage":26.0,"enemies":"2 Orb Walkers","floor":44.0,"turns":6.0},{"damage":1.0,"enemies":"Orb Walker","floor":48.0,"turns":2.0},{"damage":15,"enemies":"Time Eater","floor":50,"turns":11}],"seed_played":"4485284647019947287","potions_obtained":[{"floor":6.0,"key":"Poison Potion"},{"floor":10.0,"key":"Explosive Potion"},{"floor":16.0,"key":"LiquidBronze"},{"floor":28.0,"key":"AttackPotion"},{"floor":33.0,"key":"Fruit Juice"},{"floor":42.0,"key":"LiquidBronze"},{"floor":44.0,"key":"LiquidMemories"},{"floor":48.0,"key":"DistilledChaos"}],"is_trial":false,"path_per_floor":["M","?","?","?","$","E","R","?","T","M","M","$","?","E","R","B",null,"M","$","?","?","M","R","E","M","T","R","M","M","?","?","R","B",null,"M","$","?","?","?","E","R","E","T","?","R","T","R","M","R","B",null],"character_chosen":"THE_SILENT","items_purchased":["Dagger Spray","Footwork","Block Potion","Blood Vial","Explosive Potion"],"campfire_rested":3,"item_purchase_floors":[5,19,19,36,36],"current_hp_per_floor":[69,69,66,59,59,35,58,58,58,57,57,57,57,39,39,2,58,54,54,54,54,50,50,45,41,41,53,32,21,11,11,46,10,64,58,58,54,54,54,44,56,27,27,3,41,41,56,57,72,59],"gold":127,"neow_bonus":"TEN_PERCENT_HP_BONUS","is_daily":false,"chose_seed":false,"campfire_upgraded":6,"win_rate":0.0,"timestamp":1611829211,"path_taken":["M","?","?","?","$","E","R","?","T","M","?","$","?","E","R","BOSS","M","$","?","?","M","R","E","M","T","R","?","M","?","?","R","BOSS","M","$","?","?","?","E","R","E","T","?","R","?","R","M","R","BOSS"],"items_purchased_type":["Card","Card","Potion","Relic","Potion"],"build_version":"2020-12-22","purchased_purges":2,"victory":true,"max_hp_per_floor":[77,77,77,77,77,77,77,77,77,77,77,77,77,77,77,77,77,77,77,77,77,77,77,77,77,77,77,77,77,77,77,77,82,82,82,82,82,82,78,78,78,78,78,78,78,78,78,78,78,78],"card_choices":[{"not_picked":["Deflect","PiercingWail"],"picked":"Infinite Blades","floor":1.0},{"not_picked":["Bane","Footwork"],"picked":"Dagger Throw","floor":6.0},{"not_picked":["Finisher","Dagger Spray"],"picked":"Calculated Gamble","floor":10.0},{"not_picked":["Finisher","Dodge and Roll"],"picked":"Escape Plan","floor":11.0},{"not_picked":["Underhanded Strike","Deadly Poison","Poisoned Stab"],"picked":"SKIP","floor":14.0},{"not_picked":["Dagger Spray","Expertise+1"],"picked":"Terror","floor":18.0},{"not_picked":["Quick Slash+1","Cloak And Dagger"],"picked":"Sucker Punch","floor":22.0},{"not_picked":["Sucker Punch","Dagger Spray"],"picked":"Acrobatics","floor":24.0},{"not_picked":["Dagger Throw","Flechettes"],"picked":"PiercingWail","floor":25.0},{"not_picked":["Doppelganger","Infinite Blades+1"],"picked":"Crippling Poison","floor":28.0},{"not_picked":["Deadly Poison","Expertise"],"picked":"Riddle With Holes","floor":29.0},{"not_picked":["Die Die Die","Grand Finale"],"picked":"Storm of Steel","floor":33.0},{"not_picked":["Footwork","Poisoned Stab","Dagger Throw+1"],"picked":"SKIP","floor":35.0},{"not_picked":["Caltrops","Endless Agony+1"],"picked":"Blade Dance","floor":37.0},{"not_picked":["Dagger Spray+1","Riddle With Holes","Deadly Poison+1"],"picked":"SKIP","floor":40.0},{"not_picked":["Slice","Backflip+1"],"picked":"Wraith Form v2+1","floor":42.0},{"not_picked":["Bane+1","Cloak And Dagger+1"],"picked":"Blur+1","floor":44.0},{"not_picked":["Acrobatics+1","Catalyst","Underhanded Strike"],"picked":"Blur+1","floor":48.0}],"player_experience":271470,"relics_obtained":[{"floor":6.0,"key":"Akabeko"},{"floor":9.0,"key":"Ornamental Fan"},{"floor":14.0,"key":"Centennial Puzzle"},{"floor":24.0,"key":"Eternal Feather"},{"floor":24.0,"key":"Smiling Mask"},{"floor":26.0,"key":"Pen Nib"},{"floor":37.0,"key":"Ice Cream"},{"floor":40.0,"key":"Vajra"},{"floor":40.0,"key":"Ancient Tea Set"},{"floor":42.0,"key":"Frozen Egg 2"},{"floor":42.0,"key":"Bag of Marbles"},{"floor":43.0,"key":"Bottled Tornado"},{"floor":44.0,"key":"Du-Vu Doll"},{"floor":46.0,"key":"Question Card"}],"event_choices":[{"cards_removed":["Strike_G"],"damage_healed":0.0,"max_hp_gain":0.0,"max_hp_loss":0.0,"gold_gain":0.0,"event_name":"The Cleric","player_choice":"Card Removal","floor":2.0,"gold_loss":50.0,"damage_taken":0.0},{"damage_healed":0.0,"max_hp_gain":0.0,"max_hp_loss":0.0,"gold_gain":0.0,"event_name":"Scrap Ooze","player_choice":"Success","floor":3.0,"gold_loss":0.0,"damage_taken":3.0,"relics_obtained":["Shuriken"]},{"cards_removed":["Strike_G"],"damage_healed":0.0,"max_hp_gain":0.0,"max_hp_loss":0.0,"gold_gain":0.0,"event_name":"Golden Wing","player_choice":"Card Removal","floor":4.0,"gold_loss":0.0,"damage_taken":7.0},{"damage_healed":0.0,"max_hp_gain":0.0,"max_hp_loss":0.0,"gold_gain":0.0,"event_name":"WeMeetAgain","player_choice":"Gave Potion","floor":8.0,"gold_loss":0.0,"damage_taken":0.0,"relics_obtained":["Paper Crane"]},{"damage_healed":0.0,"max_hp_gain":0.0,"max_hp_loss":0.0,"gold_gain":0.0,"event_name":"Liars Game","player_choice":"Ignored","floor":13.0,"gold_loss":0.0,"damage_taken":0.0},{"damage_healed":0.0,"max_hp_gain":0.0,"max_hp_loss":0.0,"gold_gain":0.0,"event_name":"Upgrade Shrine","player_choice":"Upgraded","floor":21.0,"gold_loss":0.0,"damage_taken":0.0,"cards_upgraded":["Terror"]},{"damage_healed":0.0,"max_hp_gain":0.0,"max_hp_loss":0.0,"gold_gain":0.0,"event_name":"Colosseum","player_choice":"Fight","floor":30.0,"gold_loss":0.0,"damage_taken":0.0},{"damage_healed":0.0,"max_hp_gain":0.0,"max_hp_loss":0.0,"gold_gain":0.0,"event_name":"Colosseum","player_choice":"Fled From Nobs","floor":30.0,"gold_loss":0.0,"damage_taken":0.0},{"damage_healed":0.0,"max_hp_gain":0.0,"max_hp_loss":0.0,"gold_gain":0.0,"event_name":"The Mausoleum","player_choice":"Opened","floor":31.0,"gold_loss":0.0,"damage_taken":0.0,"relics_obtained":["Omamori"]},{"damage_healed":0.0,"max_hp_gain":0.0,"max_hp_loss":0.0,"gold_gain":0.0,"event_name":"MindBloom","player_choice":"Fight","floor":37.0,"gold_loss":0.0,"damage_taken":0.0},{"damage_healed":0.0,"max_hp_gain":0.0,"max_hp_loss":0.0,"gold_gain":0.0,"event_name":"Tomb of Lord Red Mask","player_choice":"Paid","floor":38.0,"gold_loss":64.0,"damage_taken":0.0,"relics_obtained":["Red Mask"]},{"damage_healed":0.0,"max_hp_gain":0.0,"max_hp_loss":4.0,"gold_gain":0.0,"event_name":"Winding Halls","player_choice":"Max HP","floor":39.0,"gold_loss":0.0,"damage_taken":0.0},{"damage_healed":0.0,"max_hp_gain":0.0,"max_hp_loss":0.0,"gold_gain":0.0,"event_name":"Mysterious Sphere","player_choice":"Fight","floor":44.0,"gold_loss":0.0,"damage_taken":0.0}],"is_beta":false,"boss_relics":[{"not_picked":["Velvet Choker","Coffee Dripper"],"picked":"Black Star"},{"not_picked":["Sozu","Calling Bell"],"picked":"WristBlade"}],"items_purged_floors":[12,36],"is_endless":false,"potions_floor_spawned":[6,10,16,28,33,42,44,48],"ascension_level":11}}