{"host":"1gh1pdv85cipbjj7","time":1611795425,"event":{"mods":["BaseMod","Colored Map","Downfall","GifTheSpireLib","Infinite Spire","Minty Spire (QoL Compilation)","Permanent Neow","StSLib","The Jungle"],"gold_per_floor":[99,117,27,27,45,145,145,165,198,198,7,21,121,140,157,157,157,157],"floor_reached":16,"language":"ENG","playtime":1593,"items_purged":["champ:Strike"],"score":107,"play_id":"ec06fad7-53ed-418c-b963-7f612d0ec504","local_time":"20210127185705","is_ascension_mode":true,"campfire_choices":[{"data":"champ:Taunt","floor":1,"key":"SMITH"},{"floor":10,"key":"REST"}],"circlet_count":0,"master_deck":["champ:Strike","champ:Strike","champ:Strike","champ:Defend","champ:Defend","champ:Defend","champ:Defend+1","champ:Execute","champ:Taunt+1","champ:GutPunch","champ:Lariat+1","champ:SkillfulDodge","champ:PreemptiveStrike","champ:GutPunch","champ:FaceSlap","champ:ShieldSigil","champ:Shatter"],"relics":["sneckomod:SneckoSoul","champ:DefensiveTrainingManual","infinitespire:Cubic Diamond","downfall:GremlinWheel","War Paint","infinitespire:Beetle Shell","Darkstone Periapt","Pen Nib"],"acts_visited":["Exordium"],"potions_floor_usage":[6,9,14,16],"damage_taken":[{"damage":21,"enemies":"Jaw Worm","floor":2,"turns":4},{"damage":20,"enemies":"downfall:FleeingMerchant","floor":3,"turns":4},{"damage":15,"enemies":"2 Louse","floor":5,"turns":4},{"damage":60,"enemies":"2 Louse","floor":6,"turns":5},{"damage":14,"enemies":"Cultist","floor":8,"turns":4},{"damage":73,"enemies":"3 Sentries","floor":9,"turns":12},{"damage":15,"enemies":"downfall:FleeingMerchant","floor":11,"turns":4},{"damage":28,"enemies":"Large Slime","floor":12,"turns":5},{"damage":27,"enemies":"Gremlin Gang","floor":14,"turns":5},{"damage":15,"enemies":"3 Louse","floor":15,"turns":5},{"damage":65,"enemies":"IC_STATUS_ARCHETYPE","floor":16,"turns":8}],"seed_played":"-6401053775794337222","potions_obtained":[{"floor":2,"key":"hexamod:SoulburnPotion"},{"floor":6,"key":"SpeedPotion"},{"floor":8,"key":"Block Potion"},{"floor":12,"key":"AttackPotion"}],"is_trial":false,"path_per_floor":["R","M","$","?","M","?","T","M","E","R","$","M","?","M","M","B"],"character_chosen":"THE_CHAMP","items_purchased":["Pen Nib","champ:FaceSlap"],"campfire_rested":1,"item_purchase_floors":[11,11],"current_hp_per_floor":[90,89,89,89,89,49,49,45,25,52,52,49,49,47,42,0,0,0],"gold":157,"neow_bonus":"RANDOM_COMMON_RELIC","is_daily":false,"chose_seed":false,"campfire_upgraded":1,"win_rate":0.0,"timestamp":1611795425,"path_taken":["R","M","$","?","M","?","T","?","E","R","$","M","?","?","M","BOSS"],"items_purchased_type":["Relic","Card"],"build_version":"2020-12-22","purchased_purges":1,"victory":false,"max_hp_per_floor":[90,90,90,90,90,90,90,90,90,90,90,90,90,90,90,90,90,90],"card_choices":[{"not_picked":["champ:FanOfKnives","champ:EnragedBash"],"picked":"champ:GutPunch","floor":2},{"not_picked":["champ:CrookedStrike","champ:FanOfKnives"],"picked":"champ:Lariat","floor":3},{"not_picked":["champ:Endure","champ:Encircle"],"picked":"champ:SkillfulDodge","floor":5},{"not_picked":["champ:GutPunch","champ:Duel"],"picked":"champ:PreemptiveStrike","floor":8},{"not_picked":["champ:DefensiveStyle","champ:CalledShot"],"picked":"champ:GutPunch","floor":9},{"not_picked":["champ:Parry","champ:ArenaPreparation","champ:BladeFlurry"],"picked":"SKIP","floor":11},{"not_picked":["champ:DefensiveShout","champ:Shatter"],"picked":"champ:ShieldSigil","floor":12},{"not_picked":["champ:Duel","champ:FocusedDefense"],"picked":"champ:Shatter","floor":14},{"not_picked":["champ:CrookedStrike","champ:PreciseThrust","champ:BladeFlurry"],"picked":"SKIP","floor":15}],"player_experience":768537,"relics_obtained":[{"floor":6,"key":"downfall:GremlinWheel"},{"floor":7,"key":"War Paint"},{"floor":9,"key":"infinitespire:Beetle Shell"},{"floor":10,"key":"Darkstone Periapt"}],"event_choices":[{"damage_healed":0,"gold_gain":0,"player_choice":"Relic","damage_taken":0,"max_hp_gain":0,"max_hp_loss":0,"event_name":"Wheel of Change","floor":10,"gold_loss":0}],"is_beta":false,"boss_relics":[],"items_purged_floors":[3],"is_endless":false,"potions_floor_spawned":[2,6,8,12],"killed_by":"IC_STATUS_ARCHETYPE","ascension_level":1}}