{"host":"kmq7aw60w430zvtx","time":1611874403,"event":{"mods":["BaseMod","Downfall","GifTheSpireLib","Hermit","Hubris","Minty Spire (QoL Compilation)","Reliquary","StSLib","The Construct","The Cursed","The Hierophant","The Jungle","The Necromancer","The Runesmith"],"gold_per_floor":[114,114,129,146,157,157,168,168,168,200,275,275,56,66,66,167,167,179,179,198,158,158,158],"floor_reached":22,"language":"ENG","playtime":1045,"items_purged":[],"score":223,"play_id":"ea7f6cb6-2282-4f8c-826c-ea4d360dbd3a","local_time":"20210128235323","is_ascension_mode":true,"campfire_choices":[{"floor":6,"key":"RECALL"},{"data":"Dark Embrace","floor":8,"key":"SMITH"},{"data":"Anger","floor":15,"key":"SMITH"}],"circlet_count":0,"master_deck":["Strike_R","Strike_R","Strike_R","Strike_R","Defend_R","Defend_R","Defend_R","Bash","Cleave","Reckless Charge","Dark Embrace+1","Anger+1","Evolve","hubris:ReadiedAction","Immolate","Finesse","Cleave","Barricade","Havoc","Sword Boomerang","Havoc"],"relics":["Burning Blood","hubris:ToyBattleship","Nunchaku","SacredBark"],"acts_visited":["Exordium","TheCity"],"potions_floor_usage":[10,10,16,16,16,22],"damage_taken":[{"damage":7,"enemies":"Jaw Worm","floor":1,"turns":3},{"damage":6,"enemies":"Cultist","floor":3,"turns":3},{"damage":4,"enemies":"2 Louse","floor":4,"turns":3},{"damage":11,"enemies":"Looter","floor":5,"turns":4},{"damage":9,"enemies":"Red Slaver","floor":7,"turns":2},{"damage":9,"enemies":"3 Sentries","floor":10,"turns":5},{"damage":10,"enemies":"2 Fungi Beasts","floor":14,"turns":4},{"damage":26,"enemies":"Hexaghost","floor":16,"turns":7},{"damage":45,"enemies":"2 Thieves","floor":18,"turns":4},{"damage":7,"enemies":"Chosen","floor":20,"turns":4},{"damage":45,"enemies":"Shelled Parasite and Fungi","floor":22,"turns":3}],"seed_played":"677643097266389398","potions_obtained":[{"floor":1,"key":"DuplicationPotion"},{"floor":4,"key":"HeartOfIron"},{"floor":5,"key":"Regen Potion"},{"floor":10,"key":"Strength Potion"},{"floor":14,"key":"Fruit Juice"},{"floor":21,"key":"DuplicationPotion"},{"floor":21,"key":"sneckomod:MuddlingPotion"},{"floor":21,"key":"construct:ShiftPotion"}],"is_trial":false,"path_per_floor":["M","?","M","M","M","R","M","R","T","E","?","?","$","M","R","B",null,"M","?","M","?","M"],"character_chosen":"IRONCLAD","items_purchased":["Immolate","Finesse"],"campfire_rested":0,"item_purchase_floors":[13,13],"current_hp_per_floor":[79,71,71,73,68,68,65,65,65,76,65,58,58,54,54,39,85,46,46,45,45,0,0],"gold":158,"neow_bonus":"RANDOM_COMMON_RELIC","is_daily":false,"chose_seed":false,"campfire_upgraded":2,"win_rate":0.0,"timestamp":1611874403,"path_taken":["M","?","?","M","M","R","M","R","T","E","?","?","$","M","R","BOSS","M","?","?","?","M"],"items_purchased_type":["Card","Card"],"build_version":"2020-12-22","purchased_purges":0,"victory":false,"max_hp_per_floor":[80,80,80,80,80,80,80,80,80,80,80,80,80,80,80,85,85,85,85,85,85,85,85],"card_choices":[{"not_picked":["Body Slam","Twin Strike"],"picked":"Cleave","floor":1},{"not_picked":["Shrug It Off","Pummel"],"picked":"Reckless Charge","floor":3},{"not_picked":["Perfected Strike","Rupture"],"picked":"Dark Embrace","floor":4},{"not_picked":["Searing Blow","Headbutt"],"picked":"Anger","floor":5},{"not_picked":["Perfected Strike","Body Slam"],"picked":"Evolve","floor":7},{"not_picked":["Hemokinesis","Dual Wield"],"picked":"hubris:ReadiedAction","floor":10},{"not_picked":["Clash","Shockwave"],"picked":"Cleave","floor":14},{"not_picked":["Exhume","Offering"],"picked":"Barricade","floor":16},{"not_picked":["Wild Strike","Anger"],"picked":"Havoc","floor":18},{"not_picked":["Brutality","Pommel Strike"],"picked":"Havoc","floor":20}],"player_experience":317188,"relics_obtained":[{"floor":10,"key":"Nunchaku"}],"event_choices":[{"damage_healed":0,"gold_gain":0,"player_choice":"Damaged","damage_taken":8,"max_hp_gain":0,"max_hp_loss":0,"event_name":"Wheel of Change","floor":2,"gold_loss":0},{"damage_healed":0,"gold_gain":75,"player_choice":"Gather Gold","damage_taken":11,"max_hp_gain":0,"max_hp_loss":0,"event_name":"World of Goop","floor":11,"gold_loss":0},{"cards_removed":["Strike_R"],"damage_healed":0,"gold_gain":0,"player_choice":"Card Removal","damage_taken":7,"max_hp_gain":0,"max_hp_loss":0,"event_name":"Golden Wing","floor":12,"gold_loss":0},{"damage_healed":0,"gold_gain":0,"cards_transformed":["Defend_R"],"player_choice":"Transformed","damage_taken":0,"max_hp_gain":0,"max_hp_loss":0,"event_name":"Transmorgrifier","floor":19,"gold_loss":0,"cards_obtained":["Sword Boomerang"]},{"damage_healed":0,"gold_gain":0,"player_choice":"Bought 3 Potions","damage_taken":0,"max_hp_gain":0,"max_hp_loss":0,"event_name":"The Woman in Blue","floor":21,"gold_loss":0}],"is_beta":false,"boss_relics":[{"not_picked":["hubris:GrandSneckoEye","hubris:HollowSoul"],"picked":"SacredBark"}],"items_purged_floors":[],"is_endless":false,"potions_floor_spawned":[1,4,5,10,14],"killed_by":"Shelled Parasite and Fungi","ascension_level":4}}