{"host":"1ecbliur7lfoj0sl","time":1611813047,"event":{"mods":["BaseMod","KinomotoSakuraMod(Ä¾Ö®±¾Ó£)","Minty Spire (QoL Compilation)","StSLib","Waifu the Spire"],"gold_per_floor":[111,111,124,200,215,215,215,140,167,167,234,284,303,334,334,430,430,441,341,403,418,430,465,526,526,551,562,572,376,408,383,383,485,535,550,650,669,438,449,480,530,555,555,555,573,584,613,663,663,663,663,663,245,273,273],"floor_reached":56,"language":"ZHS","playtime":3573,"items_purged":["ClowCardTheSword","ClowCardTheShield","ClowCardTheShield","ClowCardTheSword","SakuraCardTheSword+"],"score":1706,"play_id":"b0e7decf-8718-41c7-835c-b2dd0967e216","local_time":"20210128135047","is_ascension_mode":true,"campfire_choices":[{"data":"SpellCardSeal","floor":6.0,"key":"SMITH"},{"floor":10.0,"key":"RECALL"},{"data":"ClowCardTheVoice","floor":15.0,"key":"SMITH"},{"data":"ClowCardTheFlower","floor":25.0,"key":"SMITH"},{"data":"ClowCardTheFight","floor":32,"key":"SMITH"},{"data":"Deep Breath","floor":44,"key":"SMITH"},{"data":"ClowCardTheFly","floor":49,"key":"SMITH"},{"data":"ClowCardTheVoice","floor":52,"key":"SMITH"}],"circlet_count":0,"master_deck":["SakuraCardTheSong+","SakuraCardTheBig+","ClowCardTheShield+1","SpellCardSeal+1","SpellCardRelease","ClowCardTheFloat+1","ClowCardTheFloat","ClowCardTheVoice+1","ClowCardTheFloat","ClowCardTheVoice+1","ClowCardTheVoice+1","ClowCardTheVoice","ClowCardTheFloat+1","ClowCardTheFlower+1","ClowCardTheLittle+1","ClowCardTheFight+1","ClowCardTheVoice+1","Deep Breath+1","ClowCardTheFlower+1","ClowCardTheFly+1","ClowCardTheFly+1","ClowCardTheSong+1","ClowCardTheBig+1"],"relics":["KSMOD_SealedBook","KSMOD_SealedWand","Eternal Feather","SsserpentHead","Blood Vial","Bag of Preparation","Coffee Dripper","Frozen Egg 2","Regal Pillow","Pen Nib","Tiny House","KSMOD_MoonBell","Bottled Tornado","TungstenRod","Gambling Chip","Anchor","Membership Card","KSMOD_RollerSkates","Toy Ornithopter","White Beast Statue"],"acts_visited":["Exordium","TheCity","TheBeyond","TheEnding"],"potions_floor_usage":[55,55],"damage_taken":[{"damage":0.0,"enemies":"Small Slimes","floor":1.0,"turns":2.0},{"damage":0.0,"enemies":"Jaw Worm","floor":3.0,"turns":4.0},{"damage":0.0,"enemies":"Cultist","floor":5.0,"turns":4.0},{"damage":6.0,"enemies":"Looter","floor":11.0,"turns":3.0},{"damage":0.0,"enemies":"Gremlin Gang","floor":13.0,"turns":5.0},{"damage":0.0,"enemies":"Lagavulin","floor":14.0,"turns":7.0},{"damage":8.0,"enemies":"The Guardian","floor":16.0,"turns":8.0},{"damage":0.0,"enemies":"Chosen","floor":18.0,"turns":4.0},{"damage":1.0,"enemies":"Spheric Guardian","floor":20.0,"turns":3.0},{"damage":8.0,"enemies":"Cultist and Chosen","floor":21.0,"turns":6.0},{"damage":3.0,"enemies":"Shelled Parasite and Fungi","floor":22.0,"turns":6.0},{"damage":1.0,"enemies":"Gremlin Leader","floor":23.0,"turns":5.0},{"damage":0.0,"enemies":"Snecko","floor":24.0,"turns":4.0},{"damage":0.0,"enemies":"3 Cultists","floor":27.0,"turns":5.0},{"damage":5,"enemies":"Chosen and Byrds","floor":28,"turns":8},{"damage":35,"enemies":"Slavers","floor":30,"turns":4},{"damage":0,"enemies":"Automaton","floor":33,"turns":4},{"damage":0,"enemies":"3 Darklings","floor":35,"turns":3},{"damage":2,"enemies":"Mind Bloom Boss Battle","floor":36,"turns":6},{"damage":8,"enemies":"Orb Walker","floor":37,"turns":4},{"damage":28,"enemies":"Transient","floor":39,"turns":5},{"damage":3,"enemies":"Nemesis","floor":40,"turns":7},{"damage":0,"enemies":"Giant Head","floor":42,"turns":5},{"damage":11,"enemies":"Sphere and 2 Shapes","floor":45,"turns":3},{"damage":0,"enemies":"Writhing Mass","floor":46,"turns":3},{"damage":27,"enemies":"Reptomancer","floor":47,"turns":5},{"damage":0,"enemies":"Awakened One","floor":50,"turns":4},{"damage":0,"enemies":"Shield and Spear","floor":54,"turns":1},{"damage":14,"enemies":"The Heart","floor":55,"turns":6}],"seed_played":"1832241641039720681","potions_obtained":[{"floor":13.0,"key":"Explosive Potion"},{"floor":14.0,"key":"AttackPotion"},{"floor":16.0,"key":"Weak Potion"},{"floor":21.0,"key":"LiquidMemories"},{"floor":24.0,"key":"DistilledChaos"}],"is_trial":false,"path_per_floor":["M","?","M","T","M","R","?","$","T","R","M","?","M","E","R","B",null,"M","$","M","M","M","E","M","R","T","M","M","$","E","?","R","B",null,"M","?","M","$","M","E","?","E","T","R","M","M","E","?","R","B",null,"R","$","E","B",null],"character_chosen":"KINOMOTOSAKURA","items_purchased":["ClowCardTheSong","Deep Breath","Membership Card","KSMOD_RollerSkates","ClowCardTheBig+1","Toy Ornithopter"],"campfire_rested":0,"item_purchase_floors":[29,38,53,53,53,53],"current_hp_per_floor":[70,56,56,56,56,62,62,62,62,68,64,64,66,68,70,62,70,70,70,69,62,61,62,64,70,70,70,65,65,32,32,41,43,75,75,73,68,68,42,42,42,46,46,58,50,52,29,66,66,66,66,66,66,66,52],"gold":273,"neow_bonus":"THREE_CARDS","is_daily":false,"chose_seed":false,"campfire_upgraded":7,"win_rate":0.0,"timestamp":1611813047,"path_taken":["M","?","M","?","M","R","?","$","T","R","?","?","M","E","R","BOSS","M","$","?","M","M","E","?","R","T","M","M","$","E","?","R","BOSS","M","?","M","$","M","E","?","E","T","R","M","M","E","?","R","BOSS","R","$","E","BOSS"],"items_purchased_type":["Card","Card","Relic","Relic","Card","Relic"],"build_version":"2020-12-22","purchased_purges":5,"victory":true,"max_hp_per_floor":[70,70,70,70,70,70,70,70,70,70,70,70,70,70,70,70,70,70,70,70,70,70,70,70,70,70,70,70,70,70,70,70,70,75,75,75,75,75,75,75,75,75,75,75,75,75,75,66,66,66,66,66,66,66,66],"card_choices":[{"not_picked":["ClowCardTheChange","ClowCardTheMaze"],"picked":"ClowCardTheFloat","floor":0.0},{"not_picked":["ClowCardTheLock","ClowCardTheMist"],"picked":"ClowCardTheFloat","floor":1.0},{"not_picked":["ClowCardTheMaze","ClowCardTheWood"],"picked":"ClowCardTheVoice","floor":3.0},{"not_picked":["ClowCardTheWave","ClowCardTheShadow"],"picked":"ClowCardTheFloat","floor":5.0},{"not_picked":["ClowCardTheFreeze","ClowCardTheRain","ClowCardTheDream"],"picked":"SKIP","floor":11.0},{"not_picked":["ClowCardTheSilent","ClowCardTheWood"],"picked":"ClowCardTheVoice","floor":13.0},{"not_picked":["ClowCardTheFloat","ClowCardTheSnow","ClowCardTheLibra"],"picked":"SKIP","floor":14.0},{"not_picked":["ClowCardTheThrough","ClowCardTheTime"],"picked":"ClowCardTheCreate","floor":16.0},{"not_picked":["ClowCardTheErase","ClowCardTheFreeze"],"picked":"ClowCardTheVoice+1","floor":18.0},{"not_picked":["ClowCardTheGlow","ClowCardTheIllusion"],"picked":"ClowCardTheVoice","floor":20.0},{"not_picked":["ClowCardTheSand","ClowCardTheLock","ClowCardTheChange+1"],"picked":"SKIP","floor":21.0},{"not_picked":["ClowCardTheWindy","ClowCardTheLoop+1"],"picked":"ClowCardTheFloat+1","floor":22.0},{"not_picked":["ClowCardTheJump","ClowCardTheDream"],"picked":"ClowCardTheFlower","floor":23.0},{"not_picked":["ClowCardTheStorm","ClowCardTheRain"],"picked":"ClowCardTheLittle+1","floor":24.0},{"not_picked":["ClowCardTheIllusion","ClowCardTheRain+1"],"picked":"ClowCardTheBig+1","floor":27.0},{"not_picked":["ClowCardTheWave+1","ClowCardThePower+1","ClowCardTheShot+1"],"picked":"SKIP","floor":28},{"not_picked":["ClowCardTheLock","ClowCardTheShot"],"picked":"ClowCardTheFight","floor":30},{"not_picked":["ClowCardTheDream","ClowCardTheSong"],"picked":"ClowCardTheVoice","floor":34},{"not_picked":["ClowCardTheMaze+1","ClowCardTheBubbles","ClowCardTheDream"],"picked":"SKIP","floor":35},{"not_picked":["ClowCardTheMist+1","ClowCardTheSleep","ClowCardTheLock+1"],"picked":"SKIP","floor":37},{"not_picked":["ClowCardTheCloud+1","ClowCardTheSnow","ClowCardTheSilent"],"picked":"SKIP","floor":39},{"not_picked":["ClowCardTheLibra","ClowCardTheShadow"],"picked":"ClowCardTheFlower+1","floor":40},{"not_picked":["ClowCardTheFlower+1","ClowCardTheSand"],"picked":"ClowCardTheFly+1","floor":42},{"not_picked":["ClowCardTheStorm","ClowCardTheWindy","ClowCardTheFirey+1"],"picked":"SKIP","floor":45},{"not_picked":["ClowCardTheArrow","ClowCardTheChange+1"],"picked":"ClowCardTheFly","floor":46},{"not_picked":["ClowCardTheThunder","ClowCardTheSweet"],"picked":"ClowCardTheSong+1","floor":47},{"not_picked":["ClowCardTheErase","ClowCardTheSand+1","ClowCardTheCloud"],"picked":"SKIP","floor":54}],"player_experience":21454,"relics_obtained":[{"floor":4.0,"key":"Eternal Feather"},{"floor":9.0,"key":"Blood Vial"},{"floor":14.0,"key":"Bag of Preparation"},{"floor":22.0,"key":"Frozen Egg 2"},{"floor":23.0,"key":"Regal Pillow"},{"floor":30,"key":"Pen Nib"},{"floor":36,"key":"KSMOD_MoonBell"},{"floor":40,"key":"Bottled Tornado"},{"floor":42,"key":"TungstenRod"},{"floor":43,"key":"Gambling Chip"},{"floor":47,"key":"Anchor"},{"floor":54,"key":"White Beast Statue"}],"event_choices":[{"damage_healed":0.0,"max_hp_gain":0.0,"max_hp_loss":0.0,"gold_gain":0.0,"event_name":"Shining Light","player_choice":"Entered Light","floor":2.0,"gold_loss":0.0,"damage_taken":14.0,"cards_upgraded":["ClowCardTheSword","ClowCardTheShield"]},{"damage_healed":0.0,"max_hp_gain":0.0,"max_hp_loss":0.0,"gold_gain":0.0,"event_name":"FaceTrader","player_choice":"Trade","floor":7.0,"gold_loss":0.0,"damage_taken":0.0,"relics_obtained":["SsserpentHead"]},{"damage_healed":0.0,"max_hp_gain":0.0,"max_hp_loss":0.0,"gold_gain":0.0,"event_name":"Accursed Blacksmith","player_choice":"Forge","floor":12.0,"gold_loss":0.0,"damage_taken":0.0,"cards_upgraded":["ClowCardTheVoice"]},{"cards_removed":["ClowCardTheShield"],"damage_healed":0,"gold_gain":0,"player_choice":"Gave Gold","damage_taken":0,"max_hp_gain":0,"max_hp_loss":0,"event_name":"Beggar","floor":31,"gold_loss":75},{"damage_healed":0,"gold_gain":0,"player_choice":"Fight","damage_taken":0,"max_hp_gain":0,"max_hp_loss":0,"event_name":"MindBloom","floor":36,"gold_loss":0},{"cards_removed":["ClowCardTheSword"],"damage_healed":0,"gold_gain":0,"player_choice":"Removed Attack","damage_taken":0,"max_hp_gain":0,"max_hp_loss":0,"event_name":"Falling","floor":41,"gold_loss":0},{"damage_healed":66,"gold_gain":0,"player_choice":"Heal","damage_taken":0,"max_hp_gain":0,"max_hp_loss":9,"event_name":"The Moai Head","floor":48,"gold_loss":0}],"is_beta":false,"boss_relics":[{"not_picked":["Philosopher\u0027s Stone","Runic Pyramid"],"picked":"Coffee Dripper"},{"not_picked":["Velvet Choker","Runic Dome"],"picked":"Tiny House"}],"items_purged_floors":[8,19,29,38,53],"is_endless":false,"potions_floor_spawned":[13,14,16,21,24,28,33,36,39,40,46],"ascension_level":3}}