{"host":"pi8b3ffzwvxqztac","time":1611863304,"event":{"mods":["BaseMod","Colored Map","Downfall","Minty Spire (QoL Compilation)","StSLib"],"gold_per_floor":[117,129,129,89,106,131,149,184,184,200,200,210,210,244,244,344,344,360,360,360,376,396,396,415,415,415,431,443,443,443,137,137,236,236,255,255,255,272,290,290,301,316,316,341,341,43,43,59,59,59],"floor_reached":51,"language":"ENG","playtime":2463,"items_purged":["downfall:Bewildered"],"score":766,"play_id":"95bd291a-4d26-44d3-871c-9a21a7b1906e","local_time":"20210129084824","is_ascension_mode":true,"campfire_choices":[{"floor":11.0,"key":"REST"},{"data":"Storm","floor":13.0,"key":"SMITH"},{"data":"Self Repair","floor":15.0,"key":"SMITH"},{"data":"Zap","floor":23.0,"key":"SMITH"},{"data":"Dualcast","floor":25.0,"key":"SMITH"},{"floor":29.0,"key":"REST"},{"floor":32.0,"key":"REST"},{"data":"Lockon","floor":40,"key":"SMITH"},{"data":"Madness","floor":45,"key":"SMITH"},{"floor":49,"key":"REST"}],"circlet_count":0,"master_deck":["Strike_B","Defend_B+1","Defend_B","Defend_B","Defend_B+1","Zap+1","Dualcast+1","Machine Learning","Conserve Battery","Storm+1","Lockon+1","Self Repair+1","Conserve Battery","Coolheaded","Force Field","Coolheaded","Self Repair+1","Melter","Glacier","Electrodynamics+1","Madness+1","Madness","Barrage+1","Barrage+1","Defragment+1","Biased Cognition+1","Defragment+1","Coolheaded+1"],"relics":["Cracked Core","Mercury Hourglass","Bottled Tornado","Frozen Egg 2","PreservedInsect","Busted Crown","Guardian:GemstoneGun","sneckomod:BabySnecko","Empty Cage","Shuriken","Bag of Marbles","DollysMirror"],"acts_visited":["Exordium","TheCity","TheBeyond"],"potions_floor_usage":[35,35,42,48,50],"damage_taken":[{"damage":0.0,"enemies":"Small Slimes","floor":1.0,"turns":3.0},{"damage":0.0,"enemies":"2 Louse","floor":2.0,"turns":2.0},{"damage":0.0,"enemies":"Cultist","floor":5.0,"turns":3.0},{"damage":21.0,"enemies":"Gremlin Nob","floor":6.0,"turns":4.0},{"damage":5.0,"enemies":"2 Fungi Beasts","floor":7.0,"turns":2.0},{"damage":8.0,"enemies":"3 Sentries","floor":8.0,"turns":6.0},{"damage":0.0,"enemies":"Looter","floor":10.0,"turns":3.0},{"damage":6.0,"enemies":"Exordium Wildlife","floor":12.0,"turns":2.0},{"damage":7.0,"enemies":"Lagavulin","floor":14.0,"turns":5.0},{"damage":14.0,"enemies":"The Guardian","floor":16.0,"turns":10.0},{"damage":14.0,"enemies":"Shell Parasite","floor":18.0,"turns":4.0},{"damage":22.0,"enemies":"2 Thieves","floor":21.0,"turns":3.0},{"damage":21.0,"enemies":"Snake Plant","floor":22.0,"turns":4.0},{"damage":0.0,"enemies":"3 Cultists","floor":24.0,"turns":6.0},{"damage":29.0,"enemies":"Shelled Parasite and Fungi","floor":27.0,"turns":5.0},{"damage":12.0,"enemies":"Centurion and Healer","floor":28.0,"turns":9.0},{"damage":32,"enemies":"Champ","floor":33,"turns":18},{"damage":0,"enemies":"3 Darklings","floor":35,"turns":3},{"damage":5,"enemies":"Orb Walker","floor":38,"turns":4},{"damage":16,"enemies":"Spire Growth","floor":39,"turns":7},{"damage":53,"enemies":"Writhing Mass","floor":41,"turns":5},{"damage":4,"enemies":"Transient","floor":42,"turns":5},{"damage":19,"enemies":"Giant Head","floor":44,"turns":8},{"damage":49,"enemies":"Jaw Worm Horde","floor":48,"turns":4},{"damage":23,"enemies":"Donu and Deca","floor":50,"turns":4}],"seed_played":"-4615312054921237676","potions_obtained":[{"floor":4.0,"key":"EntropicBrew"},{"floor":4.0,"key":"Ancient Potion"},{"floor":4.0,"key":"Dexterity Potion"},{"floor":5.0,"key":"ColorlessPotion"},{"floor":6.0,"key":"GamblersBrew"},{"floor":7.0,"key":"BlessingOfTheForge"},{"floor":10.0,"key":"SteroidPotion"},{"floor":21.0,"key":"PowerPotion"},{"floor":22.0,"key":"SkillPotion"},{"floor":33,"key":"Slimebound:ThreeZeroPotion"},{"floor":38,"key":"LiquidBronze"},{"floor":41,"key":"Block Potion"},{"floor":44,"key":"champ:CounterPotion"}],"is_trial":false,"path_per_floor":["M","M","?","?","M","E","M","E","T","M","R","M","R","E","R","B",null,"M","?","?","M","M","R","M","R","T","M","M","R","?","$","R","B",null,"M","?","?","M","M","R","M","M","T","E","R","$","$","M","R","B",null],"character_chosen":"DEFECT","items_purchased":["Self Repair+1","Melter","Glacier","Biased Cognition+1","DollysMirror"],"campfire_rested":4,"item_purchase_floors":[31,31,31,46,46],"current_hp_per_floor":[54,54,39,39,39,18,13,12,12,22,44,38,38,38,38,34,75,71,57,57,45,34,34,44,44,44,25,23,47,47,47,71,59,80,80,80,70,80,80,80,47,63,63,64,64,64,64,35,59,46],"gold":59,"neow_bonus":"THREE_RARE_CARDS","is_daily":false,"chose_seed":false,"campfire_upgraded":6,"win_rate":0.0,"timestamp":1611863304,"path_taken":["M","M","?","?","?","E","M","E","T","M","R","M","R","E","R","BOSS","M","?","?","M","?","R","M","R","T","?","M","R","?","$","R","BOSS","M","?","?","M","M","R","?","M","T","E","R","?","$","?","R","BOSS"],"items_purchased_type":["Card","Card","Card","Card","Relic"],"build_version":"2020-12-22","purchased_purges":1,"victory":true,"max_hp_per_floor":[75,75,75,75,75,75,75,75,75,75,75,75,75,75,75,75,75,75,80,80,80,80,80,80,80,80,80,80,80,80,80,80,80,80,80,80,80,80,80,80,80,80,80,80,80,80,80,80,80,80],"card_choices":[{"not_picked":["Multi-Cast","Core Surge"],"picked":"Machine Learning","floor":0.0},{"not_picked":["Turbo","Sweeping Beam"],"picked":"Conserve Battery","floor":1.0},{"not_picked":["Rebound","Blizzard"],"picked":"Storm","floor":2.0},{"not_picked":["Compile Driver","Beam Cell"],"picked":"Lockon","floor":5.0},{"not_picked":["Consume","Rebound"],"picked":"Self Repair","floor":6.0},{"not_picked":["Blizzard","Turbo"],"picked":"Conserve Battery","floor":7.0},{"not_picked":["Hyperbeam","Cold Snap","Hello World"],"picked":"SKIP","floor":8.0},{"not_picked":["Hologram","Rip and Tear"],"picked":"Coolheaded","floor":10.0},{"not_picked":["Barrage","Conserve Battery","Compile Driver"],"picked":"SKIP","floor":12.0},{"not_picked":["Sweeping Beam","Darkness","Gash"],"picked":"SKIP","floor":14.0},{"not_picked":["Reprogram"],"picked":"SKIP","floor":18.0},{"not_picked":["Auto Shields"],"picked":"SKIP","floor":21.0},{"not_picked":["Beam Cell"],"picked":"SKIP","floor":22.0},{"not_picked":["Sweeping Beam"],"picked":"SKIP","floor":24.0},{"not_picked":[],"picked":"Force Field","floor":27.0},{"not_picked":[],"picked":"Coolheaded","floor":28.0},{"not_picked":[],"picked":"Electrodynamics+1","floor":33},{"not_picked":["Self Repair+1"],"picked":"SKIP","floor":35},{"not_picked":["Reprogram"],"picked":"SKIP","floor":38},{"not_picked":[],"picked":"Barrage+1","floor":39},{"not_picked":["Aggregate+1"],"picked":"SKIP","floor":41},{"not_picked":[],"picked":"Barrage+1","floor":42},{"not_picked":[],"picked":"Defragment+1","floor":44},{"not_picked":[],"picked":"Coolheaded+1","floor":48}],"player_experience":649721,"relics_obtained":[{"floor":6.0,"key":"Mercury Hourglass"},{"floor":8.0,"key":"Bottled Tornado"},{"floor":9.0,"key":"Frozen Egg 2"},{"floor":14.0,"key":"PreservedInsect"},{"floor":26.0,"key":"Guardian:GemstoneGun"},{"floor":43,"key":"Shuriken"},{"floor":44,"key":"Bag of Marbles"}],"event_choices":[{"damage_healed":0.0,"max_hp_gain":0.0,"max_hp_loss":0.0,"gold_gain":0.0,"event_name":"Shining Light","player_choice":"Entered Light","floor":3.0,"gold_loss":0.0,"damage_taken":15.0,"cards_upgraded":["Defend_B","Defend_B"]},{"damage_healed":0.0,"max_hp_gain":0.0,"max_hp_loss":0.0,"gold_gain":0.0,"event_name":"The Woman in Blue","player_choice":"Bought 3 Potions","floor":4.0,"gold_loss":0.0,"damage_taken":0.0},{"damage_healed":0.0,"max_hp_gain":5.0,"max_hp_loss":0.0,"gold_gain":0.0,"event_name":"Forgotten Altar","player_choice":"Shed Blood","floor":19.0,"gold_loss":0.0,"damage_taken":19.0},{"damage_healed":0.0,"max_hp_gain":0.0,"max_hp_loss":0.0,"gold_gain":0.0,"event_name":"Vampires","player_choice":"Ignored","floor":20.0,"gold_loss":0.0,"damage_taken":0.0},{"cards_removed":["Strike_B"],"damage_healed":0,"gold_gain":0,"player_choice":"Removed Attack","damage_taken":0,"max_hp_gain":0,"max_hp_loss":0,"event_name":"Falling","floor":36,"gold_loss":0},{"damage_healed":0,"gold_gain":0,"player_choice":"Embrace Madness","damage_taken":10,"max_hp_gain":0,"max_hp_loss":0,"event_name":"Winding Halls","floor":37,"gold_loss":0,"cards_obtained":["Madness","Madness"]}],"is_beta":false,"boss_relics":[{"not_picked":["Runic Dome","SacredBark"],"picked":"Busted Crown"},{"not_picked":["bronze:MakeshiftBattery","Snecko Eye"],"picked":"Empty Cage"}],"items_purged_floors":[31],"is_endless":false,"potions_floor_spawned":[5,6,7,10,21,22,33,38,41,44],"ascension_level":2}}