{"host":"8pcehwtvb3b6plng","time":1611821898,"event":{"mods":["BaseMod","Minty Spire (QoL Compilation)","Replay The Spire","StSLib"],"gold_per_floor":[114,114,128,142,156,156,176,191,260,260,290,309,309,328,328,433,433,433,433],"floor_reached":18,"language":"ZHS","playtime":634,"items_purged":[],"score":224,"play_id":"f117ae32-132d-4117-9769-8b6aa3a23d51","local_time":"20210128161818","is_ascension_mode":true,"campfire_choices":[{"data":"Zap","floor":6,"key":"SMITH"},{"data":"Creative AI","floor":10,"key":"SMITH"},{"data":"ReplayTheSpireMod:Calculation Training","floor":15,"key":"SMITH"}],"circlet_count":0,"master_deck":["Strike_B","Strike_B","Strike_B","Defend_B","Defend_B","Defend_B","Defend_B","Dualcast","Panic Button","Crystallizer","Ball Lightning","ReplayTheSpireMod:Calculation Training+1","Ball Lightning","Creative AI+1","Force Field","Cold Snap+1","Amplify"],"relics":["Cracked Core","Kunai","Bottled Lightning","Replay:Bronze Core"],"acts_visited":["Exordium","TheCity"],"potions_floor_usage":[],"damage_taken":[{"damage":0,"enemies":"2 Louse","floor":1,"turns":3},{"damage":7,"enemies":"Jaw Worm","floor":3,"turns":2},{"damage":1,"enemies":"Cultist","floor":4,"turns":3},{"damage":5,"enemies":"2 Fungi Beasts","floor":5,"turns":3},{"damage":5,"enemies":"Gremlin Gang","floor":7,"turns":4},{"damage":8,"enemies":"Large Slime","floor":8,"turns":4},{"damage":20,"enemies":"Lagavulin","floor":11,"turns":5},{"damage":0,"enemies":"2 Fungi Beasts","floor":12,"turns":2},{"damage":9,"enemies":"Lots of Slimes","floor":14,"turns":5},{"damage":15,"enemies":"The Guardian","floor":16,"turns":9},{"damage":17,"enemies":"Spheric Guardian","floor":18,"turns":4}],"seed_played":"8563256598330186428","potions_obtained":[{"floor":3,"key":"Block Potion"},{"floor":8,"key":"Ancient Potion"},{"floor":12,"key":"Strength Potion"}],"is_trial":false,"path_per_floor":["M","?","M","M","M","R","M","M","T","R","E","M","?","M","R","B",null,"M"],"character_chosen":"DEFECT","items_purchased":[],"campfire_rested":0,"item_purchase_floors":[],"current_hp_per_floor":[75,75,68,67,62,62,57,49,49,49,29,29,29,20,20,5,63,46,46],"gold":433,"neow_bonus":"TEN_PERCENT_HP_BONUS","is_daily":false,"chose_seed":false,"campfire_upgraded":3,"win_rate":0.0,"timestamp":1611821898,"path_taken":["M","?","M","M","M","R","M","M","T","R","E","M","?","?","R","BOSS","M"],"items_purchased_type":[],"build_version":"2020-12-22","purchased_purges":0,"victory":false,"max_hp_per_floor":[82,82,82,82,82,82,82,82,82,82,82,82,82,82,82,82,82,82,82],"card_choices":[{"not_picked":["Stack","Barrage"],"picked":"Panic Button","floor":1},{"not_picked":["Rebound","Streamline"],"picked":"Ball Lightning","floor":3},{"not_picked":["Streamline","Barrage"],"picked":"ReplayTheSpireMod:Calculation Training","floor":4},{"not_picked":["Streamline","Sweeping Beam"],"picked":"Ball Lightning","floor":5},{"not_picked":["Gash","Scrape","Streamline"],"picked":"SKIP","floor":7},{"not_picked":["Barrage","Turbo"],"picked":"Creative AI","floor":8},{"not_picked":["Coolheaded","Turbo"],"picked":"Force Field","floor":11},{"not_picked":["Hologram","Gash","Stack"],"picked":"SKIP","floor":12},{"not_picked":["Hologram","Redo","All For One"],"picked":"SKIP","floor":14},{"not_picked":["Core Surge","Reboot"],"picked":"Amplify","floor":16}],"player_experience":157664,"relics_obtained":[{"floor":9,"key":"Kunai"},{"floor":11,"key":"Bottled Lightning"}],"event_choices":[{"damage_healed":0,"gold_gain":0,"cards_transformed":["Strike_B"],"player_choice":"Change","damage_taken":0,"max_hp_gain":0,"max_hp_loss":0,"event_name":"Living Wall","floor":2,"gold_loss":0,"cards_obtained":["Crystallizer"]}],"is_beta":false,"boss_relics":[{"not_picked":["Cursed Key","Velvet Choker"],"picked":"Replay:Bronze Core"}],"items_purged_floors":[],"is_endless":false,"potions_floor_spawned":[3,8,12,14,16],"killed_by":"Spheric Guardian","ascension_level":7}}