{"host":"hcg2wesxzfo46upw","time":1611866819,"event":{"mods":["2.2 Compatiblity","AchievementEnabler","Act Like it!","Aspiration","BaseMod","Beaked The Cultist","Clockwork Mod","Conspire","Downfall","Duelist Mod","Elementarium","Gensokyo","GifTheSpireLib","Glutton Mod","Hubris","Infinite Spire","Jedi Mod","Mad Scientist","Minty Spire (QoL Compilation)","Pale of the Ancients","Prisma Mod","Replay The Spire","Spikes Relics","StSLib","Stuff the Spire","The Blackbeard","The Bug Knight","The Construct","The Cursed","The Death Knight","The Disciple","The Jungle","The Necromancer","The Runesmith","Wandering Minibosses"],"gold_per_floor":[117,38,53,69,69,24,39,49,100,117,20,40,40,40,40,140,140,154,154,170,170,2,30,30,47,47,67,67,67],"floor_reached":28,"language":"ENG","playtime":1902,"items_purged":["Strike_W"],"score":257,"play_id":"7f0306c8-fbea-4f2c-832b-beaa399aaff2","local_time":"20210128214659","is_ascension_mode":false,"campfire_choices":[{"floor":15,"key":"DIG"},{"data":"Requiem","floor":24,"key":"SMITH"}],"circlet_count":0,"master_deck":["Strike_W","Strike_W","Defend_W","Defend_W","Negative_Energy_Arrows","Bone_Wall","Negative_Energy_Burst","Blood_Shield","Pandemic","Bone_Armor","ReplayTheSpireMod:Speed Training","Backstab","Doppelganger","Summon_Lich","Cloudkill","Finger_Of_Death","Pot Of Greed+1","Pot Of Greed","Negative_Energy_Burst","Uncharnel","Negative_Energy_Javelin","Negative_Energy_Shield","Bone_Bullets","Slay_Living","Grasp_Heart","Pot Of Greed","Bone_Bullets","CurseOfTheBell","Whirlwind_of_Bones","Scare","Blood_Shield","Requiem+1","Slay_Living+1","Consume_Illness"],"relics":["Vampire_Amulet","aspiration:Nostalgia","construct:Cogwheel","Grinning Jar","hubris:Towel","conspire:Dentures","conspire:RunicOctahedron","Calling Bell","infinitespire:Beetle Shell","jedi:archwizardhat","Durian","construct:RocketBooster","Boot","jedi:shrinkray"],"acts_visited":["Exordium","TheCity"],"potions_floor_usage":[23,23,27],"damage_taken":[{"damage":0,"enemies":"Gensokyo:3_Fairies","floor":1,"turns":4},{"damage":2,"enemies":"Gensokyo:2_Kodama","floor":3,"turns":3},{"damage":2,"enemies":"Gensokyo:Python","floor":4,"turns":5},{"damage":0,"enemies":"Gensokyo:LivingMonolith","floor":7,"turns":3},{"damage":22,"enemies":"Gensokyo:Python_and_Kodama","floor":8,"turns":5},{"damage":4,"enemies":"Gensokyo:2_Rabbits","floor":10,"turns":4},{"damage":8,"enemies":"Gensokyo:3_Kodama","floor":12,"turns":2},{"damage":31,"enemies":"Gensokyo:Yukari","floor":16,"turns":9},{"damage":21,"enemies":"Shell Parasite","floor":18,"turns":5},{"damage":10,"enemies":"Chosen","floor":20,"turns":5},{"damage":9,"enemies":"Book of Stabbing","floor":23,"turns":4},{"damage":41,"enemies":"Shelled Parasite and Fungi","floor":25,"turns":7},{"damage":7,"enemies":"Snake Plant","floor":27,"turns":2},{"damage":11,"enemies":"Centurion and Healer","floor":28,"turns":1}],"seed_played":"-3244033405885993865","potions_obtained":[{"floor":1,"key":"Energy Potion"},{"floor":10,"key":"Milkshake"},{"floor":12,"key":"Ancient Potion"},{"floor":18,"key":"DistilledChaos"},{"floor":25,"key":"DeathKnight:BottledBloodEchoes"}],"is_trial":false,"path_per_floor":["M","$","M","M","?","COS","M","M","T","M","$","M","?","?","R","B",null,"M","AVR","M","?","$","E","R","M","T","M","M"],"character_chosen":"NECROMANCER","items_purchased":["Blood_Shield","Uncharnel","Negative_Energy_Javelin","Scare","Blood_Shield"],"campfire_rested":0,"item_purchase_floors":[2,11,11,22,22],"current_hp_per_floor":[75,75,75,75,75,75,75,55,55,55,55,53,53,53,53,24,75,56,61,53,53,53,46,46,9,9,4,0,0],"gold":67,"neow_bonus":"NOSTALGIA","is_daily":false,"chose_seed":false,"campfire_upgraded":1,"win_rate":0.0,"timestamp":1611866819,"path_taken":["M","$","M","M","?","COS","M","?","T","M","?","?","?","?","R","BOSS","M","AVR","M","?","$","E","R","M","T","?","M"],"items_purchased_type":["Card","Card","Card","Card","Card"],"build_version":"2020-12-22","purchased_purges":1,"victory":false,"max_hp_per_floor":[75,75,75,75,75,75,75,75,75,75,75,75,75,75,75,75,75,75,80,80,80,80,80,80,80,80,80,80,80],"card_choices":[{"not_picked":["Negative_Energy_Javelin","Bone_Armor"],"picked":"Negative_Energy_Burst","floor":1},{"not_picked":["Bone_Bullets","Life_Drain"],"picked":"Pandemic","floor":3},{"not_picked":["Skeleton_Dragon","Negative_Energy_Burst"],"picked":"Bone_Armor","floor":4},{"not_picked":["Blood_Shield","Chill_Blood"],"picked":"Summon_Lich","floor":7},{"not_picked":["Reap_The_Weak","Blood_Magic"],"picked":"Cloudkill","floor":8},{"not_picked":["Strike_from_Beyond","Blood_Curse"],"picked":"Finger_Of_Death","floor":8},{"not_picked":["Cloudkill","Scare"],"picked":"Negative_Energy_Burst","floor":10},{"not_picked":["Negative_Energy_Mist","Exploit"],"picked":"Negative_Energy_Shield","floor":12},{"not_picked":["Negative_Energy_Shield","Death_Coil"],"picked":"Bone_Bullets","floor":14},{"not_picked":["Spectral_Walk","Death_Coil"],"picked":"Slay_Living","floor":14},{"not_picked":["Blood_Wake","Negative_Energy_Bomb"],"picked":"Grasp_Heart","floor":16},{"not_picked":["Blood_Curse","Toxic_Smoke_Screen"],"picked":"Bone_Bullets","floor":18},{"not_picked":["Strike_from_Beyond","Bone_Armory"],"picked":"Whirlwind_of_Bones","floor":20},{"not_picked":["Strike_from_Beyond","Blood_Whip"],"picked":"Requiem","floor":23},{"not_picked":["Death_March_Dance","Blood_for_Blood"],"picked":"Slay_Living+1","floor":25},{"not_picked":["Scare","Blood_Whip+1"],"picked":"Consume_Illness","floor":27}],"player_experience":220043,"relics_obtained":[{"floor":9,"key":"Grinning Jar"},{"floor":15,"key":"conspire:Dentures"},{"floor":19,"key":"infinitespire:Beetle Shell"},{"floor":19,"key":"jedi:archwizardhat"},{"floor":19,"key":"Durian"},{"floor":23,"key":"Boot"},{"floor":26,"key":"jedi:shrinkray"}],"event_choices":[],"is_beta":false,"boss_relics":[{"not_picked":["hubris:TerracottaHorce","ReplayTheSpireMod:DimensionalGlitch"],"picked":"conspire:RunicOctahedron"}],"items_purged_floors":[22],"is_endless":false,"potions_floor_spawned":[1,10,12,16,18,25],"killed_by":"Centurion and Healer","ascension_level":0}}