{"host":"kh4wzxwh3q3yppxp","time":1611809926,"event":{"mods":["AchievementEnabler","BaseMod","Colored Map","DeckTracker","Minty Spire (QoL Compilation)","Quick Restart","StSLib"],"gold_per_floor":[110,110,70,0,18,28,55,55,78,78,7,7,7,19,19,114,114,131,131,131,150,168,168,168,168,250,250,100,100,100,48,48,150,150,163,177,197,197,217,217,235,88,88,88,138,138,164,174,174,174,174,174,23,49,49,49],"floor_reached":55,"language":"ENG","playtime":1995,"items_purged":["Strike_B"],"score":666,"play_id":"f74cbdc4-879f-4172-8046-204e1dd4df05","local_time":"20210128065846","is_ascension_mode":false,"campfire_choices":[{"data":"Chaos","floor":8,"key":"SMITH"},{"data":"Lockon","floor":10,"key":"SMITH"},{"data":"Capacitor","floor":13,"key":"SMITH"},{"floor":15,"key":"REST"},{"data":"Darkness","floor":24,"key":"SMITH"},{"data":"Electrodynamics","floor":29,"key":"SMITH"},{"floor":32,"key":"REST"},{"floor":40,"key":"REST"},{"floor":49,"key":"RECALL"},{"data":"Seek","floor":52,"key":"SMITH"}],"circlet_count":0,"master_deck":["Strike_B","Strike_B","Defend_B","Defend_B","Defend_B","Zap","Dualcast","Leap","Chaos+1","Sweeping Beam","Ball Lightning","Lockon+1","Capacitor+1","Ball Lightning","Electrodynamics+1","Redo+1","Coolheaded+1","Darkness+1","Ball Lightning","Seek+1","Conserve Battery","Coolheaded+1","Leap+1","Capacitor","Conserve Battery+1","Defragment","Buffer"],"relics":["Cracked Core","NeowsBlessing","Bronze Scales","Regal Pillow","Philosopher\u0027s Stone","Lizard Tail","Singing Bowl","Omamori","MutagenicStrength","Cursed Key","Toy Ornithopter","Unceasing Top","DataDisk","Ancient Tea Set","Blood Vial"],"acts_visited":["Exordium","TheCity","TheBeyond","TheEnding"],"potions_floor_usage":[33,33,50,50,50],"damage_taken":[{"damage":0,"enemies":"2 Louse","floor":1,"turns":1},{"damage":0,"enemies":"Cultist","floor":5,"turns":1},{"damage":0,"enemies":"Small Slimes","floor":6,"turns":1},{"damage":27,"enemies":"3 Sentries","floor":7,"turns":6},{"damage":3,"enemies":"Gremlin Gang","floor":14,"turns":3},{"damage":20,"enemies":"The Guardian","floor":16,"turns":7},{"damage":3,"enemies":"Chosen","floor":18,"turns":3},{"damage":33,"enemies":"2 Thieves","floor":21,"turns":3},{"damage":16,"enemies":"Centurion and Healer","floor":22,"turns":3},{"damage":78,"enemies":"Automaton","floor":33,"turns":7},{"damage":5,"enemies":"3 Shapes","floor":35,"turns":2},{"damage":0,"enemies":"3 Darklings","floor":36,"turns":2},{"damage":10,"enemies":"Spire Growth","floor":37,"turns":3},{"damage":26,"enemies":"Jaw Worm Horde","floor":39,"turns":2},{"damage":3,"enemies":"Transient","floor":41,"turns":5},{"damage":0,"enemies":"Mind Bloom Boss Battle","floor":45,"turns":4},{"damage":51,"enemies":"Giant Head","floor":47,"turns":7},{"damage":20,"enemies":"Maw","floor":48,"turns":5},{"damage":63,"enemies":"Donu and Deca","floor":50,"turns":10},{"damage":80,"enemies":"Shield and Spear","floor":54,"turns":5},{"damage":8,"enemies":"The Heart","floor":55,"turns":2}],"seed_played":"4938193372956950984","potions_obtained":[{"floor":3,"key":"Regen Potion"},{"floor":3,"key":"FocusPotion"},{"floor":3,"key":"DuplicationPotion"},{"floor":33,"key":"Swift Potion"},{"floor":36,"key":"LiquidMemories"},{"floor":48,"key":"Block Potion"}],"is_trial":false,"path_per_floor":["M","?","?","$","M","M","E","R","T","R","$","$","R","M","R","B",null,"M","?","?","M","M","?","R","?","T","$","$","R","?","$","R","B",null,"M","M","M","?","M","R","M","$","T","?","?","T","E","M","R","B",null,"R","$","E","B"],"character_chosen":"DEFECT","items_purchased":["Chaos","Capacitor","Omamori","Ball Lightning","Toy Ornithopter","Defragment"],"campfire_rested":3,"item_purchase_floors":[4,11,28,31,42,53],"current_hp_per_floor":[75,68,68,68,68,68,41,41,41,41,41,41,41,38,75,55,75,72,72,72,39,23,48,48,48,48,48,48,48,48,48,75,2,75,72,72,62,62,36,74,71,71,71,73,73,73,24,6,6,8,83,83,83,3,0,0],"gold":49,"neow_bonus":"THREE_ENEMY_KILL","is_daily":false,"chose_seed":false,"campfire_upgraded":6,"win_rate":0.0,"timestamp":1611809926,"path_taken":["M","?","?","$","?","M","E","R","T","R","?","$","R","M","R","BOSS","M","?","?","M","?","?","R","?","T","?","$","R","?","$","R","BOSS","M","M","M","?","M","R","M","$","T","?","?","?","E","M","R","BOSS","R","$","E","BOSS"],"items_purchased_type":["Card","Card","Relic","Card","Relic","Card"],"build_version":"2020-12-22","purchased_purges":1,"victory":false,"max_hp_per_floor":[75,75,75,75,75,75,75,75,75,75,75,75,75,75,75,75,75,75,75,75,75,75,75,75,75,75,75,75,75,75,75,75,75,75,77,77,77,77,77,77,77,77,77,79,79,79,81,83,83,83,83,83,83,83,83,83],"card_choices":[{"not_picked":["Hologram","Steam"],"picked":"Leap","floor":1},{"not_picked":["Steam","Darkness"],"picked":"Sweeping Beam","floor":5},{"not_picked":["Steam","Self Repair"],"picked":"Ball Lightning","floor":6},{"not_picked":["Consume","Redo"],"picked":"Lockon","floor":7},{"not_picked":["White Noise","Hello World"],"picked":"Ball Lightning","floor":14},{"not_picked":["Seek","Meteor Strike"],"picked":"Electrodynamics","floor":16},{"not_picked":["Cold Snap","Turbo"],"picked":"Redo+1","floor":18},{"not_picked":["Self Repair","Redo+1"],"picked":"Coolheaded+1","floor":21},{"not_picked":["Blizzard","Genetic Algorithm"],"picked":"Darkness","floor":22},{"not_picked":["All For One","Meteor Strike"],"picked":"Seek","floor":33},{"not_picked":["Cold Snap","Beam Cell+1","Fusion"],"picked":"Singing Bowl","floor":35},{"not_picked":["Sweeping Beam+1","Self Repair"],"picked":"Conserve Battery","floor":36},{"not_picked":["Hologram","Stack"],"picked":"Coolheaded+1","floor":37},{"not_picked":["Sunder","Chaos"],"picked":"Leap+1","floor":39},{"not_picked":["Skim+1","Consume"],"picked":"Capacitor","floor":41},{"not_picked":["Impatience","Jack Of All Trades","Enlightenment"],"picked":"Singing Bowl","floor":44},{"not_picked":["Aggregate+1","Steam+1"],"picked":"Conserve Battery+1","floor":45},{"not_picked":["Darkness+1","Fission","Beam Cell"],"picked":"Singing Bowl","floor":47},{"not_picked":["BootSequence","Recycle+1","Hologram+1"],"picked":"Singing Bowl","floor":48},{"not_picked":["Steam+1","Self Repair"],"picked":"Buffer","floor":54}],"player_experience":715086,"relics_obtained":[{"floor":7,"key":"Bronze Scales"},{"floor":9,"key":"Regal Pillow"},{"floor":26,"key":"Singing Bowl"},{"floor":45,"key":"Unceasing Top"},{"floor":46,"key":"DataDisk"},{"floor":47,"key":"Ancient Tea Set"},{"floor":54,"key":"Blood Vial"}],"event_choices":[{"cards_removed":["Defend_B"],"damage_healed":0,"gold_gain":0,"player_choice":"Card Removal","damage_taken":7,"max_hp_gain":0,"max_hp_loss":0,"event_name":"Golden Wing","floor":2,"gold_loss":0},{"damage_healed":0,"gold_gain":0,"player_choice":"Bought 3 Potions","damage_taken":0,"max_hp_gain":0,"max_hp_loss":0,"event_name":"The Woman in Blue","floor":3,"gold_loss":0},{"damage_healed":0,"gold_gain":0,"player_choice":"Opened","damage_taken":0,"relics_obtained":["Lizard Tail"],"max_hp_gain":0,"max_hp_loss":0,"event_name":"The Mausoleum","floor":19,"gold_loss":0},{"cards_removed":["Strike_B"],"damage_healed":0,"gold_gain":0,"player_choice":"Purged","damage_taken":0,"max_hp_gain":0,"max_hp_loss":0,"event_name":"Purifier","floor":20,"gold_loss":0},{"damage_healed":25,"gold_gain":0,"player_choice":"Heal","damage_taken":0,"max_hp_gain":0,"max_hp_loss":0,"event_name":"The Library","floor":23,"gold_loss":0},{"damage_healed":0,"gold_gain":0,"player_choice":"Ignored","damage_taken":0,"max_hp_gain":0,"max_hp_loss":0,"event_name":"Cursed Tome","floor":25,"gold_loss":0},{"damage_healed":0,"gold_gain":0,"player_choice":"Inject Mutagens","damage_taken":0,"relics_obtained":["MutagenicStrength"],"max_hp_gain":0,"max_hp_loss":0,"event_name":"Drug Dealer","floor":30,"gold_loss":0},{"damage_healed":0,"gold_gain":0,"player_choice":"Ignored","damage_taken":0,"max_hp_gain":0,"max_hp_loss":0,"event_name":"Tomb of Lord Red Mask","floor":38,"gold_loss":0},{"damage_healed":0,"gold_gain":0,"player_choice":"Memory 1","damage_taken":0,"max_hp_gain":0,"max_hp_loss":0,"event_name":"SensoryStone","floor":44,"gold_loss":0},{"damage_healed":0,"gold_gain":0,"player_choice":"Fight","damage_taken":0,"max_hp_gain":0,"max_hp_loss":0,"event_name":"MindBloom","floor":45,"gold_loss":0}],"is_beta":false,"boss_relics":[{"not_picked":["Tiny House","SacredBark"],"picked":"Philosopher\u0027s Stone"},{"not_picked":["Black Star","FrozenCore"],"picked":"Cursed Key"}],"items_purged_floors":[53],"is_endless":false,"potions_floor_spawned":[7,18,21,33,36,37,39,45,48],"killed_by":"The Heart","ascension_level":0}}