{"host":"bw00wb7p5bw58om7","time":1611854416,"event":{"mods":["100% Spire Juice","Act Like it!","BaseMod","Better Third Choice","CapriCore","Chen","Downfall","Gensokyo","Koishi","KomeijiMod","Marisa????????","Minty Spire (QoL Compilation)","Onozuka Komachi Mod","Permanent Neow","Prisma Mod","Reimu??????","Remilia??????","StSLib","The Administrix","The Immortal","The Senshi","The Servant 0.9.4","Yakumo Yukari mod"],"gold_per_floor":[114,124,141,1,12,12,37,37,90,90,106,120,147,157,157,260,260,271,289,307,67,85,411,428,428,428,441,471,489,509,362,362,461,461,472,483,483,519,569,623,623,650,650,663,663,709,741,395,395,415,415,415,101,147,167],"floor_reached":56,"language":"ENG","playtime":3975,"items_purged":[],"score":1521,"play_id":"de00073c-3ed0-45c7-bebc-3712da4e8e4f","local_time":"20210128172016","is_ascension_mode":true,"campfire_choices":[{"data":"RedMoon","floor":6,"key":"SMITH"},{"data":"DiffusionOfMisfortune","floor":8,"key":"SMITH"},{"floor":15,"key":"REST"},{"data":"ScarletMeister","floor":25,"key":"SMITH"},{"data":"BatForm","floor":32,"key":"SMITH"},{"floor":41,"key":"RECALL"},{"floor":45,"key":"REST"},{"data":"DemonKingCradle","floor":49,"key":"SMITH"},{"data":"ScarletCoffin","floor":52,"key":"SMITH"}],"circlet_count":0,"master_deck":["RedMoon+1","ScarletShoot+1","TransientEternity+1","ScarletImprint+1","DiffusionOfMisfortune+1","CharismaGuard+1","ChaoticDestiny+1","DiffusionOfMisfortune+1","UnstableMagic+1","LeisurelyOfLord+1","ForbiddenFruit+1","ScarletImprint+1","ScarletMeister+1","BloodHunter+1","ScarletMeister+1","BloodRain+1","CurseOfVladTepes+1","VampireSweep+1","MastersStateliness+1","BatForm+1","Maim+1","UnstableMagic+1","GlobalNightmare+1","HunterOfTheNight+1","ScarletImprint+1","Ultimatum+1","EndlessAdversity+1","ScarletImprint+1","CharismaGuard+1","ScarletImprint+1","CharismaGuard+1","DevilSight+1","TransientEternity+1","TransientEternity+1","ReincarnationDial+1","UnstableMagic+1","FavorOfDestiny+1","GlobalNightmare+1","DiffusionOfMisfortune","MastersStateliness+1","DemonKingCradle+1","ScarletCoffin+1","TwelveNightmare+1","Stigmanizer+1","AfternoonTea+1","UnstableMagic","UnderTheZenith","MastersStateliness","VampireFantasy","MastersStateliness+1"],"relics":["ScarletHat","CaptainsWheel","Question Card","Boot","HoshigumaDish","Pandora\u0027s Box","Membership Card","Whetstone","Old Coin","Centennial Puzzle","Regal Pillow","DollysMirror","ScarletEmblem","Ginger","Smiling Mask","Mummified Hand","HornCleat","Pear","War Paint","Frozen Eye","TypeBBloodRedTea","Bag of Marbles","HandDrill","Blue Candle"],"acts_visited":["Gensokyo:Gensokyo","Gensokyo:Gensokyoer","TheBeyond","TheEnding"],"potions_floor_usage":[],"damage_taken":[{"damage":0,"enemies":"Gensokyo:Gryphon","floor":1,"turns":3},{"damage":0,"enemies":"Gensokyo:3_Fairies","floor":2,"turns":5},{"damage":0,"enemies":"Gensokyo:Python","floor":3,"turns":4},{"damage":0,"enemies":"Gensokyo:LivingMonolith","floor":5,"turns":3},{"damage":36,"enemies":"Gensokyo:Cirno","floor":7,"turns":10},{"damage":28,"enemies":"Gensokyo:5_Fairies","floor":11,"turns":7},{"damage":6,"enemies":"Gensokyo:3_Kodama","floor":12,"turns":5},{"damage":0,"enemies":"Gensokyo:Aya","floor":13,"turns":6},{"damage":11,"enemies":"Gensokyo:VengefulSpirit","floor":14,"turns":6},{"damage":32,"enemies":"Gensokyo:Reimu","floor":16,"turns":10},{"damage":5,"enemies":"Gensokyo:2_Gloops","floor":18,"turns":4},{"damage":17,"enemies":"Gensokyo:CosmicMonolith","floor":19,"turns":3},{"damage":5,"enemies":"Gensokyo:3_Gloops","floor":20,"turns":5},{"damage":11,"enemies":"Gensokyo:Slime_Group","floor":22,"turns":5},{"damage":9,"enemies":"Gensokyo:Reisen","floor":23,"turns":5},{"damage":0,"enemies":"Gensokyo:Swordslinger","floor":24,"turns":4},{"damage":13,"enemies":"Gensokyo:Monolith_and_Dog","floor":27,"turns":6},{"damage":1,"enemies":"Gensokyo:Tenshi","floor":28,"turns":3},{"damage":5,"enemies":"Gensokyo:3_Gloops","floor":29,"turns":4},{"damage":9,"enemies":"Gensokyo:Slime_Group","floor":30,"turns":6},{"damage":18,"enemies":"Gensokyo:Kaguya","floor":33,"turns":7},{"damage":4,"enemies":"Orb Walker","floor":35,"turns":3},{"damage":7,"enemies":"3 Shapes","floor":36,"turns":4},{"damage":71,"enemies":"3 Shapes","floor":37,"turns":6},{"damage":5,"enemies":"Transient","floor":38,"turns":4},{"damage":15,"enemies":"2 Orb Walkers","floor":39,"turns":4},{"damage":28,"enemies":"Giant Head","floor":40,"turns":5},{"damage":37,"enemies":"Reptomancer","floor":42,"turns":7},{"damage":20,"enemies":"Jaw Worm Horde","floor":44,"turns":4},{"damage":0,"enemies":"Giant Head","floor":46,"turns":4},{"damage":5,"enemies":"Maw","floor":47,"turns":4},{"damage":10,"enemies":"Awakened One","floor":50,"turns":7},{"damage":3,"enemies":"Shield and Spear","floor":54,"turns":6},{"damage":62,"enemies":"The Heart","floor":55,"turns":6}],"seed_played":"5512482349509545557","potions_obtained":[{"floor":1,"key":"Ancient Potion"},{"floor":3,"key":"UndeadPotion"},{"floor":5,"key":"SkillPotion"}],"is_trial":false,"path_per_floor":["M","M","M","?","M","R","E","R","T","?","M","M","E","M","R","B",null,"M","M","M","$","M","E","M","R","T","M","E","M","M","COS","R","B",null,"M","M","?","M","?","E","R","E","T","M","R","E","M","$","R","B",null,"R","$","E","B",null],"character_chosen":"REMILIA","items_purchased":["Membership Card","ScarletImprint","Whetstone","Pear","War Paint","UnstableMagic","UnderTheZenith","Frozen Eye","MastersStateliness","TypeBBloodRedTea","Bag of Marbles","HandDrill","VampireFantasy"],"campfire_rested":2,"item_purchase_floors":[21,21,21,48,48,48,48,48,48,53,53,53,53],"current_hp_per_floor":[68,68,68,68,68,68,32,32,32,32,9,3,8,3,23,5,68,68,56,65,65,58,55,55,55,55,43,48,46,40,40,40,31,68,68,61,68,63,54,37,37,28,28,27,62,68,63,73,73,78,78,78,78,78,21],"gold":167,"neow_bonus":"THREE_RARE_CARDS","is_daily":false,"chose_seed":false,"campfire_upgraded":6,"win_rate":0.0,"timestamp":1611854416,"path_taken":["M","M","M","?","?","R","E","R","T","?","M","M","E","M","R","BOSS","M","M","M","$","M","E","M","R","T","?","E","M","M","COS","R","BOSS","M","M","?","M","?","E","R","E","T","M","R","E","M","$","R","BOSS","R","$","E","BOSS"],"items_purchased_type":["Relic","Card","Relic","Relic","Relic","Card","Card","Relic","Card","Relic","Relic","Relic","Card"],"build_version":"2020-12-22","purchased_purges":0,"victory":true,"max_hp_per_floor":[68,68,68,68,68,68,68,68,68,68,68,68,68,68,68,68,68,68,68,68,68,68,68,68,68,68,68,68,68,68,68,68,68,68,68,68,68,68,68,68,68,68,68,68,68,68,68,78,78,78,78,78,78,78,78],"card_choices":[{"not_picked":["BloodySeventeenLaser","CeilingFear"],"picked":"TransientEternity","floor":0},{"not_picked":["ScarletDream","RedRainbow"],"picked":"ScarletImprint","floor":1},{"not_picked":["BloodAndWine","VampireSweep"],"picked":"DiffusionOfMisfortune","floor":2},{"not_picked":["UnstableMagic","DiffusionOfMisfortune"],"picked":"CharismaGuard","floor":3},{"not_picked":["EndlessAdversity","Stigmanizer"],"picked":"ChaoticDestiny","floor":5},{"not_picked":["EmergencyRegeneration","RedRainbow"],"picked":"DiffusionOfMisfortune","floor":7},{"not_picked":["CharismaGuard","RedRainbow","EndlessAdversity"],"picked":"UnstableMagic","floor":11},{"not_picked":["BlasphemousPunishment","UltimateOffering","RedRainbow"],"picked":"LeisurelyOfLord","floor":12},{"not_picked":["ScarletGensokyo","LeisurelyOfLord","Stigmanizer"],"picked":"ForbiddenFruit","floor":13},{"not_picked":["CharismaGuard","AfternoonTea","Stigmanizer"],"picked":"ScarletImprint","floor":14},{"not_picked":["BloodRain","ChaoticDestiny","BloodyHallows"],"picked":"ScarletMeister","floor":16},{"not_picked":["BloodHunter+1","VampireFantasy","BlasphemousPunishment"],"picked":"UnstableMagic+1","floor":18},{"not_picked":["ForbiddenFruit","BlasphemousPunishment","Stigmanizer"],"picked":"GlobalNightmare","floor":19},{"not_picked":["ScarletGensokyo","TwelveNightmare+1","Stigmanizer"],"picked":"HunterOfTheNight+1","floor":20},{"not_picked":["CharismaGuard+1","UltimateOffering+1","EndlessAdversity"],"picked":"Ultimatum+1","floor":22},{"not_picked":["AfternoonTea","MastersStateliness","CharismaGuard+1"],"picked":"EndlessAdversity","floor":23},{"not_picked":["BloodHunter","BloodAndWine","BloodySeventeenLaser"],"picked":"ScarletImprint","floor":24},{"not_picked":["Stigmanizer","UnstableMagic+1","RedRainbow"],"picked":"CharismaGuard","floor":27},{"not_picked":["ScarletGensokyo+1","ScarletDevilSign","BlasphemousPunishment+1"],"picked":"ScarletImprint","floor":28},{"not_picked":["BloodHunter+1","Maim","UltimateOffering"],"picked":"CharismaGuard","floor":29},{"not_picked":["RedNightlessCastle","MastersStateliness","EndlessAdversity"],"picked":"DevilSight","floor":30},{"not_picked":["BatForm","CeilingFear","CurseOfVladTepes"],"picked":"TransientEternity","floor":33},{"not_picked":["FavorOfDestiny","RedRainbow+1","ScarletSymphony+1"],"picked":"ReincarnationDial+1","floor":35},{"not_picked":["GlobalNightmare","CharismaGuard+1","BloodHunter+1"],"picked":"UnstableMagic+1","floor":36},{"not_picked":["BlasphemousPunishment+1","BloodHunter","RedRainbow+1"],"picked":"FavorOfDestiny","floor":37},{"not_picked":["RedRainbow+1","BlasphemousPunishment+1","Stigmanizer"],"picked":"GlobalNightmare","floor":38},{"not_picked":["BloodAndWine+1","HellCatastrophe","UnstableMagic+1"],"picked":"DiffusionOfMisfortune","floor":39},{"not_picked":["DiffusionOfMisfortune+1","VampireSweep","BlasphemousPunishment"],"picked":"MastersStateliness+1","floor":40},{"not_picked":["EternalNight+1","Stigmanizer+1","UnstableMagic"],"picked":"DemonKingCradle","floor":42},{"not_picked":["ReincarnationDial","UnderTheZenith","RedNightlessCastle+1"],"picked":"ScarletCoffin","floor":42},{"not_picked":["MastersStateliness","EmergencyRegeneration+1","GlobalNightmare+1"],"picked":"TwelveNightmare+1","floor":44},{"not_picked":["BloodHunter+1","BloodRain","TwelveNightmare+1"],"picked":"Stigmanizer+1","floor":46},{"not_picked":["CharismaGuard+1","ScarletDevilSign","Stigmanizer+1"],"picked":"AfternoonTea+1","floor":47},{"not_picked":["EndlessAdversity+1","HunterOfTheNight+1","GlobalNightmare"],"picked":"MastersStateliness+1","floor":54}],"player_experience":303034,"relics_obtained":[{"floor":7,"key":"Question Card"},{"floor":9,"key":"Boot"},{"floor":13,"key":"HoshigumaDish"},{"floor":23,"key":"Old Coin"},{"floor":26,"key":"Centennial Puzzle"},{"floor":28,"key":"Regal Pillow"},{"floor":39,"key":"Ginger"},{"floor":40,"key":"Smiling Mask"},{"floor":42,"key":"Mummified Hand"},{"floor":46,"key":"HornCleat"},{"floor":54,"key":"Blue Candle"}],"event_choices":[{"damage_healed":0,"gold_gain":0,"player_choice":"Fight","damage_taken":0,"max_hp_gain":0,"max_hp_loss":0,"event_name":"Mysterious Sphere","floor":39,"gold_loss":0}],"is_beta":false,"boss_relics":[{"not_picked":["Empty Cage","bronze:MakeshiftBattery"],"picked":"Pandora\u0027s Box"},{"not_picked":["Tiny House","Astrolabe"],"picked":"ScarletEmblem"}],"items_purged_floors":[],"is_endless":false,"potions_floor_spawned":[1,3,5,14,16,18,20,27,28,29,37,40,42,44,54],"ascension_level":1}}