{"host":"Jinnai","time":1611809686,"event":{"mods":["BaseMod","Bestiary","Block Reminder","Colored Map","Colored Powertips","Highlight Path","Minty Spire (QoL Compilation)","Quick Restart","Relic Stats","StSLib"],"gold_per_floor":[366,291,302,23,42,71,71,99,177,53,0,18,18,18,18,95,95,111,129,129,129],"floor_reached":20,"language":"ENG","playtime":1061,"items_purged":[],"score":364,"play_id":"62d56236-b7a9-4952-b2bc-0753d34e6032","local_time":"20210127235446","is_ascension_mode":true,"campfire_choices":[{"data":"1","floor":7,"key":"LIFT"},{"floor":13,"key":"REST"},{"data":"2","floor":15,"key":"LIFT"}],"circlet_count":0,"master_deck":["AscendersBane","Strike_P","Strike_P","Defend_P","Defend_P","Eruption","Vigilance","BowlingBash","CutThroughFate","Consecrate","Wireheading","CarveReality","EmptyFist","CutThroughFate","Fasting2","TalkToTheHand","JustLucky","Blasphemy","Worship+1","SandsOfTime+1","MentalFortress+1","Halt","InnerPeace"],"relics":["PureWater","Toolbox","Girya","Lantern","Matryoshka","Astrolabe"],"acts_visited":["Exordium","TheCity"],"potions_floor_usage":[12,16,16,20],"damage_taken":[{"damage":7,"enemies":"Small Slimes","floor":1,"turns":4},{"damage":7,"enemies":"Jaw Worm","floor":3,"turns":3},{"damage":2,"enemies":"2 Louse","floor":5,"turns":2},{"damage":16,"enemies":"Gremlin Nob","floor":6,"turns":3},{"damage":20,"enemies":"3 Sentries","floor":8,"turns":3},{"damage":3,"enemies":"Exordium Thugs","floor":12,"turns":5},{"damage":6,"enemies":"The Guardian","floor":16,"turns":9},{"damage":0,"enemies":"3 Byrds","floor":18,"turns":5},{"damage":14,"enemies":"Shell Parasite","floor":19,"turns":3},{"damage":66,"enemies":"Masked Bandits","floor":20,"turns":3}],"seed_played":"8967274831227698950","potions_obtained":[{"floor":3,"key":"Dexterity Potion"},{"floor":8,"key":"Weak Potion"},{"floor":12,"key":"AttackPotion"},{"floor":16,"key":"StancePotion"},{"floor":18,"key":"BlessingOfTheForge"}],"is_trial":false,"path_per_floor":["M","?","M","$","M","E","R","E","T","$","?","M","R","$","R","B",null,"M","M","?"],"character_chosen":"WATCHER","items_purchased":["Toolbox","Consecrate","Wireheading","Fasting2","TalkToTheHand"],"campfire_rested":1,"item_purchase_floors":[4,4,4,10,10],"current_hp_per_floor":[54,54,47,47,45,29,29,9,9,9,9,6,24,24,24,18,51,51,37,0,0],"gold":129,"neow_bonus":"TWO_FIFTY_GOLD","is_daily":false,"chose_seed":false,"campfire_upgraded":0,"win_rate":0.0,"timestamp":1611809686,"path_taken":["M","?","M","$","M","E","R","E","T","$","?","M","R","?","R","BOSS","M","M","?"],"items_purchased_type":["Relic","Card","Card","Card","Card"],"build_version":"2020-12-18","purchased_purges":0,"victory":false,"max_hp_per_floor":[62,62,62,62,62,62,62,62,62,62,62,62,62,62,62,62,62,62,62,62,62],"relic_stats":{"counters":[10,40],"Astrolabe":["Worship","SandsOfTime","MentalFortress"],"obtain_stats":[{"Girya":6,"Lantern":8,"Matryoshka":9,"Astrolabe":17,"Toolbox":4,"PureWater":0},{"Girya":4,"Lantern":5,"Matryoshka":5,"Astrolabe":7,"Toolbox":2,"PureWater":0},{"Girya":12,"Lantern":15,"Matryoshka":15,"Astrolabe":29,"Toolbox":7,"PureWater":0}]},"card_choices":[{"not_picked":["LikeWater","ForeignInfluence"],"picked":"BowlingBash","floor":1},{"not_picked":["BattleHymn","Collect"],"picked":"CutThroughFate","floor":3},{"not_picked":["Crescendo","ConjureBlade"],"picked":"CarveReality","floor":5},{"not_picked":["Indignation","ForeignInfluence"],"picked":"EmptyFist","floor":6},{"not_picked":["LikeWater","ReachHeaven"],"picked":"CutThroughFate","floor":8},{"not_picked":["Crescendo","EmptyMind"],"picked":"JustLucky","floor":12},{"not_picked":["LessonLearned","Ragnarok"],"picked":"Blasphemy","floor":16},{"not_picked":["ClearTheMind","DeceiveReality+1"],"picked":"Halt","floor":18},{"not_picked":["Evaluate","EmptyFist"],"picked":"InnerPeace","floor":19}],"player_experience":1577993,"relics_obtained":[{"floor":6,"key":"Girya"},{"floor":8,"key":"Lantern"},{"floor":9,"key":"Matryoshka"}],"event_choices":[{"cards_removed":["Defend_P"],"damage_healed":0,"gold_gain":0,"player_choice":"Card Removal","damage_taken":0,"max_hp_gain":0,"max_hp_loss":0,"event_name":"The Cleric","floor":2,"gold_loss":75},{"damage_healed":0,"gold_gain":0,"player_choice":"Left Gold","damage_taken":0,"max_hp_gain":0,"max_hp_loss":0,"event_name":"World of Goop","floor":11,"gold_loss":53},{"damage_healed":0,"gold_gain":0,"player_choice":"Fought Bandits","damage_taken":0,"max_hp_gain":0,"max_hp_loss":0,"event_name":"Masked Bandits","floor":20,"gold_loss":0}],"is_beta":true,"boss_relics":[{"not_picked":["Sozu","Black Star"],"picked":"Astrolabe"}],"items_purged_floors":[],"is_endless":false,"potions_floor_spawned":[3,8,12,16,18],"killed_by":"Masked Bandits","ascension_level":20}}