{"host":"j4g6ia6asvpyu2b0","time":1611876758,"event":{"mods":["BaseMod","Colored Map","Minty Spire (QoL Compilation)","Permanent Neow","Quick Restart","Relic Stats","StSLib","Unceasing Turn Reminder"],"gold_per_floor":[113,113,127,127,141,171,171,191,191,218,252,263,297,297,297,398,398,413,425,335,89,102,137,147,177,230,230,240,240,271,271,271],"floor_reached":31,"language":"ENG","playtime":964,"items_purged":["Shame"],"score":557,"play_id":"17fdca60-17b9-4daa-856b-ff4a5009577a","local_time":"20210128163238","is_ascension_mode":true,"campfire_choices":[{"data":"Deadly Poison","floor":7.0,"key":"SMITH"},{"floor":15.0,"key":"REST"},{"data":"Well Laid Plans","floor":27,"key":"SMITH"}],"circlet_count":0,"master_deck":["Strike_G","Strike_G","Strike_G","Strike_G","Strike_G","Defend_G","Defend_G","Defend_G","Defend_G","Survivor","Neutralize","Choke","Deadly Poison+1","Malaise","Predator+1","Finisher+1","Dagger Throw+1","Leg Sweep","Blade Dance+1","Glass Knife+1","Backflip","Acrobatics","Terror","Well Laid Plans+1","Outmaneuver","Blade Dance","Outmaneuver+1","Backflip+1","PiercingWail","Normality","Footwork","Shame","Acrobatics"],"relics":["Cursed Key","Juzu Bracelet","Molten Egg 2","Darkstone Periapt","Odd Mushroom","Pear","Mercury Hourglass","WarpedTongs","Sozu","Strawberry","Snake Skull","Bag of Marbles","Singing Bowl","Blue Candle"],"acts_visited":["Exordium","TheCity"],"potions_floor_usage":[],"damage_taken":[{"damage":0.0,"enemies":"Jaw Worm","floor":1.0,"turns":4.0},{"damage":1.0,"enemies":"Cultist","floor":3.0,"turns":5.0},{"damage":0.0,"enemies":"Small Slimes","floor":5.0,"turns":2.0},{"damage":10.0,"enemies":"Lagavulin","floor":6.0,"turns":6.0},{"damage":6.0,"enemies":"Red Slaver","floor":8.0,"turns":3.0},{"damage":15.0,"enemies":"The Mushroom Lair","floor":10.0,"turns":5.0},{"damage":11.0,"enemies":"3 Sentries","floor":11.0,"turns":6.0},{"damage":3.0,"enemies":"Exordium Wildlife","floor":12.0,"turns":3.0},{"damage":16.0,"enemies":"Gremlin Nob","floor":13.0,"turns":4.0},{"damage":1.0,"enemies":"Slime Boss","floor":16.0,"turns":4.0},{"damage":7.0,"enemies":"2 Thieves","floor":18.0,"turns":3.0},{"damage":2.0,"enemies":"Spheric Guardian","floor":19.0,"turns":3.0},{"damage":2.0,"enemies":"Centurion and Healer","floor":22.0,"turns":4.0},{"damage":0.0,"enemies":"Gremlin Leader","floor":23.0,"turns":5.0},{"damage":0.0,"enemies":"3 Cultists","floor":24.0,"turns":4.0},{"damage":34.0,"enemies":"Slavers","floor":25.0,"turns":3.0},{"damage":6,"enemies":"Snecko","floor":28,"turns":5},{"damage":4,"enemies":"Gremlin Leader","floor":30,"turns":6}],"seed_played":"-1718445167244015832","potions_obtained":[{"floor":1.0,"key":"ColorlessPotion"},{"floor":6.0,"key":"Ancient Potion"},{"floor":10.0,"key":"SkillPotion"},{"floor":11.0,"key":"GamblersBrew"},{"floor":12.0,"key":"BlessingOfTheForge"},{"floor":13.0,"key":"FearPotion"}],"is_trial":false,"path_per_floor":["M","?","M","?","M","E","R","M","T","?","E","M","E","?","R","B",null,"M","M","?","$","M","E","M","E","T","R","M","T","E","$"],"character_chosen":"THE_SILENT","items_purchased":["Terror","Well Laid Plans","Outmaneuver"],"campfire_rested":1,"item_purchase_floors":[21,21,21],"current_hp_per_floor":[63,56,55,55,55,45,45,39,39,24,23,20,4,10,35,34,73,66,64,64,64,62,69,69,35,41,41,35,41,37,37,37],"gold":271,"neow_bonus":"BOSS_RELIC","is_daily":false,"chose_seed":false,"campfire_upgraded":2,"win_rate":0.0,"timestamp":1611876758,"path_taken":["M","?","M","?","M","E","R","M","T","?","E","M","E","?","R","BOSS","M","M","?","$","M","E","M","E","T","R","M","?","E","$"],"items_purchased_type":["Card","Card","Card"],"build_version":"2020-12-22","purchased_purges":1,"victory":false,"max_hp_per_floor":[70,70,70,70,70,70,70,70,70,70,80,80,80,86,86,86,86,86,86,86,86,86,93,93,93,99,99,99,105,105,105,105],"relic_stats":{"Darkstone Periapt":18,"Sozu":3,"Singing Bowl":0,"counters":[18,75],"Blue Candle":[0],"Snake Skull":[2],"Juzu Bracelet":2,"Cursed Key":3,"obtain_stats":[{"Darkstone Periapt":9,"Pear":11,"Singing Bowl":29,"Blue Candle":30,"Snake Skull":25,"Juzu Bracelet":4,"Odd Mushroom":10,"Cursed Key":0,"Mercury Hourglass":13,"WarpedTongs":14,"Sozu":17,"Strawberry":23,"Molten Egg 2":6,"Bag of Marbles":26,"Ring of the Snake":0},{"Darkstone Periapt":5,"Pear":7,"Singing Bowl":17,"Blue Candle":18,"Snake Skull":16,"Juzu Bracelet":2,"Odd Mushroom":6,"Cursed Key":0,"Mercury Hourglass":9,"WarpedTongs":9,"Sozu":10,"Strawberry":14,"Molten Egg 2":4,"Bag of Marbles":16,"Ring of the Snake":0},{"Darkstone Periapt":20,"Pear":31,"Singing Bowl":69,"Blue Candle":75,"Snake Skull":64,"Juzu Bracelet":9,"Odd Mushroom":25,"Cursed Key":0,"Mercury Hourglass":38,"WarpedTongs":38,"Sozu":42,"Strawberry":57,"Molten Egg 2":17,"Bag of Marbles":64,"Ring of the Snake":0}],"Mercury Hourglass":[168],"WarpedTongs":[37]},"card_choices":[{"not_picked":["Flechettes","Masterful Stab"],"picked":"Dodge and Roll","floor":1.0},{"not_picked":["Sucker Punch","Flying Knee"],"picked":"Choke","floor":3.0},{"not_picked":["Acrobatics","Deflect"],"picked":"Deadly Poison","floor":5.0},{"not_picked":["Tactician","Deflect"],"picked":"Malaise","floor":6.0},{"not_picked":["Flying Knee+1","Skewer+1"],"picked":"Predator+1","floor":8.0},{"not_picked":["All Out Attack+1","Choke+1"],"picked":"Finisher+1","floor":10.0},{"not_picked":["Deadly Poison","Deflect"],"picked":"Dagger Throw+1","floor":11.0},{"not_picked":["Poisoned Stab+1","Flechettes+1"],"picked":"Leg Sweep","floor":12.0},{"not_picked":["Accuracy","Acrobatics"],"picked":"Blade Dance","floor":13.0},{"not_picked":["Phantasmal Killer","Corpse Explosion"],"picked":"Glass Knife+1","floor":16.0},{"not_picked":["Reflex","Escape Plan"],"picked":"Backflip","floor":18.0},{"not_picked":["Choke+1","PiercingWail"],"picked":"Acrobatics","floor":19.0},{"not_picked":["Expertise+1","Endless Agony+1"],"picked":"Blade Dance","floor":22.0},{"not_picked":["All Out Attack+1","Cloak And Dagger"],"picked":"Outmaneuver+1","floor":23.0},{"not_picked":["Bane+1","Reflex"],"picked":"Backflip+1","floor":24.0},{"not_picked":["Calculated Gamble","Venomology"],"picked":"PiercingWail","floor":25},{"not_picked":["Dagger Spray+1","Deflect"],"picked":"Footwork","floor":28},{"not_picked":["Caltrops","Choke+1"],"picked":"Acrobatics","floor":30}],"player_experience":1065996,"relics_obtained":[{"floor":6.0,"key":"Molten Egg 2"},{"floor":9.0,"key":"Darkstone Periapt"},{"floor":10.0,"key":"Odd Mushroom"},{"floor":11.0,"key":"Pear"},{"floor":13.0,"key":"Mercury Hourglass"},{"floor":23.0,"key":"Strawberry"},{"floor":25,"key":"Snake Skull"},{"floor":26,"key":"Bag of Marbles"},{"floor":29,"key":"Singing Bowl"},{"floor":30,"key":"Blue Candle"}],"event_choices":[{"cards_removed":["Defend_G"],"damage_healed":0.0,"max_hp_gain":0.0,"max_hp_loss":0.0,"gold_gain":0.0,"event_name":"Golden Wing","player_choice":"Card Removal","floor":2.0,"gold_loss":0.0,"damage_taken":7.0},{"cards_removed":["Dodge and Roll"],"damage_healed":0.0,"max_hp_gain":0.0,"max_hp_loss":0.0,"gold_gain":0.0,"event_name":"WeMeetAgain","player_choice":"Gave Card","floor":4.0,"gold_loss":0.0,"damage_taken":0.0,"relics_obtained":["Juzu Bracelet"]},{"damage_healed":0.0,"max_hp_gain":0.0,"max_hp_loss":0.0,"gold_gain":0.0,"event_name":"Mushrooms","player_choice":"Fought Mushrooms","floor":10.0,"gold_loss":0.0,"damage_taken":0.0},{"damage_healed":0.0,"max_hp_gain":0.0,"max_hp_loss":0.0,"gold_gain":0.0,"event_name":"Accursed Blacksmith","player_choice":"Rummage","floor":14.0,"gold_loss":0.0,"damage_taken":0.0,"relics_obtained":["WarpedTongs"],"cards_obtained":["Pain"]},{"cards_removed":["Pain"],"damage_healed":0.0,"max_hp_gain":0.0,"max_hp_loss":0.0,"gold_gain":0.0,"event_name":"Designer","player_choice":"Upgrade and Remove","floor":20.0,"gold_loss":90.0,"damage_taken":0.0,"cards_upgraded":["Blade Dance"]}],"is_beta":false,"boss_relics":[{"not_picked":["Ectoplasm","Busted Crown"],"picked":"Sozu"}],"items_purged_floors":[21],"is_endless":false,"potions_floor_spawned":[1,6,10,11,12,13,22,23,30],"ascension_level":6}}