{"host":"emut9mh212kd9b86","time":1611797067,"event":{"mods":["ATMod(°¢èªMod)","Act Like it!","Arknights The Spire","BaseMod","Lobotomy","Minty Spire (QoL Compilation)","MostiFishMod","Shop Mod","Spicy Shops","StSLib","TestMod","¡¾ÒÅÎï¿¨ÅÆ¡¿REMEMod"],"gold_per_floor":[114,134,209,223,223,281,293,293,293],"floor_reached":8,"language":"ZHS","playtime":443,"items_purged":[],"score":78,"play_id":"bd536c0f-ec4a-4c3d-b2fe-ea0d5a4ae651","local_time":"20210128092427","is_ascension_mode":true,"campfire_choices":[],"circlet_count":0,"master_deck":["ats:Strike C","ats:Strike G","ats:Strike S","ats:Strike V","ats:Armor Crushing Shot","ats:Defend","ats:Defend","ats:Defend","ats:Defend","ats:Emotion Absorption","AT_TinkerSharpsword","ats:Calcification","ats:Overload","ats:Calcification"],"relics":["ats:Sanity","testmod-TestBox","DaveBox","AT_ATBox","REME_ComplimentaryCards","HaiYi:Twilight","testmod-CrystalShield","CogitoBucket","SynthV:TestCard","ats:Originium","Tiny Chest"],"acts_visited":["Exordium"],"potions_floor_usage":[6,7],"damage_taken":[{"damage":2,"enemies":"Small Slimes","floor":1,"turns":4},{"damage":12,"enemies":"2 Louse","floor":2,"turns":4},{"damage":0,"enemies":"Cultist","floor":4,"turns":5},{"damage":33,"enemies":"Lagavulin","floor":6,"turns":14},{"damage":11,"enemies":"Red Slaver","floor":7,"turns":2},{"damage":6,"enemies":"3 Sentries","floor":8,"turns":3}],"seed_played":"-7814954361390706398","potions_obtained":[{"floor":4,"key":"REME_GoldPotion"},{"floor":5,"key":"ats:Top Emergency Sanity Potion"},{"floor":5,"key":"LiquidMemories"},{"floor":6,"key":"Ancient Potion"}],"is_trial":false,"path_per_floor":["M","M","?","M","?","E","M","E"],"character_chosen":"DOCTOR_CLASS","items_purchased":[],"campfire_rested":0,"item_purchase_floors":[],"current_hp_per_floor":[63,51,40,40,40,11,1,0,0],"gold":293,"neow_bonus":"","is_daily":false,"chose_seed":false,"campfire_upgraded":0,"win_rate":0.0,"timestamp":1611797067,"path_taken":["M","M","?","M","?","E","M","E"],"items_purchased_type":[],"build_version":"2020-12-22","purchased_purges":0,"victory":false,"max_hp_per_floor":[72,72,72,72,72,72,72,72,72],"card_choices":[{"not_picked":["ats:Revitalization","ats:Collapsing Strike","ats:Cat Scratch"],"picked":"SKIP","floor":1},{"not_picked":["ats:Thermite Blade","ats:Defend Order","ats:Explosion Area Strengthen","ats:Revitalization","ats:Composite Medical Shells"],"picked":"SKIP","floor":2},{"not_picked":["ats:Powerful Strike","ats:Absolute Focus","ats:Very Hot Blade","ats:Hammer On"],"picked":"ats:Calcification","floor":4},{"not_picked":["ats:Revitalization","ats:Leaping Hammer","ats:Serious Mode","ats:Assault Order"],"picked":"ats:Overload","floor":6},{"not_picked":["ats:Leaping Hammer","ats:Explosion Area Strengthen","ats:Poison Spread","ats:Revitalization","ats:Shell Defense"],"picked":"SKIP","floor":7}],"player_experience":339349,"relics_obtained":[{"floor":1,"key":"SynthV:TestCard"},{"floor":6,"key":"ats:Originium"},{"floor":6,"key":"Tiny Chest"}],"event_choices":[{"damage_healed":0,"gold_gain":75,"player_choice":"Gather Gold","damage_taken":11,"max_hp_gain":0,"max_hp_loss":0,"event_name":"World of Goop","floor":3,"gold_loss":0},{"damage_healed":0,"gold_gain":0,"player_choice":"Got Potions","damage_taken":0,"max_hp_gain":0,"max_hp_loss":0,"event_name":"Lab","floor":5,"gold_loss":0}],"is_beta":false,"boss_relics":[],"items_purged_floors":[],"is_endless":false,"potions_floor_spawned":[4,6],"killed_by":"3 Sentries","ascension_level":7}}