{"host":"2smcgt1ki1qcud40","time":1611825178,"event":{"mods":["BaseMod","Minty Spire (QoL Compilation)"],"gold_per_floor":[11,29,44,60,60,87,87,102,102,121,131,162,173,201,201,201,201],"floor_reached":16,"language":"ENG","playtime":610,"items_purged":[],"score":239,"play_id":"f79429aa-70a5-4851-8374-26bc4b648ebf","local_time":"20210128101258","is_ascension_mode":true,"campfire_choices":[{"floor":7.0,"key":"REST"},{"floor":15.0,"key":"REST"}],"circlet_count":0,"master_deck":["AscendersBane","Strike_R","Strike_R","Strike_R","Strike_R","Strike_R","Defend_R","Defend_R","Defend_R","Defend_R","Bash","Infernal Blade","Perfected Strike","Carnage","Clothesline","Cleave+1","Perfected Strike+1","Pummel+1","Ghostly Armor","Sentinel+1","Flame Barrier+1","Power Through+1"],"relics":["Burning Blood","Champion Belt","Molten Egg 2","Matryoshka","Toxic Egg 2","Kunai"],"acts_visited":["Exordium"],"potions_floor_usage":[],"damage_taken":[{"damage":14.0,"enemies":"Jaw Worm","floor":1.0,"turns":5.0},{"damage":1.0,"enemies":"Cultist","floor":2.0,"turns":3.0},{"damage":5.0,"enemies":"2 Louse","floor":3.0,"turns":3.0},{"damage":19.0,"enemies":"Red Slaver","floor":4.0,"turns":4.0},{"damage":25.0,"enemies":"Lagavulin","floor":6.0,"turns":5.0},{"damage":12.0,"enemies":"2 Fungi Beasts","floor":8.0,"turns":3.0},{"damage":0.0,"enemies":"Large Slime","floor":10.0,"turns":4.0},{"damage":9.0,"enemies":"Red Slaver","floor":11.0,"turns":2.0},{"damage":20.0,"enemies":"3 Sentries","floor":12.0,"turns":6.0},{"damage":6.0,"enemies":"2 Fungi Beasts","floor":13.0,"turns":3.0},{"damage":30.0,"enemies":"Lagavulin","floor":14.0,"turns":8.0},{"damage":37,"enemies":"Slime Boss","floor":16,"turns":6}],"seed_played":"5771201875458084217","potions_obtained":[{"floor":1.0,"key":"SpeedPotion"},{"floor":5.0,"key":"ColorlessPotion"},{"floor":5.0,"key":"SmokeBomb"},{"floor":11.0,"key":"Energy Potion"},{"floor":12.0,"key":"GamblersBrew"}],"is_trial":false,"path_per_floor":["M","M","M","M","?","E","R","M","T","M","M","E","M","E","R","B"],"character_chosen":"IRONCLAD","items_purchased":[],"campfire_rested":2,"item_purchase_floors":[],"current_hp_per_floor":[60,65,66,53,53,34,56,50,50,56,53,39,39,15,37,0,0],"gold":201,"neow_bonus":"ONE_RARE_RELIC","is_daily":false,"chose_seed":false,"campfire_upgraded":0,"win_rate":0.0,"timestamp":1611825178,"path_taken":["M","M","M","M","?","E","R","M","T","M","?","E","M","E","R","BOSS"],"items_purchased_type":[],"build_version":"2020-12-22","purchased_purges":0,"victory":false,"max_hp_per_floor":[75,75,75,75,75,75,75,75,75,75,75,75,75,75,75,75,75],"card_choices":[{"not_picked":["Clash","Sword Boomerang"],"picked":"Infernal Blade","floor":1.0},{"not_picked":["Anger","Blood for Blood"],"picked":"Perfected Strike","floor":2.0},{"not_picked":["Combust","Flex"],"picked":"Carnage","floor":3.0},{"not_picked":["Clash","Intimidate"],"picked":"Clothesline","floor":4.0},{"not_picked":["Bludgeon+1","Blood for Blood+1"],"picked":"Cleave+1","floor":6.0},{"not_picked":["Anger+1","Clash+1"],"picked":"Perfected Strike+1","floor":8.0},{"not_picked":["Warcry","Iron Wave+1"],"picked":"Pummel+1","floor":10.0},{"not_picked":["True Grit","Rampage+1"],"picked":"Ghostly Armor","floor":11.0},{"not_picked":["Metallicize","Battle Trance+1"],"picked":"Sentinel+1","floor":12.0},{"not_picked":["Wild Strike+1","Cleave+1"],"picked":"Flame Barrier+1","floor":13.0},{"not_picked":["Seeing Red+1","Dropkick+1"],"picked":"Power Through+1","floor":14.0}],"player_experience":689373,"relics_obtained":[{"floor":6.0,"key":"Molten Egg 2"},{"floor":9.0,"key":"Matryoshka"},{"floor":12.0,"key":"Toxic Egg 2"},{"floor":14.0,"key":"Kunai"}],"event_choices":[{"damage_healed":0.0,"max_hp_gain":0.0,"max_hp_loss":0.0,"gold_gain":0.0,"event_name":"Lab","player_choice":"Got Potions","floor":5.0,"gold_loss":0.0,"damage_taken":0.0}],"is_beta":false,"boss_relics":[],"items_purged_floors":[],"is_endless":false,"potions_floor_spawned":[1,11,12],"killed_by":"Slime Boss","ascension_level":18}}