{"host":"3h5qf14xt40jhha0","time":1611808224,"event":{"mods":["AlwaysNeverKeys","BaseMod","Colored Powertips","Minty Spire (QoL Compilation)","Permanent Neow","Relic Stats","StSLib"],"gold_per_floor":[113,113,113,126,142,169,169,183,183,198,198,198],"floor_reached":11,"language":"ENG","playtime":528,"items_purged":[],"score":150,"play_id":"74dc4d8c-9c37-41d7-8a7d-90782e97440e","local_time":"20210127233024","is_ascension_mode":true,"campfire_choices":[{"floor":7,"key":"REST"}],"circlet_count":0,"master_deck":["AscendersBane","Strike_G","Strike_G","Strike_G","Strike_G","Strike_G","Defend_G","Defend_G","Defend_G","Defend_G","Defend_G","Survivor","Neutralize","Predator","Pain","Footwork","Underhanded Strike","Distraction","Acrobatics"],"relics":["Snecko Eye","Art of War","WarpedTongs","Bottled Tornado","Omamori"],"acts_visited":["Exordium"],"potions_floor_usage":[10,11],"damage_taken":[{"damage":14,"enemies":"Small Slimes","floor":1,"turns":4},{"damage":8,"enemies":"Jaw Worm","floor":4,"turns":3},{"damage":2,"enemies":"Cultist","floor":5,"turns":4},{"damage":13,"enemies":"Gremlin Nob","floor":6,"turns":4},{"damage":10,"enemies":"2 Fungi Beasts","floor":8,"turns":3},{"damage":1,"enemies":"Gremlin Gang","floor":10,"turns":4},{"damage":12,"enemies":"3 Sentries","floor":11,"turns":8}],"seed_played":"-1924422955832068341","potions_obtained":[{"floor":6,"key":"SteroidPotion"},{"floor":8,"key":"SpeedPotion"}],"is_trial":false,"path_per_floor":["M","?","?","M","M","E","R","M","T","M","E"],"character_chosen":"THE_SILENT","items_purchased":[],"campfire_rested":1,"item_purchase_floors":[],"current_hp_per_floor":[45,27,27,19,17,4,23,13,13,12,0,0],"gold":198,"neow_bonus":"BOSS_RELIC","is_daily":false,"chose_seed":false,"campfire_upgraded":0,"win_rate":0.0,"timestamp":1611808224,"path_taken":["M","?","?","M","M","E","R","M","T","?","E"],"items_purchased_type":[],"build_version":"2020-12-22","purchased_purges":0,"victory":false,"max_hp_per_floor":[66,66,66,66,66,66,66,66,66,66,66,66],"relic_stats":{"counters":[7,30],"Snecko Eye":[52,49,50,50],"Art of War":[2],"obtain_stats":[{"Snecko Eye":0,"Art of War":2,"Omamori":9,"Bottled Tornado":6,"Ring of the Snake":0,"WarpedTongs":3},{"Snecko Eye":0,"Art of War":1,"Omamori":5,"Bottled Tornado":4,"Ring of the Snake":0,"WarpedTongs":1},{"Snecko Eye":0,"Art of War":4,"Omamori":18,"Bottled Tornado":15,"Ring of the Snake":0,"WarpedTongs":4}],"WarpedTongs":[26]},"card_choices":[{"not_picked":["Bane","Flying Knee"],"picked":"Predator","floor":1},{"not_picked":["Heel Hook","Acrobatics"],"picked":"Footwork","floor":4},{"not_picked":["Acrobatics","Quick Slash"],"picked":"Underhanded Strike","floor":5},{"not_picked":["Adrenaline","Slice","Flying Knee"],"picked":"SKIP","floor":6},{"not_picked":["Setup","Sucker Punch"],"picked":"Distraction","floor":8},{"not_picked":["Dodge and Roll","Concentrate"],"picked":"Acrobatics","floor":10}],"player_experience":1387714,"relics_obtained":[{"floor":6,"key":"Bottled Tornado"},{"floor":9,"key":"Omamori"}],"event_choices":[{"damage_healed":0,"gold_gain":0,"player_choice":"Success","damage_taken":18,"relics_obtained":["Art of War"],"max_hp_gain":0,"max_hp_loss":0,"event_name":"Scrap Ooze","floor":2,"gold_loss":0},{"damage_healed":0,"gold_gain":0,"player_choice":"Rummage","damage_taken":0,"relics_obtained":["WarpedTongs"],"max_hp_gain":0,"max_hp_loss":0,"event_name":"Accursed Blacksmith","floor":3,"gold_loss":0,"cards_obtained":["Pain"]}],"is_beta":false,"boss_relics":[],"items_purged_floors":[],"is_endless":false,"potions_floor_spawned":[6,8],"killed_by":"3 Sentries","ascension_level":20}}