{"host":"6xga3iob6qevsb35","time":1611808468,"event":{"mods":["ATMod(°¢èªMod)","BaseMod","KinomotoSakuraMod(Ä¾Ö®±¾Ó£)","Minty Spire (QoL Compilation)","StSLib","¡¾ÒÅÎï¿¨ÅÆ¡¿REMEMod"],"gold_per_floor":[114,114,74,74,93,121,132,152,152,181,193,206,206,206,206,309,309,320,320,320],"floor_reached":19,"language":"ZHS","playtime":1685,"items_purged":[],"score":204,"play_id":"caf42f10-3952-48fa-8f5e-16c93cfd6021","local_time":"20210128123428","is_ascension_mode":false,"campfire_choices":[{"floor":13,"key":"REST"},{"floor":15,"key":"REST"}],"circlet_count":0,"master_deck":["SakuraCardTheBubbles+","ClowCardTheSword","ClowCardTheSword","ClowCardTheSword","ClowCardTheSword","ClowCardTheShield","ClowCardTheShield","ClowCardTheShield+1","SpellCardSeal","SpellCardRelease","AT_FamilyPortrait","Master of Strategy+1","ClowCardTheSand","ClowCardTheWatery","ClowCardTheDream","ClowCardTheDream","ClowCardTheDream","ClowCardTheTime","ClowCardTheVoice+1"],"relics":["KSMOD_SealedBook","KSMOD_StarWand","AT_ATBox","REME_ComplimentaryCards","NeowsBlessing","Strawberry","Matryoshka","Pen Nib","War Paint","AT_ImmortalShieldbow"],"acts_visited":["Exordium","TheCity"],"potions_floor_usage":[8,10,11],"damage_taken":[{"damage":0,"enemies":"2 Louse","floor":1,"turns":1},{"damage":0,"enemies":"Small Slimes","floor":5,"turns":1},{"damage":0,"enemies":"3 Sentries","floor":6,"turns":1},{"damage":0,"enemies":"Jaw Worm","floor":7,"turns":1},{"damage":11,"enemies":"2 Fungi Beasts","floor":8,"turns":4},{"damage":35,"enemies":"Lagavulin","floor":10,"turns":9},{"damage":0,"enemies":"3 Louse","floor":11,"turns":1},{"damage":8,"enemies":"Exordium Thugs","floor":12,"turns":5},{"damage":43,"enemies":"Hexaghost","floor":16,"turns":11},{"damage":10,"enemies":"Chosen","floor":18,"turns":5},{"damage":0,"enemies":"3 Byrds","floor":19,"turns":1}],"seed_played":"3096758263670385918","potions_obtained":[{"floor":1,"key":"SteroidPotion"},{"floor":5,"key":"Swift Potion"},{"floor":7,"key":"Dexterity Potion"},{"floor":16,"key":"ColorlessPotion"}],"is_trial":false,"path_per_floor":["M","?","$","?","M","E","M","M","T","E","M","M","R","?","R","B",null,"M","M"],"character_chosen":"KINOMOTOSAKURA","items_purchased":["ClowCardTheWatery"],"campfire_rested":2,"item_purchase_floors":[3],"current_hp_per_floor":[70,70,70,59,59,59,59,48,48,17,17,24,47,40,63,27,77,67,67,67],"gold":320,"neow_bonus":"THREE_ENEMY_KILL","is_daily":false,"chose_seed":false,"campfire_upgraded":0,"win_rate":0.0,"timestamp":1611808468,"path_taken":["M","?","$","?","M","E","M","M","T","E","M","?","R","?","R","BOSS","M","M"],"items_purchased_type":["Card"],"build_version":"2020-12-22","purchased_purges":0,"victory":false,"max_hp_per_floor":[70,70,70,77,77,77,77,77,77,77,77,77,77,77,77,77,77,77,77,77],"card_choices":[{"not_picked":["ClowCardTheIllusion","ClowCardTheFly"],"picked":"ClowCardTheSand","floor":1},{"not_picked":["ClowCardTheVoice","ClowCardTheWatery"],"picked":"ClowCardTheBubbles","floor":5},{"not_picked":["ClowCardTheStorm","ClowCardTheJump"],"picked":"ClowCardTheCreate","floor":6},{"not_picked":["ClowCardThePower","ClowCardTheErase","ClowCardTheChange"],"picked":"SKIP","floor":7},{"not_picked":["ClowCardTheLibra","ClowCardTheArrow","ClowCardTheErase"],"picked":"SKIP","floor":8},{"not_picked":["ClowCardTheMaze","ClowCardTheLittle"],"picked":"ClowCardTheDream","floor":10},{"not_picked":["ClowCardTheJump","ClowCardTheSand"],"picked":"ClowCardTheDream","floor":11},{"not_picked":["ClowCardTheMaze","ClowCardTheTime"],"picked":"ClowCardTheDream","floor":12},{"not_picked":["ClowCardTheDash","ClowCardTheLight"],"picked":"ClowCardTheTime","floor":16},{"not_picked":["ClowCardTheIllusion","ClowCardTheBig+1"],"picked":"ClowCardTheVoice+1","floor":18}],"player_experience":4799,"relics_obtained":[{"floor":6,"key":"Matryoshka"},{"floor":8,"key":"Pen Nib"},{"floor":9,"key":"War Paint"},{"floor":10,"key":"AT_ImmortalShieldbow"}],"event_choices":[{"damage_healed":0,"gold_gain":0,"player_choice":"Ignored","damage_taken":0,"max_hp_gain":0,"max_hp_loss":0,"event_name":"Golden Idol","floor":2,"gold_loss":0},{"damage_healed":0,"gold_gain":0,"player_choice":"Success","damage_taken":18,"relics_obtained":["Strawberry"],"max_hp_gain":0,"max_hp_loss":0,"event_name":"Scrap Ooze","floor":4,"gold_loss":0},{"cards_removed":["ClowCardTheShield"],"damage_healed":0,"gold_gain":0,"player_choice":"Card Removal","damage_taken":7,"max_hp_gain":0,"max_hp_loss":0,"event_name":"Golden Wing","floor":14,"gold_loss":0}],"is_beta":false,"boss_relics":[{"not_picked":["SlaversCollar","Empty Cage"],"picked":"KSMOD_StarWand"}],"items_purged_floors":[],"is_endless":false,"potions_floor_spawned":[1,5,7,16],"killed_by":"3 Byrds","ascension_level":0}}