{"host":"aj7el8l5kufbk20z","time":1611812547,"event":{"mods":["AchievementEnabler","BaseMod","Colored Map","Colored Powertips","Curses Come First","Highlight Path","Minty Spire (QoL Compilation)","Permanent Neow","Poor People Problems","Quick Restart","Rare Cards Sparkle","Relic Stats","StSLib","SuperFastMode","Waifu the Spire"],"gold_per_floor":[112,240,258,442,442,476,476,504,530,541,576,593,626,638,638,711,711,727,727,745,745,761,761,793,412,465,495,495,495,495,510,510,510,510],"floor_reached":33,"language":"ZHS","playtime":2487,"items_purged":["Strike_G","Strike_G","Writhe"],"score":548,"play_id":"52db16b4-08f0-4b2c-a1bb-f018bcef7f82","local_time":"20210128134227","is_ascension_mode":true,"campfire_choices":[{"data":"Caltrops","floor":7.0,"key":"SMITH"},{"data":"Footwork","floor":15,"key":"SMITH"},{"data":"After Image","floor":23,"key":"SMITH"},{"data":"Infinite Blades","floor":30,"key":"SMITH"},{"data":"Deadly Poison","floor":32,"key":"SMITH"}],"circlet_count":0,"master_deck":["AscendersBane","Strike_G","Defend_G","Defend_G","Defend_G","Defend_G","Defend_G","Survivor","Neutralize","Backflip","Backflip","Cloak And Dagger","Caltrops+1","Blade Dance","Deflect","PiercingWail","Dagger Spray","Prepared","Footwork+1","Crippling Poison","After Image+1","Infinite Blades+1","Infinite Blades+1","Deadly Poison+1","Cloak And Dagger","PiercingWail+1"],"relics":["Black Star","Calipers","Orichalcum","Strawberry","Bottled Tornado","Tiny Chest","Darkstone Periapt","Bag of Marbles","Centennial Puzzle","Lizard Tail","Bottled Lightning","Oddly Smooth Stone","Velvet Choker","Ninja Scroll","Boot","TungstenRod","Question Card","Dream Catcher","Sundial","Bag of Preparation","Eternal Feather"],"acts_visited":["Exordium","TheCity"],"potions_floor_usage":[],"damage_taken":[{"damage":6.0,"enemies":"Cultist","floor":1.0,"turns":5.0},{"damage":6.0,"enemies":"Jaw Worm","floor":3.0,"turns":8.0},{"damage":26.0,"enemies":"3 Sentries","floor":6.0,"turns":12.0},{"damage":73.0,"enemies":"Gremlin Nob","floor":8.0,"turns":6.0},{"damage":2.0,"enemies":"2 Louse","floor":10.0,"turns":3.0},{"damage":14.0,"enemies":"3 Sentries","floor":11.0,"turns":10.0},{"damage":6,"enemies":"Exordium Thugs","floor":12,"turns":4},{"damage":39,"enemies":"Gremlin Nob","floor":13,"turns":5},{"damage":0,"enemies":"Red Slaver","floor":14,"turns":5},{"damage":28,"enemies":"The Guardian","floor":16,"turns":15},{"damage":0,"enemies":"Shell Parasite","floor":18,"turns":8},{"damage":0,"enemies":"Chosen","floor":20,"turns":5},{"damage":12,"enemies":"Shelled Parasite and Fungi","floor":22,"turns":7},{"damage":23,"enemies":"Slavers","floor":24,"turns":5},{"damage":19,"enemies":"Gremlin Leader","floor":27,"turns":8},{"damage":16,"enemies":"Centurion and Healer","floor":31,"turns":7},{"damage":45,"enemies":"Champ","floor":33,"turns":13}],"seed_played":"-6350450211679590878","potions_obtained":[{"floor":8.0,"key":"Swift Potion"},{"floor":11,"key":"LiquidMemories"},{"floor":16,"key":"SkillPotion"},{"floor":27,"key":"PowerPotion"}],"is_trial":false,"path_per_floor":["M","$","M","$","?","E","R","E","T","M","E","M","E","M","R","B",null,"M","?","M","?","M","R","E","$","T","E","?","T","R","M","R","B"],"character_chosen":"THE_SILENT","items_purchased":["Backflip","Calipers","Orichalcum","Cloak And Dagger","Caltrops","Blade Dance","Question Card"],"campfire_rested":0,"item_purchase_floors":[2,2,4,4,4,4,25],"current_hp_per_floor":[53,53,47,47,47,56,56,72,72,70,56,50,57,57,57,80,73,73,79,79,79,67,67,78,78,78,59,59,59,74,80,79,34,34],"gold":510,"neow_bonus":"BOSS_RELIC","is_daily":false,"chose_seed":false,"campfire_upgraded":5,"win_rate":0.0,"timestamp":1611812547,"path_taken":["M","$","M","$","?","E","R","E","T","M","E","M","E","M","R","BOSS","M","?","M","?","M","R","E","$","T","E","?","?","R","M","R","BOSS"],"items_purchased_type":["Card","Relic","Relic","Card","Card","Card","Relic"],"build_version":"2020-12-22","purchased_purges":3,"victory":false,"max_hp_per_floor":[66,66,66,66,66,73,73,73,73,73,73,73,73,73,73,73,73,73,79,79,79,79,79,79,79,79,79,79,79,79,79,79,79,79],"relic_stats":{"Darkstone Periapt":6,"counters":[17,126],"Eternal Feather":14,"Bag of Preparation":[4],"Orichalcum":[96],"Boot":[123],"Question Card":2,"Centennial Puzzle":[24],"Lizard Tail":0,"Dream Catcher":0,"Sundial":[2],"Tiny Chest":1,"Black Star":6,"obtain_stats":[{"Darkstone Periapt":8,"Calipers":2,"Oddly Smooth Stone":13,"Velvet Choker":17,"Eternal Feather":29,"Bag of Preparation":27,"Orichalcum":4,"Bottled Tornado":6,"Boot":24,"Question Card":25,"Centennial Puzzle":11,"Lizard Tail":11,"Dream Catcher":26,"Ninja Scroll":19,"Sundial":27,"Strawberry":6,"Tiny Chest":8,"Black Star":0,"Bag of Marbles":9,"Bottled Lightning":13,"TungstenRod":24,"Ring of the Snake":0},{"Darkstone Periapt":4,"Calipers":1,"Oddly Smooth Stone":8,"Velvet Choker":10,"Eternal Feather":15,"Bag of Preparation":15,"Orichalcum":2,"Bottled Tornado":3,"Boot":14,"Question Card":14,"Centennial Puzzle":6,"Lizard Tail":6,"Dream Catcher":14,"Ninja Scroll":11,"Sundial":15,"Strawberry":3,"Tiny Chest":4,"Black Star":0,"Bag of Marbles":4,"Bottled Lightning":8,"TungstenRod":14,"Ring of the Snake":0},{"Darkstone Periapt":31,"Calipers":5,"Oddly Smooth Stone":53,"Velvet Choker":73,"Eternal Feather":106,"Bag of Preparation":106,"Orichalcum":13,"Bottled Tornado":25,"Boot":98,"Question Card":98,"Centennial Puzzle":44,"Lizard Tail":44,"Dream Catcher":98,"Ninja Scroll":81,"Sundial":106,"Strawberry":25,"Tiny Chest":31,"Black Star":0,"Bag of Marbles":31,"Bottled Lightning":53,"TungstenRod":98,"Ring of the Snake":0}],"TungstenRod":11},"card_choices":[{"not_picked":["Concentrate","Choke"],"picked":"Backflip","floor":1.0},{"not_picked":["Quick Slash","Dagger Throw","Flechettes"],"picked":"SKIP","floor":3.0},{"not_picked":["Dash","Masterful Stab","Slice"],"picked":"SKIP","floor":6.0},{"not_picked":["Prepared","Leg Sweep"],"picked":"Deflect","floor":8.0},{"not_picked":["Flying Knee","Sucker Punch"],"picked":"PiercingWail","floor":10.0},{"not_picked":["Sucker Punch","Flying Knee"],"picked":"Dagger Spray","floor":11},{"not_picked":["Poisoned Stab","Endless Agony"],"picked":"Prepared","floor":12},{"not_picked":["Endless Agony","Dagger Throw"],"picked":"Footwork","floor":13},{"not_picked":["Dagger Throw","Prepared"],"picked":"Crippling Poison","floor":14},{"not_picked":["Adrenaline","Grand Finale"],"picked":"After Image","floor":16},{"not_picked":["Outmaneuver","Finisher"],"picked":"Infinite Blades+1","floor":18},{"not_picked":["Choke","Bane+1"],"picked":"Infinite Blades","floor":20},{"not_picked":["Bane","Quick Slash"],"picked":"Deadly Poison","floor":22},{"not_picked":["Heel Hook+1","Dagger Spray+1","Bane"],"picked":"SKIP","floor":24},{"not_picked":["Bane","Venomology","Deadly Poison+1"],"picked":"Cloak And Dagger","floor":27},{"not_picked":["Poisoned Stab","Bane","Setup"],"picked":"PiercingWail+1","floor":31}],"player_experience":420760,"relics_obtained":[{"floor":6.0,"key":"Strawberry"},{"floor":6.0,"key":"Bottled Tornado"},{"floor":8.0,"key":"Tiny Chest"},{"floor":8.0,"key":"Darkstone Periapt"},{"floor":9.0,"key":"Bag of Marbles"},{"floor":11,"key":"Centennial Puzzle"},{"floor":11,"key":"Lizard Tail"},{"floor":13,"key":"Bottled Lightning"},{"floor":13,"key":"Oddly Smooth Stone"},{"floor":24,"key":"Boot"},{"floor":24,"key":"TungstenRod"},{"floor":26,"key":"Dream Catcher"},{"floor":27,"key":"Sundial"},{"floor":27,"key":"Bag of Preparation"},{"floor":29,"key":"Eternal Feather"}],"event_choices":[{"cards_removed":["Strike_G"],"damage_healed":0.0,"max_hp_gain":0.0,"max_hp_loss":0.0,"gold_gain":0.0,"event_name":"Living Wall","player_choice":"Forget","floor":5.0,"gold_loss":0.0,"damage_taken":0.0},{"damage_healed":0,"gold_gain":0,"player_choice":"Opened","damage_taken":0,"relics_obtained":["Ninja Scroll"],"max_hp_gain":0,"max_hp_loss":0,"event_name":"The Mausoleum","floor":19,"gold_loss":0,"cards_obtained":["Writhe"]},{"damage_healed":0,"gold_gain":0,"player_choice":"Ignored","damage_taken":0,"max_hp_gain":0,"max_hp_loss":0,"event_name":"Ghosts","floor":21,"gold_loss":0},{"cards_removed":["Strike_G"],"damage_healed":0,"gold_gain":0,"player_choice":"Purged","damage_taken":0,"max_hp_gain":0,"max_hp_loss":0,"event_name":"Purifier","floor":28,"gold_loss":0}],"is_beta":false,"boss_relics":[{"not_picked":["Tiny House","Coffee Dripper"],"picked":"Velvet Choker"}],"items_purged_floors":[2,4,25],"is_endless":false,"potions_floor_spawned":[8,11,12,13,16,18,27,31],"killed_by":"Champ","ascension_level":15}}