{"host":"j0e3xzyxe6w4yncp","time":1611867812,"event":{"mods":["2.2 Compatiblity","BaseMod","Colored Map","Colored Powertips","Downfall","Minty Spire (QoL Compilation)","Quick Restart","Shop Mod","StSLib"],"gold_per_floor":[99,99,99,99,3,21,46,46,46,146,166,232,132,143,158,158,158,158],"floor_reached":16,"language":"ENG","playtime":995,"items_purged":[],"score":90,"play_id":"cfd89cd2-79e8-481e-91f0-39a7c1a84788","local_time":"20210128160332","is_ascension_mode":false,"campfire_choices":[{"floor":1.0,"key":"RECALL"},{"data":"bronze:DarkDash","floor":8.0,"key":"SMITH"},{"floor":13.0,"key":"REST"}],"circlet_count":0,"master_deck":["bronze:Strike","bronze:Strike","bronze:Strike","bronze:Defend","bronze:Defend","bronze:Defend","bronze:Defend","bronze:Replicate","bronze:Goto","bronze:ForLoop","bronze:Philosophize","bronze:DarkDash+1","bronze:DelayedSlice","bronze:BronzeArmor","bronze:DelayedSlice","bronze:FineTuning","bronze:Break","bronze:Iterate","bronze:GetLatest","bronze:ShipIt","bronze:ChildClass","bronze:Repulsor"],"relics":["bronze:BronzeCore","downfall:HeartsMalice","downfall:CloakOfManyFaces","CultistMask","FaceOfCleric","NlothsMask","GremlinMask","SsserpentHead","downfall:HeartBlessingBlue"],"acts_visited":["Exordium"],"potions_floor_usage":[16,16],"damage_taken":[{"damage":0.0,"enemies":"Jaw Worm","floor":2.0,"turns":1.0},{"damage":0.0,"enemies":"Small Slimes","floor":3.0,"turns":1.0},{"damage":0.0,"enemies":"Cultist","floor":4.0,"turns":1.0},{"damage":10.0,"enemies":"downfall:FleeingMerchant","floor":5.0,"turns":4.0},{"damage":14.0,"enemies":"3 Louse","floor":6.0,"turns":3.0},{"damage":30.0,"enemies":"downfall:FaceTrader","floor":10.0,"turns":5.0},{"damage":7.0,"enemies":"Exordium Thugs","floor":11.0,"turns":2.0},{"damage":0.0,"enemies":"Large Slime","floor":12.0,"turns":4.0},{"damage":14.0,"enemies":"Blue Slaver","floor":14.0,"turns":4.0},{"damage":3.0,"enemies":"Red Slaver","floor":15.0,"turns":2.0},{"damage":31,"enemies":"WA_ARCHETYPE_RETAIN","floor":16,"turns":4}],"seed_played":"-222647154547340689","potions_obtained":[{"floor":6.0,"key":"Block Potion"},{"floor":10.0,"key":"Weak Potion"},{"floor":14.0,"key":"champ:CounterPotion"},{"floor":15.0,"key":"SpeedPotion"}],"is_trial":false,"path_per_floor":["R","M","M","M","$","M","T","R","?","?","M","M","R","M","M","B"],"character_chosen":"THE_AUTOMATON","items_purchased":["bronze:BronzeArmor","bronze:DelayedSlice"],"campfire_rested":1,"item_purchase_floors":[5,5],"current_hp_per_floor":[70,70,70,70,60,46,46,46,46,16,10,11,45,32,30,0,0,0],"gold":158,"neow_bonus":"THREE_ENEMY_KILL","is_daily":false,"chose_seed":false,"campfire_upgraded":1,"win_rate":0.0,"timestamp":1611867812,"path_taken":["R","M","M","M","$","M","T","R","?","?","M","?","R","M","M","BOSS"],"items_purchased_type":["Card","Card"],"build_version":"2020-12-22","purchased_purges":0,"victory":false,"max_hp_per_floor":[70,70,70,70,70,70,70,70,70,70,71,72,82,83,84,84,84,84],"card_choices":[{"not_picked":["bronze:Iterate","bronze:DigitalCarnage"],"picked":"bronze:ForLoop","floor":2.0},{"not_picked":["bronze:Iterate","bronze:Shield"],"picked":"bronze:Philosophize","floor":3.0},{"not_picked":["bronze:Optimize","bronze:Turbo"],"picked":"bronze:DarkDash","floor":4.0},{"not_picked":["bronze:Shield","bronze:BitShift"],"picked":"bronze:DelayedSlice","floor":5.0},{"not_picked":["bronze:FollowUp","bronze:WhirlingStrike"],"picked":"bronze:FineTuning","floor":6.0},{"not_picked":["bronze:Deprecate","bronze:Allocate"],"picked":"bronze:Iterate","floor":10.0},{"not_picked":["bronze:BitShift","bronze:DelayedGuard"],"picked":"bronze:GetLatest","floor":11.0},{"not_picked":["bronze:WhirlingStrike","bronze:DelayedGuard"],"picked":"bronze:ShipIt","floor":12.0},{"not_picked":["bronze:FineTuning","bronze:Shield"],"picked":"bronze:ChildClass","floor":14.0},{"not_picked":["bronze:ClassDefault","bronze:Backtrace"],"picked":"bronze:Repulsor","floor":15.0}],"player_experience":677353,"relics_obtained":[{"floor":10.0,"key":"downfall:CloakOfManyFaces"}],"event_choices":[],"is_beta":false,"boss_relics":[],"items_purged_floors":[],"is_endless":false,"potions_floor_spawned":[6,10,14,15],"killed_by":"WA_ARCHETYPE_RETAIN","ascension_level":0}}