{"host":"1mv6gj0zv8k9e9tz","time":1611869598,"event":{"mods":["AchievementEnabler","BaseMod","Better Third Choice","Colored Map","KOR Keyword Fix","Minty Spire (QoL Compilation)","Permanent Neow","Rare Cards Sparkle","StSLib"],"gold_per_floor":[113,113,125,140,140,140,140,140,163,163,173,189,189,189,189,266,266,285,304,304,316,316,316,74,90,165,175,175,189,189,209,209,283,283,303,303,303,214,214,245,245,263,263,263,277,277,302,313,313,313,313,313,313,42,77,77],"floor_reached":57,"language":"KOR","playtime":2944,"items_purged":["Writhe"],"score":2544,"play_id":"84797759-a175-492a-839e-fe611539a8cf","local_time":"20210129063318","is_ascension_mode":true,"campfire_choices":[{"data":"Bouncing Flask","floor":6.0,"key":"SMITH"},{"data":"Neutralize","floor":8.0,"key":"SMITH"},{"data":"Deadly Poison","floor":13.0,"key":"SMITH"},{"data":"Deadly Poison","floor":15.0,"key":"SMITH"},{"data":"Backflip","floor":23.0,"key":"SMITH"},{"data":"Corpse Explosion","floor":28.0,"key":"SMITH"},{"data":"Well Laid Plans","floor":32.0,"key":"SMITH"},{"data":"Survivor","floor":41.0,"key":"SMITH"},{"floor":44.0,"key":"RECALL"},{"data":"Defend_G","floor":49.0,"key":"SMITH"},{"data":"Defend_G","floor":53.0,"key":"SMITH"}],"circlet_count":0,"master_deck":["AscendersBane","Strike_G","Strike_G","Defend_G+1","Defend_G","Defend_G","Defend_G","Defend_G+1","Survivor+1","Neutralize+1","Well Laid Plans+1","Bouncing Flask+1","Deadly Poison+1","Deadly Poison+1","Corpse Explosion+1","Backflip+1","Deflect+1","Ghostly+1","Ghostly+1","Ghostly+1","Venomology+1","PiercingWail+1","Deadly Poison+1","Backflip+1","Leg Sweep+1","PiercingWail+1","Bouncing Flask+1","Corpse Explosion+1","Catalyst+1","Finesse+1","Acrobatics+1","Noxious Fumes+1","PiercingWail+1","Adrenaline+1"],"relics":["Ring of the Snake","Ginger","Bag of Marbles","Toy Ornithopter","Velvet Choker","Toxic Egg 2","Orrery","HoveringKite","Blood Vial","Oddly Smooth Stone","Pocketwatch","Lee\u0027s Waffle","Eternal Feather"],"acts_visited":["Exordium","TheCity","TheBeyond","TheEnding"],"potions_floor_usage":[55,56,56,56],"damage_taken":[{"damage":4.0,"enemies":"2 Louse","floor":1.0,"turns":3.0},{"damage":9.0,"enemies":"Jaw Worm","floor":3.0,"turns":6.0},{"damage":7.0,"enemies":"Small Slimes","floor":4.0,"turns":4.0},{"damage":1.0,"enemies":"3 Louse","floor":11.0,"turns":3.0},{"damage":12.0,"enemies":"Exordium Wildlife","floor":12.0,"turns":4.0},{"damage":3.0,"enemies":"Hexaghost","floor":16.0,"turns":8.0},{"damage":10.0,"enemies":"Shell Parasite","floor":18.0,"turns":5.0},{"damage":0.0,"enemies":"Chosen","floor":19.0,"turns":4.0},{"damage":0.0,"enemies":"Sentry and Sphere","floor":21.0,"turns":3.0},{"damage":0.0,"enemies":"Shelled Parasite and Fungi","floor":25.0,"turns":4.0},{"damage":0.0,"enemies":"Snake Plant","floor":27.0,"turns":3.0},{"damage":0.0,"enemies":"3 Cultists","floor":29.0,"turns":4.0},{"damage":0.0,"enemies":"Sentry and Sphere","floor":31.0,"turns":5.0},{"damage":33.0,"enemies":"Champ","floor":33.0,"turns":10.0},{"damage":0.0,"enemies":"3 Darklings","floor":35.0,"turns":4.0},{"damage":5.0,"enemies":"Nemesis","floor":40.0,"turns":9.0},{"damage":0.0,"enemies":"3 Shapes","floor":42.0,"turns":3.0},{"damage":5.0,"enemies":"Sphere and 2 Shapes","floor":45.0,"turns":4.0},{"damage":0.0,"enemies":"Mind Bloom Boss Battle","floor":47.0,"turns":4.0},{"damage":0.0,"enemies":"Jaw Worm Horde","floor":48.0,"turns":1.0},{"damage":31.0,"enemies":"Awakened One","floor":50.0,"turns":19.0},{"damage":2.0,"enemies":"Donu and Deca","floor":51.0,"turns":6.0},{"damage":9,"enemies":"Shield and Spear","floor":55,"turns":9},{"damage":24,"enemies":"The Heart","floor":56,"turns":9}],"seed_played":"-6368774219090535271","potions_obtained":[{"floor":3.0,"key":"SpeedPotion"},{"floor":4.0,"key":"AttackPotion"},{"floor":12.0,"key":"Explosive Potion"},{"floor":14.0,"key":"LiquidBronze"},{"floor":21.0,"key":"SpeedPotion"},{"floor":27.0,"key":"LiquidMemories"},{"floor":47.0,"key":"DistilledChaos"},{"floor":48.0,"key":"PowerPotion"}],"is_trial":false,"path_per_floor":["M","?","M","M","?","R","?","R","T","T","M","M","R","?","R","B",null,"M","M","?","M","?","R","$","M","T","M","R","M","?","M","R","B",null,"M","?","?","$","?","E","R","M","T","R","M","$","?","M","R","B","B",null,"R","$","E","B",null],"character_chosen":"THE_SILENT","items_purchased":["Orrery","Finesse+1","Block Potion","Lee\u0027s Waffle","SteroidPotion"],"campfire_rested":0,"item_purchase_floors":[24,38,54,54,54],"current_hp_per_floor":[55,55,46,39,44,44,44,44,44,44,48,36,36,36,36,33,57,52,52,52,52,32,32,32,32,32,32,32,32,32,32,32,6,26,26,26,26,26,26,27,27,29,29,29,32,32,32,32,32,1,11,27,27,39,33,25],"gold":77,"neow_bonus":"ONE_RARE_RELIC","is_daily":false,"chose_seed":false,"campfire_upgraded":10,"win_rate":0.0,"timestamp":1611869598,"path_taken":["M","?","M","M","?","R","?","R","T","?","M","M","R","?","R","BOSS","M","?","?","M","?","R","$","M","T","M","R","M","?","?","R","BOSS","M","?","?","$","?","E","R","M","T","R","?","?","?","M","R","BOSS","BOSS","R","$","E","BOSS"],"items_purchased_type":["Relic","Card","Potion","Relic","Potion"],"build_version":"2020-12-22","purchased_purges":1,"victory":true,"max_hp_per_floor":[60,60,60,60,65,65,65,65,65,65,65,65,65,65,65,65,65,65,65,65,65,32,32,32,32,32,32,32,32,32,32,32,32,32,32,32,32,32,32,32,32,32,32,32,32,32,32,32,32,32,32,32,32,39,39,39],"card_choices":[{"not_picked":["Outmaneuver","Heel Hook","Distraction"],"picked":"SKIP","floor":1.0},{"not_picked":["All Out Attack","Underhanded Strike"],"picked":"Bouncing Flask","floor":3.0},{"not_picked":["Cloak And Dagger","Heel Hook","Outmaneuver"],"picked":"SKIP","floor":4.0},{"not_picked":["Dodge and Roll","Sucker Punch"],"picked":"Deadly Poison","floor":11.0},{"not_picked":["Caltrops","Cloak And Dagger"],"picked":"Deadly Poison","floor":12.0},{"not_picked":["Glass Knife","Envenom"],"picked":"Corpse Explosion","floor":16.0},{"not_picked":["Cloak And Dagger","Acrobatics+1"],"picked":"Backflip","floor":18.0},{"not_picked":["Dagger Spray","Expertise","Escape Plan"],"picked":"SKIP","floor":19.0},{"not_picked":["Concentrate+1","Prepared+1"],"picked":"Deflect+1","floor":21.0},{"not_picked":["Cloak And Dagger+1","Calculated Gamble+1"],"picked":"Venomology+1","floor":24.0},{"not_picked":["Dagger Throw","Tactician+1"],"picked":"PiercingWail+1","floor":24.0},{"not_picked":["Dagger Spray+1","Tools of the Trade"],"picked":"Deadly Poison+1","floor":24.0},{"not_picked":["Slice","Dagger Throw"],"picked":"Backflip+1","floor":24.0},{"not_picked":["Underhanded Strike","Dagger Throw","Caltrops"],"picked":"SKIP","floor":25.0},{"not_picked":["Flechettes","Dagger Spray"],"picked":"Leg Sweep+1","floor":27.0},{"not_picked":["Slice","Dagger Throw","Deflect+1"],"picked":"SKIP","floor":29.0},{"not_picked":["Dodge and Roll+1","PiercingWail+1"],"picked":"Bouncing Flask+1","floor":31.0},{"not_picked":["Unload","Die Die Die"],"picked":"Corpse Explosion+1","floor":33.0},{"not_picked":["Prepared+1","Flying Knee"],"picked":"Catalyst+1","floor":35.0},{"not_picked":["Cloak And Dagger+1","Underhanded Strike+1","Masterful Stab"],"picked":"SKIP","floor":40.0},{"not_picked":["Deadly Poison+1","Sucker Punch+1"],"picked":"Acrobatics+1","floor":42.0},{"not_picked":["Choke+1","Deadly Poison+1"],"picked":"Noxious Fumes+1","floor":45.0},{"not_picked":["Cloak And Dagger+1","Deadly Poison+1"],"picked":"PiercingWail+1","floor":48.0},{"not_picked":["Deflect+1","Masterful Stab"],"picked":"Adrenaline+1","floor":55}],"player_experience":583660,"relics_obtained":[{"floor":9.0,"key":"Bag of Marbles"},{"floor":10.0,"key":"Toy Ornithopter"},{"floor":40.0,"key":"Blood Vial"},{"floor":43.0,"key":"Oddly Smooth Stone"},{"floor":47.0,"key":"Pocketwatch"},{"floor":55,"key":"Eternal Feather"}],"event_choices":[{"damage_healed":0.0,"max_hp_gain":0.0,"max_hp_loss":0.0,"gold_gain":0.0,"cards_transformed":["Strike_G"],"event_name":"Living Wall","player_choice":"Change","floor":2.0,"gold_loss":0.0,"damage_taken":0.0,"cards_obtained":["Well Laid Plans"]},{"damage_healed":0.0,"max_hp_gain":5.0,"max_hp_loss":0.0,"gold_gain":0.0,"event_name":"Big Fish","player_choice":"Donut","floor":5.0,"gold_loss":0.0,"damage_taken":0.0},{"damage_healed":0.0,"max_hp_gain":0.0,"max_hp_loss":0.0,"gold_gain":0.0,"event_name":"betterThird:BetterSerpent","player_choice":"Ignored","floor":7.0,"gold_loss":0.0,"damage_taken":140.0},{"damage_healed":0.0,"max_hp_gain":0.0,"max_hp_loss":0.0,"gold_gain":0.0,"event_name":"Lab","player_choice":"Got Potions","floor":14.0,"gold_loss":0.0,"damage_taken":0.0},{"damage_healed":0.0,"max_hp_gain":0.0,"max_hp_loss":0.0,"gold_gain":0.0,"event_name":"The Mausoleum","player_choice":"Opened","floor":20.0,"gold_loss":0.0,"damage_taken":0.0,"relics_obtained":["Toxic Egg 2"],"cards_obtained":["Writhe"]},{"damage_healed":0.0,"max_hp_gain":0.0,"max_hp_loss":33.0,"gold_gain":0.0,"event_name":"Ghosts","player_choice":"Became a Ghost","floor":22.0,"gold_loss":0.0,"damage_taken":0.0,"cards_obtained":["Ghostly","Ghostly","Ghostly"]},{"damage_healed":0.0,"max_hp_gain":0.0,"max_hp_loss":0.0,"gold_gain":0.0,"event_name":"The Library","player_choice":"Read","floor":30.0,"gold_loss":0.0,"damage_taken":0.0,"cards_obtained":["PiercingWail"]},{"damage_healed":0.0,"max_hp_gain":0.0,"max_hp_loss":0.0,"gold_gain":0.0,"event_name":"SensoryStone","player_choice":"Memory 1","floor":36.0,"gold_loss":0.0,"damage_taken":0.0},{"cards_removed":["Strike_G"],"damage_healed":0.0,"max_hp_gain":0.0,"max_hp_loss":0.0,"gold_gain":0.0,"event_name":"Falling","player_choice":"Removed Attack","floor":37.0,"gold_loss":0.0,"damage_taken":0.0},{"cards_removed":["Strike_G"],"damage_healed":0.0,"max_hp_gain":0.0,"max_hp_loss":0.0,"gold_gain":0.0,"event_name":"Purifier","player_choice":"Purged","floor":39.0,"gold_loss":0.0,"damage_taken":0.0},{"damage_healed":0.0,"max_hp_gain":0.0,"max_hp_loss":0.0,"gold_gain":0.0,"event_name":"MindBloom","player_choice":"Fight","floor":47.0,"gold_loss":0.0,"damage_taken":0.0}],"is_beta":false,"boss_relics":[{"not_picked":["Astrolabe","Tiny House"],"picked":"Velvet Choker"},{"not_picked":["Philosopher\u0027s Stone","Runic Pyramid"],"picked":"HoveringKite"}],"items_purged_floors":[24],"is_endless":false,"potions_floor_spawned":[3,4,12,21,27,31,47,48],"ascension_level":20}}