{"host":"vzygucmp2u9s1xuv","time":1611862483,"event":{"mods":["BaseMod","Colored Map","DeckTracker","Keyboard Shortcuts","Minty Spire (QoL Compilation)","Quick Restart","StSLib","SuperFastMode"],"gold_per_floor":[110,130,130,156,175,203,203,216,216,244,256,271,52,66,66,138,138,157,188,203,39,39,71,71,104,184,184,184,184,195,211,211,283,283,296,518,538,145,156,188,188,201,201,211,239,74,74,99,99,99,99,99,16,46,46,46],"floor_reached":55,"language":"KOR","playtime":2289,"items_purged":["Strike_G"],"score":1469,"play_id":"97a832b0-5cc8-4331-bfea-155581241976","local_time":"20210129043443","is_ascension_mode":true,"campfire_choices":[{"floor":7.0,"key":"REST"},{"data":"Accuracy","floor":15.0,"key":"SMITH"},{"floor":24.0,"key":"REST"},{"data":"Adrenaline","floor":28.0,"key":"SMITH"},{"floor":32.0,"key":"REST"},{"data":"Blade Dance","floor":41.0,"key":"SMITH"},{"floor":49.0,"key":"RECALL"},{"data":"Acrobatics","floor":52.0,"key":"SMITH"}],"circlet_count":0,"master_deck":["AscendersBane","Defend_G","Defend_G","Defend_G","Defend_G","Defend_G","Survivor","Neutralize+1","Blade Dance","Acrobatics+1","Blade Dance+1","Finisher+1","Cloak And Dagger","Footwork","Calculated Gamble","Accuracy+1","Cloak And Dagger","Blade Dance+1","Phantasmal Killer","Adrenaline+1","Footwork","Deflect","Corpse Explosion","PiercingWail","Prepared","Backflip","Deflect+1","Accuracy+1","Choke","Prepared"],"relics":["Ring of the Snake","Happy Flower","Boot","Kunai","MealTicket","Empty Cage","Red Mask","Lantern","Letter Opener","Strawberry","Pantograph","SlaversCollar","Lizard Tail","Turnip","Whetstone","DollysMirror","Ice Cream","Blood Vial"],"acts_visited":["TheCity","TheBeyond","TheEnding"],"potions_floor_usage":[55],"damage_taken":[{"damage":2.0,"enemies":"2 Louse","floor":1.0,"turns":3.0},{"damage":3.0,"enemies":"Jaw Worm","floor":2.0,"turns":4.0},{"damage":3.0,"enemies":"Cultist","floor":5.0,"turns":4.0},{"damage":41.0,"enemies":"Lagavulin","floor":6.0,"turns":9.0},{"damage":7.0,"enemies":"Lots of Slimes","floor":8.0,"turns":3.0},{"damage":5.0,"enemies":"Gremlin Nob","floor":10.0,"turns":4.0},{"damage":7.0,"enemies":"3 Louse","floor":11.0,"turns":2.0},{"damage":3.0,"enemies":"Looter","floor":12.0,"turns":2.0},{"damage":0.0,"enemies":"2 Fungi Beasts","floor":14.0,"turns":3.0},{"damage":0.0,"enemies":"Hexaghost","floor":16.0,"turns":5.0},{"damage":0.0,"enemies":"Chosen","floor":18.0,"turns":3.0},{"damage":25.0,"enemies":"Masked Bandits","floor":19.0,"turns":4.0},{"damage":7.0,"enemies":"2 Thieves","floor":20.0,"turns":3.0},{"damage":6.0,"enemies":"Slavers","floor":23.0,"turns":4.0},{"damage":22.0,"enemies":"Gremlin Leader","floor":25.0,"turns":4.0},{"damage":0.0,"enemies":"Shelled Parasite and Fungi","floor":30.0,"turns":2.0},{"damage":13.0,"enemies":"Sentry and Sphere","floor":31.0,"turns":4.0},{"damage":8.0,"enemies":"Collector","floor":33.0,"turns":7.0},{"damage":0.0,"enemies":"Orb Walker","floor":35.0,"turns":3.0},{"damage":6.0,"enemies":"3 Darklings","floor":37.0,"turns":4.0},{"damage":15.0,"enemies":"4 Shapes","floor":39.0,"turns":3.0},{"damage":10.0,"enemies":"Nemesis","floor":40.0,"turns":4.0},{"damage":9.0,"enemies":"Writhing Mass","floor":42.0,"turns":7.0},{"damage":13.0,"enemies":"Spire Growth","floor":44.0,"turns":5.0},{"damage":2.0,"enemies":"Reptomancer","floor":45.0,"turns":4.0},{"damage":0.0,"enemies":"Mind Bloom Boss Battle","floor":48.0,"turns":3.0},{"damage":92.0,"enemies":"Time Eater","floor":50.0,"turns":12.0},{"damage":53,"enemies":"Shield and Spear","floor":54,"turns":5},{"damage":53,"enemies":"The Heart","floor":55,"turns":5}],"seed_played":"747364304567556779","potions_obtained":[{"floor":2.0,"key":"Swift Potion"},{"floor":8.0,"key":"GhostInAJar"},{"floor":10.0,"key":"Fire Potion"},{"floor":20.0,"key":"LiquidBronze"},{"floor":30.0,"key":"PowerPotion"},{"floor":31.0,"key":"Swift Potion"},{"floor":44.0,"key":"GamblersBrew"},{"floor":54,"key":"Energy Potion"}],"is_trial":false,"path_per_floor":["M","M","?","T","M","E","R","M","T","E","M","M","$","M","R","B",null,"M","?","M","$","?","E","R","E","T","?","R","?","M","M","R","B",null,"M","?","M","$","M","E","R","M","T","M","E","$","?","?","R","B",null,"R","$","E","B"],"character_chosen":"THE_SILENT","items_purchased":["Accuracy","Cloak And Dagger","DistilledChaos","Lantern","Lizard Tail","DollysMirror","Choke"],"campfire_rested":3,"item_purchase_floors":[13,13,13,21,38,46,53],"current_hp_per_floor":[57,54,54,54,51,10,29,22,22,17,10,7,22,22,22,22,55,55,30,23,38,38,32,51,36,36,36,36,15,15,2,25,42,69,69,69,63,78,63,53,53,44,44,31,29,44,44,69,69,37,65,65,74,21,0,0],"gold":46,"neow_bonus":"TRANSFORM_CARD","is_daily":false,"chose_seed":false,"campfire_upgraded":4,"win_rate":0.0,"timestamp":1611862483,"path_taken":["M","M","?","?","M","E","R","?","T","E","M","?","$","M","R","BOSS","M","?","M","$","?","E","R","E","T","?","R","?","M","M","R","BOSS","M","?","M","$","M","E","R","M","T","M","E","$","?","?","R","BOSS","R","$","E","BOSS"],"items_purchased_type":["Card","Card","Potion","Relic","Relic","Relic","Card"],"build_version":"2020-12-22","purchased_purges":1,"victory":false,"max_hp_per_floor":[66,66,66,66,66,66,66,66,66,66,66,66,66,66,66,66,66,66,66,66,66,66,66,66,73,73,73,73,78,78,78,78,78,78,78,78,78,78,78,78,78,78,78,78,78,78,74,74,74,74,74,74,74,74,74,74],"card_choices":[{"not_picked":["Predator","Prepared"],"picked":"Acrobatics","floor":1.0},{"not_picked":["Choke","Reflex"],"picked":"Blade Dance","floor":2.0},{"not_picked":["Sucker Punch","Dagger Throw"],"picked":"Finisher","floor":5.0},{"not_picked":["Quick Slash","Dodge and Roll","Masterful Stab"],"picked":"SKIP","floor":6.0},{"not_picked":["Dagger Throw","Underhanded Strike","Bane"],"picked":"SKIP","floor":8.0},{"not_picked":["Eviscerate","Choke"],"picked":"Cloak And Dagger","floor":10.0},{"not_picked":["Flechettes","Poisoned Stab"],"picked":"Footwork","floor":11.0},{"not_picked":["Distraction","Outmaneuver"],"picked":"Calculated Gamble","floor":12.0},{"not_picked":["Deadly Poison","Cloak And Dagger"],"picked":"Blade Dance","floor":14.0},{"not_picked":["Tools of the Trade","Doppelganger"],"picked":"Phantasmal Killer","floor":16.0},{"not_picked":["Crippling Poison","Slice","Sucker Punch+1"],"picked":"SKIP","floor":18.0},{"not_picked":["Quick Slash","Cloak And Dagger"],"picked":"Adrenaline","floor":20.0},{"not_picked":["Catalyst","Noxious Fumes","Choke+1"],"picked":"SKIP","floor":23.0},{"not_picked":["Deflect","Underhanded Strike","Infinite Blades"],"picked":"SKIP","floor":25.0},{"not_picked":["Noxious Fumes+1","Sucker Punch"],"picked":"Footwork","floor":30.0},{"not_picked":["Concentrate","Riddle With Holes+1"],"picked":"Deflect","floor":31.0},{"not_picked":["Adrenaline","Burst"],"picked":"Corpse Explosion","floor":33.0},{"not_picked":["Backflip","Sucker Punch"],"picked":"PiercingWail","floor":35.0},{"not_picked":["Dagger Spray","Distraction","Prepared"],"picked":"SKIP","floor":37.0},{"not_picked":["Dagger Spray","Distraction"],"picked":"Prepared","floor":37.0},{"not_picked":["Well Laid Plans","Finisher","Caltrops"],"picked":"SKIP","floor":39.0},{"not_picked":["Envenom","All Out Attack"],"picked":"Backflip","floor":40.0},{"not_picked":["Bane","Dodge and Roll","PiercingWail"],"picked":"SKIP","floor":42.0},{"not_picked":["Outmaneuver+1","Expertise","Quick Slash"],"picked":"SKIP","floor":44.0},{"not_picked":["Choke","Flying Knee"],"picked":"Deflect+1","floor":45.0},{"not_picked":["Corpse Explosion","Dodge and Roll+1"],"picked":"Prepared","floor":54}],"player_experience":663146,"relics_obtained":[{"floor":4.0,"key":"Happy Flower"},{"floor":6.0,"key":"Boot"},{"floor":9.0,"key":"Kunai"},{"floor":10.0,"key":"MealTicket"},{"floor":19.0,"key":"Red Mask"},{"floor":23.0,"key":"Letter Opener"},{"floor":25.0,"key":"Strawberry"},{"floor":26.0,"key":"Pantograph"},{"floor":40.0,"key":"Turnip"},{"floor":45.0,"key":"Whetstone"},{"floor":48.0,"key":"Ice Cream"},{"floor":54,"key":"Blood Vial"}],"event_choices":[{"damage_healed":0.0,"max_hp_gain":0.0,"max_hp_loss":0.0,"gold_gain":0.0,"event_name":"Living Wall","player_choice":"Grow","floor":3.0,"gold_loss":0.0,"damage_taken":0.0,"cards_upgraded":["Blade Dance"]},{"damage_healed":0.0,"max_hp_gain":0.0,"max_hp_loss":0.0,"gold_gain":0.0,"event_name":"Masked Bandits","player_choice":"Fought Bandits","floor":19.0,"gold_loss":0.0,"damage_taken":0.0},{"cards_removed":["Strike_G"],"damage_healed":0.0,"max_hp_gain":0.0,"max_hp_loss":0.0,"gold_gain":0.0,"event_name":"Back to Basics","player_choice":"Elegance","floor":27.0,"gold_loss":0.0,"damage_taken":0.0},{"damage_healed":0.0,"max_hp_gain":5.0,"max_hp_loss":0.0,"gold_gain":0.0,"event_name":"Forgotten Altar","player_choice":"Shed Blood","floor":29.0,"gold_loss":0.0,"damage_taken":26.0},{"damage_healed":0.0,"max_hp_gain":0.0,"max_hp_loss":0.0,"gold_gain":222.0,"event_name":"Tomb of Lord Red Mask","player_choice":"Wore Mask","floor":36.0,"gold_loss":0.0,"damage_taken":0.0},{"damage_healed":0.0,"max_hp_gain":0.0,"max_hp_loss":4.0,"gold_gain":0.0,"event_name":"Winding Halls","player_choice":"Max HP","floor":47.0,"gold_loss":0.0,"damage_taken":0.0},{"damage_healed":0.0,"max_hp_gain":0.0,"max_hp_loss":0.0,"gold_gain":0.0,"event_name":"MindBloom","player_choice":"Fight","floor":48.0,"gold_loss":0.0,"damage_taken":0.0}],"is_beta":false,"boss_relics":[{"not_picked":["SacredBark","Runic Dome"],"picked":"Empty Cage"},{"not_picked":["Coffee Dripper","Philosopher\u0027s Stone"],"picked":"SlaversCollar"}],"items_purged_floors":[38],"is_endless":false,"potions_floor_spawned":[2,8,10,20,30,31,33,44,45,54],"killed_by":"The Heart","ascension_level":16}}