{"host":"jnjxzd6rarbui4j8","time":1611844204,"event":{"mods":["AchievementEnabler","BaseMod","Colored Map","Highlight Path","Minty Spire (QoL Compilation)","Relic Stats","StSLib"],"gold_per_floor":[111,129,129,54,54,92,92,130,180,180,198,217,258,258,258,351,351,375,375,218,218,237,266,266,291,291,307,307,333,333,14,14,14,14],"floor_reached":33,"language":"ENG","playtime":3496,"items_purged":[],"score":688,"play_id":"d56869fc-c9aa-4f4a-b81e-573fbbbc19ac","local_time":"20210128093004","is_ascension_mode":true,"campfire_choices":[{"data":"Blade Dance","floor":7.0,"key":"SMITH"},{"data":"Neutralize","floor":10.0,"key":"SMITH"},{"data":"Blade Dance","floor":15.0,"key":"SMITH"},{"floor":24.0,"key":"RECALL"},{"data":"Dash","floor":30.0,"key":"SMITH"},{"data":"Corpse Explosion","floor":32.0,"key":"SMITH"}],"circlet_count":0,"master_deck":["AscendersBane","Strike_G","Strike_G","Strike_G","Strike_G","Defend_G","Defend_G","Defend_G","Defend_G","Survivor","Neutralize+1","Blade Dance+1","Blade Dance+1","Leg Sweep","Heel Hook","Dagger Spray","After Image","Corpse Explosion+1","Terror","Dash+1"],"relics":["Ring of the Snake","NeowsBlessing","Bloody Idol","Happy Flower","StrikeDummy","Boot","Meat on the Bone","Snecko Eye","Art of War","Calipers","TungstenRod","Oddly Smooth Stone","WingedGreaves"],"acts_visited":["Exordium","TheCity"],"potions_floor_usage":[33],"damage_taken":[{"damage":0.0,"enemies":"2 Louse","floor":1.0,"turns":1.0},{"damage":0.0,"enemies":"Jaw Worm","floor":2.0,"turns":1.0},{"damage":0.0,"enemies":"Lagavulin","floor":6.0,"turns":1.0},{"damage":30.0,"enemies":"3 Sentries","floor":8.0,"turns":11.0},{"damage":0.0,"enemies":"Small Slimes","floor":11.0,"turns":2.0},{"damage":0.0,"enemies":"Red Slaver","floor":12.0,"turns":3.0},{"damage":7.0,"enemies":"Lagavulin","floor":13.0,"turns":6.0},{"damage":12.0,"enemies":"Hexaghost","floor":16.0,"turns":12.0},{"damage":2.0,"enemies":"Chosen","floor":18.0,"turns":4.0},{"damage":0.0,"enemies":"3 Byrds","floor":22.0,"turns":3.0},{"damage":3.0,"enemies":"Gremlin Leader","floor":23.0,"turns":6.0},{"damage":5.0,"enemies":"Slavers","floor":25.0,"turns":2.0},{"damage":0.0,"enemies":"3 Cultists","floor":27.0,"turns":3.0},{"damage":15.0,"enemies":"Gremlin Leader","floor":29.0,"turns":7.0},{"damage":61,"enemies":"Champ","floor":33,"turns":12}],"seed_played":"8922528474722860629","potions_obtained":[{"floor":2.0,"key":"SmokeBomb"},{"floor":13.0,"key":"Dexterity Potion"},{"floor":16.0,"key":"Fire Potion"},{"floor":22.0,"key":"BlessingOfTheForge"},{"floor":25.0,"key":"BlessingOfTheForge"},{"floor":29.0,"key":"Strength Potion"}],"is_trial":false,"path_per_floor":["M","M","?","?","?","E","R","E","T","R","M","M","E","?","R","B",null,"M","?","$","?","M","E","R","E","T","M","?","E","R","$","R","B"],"character_chosen":"THE_SILENT","items_purchased":["Art of War","WingedGreaves"],"campfire_rested":0,"item_purchase_floors":[20,31],"current_hp_per_floor":[59,59,59,59,59,59,59,29,29,29,29,29,22,27,27,27,56,54,54,54,54,59,61,61,61,61,65,65,55,55,55,55,0,0],"gold":14,"neow_bonus":"THREE_ENEMY_KILL","is_daily":false,"chose_seed":false,"campfire_upgraded":5,"win_rate":0.0,"timestamp":1611844204,"path_taken":["M","M","?","?","?","E","R","E","T","R","M","?","E","?","R","BOSS","M","?","$","?","M","E","R","E","T","M","?","E","R","$","R","BOSS"],"items_purchased_type":["Relic","Relic"],"build_version":"2020-12-22","purchased_purges":0,"victory":false,"max_hp_per_floor":[66,66,60,60,60,60,60,60,60,60,60,60,60,65,65,65,65,65,65,65,65,65,65,65,65,65,65,65,65,65,65,65,65,65],"relic_stats":{"Happy Flower":[23],"counters":[15,74],"Bloody Idol":24,"Snecko Eye":[72,67,71,59],"Art of War":[4],"Boot":[162],"obtain_stats":[{"Calipers":23,"NeowsBlessing":0,"Happy Flower":6,"Golden Idol":3,"Oddly Smooth Stone":29,"Boot":9,"Bloody Idol":21,"Snecko Eye":17,"WingedGreaves":31,"Art of War":20,"StrikeDummy":8,"TungstenRod":25,"Ring of the Snake":0,"Meat on the Bone":13},{"Calipers":11,"NeowsBlessing":0,"Happy Flower":3,"Golden Idol":2,"Oddly Smooth Stone":14,"Boot":4,"Bloody Idol":9,"Snecko Eye":8,"WingedGreaves":14,"Art of War":9,"StrikeDummy":4,"TungstenRod":12,"Ring of the Snake":0,"Meat on the Bone":7},{"Calipers":50,"NeowsBlessing":0,"Happy Flower":3,"Golden Idol":2,"Oddly Smooth Stone":62,"Boot":14,"Bloody Idol":41,"Snecko Eye":37,"WingedGreaves":62,"Art of War":41,"StrikeDummy":14,"TungstenRod":52,"Ring of the Snake":0,"Meat on the Bone":25}],"TungstenRod":7,"Ring of the Snake":[30],"Meat on the Bone":12},"card_choices":[{"not_picked":["Underhanded Strike","Catalyst"],"picked":"Blade Dance","floor":1.0},{"not_picked":["Skewer","Dagger Throw"],"picked":"Blade Dance","floor":2.0},{"not_picked":["Deflect","Outmaneuver"],"picked":"Leg Sweep","floor":6.0},{"not_picked":["Reflex","Doppelganger"],"picked":"Heel Hook","floor":8.0},{"not_picked":["Slice","Sucker Punch","Blur"],"picked":"SKIP","floor":11.0},{"not_picked":["Tactician","Choke"],"picked":"Dagger Spray","floor":12.0},{"not_picked":["Choke","Deadly Poison"],"picked":"After Image","floor":13.0},{"not_picked":["Glass Knife","Night Terror"],"picked":"Corpse Explosion","floor":16.0},{"not_picked":["Distraction","Concentrate"],"picked":"Terror","floor":18.0},{"not_picked":["Poisoned Stab","Blade Dance","Flying Knee"],"picked":"SKIP","floor":22.0},{"not_picked":["Calculated Gamble","PiercingWail"],"picked":"Dash","floor":23.0},{"not_picked":["Blade Dance","Choke","Outmaneuver"],"picked":"SKIP","floor":25.0},{"not_picked":["Doppelganger","Dagger Spray","Acrobatics"],"picked":"SKIP","floor":27.0},{"not_picked":["Escape Plan","Prepared","Dagger Spray"],"picked":"SKIP","floor":29.0}],"player_experience":2557241,"relics_obtained":[{"floor":6.0,"key":"Happy Flower"},{"floor":8.0,"key":"StrikeDummy"},{"floor":9.0,"key":"Boot"},{"floor":13.0,"key":"Meat on the Bone"},{"floor":23.0,"key":"Calipers"},{"floor":25.0,"key":"TungstenRod"},{"floor":29.0,"key":"Oddly Smooth Stone"}],"event_choices":[{"damage_healed":0.0,"max_hp_gain":0.0,"max_hp_loss":6.0,"gold_gain":0.0,"event_name":"Golden Idol","player_choice":"Lose Max HP","floor":3.0,"gold_loss":0.0,"damage_taken":0.0,"relics_obtained":["Golden Idol"]},{"cards_removed":["Strike_G"],"damage_healed":0.0,"max_hp_gain":0.0,"max_hp_loss":0.0,"gold_gain":0.0,"event_name":"The Cleric","player_choice":"Card Removal","floor":4.0,"gold_loss":75.0,"damage_taken":0.0},{"damage_healed":0.0,"max_hp_gain":0.0,"max_hp_loss":0.0,"gold_gain":0.0,"event_name":"Liars Game","player_choice":"Ignored","floor":5.0,"gold_loss":0.0,"damage_taken":0.0},{"damage_healed":0.0,"max_hp_gain":5.0,"max_hp_loss":0.0,"gold_gain":0.0,"event_name":"Big Fish","player_choice":"Donut","floor":14.0,"gold_loss":0.0,"damage_taken":0.0},{"damage_healed":0.0,"max_hp_gain":0.0,"max_hp_loss":0.0,"gold_gain":0.0,"event_name":"Ghosts","player_choice":"Ignored","floor":19.0,"gold_loss":0.0,"damage_taken":0.0},{"damage_healed":0.0,"max_hp_gain":0.0,"max_hp_loss":0.0,"gold_gain":0.0,"event_name":"Forgotten Altar","player_choice":"Gave Idol","floor":21.0,"relics_lost":["Golden Idol"],"gold_loss":0.0,"damage_taken":0.0,"relics_obtained":["Bloody Idol"]},{"cards_removed":["Defend_G"],"damage_healed":0.0,"max_hp_gain":0.0,"max_hp_loss":0.0,"gold_gain":0.0,"event_name":"Wheel of Change","player_choice":"Card Removal","floor":28.0,"gold_loss":0.0,"damage_taken":0.0}],"is_beta":false,"boss_relics":[{"not_picked":["Coffee Dripper","SacredBark"],"picked":"Snecko Eye"}],"items_purged_floors":[],"is_endless":false,"potions_floor_spawned":[2,13,16,22,25,29],"killed_by":"Champ","ascension_level":20}}