{"host":"mr1ctipv0dcr6y8g","time":1611861675,"event":{"mods":["BaseMod","DeckTracker","Energized Spire","Minty Spire (QoL Compilation)","Shop Mod","StSLib"],"gold_per_floor":[109,7,19,32,47,47,47,73,126,144,178,178,205,220,220,323,323,339,5,5,5,22,55,55,55,55,55,88,104,131,56,56,155,155,174,224,274,288,299,299,331,358,382,382,59,91,111,145,145,145],"floor_reached":51,"language":"ENG","playtime":7770,"items_purged":["A Thousand Cuts","Concentrate+1"],"score":891,"play_id":"37ac154d-b6ee-4406-89d7-3373fb8f1255","local_time":"20210128122115","daily_mods":["Heirloom","Time Dilation","Flight","DeadlyEvents"],"is_ascension_mode":false,"campfire_choices":[{"data":"Blade Dance","floor":6,"key":"SMITH"},{"data":"Noxious Fumes","floor":12,"key":"SMITH"},{"data":"Infinite Blades","floor":15,"key":"SMITH"},{"floor":25,"key":"REST"},{"floor":27,"key":"REST"},{"floor":32,"key":"REST"},{"data":"Blade Dance","floor":40,"key":"SMITH"},{"data":"Accuracy","floor":44,"key":"SMITH"},{"data":"Accuracy","floor":49,"key":"SMITH"}],"circlet_count":0,"master_deck":["Defend_G","Defend_G","Defend_G","Defend_G","Defend_G","Survivor","Neutralize","Backflip","Poisoned Stab","Blade Dance+1","Infinite Blades+1","Accuracy+1","Noxious Fumes+1","Deflect","Deflect","Venomology","PiercingWail+1","Prepared+1","Leg Sweep","Noxious Fumes","Corpse Explosion","Leg Sweep+1","Backstab+1","Choke+1","Finisher+1","Cloak And Dagger+1","Backstab+1","Escape Plan+1","Escape Plan+1","Dodge and Roll+1","Blade Dance+1","Blade Dance","Well Laid Plans+1","Accuracy+1","Dodge and Roll+1","Noxious Fumes+1","Backflip+1","Night Terror+1"],"relics":["Ring of the Snake","Incense Burner","Question Card","Omamori","Potion Belt","Pantograph","Molten Egg 2","Astrolabe","Prayer Wheel","StrikeDummy","Ginger","Meat on the Bone","Sundial","Cursed Key","Peace Pipe","Bird Faced Urn","Pear","Toxic Egg 2","PreservedInsect","ClockworkSouvenir","FossilizedHelix","Darkstone Periapt"],"acts_visited":["Exordium","TheCity","TheBeyond"],"potions_floor_usage":[13,23,28,29,33,35,36,37,37,38,39,41,42,48,50,50,50,50],"damage_taken":[{"damage":0,"enemies":"Jaw Worm","floor":1,"turns":5},{"damage":0,"enemies":"Cultist","floor":3,"turns":4},{"damage":0,"enemies":"2 Louse","floor":4,"turns":2},{"damage":1,"enemies":"Large Slime","floor":5,"turns":7},{"damage":32,"enemies":"Gremlin Nob","floor":8,"turns":5},{"damage":1,"enemies":"Looter","floor":10,"turns":2},{"damage":0,"enemies":"Lagavulin","floor":11,"turns":3},{"damage":1,"enemies":"Gremlin Nob","floor":13,"turns":3},{"damage":1,"enemies":"3 Louse","floor":14,"turns":5},{"damage":9,"enemies":"The Guardian","floor":16,"turns":8},{"damage":8,"enemies":"Shell Parasite","floor":18,"turns":6},{"damage":0,"enemies":"Chosen","floor":22,"turns":4},{"damage":36,"enemies":"Slavers","floor":23,"turns":3},{"damage":12,"enemies":"Book of Stabbing","floor":28,"turns":6},{"damage":19,"enemies":"Snake Plant","floor":29,"turns":5},{"damage":16,"enemies":"Gremlin Leader","floor":30,"turns":4},{"damage":2,"enemies":"Automaton","floor":33,"turns":7},{"damage":0,"enemies":"3 Darklings","floor":35,"turns":3},{"damage":9,"enemies":"2 Orb Walkers","floor":36,"turns":3},{"damage":0,"enemies":"Mind Bloom Boss Battle","floor":37,"turns":4},{"damage":0,"enemies":"3 Shapes","floor":38,"turns":6},{"damage":1,"enemies":"Transient","floor":39,"turns":5},{"damage":9,"enemies":"Giant Head","floor":41,"turns":6},{"damage":10,"enemies":"Nemesis","floor":42,"turns":9},{"damage":1,"enemies":"Reptomancer","floor":46,"turns":4},{"damage":0,"enemies":"Sphere and 2 Shapes","floor":47,"turns":3},{"damage":0,"enemies":"Giant Head","floor":48,"turns":5},{"damage":30,"enemies":"Time Eater","floor":50,"turns":7}],"seed_played":"-3652328313213634974","potions_obtained":[{"floor":8,"key":"EntropicBrew"},{"floor":11,"key":"Regen Potion"},{"floor":13,"key":"SpeedPotion"},{"floor":16,"key":"DuplicationPotion"},{"floor":23,"key":"CultistPotion"},{"floor":28,"key":"SpeedPotion"},{"floor":29,"key":"FairyPotion"},{"floor":37,"key":"Fire Potion"},{"floor":41,"key":"CultistPotion"},{"floor":42,"key":"Regen Potion"},{"floor":47,"key":"Energy Potion"}],"is_trial":true,"path_per_floor":["M","?","M","M","M","R","$","E","T","M","E","R","E","M","R","B",null,"M","$","?","?","M","E","$","R","T","R","E","M","E","$","R","B",null,"M","?","?","M","M","R","E","E","T","R","$","E","M","E","R","B",null],"character_chosen":"THE_SILENT","items_purchased":["Prayer Wheel","Noxious Fumes","Accuracy","ClockworkSouvenir"],"campfire_rested":3,"item_purchase_floors":[19,19,45,45],"current_hp_per_floor":[70,70,70,70,69,69,69,37,37,36,36,36,44,43,43,59,70,62,62,62,49,49,13,13,35,35,57,45,38,34,34,56,73,75,75,66,75,75,74,74,78,72,72,72,72,75,81,85,85,67],"gold":145,"neow_bonus":"","is_daily":false,"chose_seed":false,"campfire_upgraded":6,"win_rate":0.0,"timestamp":1611861675,"path_taken":["M","?","M","M","?","R","?","E","T","M","E","R","E","?","R","BOSS","M","$","?","?","?","E","?","R","T","R","?","M","E","$","R","BOSS","M","?","?","M","M","R","E","E","T","R","$","?","?","?","R","BOSS"],"items_purchased_type":["Relic","Card","Card","Relic"],"build_version":"2020-12-22","purchased_purges":2,"victory":true,"max_hp_per_floor":[70,70,70,70,70,70,70,70,70,70,70,70,70,70,70,70,70,70,70,70,75,75,75,75,75,75,75,75,75,75,75,75,75,75,75,75,75,75,75,75,85,85,85,85,85,85,85,85,85,85],"card_choices":[{"not_picked":["Blade Dance","Bane","Quick Slash"],"picked":"SKIP","floor":1},{"not_picked":["Dagger Throw","Blade Dance","Cloak And Dagger"],"picked":"Backflip","floor":3},{"not_picked":["Bane","Flechettes","Outmaneuver"],"picked":"Poisoned Stab","floor":4},{"not_picked":["Cloak And Dagger","Backflip","Acrobatics"],"picked":"Blade Dance","floor":5},{"not_picked":["Catalyst","Deadly Poison","Sucker Punch"],"picked":"Infinite Blades","floor":8},{"not_picked":["All Out Attack","Sucker Punch","Malaise"],"picked":"Accuracy","floor":10},{"not_picked":["Doppelganger","Distraction","Quick Slash"],"picked":"Noxious Fumes","floor":11},{"not_picked":["Well Laid Plans","Malaise","Slice+1"],"picked":"Deflect","floor":13},{"not_picked":["Flying Knee+1","Outmaneuver","Quick Slash+1"],"picked":"Deflect","floor":14},{"not_picked":["Adrenaline","Die Die Die+1","Phantasmal Killer"],"picked":"Venomology","floor":16},{"not_picked":["Caltrops","Dagger Spray+1","Slice+1"],"picked":"Leg Sweep","floor":18},{"not_picked":["Finisher+1","Dagger Spray+1","PiercingWail"],"picked":"Leg Sweep+1","floor":22},{"not_picked":["Dodge and Roll+1","Cloak And Dagger","Dagger Spray+1"],"picked":"Backstab+1","floor":22},{"not_picked":["Eviscerate+1","Backflip","Poisoned Stab+1"],"picked":"Choke+1","floor":23},{"not_picked":["Dagger Spray+1","Terror","Quick Slash+1"],"picked":"Finisher+1","floor":28},{"not_picked":["Quick Slash+1","Endless Agony+1","Concentrate"],"picked":"Cloak And Dagger+1","floor":29},{"not_picked":["Dodge and Roll","Prepared","Finisher+1","PiercingWail+1"],"picked":"SKIP","floor":29},{"not_picked":["Finisher+1","Poisoned Stab+1","Unload+1","PiercingWail+1"],"picked":"SKIP","floor":30},{"not_picked":["Sucker Punch+1","Calculated Gamble+1","Prepared+1"],"picked":"Backstab+1","floor":35},{"not_picked":["Concentrate","Dagger Throw+1","Heel Hook+1","Bane+1"],"picked":"SKIP","floor":35},{"not_picked":["Bane+1","Dagger Throw+1","Backflip+1"],"picked":"Escape Plan+1","floor":36},{"not_picked":["Poisoned Stab+1","Outmaneuver","Underhanded Strike+1"],"picked":"Escape Plan+1","floor":37},{"not_picked":["Expertise+1","Prepared","Catalyst+1"],"picked":"Dodge and Roll+1","floor":38},{"not_picked":["Flying Knee+1","Backflip","Terror","Unload+1"],"picked":"SKIP","floor":38},{"not_picked":["Skewer+1","Bane+1","Bouncing Flask+1"],"picked":"Blade Dance","floor":39},{"not_picked":["Dagger Spray+1","Heel Hook+1","Bane+1","Flying Knee+1"],"picked":"SKIP","floor":39},{"not_picked":["Skewer+1","Outmaneuver","Slice+1"],"picked":"Blade Dance","floor":41},{"not_picked":["Sucker Punch+1","All Out Attack+1","Underhanded Strike+1"],"picked":"Well Laid Plans+1","floor":42},{"not_picked":["Tools of the Trade","Riddle With Holes+1","Masterful Stab+1"],"picked":"Dodge and Roll+1","floor":46},{"not_picked":["Dagger Throw+1","Expertise+1","Concentrate+1"],"picked":"Noxious Fumes+1","floor":47},{"not_picked":["Prepared+1","Slice+1","Outmaneuver+1"],"picked":"Backflip+1","floor":47},{"not_picked":["Expertise+1","Concentrate+1","Tools of the Trade"],"picked":"Night Terror+1","floor":48}],"player_experience":1276077,"relics_obtained":[{"floor":8,"key":"Omamori"},{"floor":9,"key":"Potion Belt"},{"floor":11,"key":"Pantograph"},{"floor":13,"key":"Molten Egg 2"},{"floor":23,"key":"StrikeDummy"},{"floor":26,"key":"Ginger"},{"floor":28,"key":"Meat on the Bone"},{"floor":30,"key":"Sundial"},{"floor":36,"key":"Peace Pipe"},{"floor":37,"key":"Bird Faced Urn"},{"floor":41,"key":"Pear"},{"floor":42,"key":"Toxic Egg 2"},{"floor":43,"key":"PreservedInsect"},{"floor":46,"key":"FossilizedHelix"},{"floor":48,"key":"Darkstone Periapt"}],"event_choices":[{"damage_healed":0,"gold_gain":0,"player_choice":"Paid Gold","damage_taken":0,"relics_obtained":["Question Card"],"max_hp_gain":0,"max_hp_loss":0,"event_name":"WeMeetAgain","floor":2,"gold_loss":102},{"damage_healed":0,"gold_gain":0,"cards_transformed":["Strike_G","Strike_G"],"player_choice":"Became Test Subject","damage_taken":0,"max_hp_gain":0,"max_hp_loss":0,"event_name":"Drug Dealer","floor":20,"gold_loss":0,"cards_obtained":["Corpse Explosion","A Thousand Cuts"]},{"damage_healed":0,"gold_gain":0,"player_choice":"Shed Blood","damage_taken":18,"max_hp_gain":5,"max_hp_loss":0,"event_name":"Forgotten Altar","floor":21,"gold_loss":0},{"damage_healed":0,"gold_gain":0,"player_choice":"Fight","damage_taken":0,"max_hp_gain":0,"max_hp_loss":0,"event_name":"Mysterious Sphere","floor":36,"gold_loss":0},{"damage_healed":0,"gold_gain":0,"player_choice":"Fight","damage_taken":0,"max_hp_gain":0,"max_hp_loss":0,"event_name":"MindBloom","floor":37,"gold_loss":0}],"is_beta":false,"boss_relics":[{"not_picked":["Ring of the Serpent","Empty Cage"],"picked":"Astrolabe"},{"not_picked":["Philosopher\u0027s Stone","energizedSpire:EnergizedDie"],"picked":"Cursed Key"}],"items_purged_floors":[31,45],"is_endless":false,"potions_floor_spawned":[8,11,13,16,23,28,29,37,41,42,47,48],"ascension_level":0}}