{"host":"cm56dopeulr50jn0","time":1611796722,"event":{"mods":["BaseMod","Bestiary","Better Match","Better Third Choice","Downfall","Minty Spire (QoL Compilation)","Relic Stats","StSLib"],"gold_per_floor":[119,134,145,55,55,71,97,111,143,143,43,78,92,102,2,100,100,120,141,134,161,161,3,26,26,50,67,67,104,4,37,37,148,148,169,189,201,201,201,377,377,377,408,420,420,420,420,241,241,241,241,270,13,13,13,13],"floor_reached":57,"language":"ENG","playtime":7530,"items_purged":["hexamod:Strike","Writhe","Decay"],"score":1472,"play_id":"36762f24-3077-490c-8085-093830a3020f","local_time":"20210127171842","is_ascension_mode":true,"campfire_choices":[{"data":"hexamod:HeatMetal","floor":11.0,"key":"SMITH"},{"floor":15,"key":"REST"},{"floor":25,"key":"RECALL"},{"floor":28,"key":"REST"},{"floor":30,"key":"REST"},{"floor":32,"key":"REST"},{"floor":42,"key":"REST"},{"floor":45,"key":"REST"},{"floor":49,"key":"REST"},{"floor":54,"key":"REST"}],"circlet_count":0,"master_deck":["hexamod:Strike+1","hexamod:Strike+1","hexamod:Defend+1","hexamod:Defend+1","hexamod:Defend+1","hexamod:Defend+1","hexamod:Sear+1","hexamod:Float+1","CurseOfTheBell","hexamod:ShieldOfDarkness+1","hexamod:HeatMetal+1","hexamod:HeatMetal+1","hexamod:AdvancingGuard+1","hexamod:Rewind+1","hexamod:FastForward+1","hexamod:SkipABeat+1","hexamod:ExtraCrispy+1","hexamod:RetreatToShadows+1","hexamod:CatchUp+1","hexamod:HexaLevel+1","hexamod:InspiringFlames+1","hexamod:Hexaguard+1","hexamod:SixthSeal","hexamod:FastForward+1","hexamod:TimeWarp+1","hexamod:GhostOfSpirePresent+1","hexamod:PowerFromBeyond+1","hexamod:FlamesFromBeyond+1","hexamod:FirstSeal","hexamod:GhostOfSpirePast+1","hexamod:HeatShield+1","hexamod:FourthSeal","hexamod:ThirdSeal","hexamod:Hexaguard+1","hexamod:Hexaguard+1","hexamod:SecondSeal","hexamod:SuperheatedStrike+1","hexamod:PhantomFireball+1","hexamod:FlameSwitch+1","hexamod:StepThrough+1","hexamod:HauntingEcho+1","hexamod:Haunt+1","hexamod:ForkedFlame+1","hexamod:TurnItUp+1","hexamod:ShieldOfDarkness+1","hexamod:Rewind+1","hexamod:ApocalypticArmor+1","hexamod:NecessarySacrifice+1","hexamod:RetreatToShadows+1","Clumsy","hexamod:AdvancingGuard+1","hexamod:RadiantFlame+1","expansioncontent:DashGenerateEvil+1","expansioncontent:Chronoboost+1","expansioncontent:StudyTheSpire+1","hexamod:Hexaguard+1","hexamod:Hexaguard+1","hexamod:ChargedBarrage+1","hexamod:StepThrough+1"],"relics":["Calling Bell","Akabeko","Toxic Egg 2","hexamod:Sixitude","Slimebound:StickyStick","downfall:HeartBlessingBlue","Letter Opener","downfall:HeartBlessingGreen","Fusion Hammer","Oddly Smooth Stone","OrangePellets","MealTicket","hexamod:TheBrokenSeal","Pen Nib","downfall:HeartBlessingRed","Mango","Cursed Key","Kunai","TungstenRod","Darkstone Periapt","War Paint","hexamod:MatchstickCase"],"acts_visited":["Exordium","TheCity","TheBeyond","TheEnding"],"potions_floor_usage":[12,13,16,21,21,23,23,23,23,23,29,55,55],"damage_taken":[{"damage":0.0,"enemies":"Cultist","floor":1.0,"turns":3.0},{"damage":0.0,"enemies":"2 Louse","floor":2.0,"turns":2.0},{"damage":0.0,"enemies":"Jaw Worm","floor":3.0,"turns":3.0},{"damage":0.0,"enemies":"downfall:FleeingMerchant","floor":4.0,"turns":4.0},{"damage":18.0,"enemies":"Large Slime","floor":6.0,"turns":7.0},{"damage":0.0,"enemies":"Exordium Wildlife","floor":8.0,"turns":2.0},{"damage":11.0,"enemies":"Lagavulin","floor":9.0,"turns":9.0},{"damage":14,"enemies":"3 Sentries","floor":12,"turns":6},{"damage":13,"enemies":"3 Louse","floor":13,"turns":3},{"damage":4,"enemies":"Large Slime","floor":14,"turns":4},{"damage":20,"enemies":"SI_SHIV_ARCHETYPE","floor":16,"turns":11},{"damage":15,"enemies":"Chosen","floor":18,"turns":6},{"damage":35,"enemies":"3 Byrds","floor":19,"turns":6},{"damage":0,"enemies":"downfall:FleeingMerchant","floor":20,"turns":4},{"damage":1,"enemies":"Snecko","floor":21,"turns":6},{"damage":2,"enemies":"downfall:FleeingMerchant","floor":23,"turns":4},{"damage":15,"enemies":"Cultist and Chosen","floor":26,"turns":5},{"damage":4,"enemies":"Centurion and Healer","floor":27,"turns":8},{"damage":32,"enemies":"Slavers","floor":29,"turns":7},{"damage":25,"enemies":"Book of Stabbing","floor":31,"turns":5},{"damage":9,"enemies":"DF_ARCHETYPE_CLAW","floor":33,"turns":7},{"damage":0,"enemies":"3 Darklings","floor":35,"turns":5},{"damage":16,"enemies":"Orb Walker","floor":36,"turns":3},{"damage":0,"enemies":"4 Shapes","floor":37,"turns":3},{"damage":5,"enemies":"downfall:FleeingMerchant","floor":40,"turns":3},{"damage":17,"enemies":"Giant Head","floor":43,"turns":7},{"damage":11,"enemies":"Sphere and 2 Shapes","floor":44,"turns":6},{"damage":55,"enemies":"IC_BLOCK_ARCHETYPE","floor":50,"turns":11},{"damage":12,"enemies":"downfall:CharBossMerchant","floor":52,"turns":8},{"damage":12,"enemies":"downfall:NeowBoss","floor":55,"turns":18},{"damage":50,"enemies":"downfall:NeowBossFinal","floor":56,"turns":12}],"seed_played":"-1082281268107629222","potions_obtained":[{"floor":3.0,"key":"Dexterity Potion"},{"floor":8.0,"key":"Fire Potion"},{"floor":12,"key":"Swift Potion"},{"floor":13,"key":"Dexterity Potion"},{"floor":14,"key":"SneckoOil"},{"floor":16,"key":"Energy Potion"},{"floor":18,"key":"EntropicBrew"},{"floor":19,"key":"EntropicBrew"},{"floor":26,"key":"hexamod:SoulburnPotion"},{"floor":26,"key":"Dexterity Potion"},{"floor":29,"key":"Ancient Potion"},{"floor":37,"key":"FairyPotion"},{"floor":52,"key":"SpeedPotion"}],"is_trial":false,"path_per_floor":["M","M","M","$","?","M","T","M","E","?","R","E","M","M","R","B",null,"M","M","$","M","?","$","T","R","M","M","R","E","R","E","R","B",null,"M","M","M","?","?","$","T","R","E","M","R","?","?","$","R","B",null,"E","$","R","B","B",null],"character_chosen":"THE_SPIRIT","items_purchased":["OrangePellets","hexamod:RetreatToShadows+1","hexamod:Hexaguard+1","hexamod:MatchstickCase","hexamod:ChargedBarrage+1","hexamod:StepThrough"],"campfire_rested":8,"item_purchase_floors":[23,40,48,53,53,53],"current_hp_per_floor":[70,70,70,70,70,52,52,52,41,46,56,42,29,25,50,30,85,77,49,63,69,69,67,67,67,52,95,95,70,95,84,109,100,109,109,93,93,93,93,109,109,109,99,95,109,109,100,109,109,61,109,104,109,109,104,61],"gold":13,"neow_bonus":"BOSS_RELIC","is_daily":false,"chose_seed":false,"campfire_upgraded":1,"win_rate":0.0,"timestamp":1611796722,"path_taken":["M","M","M","$","?","M","T","M","E","?","R","E","M","M","R","BOSS","M","M","$","M","?","$","T","R","M","M","R","E","R","E","R","BOSS","M","M","M","?","?","$","T","R","E","M","R","?","?","$","R","BOSS","E","$","R","BOSS","BOSS"],"items_purchased_type":["Relic","Card","Card","Relic","Card","Card"],"build_version":"2020-12-22","purchased_purges":3,"victory":true,"max_hp_per_floor":[70,70,70,70,70,70,70,70,70,75,85,85,85,85,85,85,85,85,85,85,85,85,85,85,85,85,95,95,95,95,109,109,109,109,109,109,109,109,109,109,109,109,109,109,109,109,109,109,109,109,109,109,109,109,109,109],"relic_stats":{"Darkstone Periapt":0,"OrangePellets":[20],"counters":[31,188],"MealTicket":29,"Pen Nib":[12],"Letter Opener":[392],"Kunai":[13],"War Paint":[],"Cursed Key":2,"obtain_stats":[{"Darkstone Periapt":46,"downfall:HeartBlessingRed":30,"hexamod:Sixitude":0,"Oddly Smooth Stone":22,"hexamod:TheBrokenSeal":27,"downfall:HeartBlessingGreen":15,"Mango":31,"Pen Nib":29,"Letter Opener":12,"War Paint":52,"Cursed Key":34,"Akabeko":0,"hexamod:MatchstickCase":53,"Calling Bell":0,"OrangePellets":23,"Slimebound:StickyStick":9,"downfall:HeartBlessingBlue":11,"MealTicket":24,"Fusion Hammer":17,"Kunai":41,"Toxic Egg 2":0,"hexamod:SpiritBrand":0,"TungstenRod":43},{"Darkstone Periapt":27,"downfall:HeartBlessingRed":19,"hexamod:Sixitude":0,"Oddly Smooth Stone":15,"hexamod:TheBrokenSeal":18,"downfall:HeartBlessingGreen":10,"Mango":20,"Pen Nib":19,"Letter Opener":8,"War Paint":29,"Cursed Key":21,"Akabeko":0,"hexamod:MatchstickCase":29,"Calling Bell":0,"OrangePellets":16,"Slimebound:StickyStick":7,"downfall:HeartBlessingBlue":7,"MealTicket":16,"Fusion Hammer":11,"Kunai":25,"Toxic Egg 2":0,"hexamod:SpiritBrand":0,"TungstenRod":26},{"Darkstone Periapt":139,"downfall:HeartBlessingRed":100,"hexamod:Sixitude":0,"Oddly Smooth Stone":76,"hexamod:TheBrokenSeal":91,"downfall:HeartBlessingGreen":43,"Mango":105,"Pen Nib":100,"Letter Opener":36,"War Paint":158,"Cursed Key":112,"Akabeko":0,"hexamod:MatchstickCase":158,"Calling Bell":0,"OrangePellets":80,"Slimebound:StickyStick":30,"downfall:HeartBlessingBlue":30,"MealTicket":80,"Fusion Hammer":54,"Kunai":126,"Toxic Egg 2":0,"hexamod:SpiritBrand":0,"TungstenRod":133}],"TungstenRod":24},"card_choices":[{"not_picked":["hexamod:Rewind+1","hexamod:SwordOfDarkness"],"picked":"hexamod:ShieldOfDarkness+1","floor":1.0},{"not_picked":["hexamod:GhostShield+1","hexamod:InspiringFlames+1"],"picked":"hexamod:HeatMetal","floor":2.0},{"not_picked":["hexamod:InspiringFlames+1","hexamod:BurningTouch+1"],"picked":"hexamod:FifthSeal","floor":3.0},{"not_picked":["hexamod:HeatCrush","hexamod:SwordOfDarkness"],"picked":"hexamod:HeatMetal","floor":4.0},{"not_picked":["hexamod:FirstSeal","hexamod:SecondSeal"],"picked":"hexamod:ThirdSeal","floor":4.0},{"not_picked":["hexamod:SwordOfDarkness","hexamod:BacktrackSmack"],"picked":"hexamod:AdvancingGuard+1","floor":6.0},{"not_picked":["hexamod:RecurringNightmare+1","hexamod:Firestarter"],"picked":"hexamod:Rewind+1","floor":6.0},{"not_picked":["hexamod:Firestarter","hexamod:GhostShield+1"],"picked":"hexamod:FastForward+1","floor":8.0},{"not_picked":["hexamod:GhostShield+1","hexamod:Firestarter"],"picked":"hexamod:SkipABeat+1","floor":8.0},{"not_picked":["hexamod:HauntingEcho","hexamod:Incineration"],"picked":"hexamod:ExtraCrispy","floor":9.0},{"not_picked":["hexamod:NightmareStrike","hexamod:GhostOfSpireFuture"],"picked":"hexamod:RetreatToShadows+1","floor":9.0},{"not_picked":["hexamod:FirstSeal","hexamod:ThirdSeal"],"picked":"hexamod:SixthSeal","floor":9.0},{"not_picked":["hexamod:BurningTouch+1","hexamod:GhostOfSpireFuture"],"picked":"hexamod:CatchUp+1","floor":12},{"not_picked":["hexamod:ShieldOfDarkness+1","hexamod:PowerFromBeyond+1"],"picked":"hexamod:HexaLevel","floor":12},{"not_picked":["hexamod:BacktrackSmack","hexamod:HeatMetal"],"picked":"hexamod:InspiringFlames+1","floor":13},{"not_picked":["hexamod:RainOfEmbers","hexamod:GhostflameBarrier+1"],"picked":"hexamod:Hexaguard+1","floor":13},{"not_picked":["hexamod:SpectersWail","hexamod:SuperheatedStrike"],"picked":"hexamod:SixthSeal","floor":14},{"not_picked":["hexamod:SixthSeal","hexamod:ThirdSeal"],"picked":"hexamod:FirstSeal","floor":14},{"not_picked":["hexamod:ThirdSeal","hexamod:FlamesFromBeyond+1"],"picked":"hexamod:FastForward+1","floor":14},{"not_picked":["hexamod:TurnItUp+1","hexamod:SixthSeal"],"picked":"hexamod:TimeWarp","floor":16},{"not_picked":["hexamod:ThirdSeal","hexamod:FirstSeal"],"picked":"hexamod:FourthSeal","floor":16},{"not_picked":["hexamod:ParanormalForm","hexamod:Toasty"],"picked":"hexamod:GhostOfSpirePresent","floor":16},{"not_picked":["hexamod:FourthSeal","hexamod:SixthSeal"],"picked":"hexamod:SecondSeal","floor":18},{"not_picked":["hexamod:Firestarter","hexamod:FastForward+1"],"picked":"hexamod:PowerFromBeyond+1","floor":18},{"not_picked":["hexamod:BurningTouch+1","hexamod:InspiringFlames+1","hexamod:NightmareStrike"],"picked":"SKIP","floor":18},{"not_picked":["hexamod:HeatMetal","hexamod:SuperheatedStrike"],"picked":"hexamod:FlamesFromBeyond+1","floor":19},{"not_picked":["hexamod:FourthSeal","hexamod:SecondSeal"],"picked":"hexamod:FirstSeal","floor":19},{"not_picked":["hexamod:WildfireWeapon","hexamod:GhostLash"],"picked":"hexamod:GhostOfSpirePast+1","floor":20},{"not_picked":["hexamod:HeatMetal","hexamod:AdvancingGuard+1"],"picked":"hexamod:HeatShield+1","floor":20},{"not_picked":["hexamod:SixthSeal","hexamod:SecondSeal"],"picked":"hexamod:FourthSeal","floor":20},{"not_picked":["hexamod:NightmareStrike","hexamod:SwordOfDarkness"],"picked":"hexamod:ThirdSeal","floor":21},{"not_picked":["hexamod:HeatCrush+1","hexamod:Haunt+1"],"picked":"hexamod:Hexaguard+1","floor":23},{"not_picked":["hexamod:CatchUp+1","hexamod:SuperheatedStrike","hexamod:BurningTouch+1"],"picked":"SKIP","floor":23},{"not_picked":["hexamod:NightmareGuise+1","hexamod:GhostflameBarrier+1"],"picked":"hexamod:Hexaguard+1","floor":26},{"not_picked":["hexamod:SixthSeal","hexamod:FourthSeal"],"picked":"hexamod:SecondSeal","floor":27},{"not_picked":["hexamod:ExtraCrispy","hexamod:BurningTouch+1"],"picked":"hexamod:SuperheatedStrike+1","floor":27},{"not_picked":["hexamod:InspiringFlames+1","hexamod:FastForward+1"],"picked":"hexamod:PhantomFireball+1","floor":27},{"not_picked":["hexamod:RetreatToShadows+1","hexamod:EmpoweredFlame"],"picked":"hexamod:FlameSwitch+1","floor":29},{"not_picked":["hexamod:NightmareGuise+1","hexamod:ExtraCrispy"],"picked":"hexamod:StepThrough","floor":29},{"not_picked":["hexamod:SuperheatedStrike","hexamod:SecondSeal"],"picked":"hexamod:HauntingEcho","floor":31},{"not_picked":["hexamod:ThirdSeal","hexamod:SpectersWail"],"picked":"hexamod:Haunt+1","floor":31},{"not_picked":["hexamod:TurnItUp+1","hexamod:FlameSwitch+1"],"picked":"hexamod:ForkedFlame","floor":33},{"not_picked":["hexamod:SixthSeal","hexamod:GhostOfSpirePresent"],"picked":"hexamod:TurnItUp+1","floor":33},{"not_picked":["hexamod:BacktrackSmack","hexamod:HeatMetal+1"],"picked":"hexamod:ShieldOfDarkness+1","floor":35},{"not_picked":["hexamod:FastForward+1","hexamod:GhostShield+1"],"picked":"hexamod:Rewind+1","floor":35},{"not_picked":["hexamod:Again+1","hexamod:NightmareGuise+1"],"picked":"hexamod:ApocalypticArmor","floor":36},{"not_picked":["hexamod:ThermalTransfer","hexamod:GhostLash+1","hexamod:HeatMetal+1"],"picked":"SKIP","floor":37},{"not_picked":["hexamod:Rewind+1","hexamod:FlameSwitch+1"],"picked":"hexamod:NecessarySacrifice+1","floor":40},{"not_picked":["hexamod:HeatMetal+1","hexamod:DynamicBlow"],"picked":"hexamod:AdvancingGuard+1","floor":43},{"not_picked":["hexamod:PhantomFireball","hexamod:GhostShield+1","hexamod:HeatMetal+1"],"picked":"SKIP","floor":43},{"not_picked":["hexamod:ThirdSeal","hexamod:HeatCrush"],"picked":"hexamod:RadiantFlame+1","floor":44},{"not_picked":["hexamod:NightmareGuise+1","hexamod:ThermalTransfer+1","hexamod:FastForward+1"],"picked":"SKIP","floor":44},{"not_picked":["expansioncontent:QuickStudy","expansioncontent:Chronoboost"],"picked":"expansioncontent:DashGenerateEvil","floor":47},{"not_picked":["expansioncontent:HyperBeam","expansioncontent:PrepareCrush"],"picked":"expansioncontent:Chronoboost","floor":47},{"not_picked":["expansioncontent:PolyBeam","expansioncontent:GuardianWhirl"],"picked":"expansioncontent:StudyTheSpire","floor":47},{"not_picked":["hexamod:ThirdSeal","hexamod:GhostflameBarrier+1"],"picked":"hexamod:Hexaguard+1","floor":52},{"not_picked":["hexamod:NightmareStrike","hexamod:GhostShield+1","hexamod:HeatMetal+1"],"picked":"SKIP","floor":52},{"not_picked":["hexamod:NightmareStrike","hexamod:GhostShield+1","hexamod:HeatMetal+1"],"picked":"SKIP","floor":52}],"player_experience":1444669,"relics_obtained":[{"floor":0.0,"key":"Akabeko"},{"floor":0.0,"key":"Toxic Egg 2"},{"floor":0.0,"key":"hexamod:Sixitude"},{"floor":9.0,"key":"Slimebound:StickyStick"},{"floor":12,"key":"Letter Opener"},{"floor":24,"key":"MealTicket"},{"floor":29,"key":"Pen Nib"},{"floor":31,"key":"Mango"},{"floor":41,"key":"Kunai"},{"floor":43,"key":"TungstenRod"},{"floor":46,"key":"Darkstone Periapt"},{"floor":52,"key":"War Paint"}],"event_choices":[{"cards_removed":["hexamod:Strike"],"damage_healed":0.0,"max_hp_gain":0.0,"max_hp_loss":0.0,"gold_gain":0.0,"event_name":"The Cleric","player_choice":"Card Removal","floor":5.0,"gold_loss":0.0,"damage_taken":0.0},{"damage_healed":0.0,"max_hp_gain":5.0,"max_hp_loss":0.0,"gold_gain":0.0,"event_name":"Big Fish","player_choice":"Donut","floor":10.0,"gold_loss":0.0,"damage_taken":0.0}],"is_beta":false,"boss_relics":[{"not_picked":["Busted Crown","Sozu"],"picked":"Fusion Hammer"},{"not_picked":["Empty Cage","Snecko Eye"],"picked":"Cursed Key"}],"items_purged_floors":[4,40,48],"is_endless":false,"potions_floor_spawned":[3,8,12,13,14,16,18,19,26,29,31,33,44],"ascension_level":3}}