{"host":"me30ioratabihv4r","time":1611836144,"event":{"mods":["AchievementEnabler","Act Like it!","BaseMod","Hallownest","Minty Spire (QoL Compilation)","StSLib","The Bug Knight","UnlockEverythingMod","everything is the same but u backflip on backflip"],"gold_per_floor":[112,40,40,40,51,51,380,380,380,380,392,163,163,163,163,266,266,277,294,314,212,212,212],"floor_reached":22,"language":"ENG","playtime":1706,"items_purged":["HollowMod:MonarchWings"],"score":216,"play_id":"f9932a87-4adf-4e3d-9efb-808754371e5c","local_time":"20210128081544","is_ascension_mode":true,"campfire_choices":[{"data":"HollowMod:FocusHealStart","floor":6,"key":"SMITH"},{"data":"HollowMod:AbyssShriek","floor":8,"key":"SMITH"},{"data":"HollowMod:PogoStrike","floor":10,"key":"SMITH"},{"data":"HollowMod:WraithStrike","floor":15,"key":"SMITH"}],"circlet_count":0,"master_deck":["HollowMod:FocusHealStart+1","HollowMod:PogoStrike+1","HollowMod:CloakDash","HollowMod:AbyssShriek+1","Hallownest:skillSlugHide","Hallownest:skillSlugHide","Hallownest:skillSlugHide","Hallownest:skillSlugHide","Hallownest:skillSlugHide","HollowMod:VengefulVoid","HollowMod:WraithStrike+1","HollowMod:CloakDash","HollowMod:DashSlash","HollowMod:theNailsmith","HollowMod:WraithStrike","HollowMod:BlackTendrils","HollowMod:CoiledNail","HollowMod:WraithStrike+1","HollowMod:SiblingsSouls","HollowMod:SlysStrikes"],"relics":["HollowMod:VesselMask","WingedGreaves","Hallownest:DreamNailRelic","Old Coin","Matryoshka","Membership Card","Pandora\u0027s Box"],"acts_visited":["Hallownest:Greenpath","Hallownest:CityofTears"],"potions_floor_usage":[7,16,16,16,19,20,22,22,22],"damage_taken":[{"damage":6,"enemies":"Hallownest:2_MossCreeps","floor":1,"turns":5},{"damage":2,"enemies":"Hallownest:2_Baldur","floor":5,"turns":2},{"damage":18,"enemies":"Hallownest:eliteMossKnight","floor":7,"turns":10},{"damage":0,"enemies":"2_ Uuma","floor":11,"turns":3},{"damage":0,"enemies":"Hallownest:monsterAspidMother","floor":14,"turns":3},{"damage":42,"enemies":"Hallownest:BossHornet","floor":16,"turns":13},{"damage":46,"enemies":"Hallownest:Guard_and_Sentry","floor":18,"turns":6},{"damage":22,"enemies":"Hallownest:3_Youths","floor":19,"turns":7},{"damage":24,"enemies":"Hallownest:monsterShrumalOgre","floor":20,"turns":7},{"damage":11,"enemies":"Hallownest:3_Mistakes","floor":22,"turns":4}],"seed_played":"2936091779331537039","potions_obtained":[{"floor":5,"key":"Fire Potion"},{"floor":7,"key":"BlessingOfTheForge"},{"floor":11,"key":"ColorlessPotion"},{"floor":16,"key":"LiquidMemories"},{"floor":18,"key":"SkillPotion"},{"floor":20,"key":"SteroidPotion"}],"is_trial":false,"path_per_floor":["M","$","?","?","M","R","E","R","T","R","M","$","?","M","R","B",null,"M","M","M","$","M"],"character_chosen":"THE_BUGKNIGHT","items_purchased":["HollowMod:AbyssShriek","Membership Card","HollowMod:CloakDash","Fruit Juice","EssenceOfSteel","Weak Potion"],"campfire_rested":0,"item_purchase_floors":[2,12,12,12,21,21],"current_hp_per_floor":[68,68,68,68,66,66,60,60,60,60,60,60,60,60,60,29,73,27,15,5,5,0,0],"gold":212,"neow_bonus":"ONE_RARE_RELIC","is_daily":false,"chose_seed":false,"campfire_upgraded":4,"win_rate":0.0,"timestamp":1611836144,"path_taken":["M","$","?","?","M","R","E","R","T","R","?","$","?","M","R","BOSS","M","M","?","$","M"],"items_purchased_type":["Card","Relic","Card","Potion","Potion","Potion"],"build_version":"2020-12-22","purchased_purges":1,"victory":false,"max_hp_per_floor":[68,68,68,68,68,68,68,68,68,68,68,68,68,68,68,73,73,73,73,73,73,73,73],"card_choices":[{"not_picked":["HollowMod:SoulStrike","HollowMod:DoubleDash"],"picked":"HollowMod:CloakDash","floor":1},{"not_picked":["HollowMod:FallenFury","HollowMod:theNailsmith"],"picked":"HollowMod:VengefulVoid","floor":7},{"not_picked":["HollowMod:CrystalDash","HollowMod:InfectionAssault"],"picked":"HollowMod:WraithStrike","floor":11},{"not_picked":["HollowMod:FastStrike","HollowMod:LifebloodCocoon"],"picked":"HollowMod:DashSlash","floor":14},{"not_picked":["HollowMod:AwokenDreamNail","HollowMod:ElderbugsWisdom"],"picked":"HollowMod:theNailsmith","floor":16},{"not_picked":["HollowMod:NewGlowingWomb","HollowMod:NewJinnsSoul"],"picked":"HollowMod:WraithStrike+1","floor":18},{"not_picked":["HollowMod:NewLittleFool","HollowMod:HeavyBlow"],"picked":"HollowMod:SiblingsSouls","floor":19},{"not_picked":["HollowMod:MantisMark","HollowMod:FastStrike"],"picked":"HollowMod:SlysStrikes","floor":20}],"player_experience":43294,"relics_obtained":[{"floor":7,"key":"Old Coin"},{"floor":9,"key":"Matryoshka"}],"event_choices":[],"is_beta":false,"boss_relics":[{"not_picked":["Fusion Hammer","Astrolabe"],"picked":"Pandora\u0027s Box"}],"items_purged_floors":[21],"is_endless":false,"potions_floor_spawned":[5,7,11,16,18,20],"killed_by":"Hallownest:3_Mistakes","ascension_level":1}}