{"host":"uvmuduost5bzvojs","time":1611867458,"event":{"mods":["Aspiration","Bard","BaseMod","Better Match","Block Reminder","Conspire","Hermit","Highlight Path","Hubris","Infinite Spire","Jorbs\u0027s Wanderer Trilogy","Mad Scientist","Marisa????????","Mimic Mod","Minty Spire (QoL Compilation)","Potionbrewer","Replay The Spire","Robot Space Explorer","StSLib","The Blackbeard","The Construct","The Cursed","The Disciple","The Hayseed","The Hierophant","The Juggle","The Jungle","The Poker Player","The Runesmith","The Servant 0.9.4","The Spell Scribe","The Valiant","TheBandit"],"gold_per_floor":[112,112,132,150,170,170,190,204,242,276,276,276,276,26,26,122,172,190,123,123,162,176,205,205,236,236,236,236,246,68,84,84,183,183,195,209,56,74,74,74,87,87,87,87,104,104,116,135,135,135],"floor_reached":51,"language":"ENG","playtime":6159,"items_purged":["Regret","PokerPlayerMod:Diamond1"],"score":619,"play_id":"082b02e9-4b54-49dc-97c4-3553e16f270a","local_time":"20210128155738","is_ascension_mode":false,"metric_token":2130,"campfire_choices":[{"data":"PokerPlayerMod:ItsShowtime","floor":6.0,"key":"SMITH"},{"data":"PokerPlayerMod:CardPrinter","floor":11.0,"key":"SMITH"},{"data":"PokerPlayerMod:CardPrinter+1","floor":13.0,"key":"SMITH"},{"data":"PokerPlayerMod:ClubDance","floor":15.0,"key":"SMITH"},{"floor":28.0,"key":"REST"},{"data":"PokerPlayerMod:Sharpen","floor":32.0,"key":"SMITH"},{"data":"PokerPlayerMod:Duplicate","floor":40,"key":"SMITH"},{"floor":42,"key":"REST"},{"data":"Pot Of Greed","floor":44,"key":"SMITH"},{"floor":49,"key":"REST"}],"circlet_count":0,"master_deck":["PokerPlayerMod:Diamond2","PokerPlayerMod:Diamond3","PokerPlayerMod:Diamond4","PokerPlayerMod:Diamond5","PokerPlayerMod:Spade1","PokerPlayerMod:Spade2","PokerPlayerMod:Spade3","PokerPlayerMod:Spade4","PokerPlayerMod:Club2","PokerPlayerMod:Heart2","PokerPlayerMod:TrumpStrike+1","PokerPlayerMod:BadJoker","PokerPlayerMod:Mulligan","PokerPlayerMod:Diamond8","PokerPlayerMod:Spade5","PokerPlayerMod:ItsShowtime+1","PokerPlayerMod:DiamondStrike","PokerPlayerMod:ClubDance+1","PokerPlayerMod:HiddenCard","PokerPlayerMod:Diamond8","PokerPlayerMod:Diamond10+","PokerPlayerMod:Sharpen+1","PokerPlayerMod:Club7","PokerPlayerMod:Club7","PokerPlayerMod:Duplicate+1","PokerPlayerMod:Raise+1","PokerPlayerMod:Club10+","PokerPlayerMod:ClubStrike","PokerPlayerMod:Diamond10+","Pot Of Greed+1","Pot Of Greed","Pot Of Greed","PokerPlayerMod:Heart5","PokerPlayerMod:CardBurn+1"],"relics":["PokerPlayerMod:DeckCase","infinitespire:Lucky Rock","hubris:BottledRain","Prayer Beads","Tiny House","conspire:DeflatedDodgeball","Regal Pillow","Red Mask","Replay:Bottled Steam","Honey Jar","potionbrewer:ToyAutogyro","SlaversCollar","Grinning Jar","PokerPlayerMod:ClubPass"],"acts_visited":["Exordium","TheCity","TheBeyond"],"potions_floor_usage":[50,50,50],"damage_taken":[{"damage":0.0,"enemies":"Jaw Worm","floor":1.0,"turns":1.0},{"damage":0.0,"enemies":"Cultist","floor":3.0,"turns":3.0},{"damage":0.0,"enemies":"2 Louse","floor":4.0,"turns":2.0},{"damage":7.0,"enemies":"Blue Slaver","floor":5.0,"turns":3.0},{"damage":1.0,"enemies":"2 Fungi Beasts","floor":7.0,"turns":3.0},{"damage":0.0,"enemies":"Exordium Thugs","floor":8.0,"turns":2.0},{"damage":7.0,"enemies":"Exordium Wildlife","floor":9.0,"turns":5.0},{"damage":7.0,"enemies":"3 Sentries","floor":10.0,"turns":5.0},{"damage":15.0,"enemies":"Fading Forest","floor":16.0,"turns":11.0},{"damage":10.0,"enemies":"2 Thieves","floor":18.0,"turns":2.0},{"damage":1.0,"enemies":"Spheric Guardian","floor":21.0,"turns":4.0},{"damage":4.0,"enemies":"Spheric Guardian","floor":22.0,"turns":3.0},{"damage":33.0,"enemies":"conspire:SneckoGhost","floor":23.0,"turns":5.0},{"damage":0.0,"enemies":"Masked Bandits","floor":25.0,"turns":2.0},{"damage":0.0,"enemies":"Snake Plant","floor":29.0,"turns":2.0},{"damage":6.0,"enemies":"Chosen and Byrds","floor":31.0,"turns":2.0},{"damage":14.0,"enemies":"Automaton","floor":33.0,"turns":4.0},{"damage":11.0,"enemies":"Orb Walker","floor":35.0,"turns":2.0},{"damage":0.0,"enemies":"3 Shapes","floor":36.0,"turns":2.0},{"damage":10,"enemies":"Spire Growth","floor":38,"turns":4},{"damage":0,"enemies":"Sphere and 2 Shapes","floor":41,"turns":1},{"damage":16,"enemies":"3 Darklings","floor":45,"turns":3},{"damage":35,"enemies":"Writhing Mass","floor":47,"turns":4},{"damage":18,"enemies":"Transient","floor":48,"turns":5},{"damage":43,"enemies":"Donu and Deca","floor":50,"turns":4}],"seed_played":"8463548846694812393","potions_obtained":[{"floor":5.0,"key":"Block Potion"},{"floor":7.0,"key":"FearPotion"},{"floor":10.0,"key":"Elixir"},{"floor":23.0,"key":"Explosive Potion"},{"floor":31.0,"key":"potionbrewer:QuicksilverPotion"},{"floor":35.0,"key":"potionbrewer:SplittingPotion"}],"is_trial":false,"path_per_floor":["M","?","M","M","M","R","M","M","MIM","E","R","?","R","$","R","B",null,"M","$","?","MIM","M","E","?","?","T","AVR","R","M","$","M","R","B",null,"M","M","$","M","AVR","R","M","R","T","R","M","?","M","M","R","B",null],"character_chosen":"THE_POKER_PLAYER","items_purchased":["PokerPlayerMod:HiddenCard","PokerPlayerMod:Diamond7","PokerPlayerMod:Sharpen","PokerPlayerMod:Club10+","Grinning Jar"],"campfire_rested":3,"item_purchase_floors":[14,14,19,30,37],"current_hp_per_floor":[52,52,52,52,45,45,44,50,45,38,38,38,38,38,38,37,57,47,47,47,48,53,22,22,25,25,25,57,57,57,51,51,42,57,46,46,46,38,38,38,38,57,57,57,41,46,13,19,51,15],"gold":135,"neow_bonus":"RANDOM_EVENT","is_daily":false,"chose_seed":false,"campfire_upgraded":7,"win_rate":0.0,"timestamp":1611867458,"path_taken":["M","?","M","?","M","R","M","M","MIM","E","R","?","R","$","R","BOSS","M","$","?","?","?","E","?","?","T","AVR","R","M","?","M","R","BOSS","M","M","$","M","AVR","R","M","R","T","R","M","?","M","?","R","BOSS"],"items_purchased_type":["Card","Card","Card","Potion","Relic"],"build_version":"2020-12-22","purchased_purges":2,"victory":true,"max_hp_per_floor":[52,52,52,52,52,52,52,52,52,52,52,52,52,52,52,52,57,57,57,57,57,57,57,57,57,57,57,57,57,57,57,57,57,57,57,57,57,57,57,57,57,57,57,57,57,57,57,57,57,57],"card_choices":[{"not_picked":["PokerPlayerMod:Spade3","PokerPlayerMod:PoorCopy"],"picked":"PokerPlayerMod:Diamond8","floor":1.0},{"not_picked":["PokerPlayerMod:Spade4","PokerPlayerMod:Spade3"],"picked":"PokerPlayerMod:Spade5","floor":3.0},{"not_picked":["PokerPlayerMod:Spade4","PokerPlayerMod:Spade2","PokerPlayerMod:Spade5"],"picked":"SKIP","floor":4.0},{"not_picked":["PokerPlayerMod:Diamond2","PokerPlayerMod:Spade4"],"picked":"PokerPlayerMod:ItsShowtime","floor":5.0},{"not_picked":["PokerPlayerMod:DartThrow","PokerPlayerMod:CardBurn","PokerPlayerMod:Trickery"],"picked":"SKIP","floor":7.0},{"not_picked":["PokerPlayerMod:Heart4","PokerPlayerMod:DiamondStrike"],"picked":"PokerPlayerMod:CardPrinter","floor":8.0},{"not_picked":["PokerPlayerMod:Spade3","PokerPlayerMod:Trickery"],"picked":"PokerPlayerMod:DiamondStrike","floor":9.0},{"not_picked":["PokerPlayerMod:Trickery","PokerPlayerMod:Spade4"],"picked":"PokerPlayerMod:ClubDance","floor":10.0},{"not_picked":["PokerPlayerMod:RoyalStrike","PokerPlayerMod:Diamond7"],"picked":"PokerPlayerMod:Diamond10+","floor":16.0},{"not_picked":["PokerPlayerMod:Diamond1","PokerPlayerMod:Club1","PokerPlayerMod:CloakAndDiamond"],"picked":"SKIP","floor":18.0},{"not_picked":["PokerPlayerMod:Diamond1","PokerPlayerMod:Diamond3","PokerPlayerMod:Harden+1"],"picked":"SKIP","floor":22.0},{"not_picked":["PokerPlayerMod:Manipulation+1","PokerPlayerMod:Spade3"],"picked":"PokerPlayerMod:Duplicate","floor":23.0},{"not_picked":["PokerPlayerMod:Spade4","PokerPlayerMod:Trickery","PokerPlayerMod:MagicTrick"],"picked":"PokerPlayerMod:Raise+1","floor":29.0},{"not_picked":["PokerPlayerMod:Club1","PokerPlayerMod:ClubShade","PokerPlayerMod:Spade5"],"picked":"PokerPlayerMod:ClubStrike","floor":31.0},{"not_picked":["PokerPlayerMod:StackedDeck","PokerPlayerMod:RoyalStrike","PokerPlayerMod:FakeSymbols"],"picked":"PokerPlayerMod:Diamond10+","floor":33.0},{"not_picked":["PokerPlayerMod:FlyingCard","PokerPlayerMod:Diamond2","PokerPlayerMod:Diamond1"],"picked":"PokerPlayerMod:Fold+1","floor":35.0},{"not_picked":["PokerPlayerMod:SpadeStrike","PokerPlayerMod:Fold+1","PokerPlayerMod:Diamond3","PokerPlayerMod:DartThrow"],"picked":"SKIP","floor":36.0},{"not_picked":["PokerPlayerMod:CloakAndDiamond+1","PokerPlayerMod:Diamond3","PokerPlayerMod:ClubStrike","PokerPlayerMod:DiamondStrike"],"picked":"SKIP","floor":38},{"not_picked":["PokerPlayerMod:Diamond4","PokerPlayerMod:Heart5","PokerPlayerMod:CloakAndDiamond","PokerPlayerMod:Club1"],"picked":"SKIP","floor":41},{"not_picked":["PokerPlayerMod:Diamond4","PokerPlayerMod:CloakAndDiamond","PokerPlayerMod:Club1"],"picked":"PokerPlayerMod:Heart5","floor":41},{"not_picked":["PokerPlayerMod:CloakAndDiamond","PokerPlayerMod:Spade2","PokerPlayerMod:JackOfSpades","PokerPlayerMod:Fold+1"],"picked":"SKIP","floor":45},{"not_picked":["PokerPlayerMod:DartThrow+1","PokerPlayerMod:HeartStrike","PokerPlayerMod:Heart2","PokerPlayerMod:ClubsClub+1"],"picked":"SKIP","floor":47},{"not_picked":["PokerPlayerMod:Spade5","PokerPlayerMod:Diamond4","PokerPlayerMod:Diamond3"],"picked":"PokerPlayerMod:CardBurn+1","floor":48}],"player_experience":1892954,"relics_obtained":[{"floor":9.0,"key":"infinitespire:Lucky Rock"},{"floor":10.0,"key":"hubris:BottledRain"},{"floor":21.0,"key":"conspire:DeflatedDodgeball"},{"floor":23.0,"key":"Regal Pillow"},{"floor":25.0,"key":"Red Mask"},{"floor":26.0,"key":"Replay:Bottled Steam"},{"floor":43,"key":"PokerPlayerMod:ClubPass"}],"event_choices":[{"damage_healed":0.0,"max_hp_gain":0.0,"max_hp_loss":0.0,"gold_gain":0.0,"event_name":"Living Wall","player_choice":"Grow","floor":0.0,"gold_loss":0.0,"damage_taken":0.0,"cards_upgraded":["PokerPlayerMod:TrumpStrike"]},{"damage_healed":0.0,"max_hp_gain":0.0,"max_hp_loss":0.0,"gold_gain":0.0,"event_name":"Big Fish","player_choice":"Box","floor":12.0,"gold_loss":0.0,"damage_taken":0.0,"relics_obtained":["Prayer Beads"],"cards_obtained":["Regret"]},{"damage_healed":0.0,"max_hp_gain":0.0,"max_hp_loss":0.0,"gold_gain":0.0,"cards_transformed":["PokerPlayerMod:CardPrinter","PokerPlayerMod:Club1"],"event_name":"Drug Dealer","player_choice":"Became Test Subject","floor":20.0,"gold_loss":0.0,"damage_taken":0.0,"cards_obtained":["PokerPlayerMod:Club7","PokerPlayerMod:Club7"]},{"damage_healed":0.0,"max_hp_gain":0.0,"max_hp_loss":0.0,"gold_gain":0.0,"event_name":"Cursed Tome","player_choice":"Ignored","floor":24.0,"gold_loss":0.0,"damage_taken":0.0},{"damage_healed":0.0,"max_hp_gain":0.0,"max_hp_loss":0.0,"gold_gain":0.0,"event_name":"Masked Bandits","player_choice":"Fought Bandits","floor":25.0,"gold_loss":0.0,"damage_taken":0.0},{"cards_removed":["PokerPlayerMod:Fold"],"damage_healed":5,"gold_gain":0,"player_choice":"Offered Common","damage_taken":0,"max_hp_gain":0,"max_hp_loss":0,"event_name":"Bonfire Elementals","floor":46,"gold_loss":0},{"cards_removed":["PokerPlayerMod:Fold"],"damage_healed":5,"gold_gain":0,"player_choice":"Offered Special","damage_taken":0,"max_hp_gain":0,"max_hp_loss":0,"event_name":"Bonfire Elementals","floor":46,"gold_loss":0}],"is_beta":false,"boss_relics":[{"not_picked":["aspiration:ServantSkillbook","conspire:SpecialSausage"],"picked":"Tiny House"},{"not_picked":["PokerPlayerMod:AceCard","hubris:CrackedHourglass"],"picked":"SlaversCollar"}],"items_purged_floors":[14,30],"is_endless":false,"potions_floor_spawned":[5,7,10,16,22,23,31,35,38,41],"ascension_level":0}}