{"host":"5p9hybygolzp0efr","time":1611822520,"event":{"mods":["AchievementEnabler","BaseMod","Bestiary","Colored Map","Minty Spire (QoL Compilation)","Relic Stats"],"gold_per_floor":[210,43,63,13,29,63,80,11,35,70,70,89,115,130,130,231,231,242,262,275,275,51,51,65,65,137,156,170,187,219,269,269,369,369,381,103,120,170,183,183,213,232,232,249,249,249,268,268,268,268],"floor_reached":51,"language":"ENG","playtime":2027,"items_purged":["Defend_R","Defend_R"],"score":1147,"play_id":"ad11d4e8-3fb7-4be5-9cfa-7f2008d5dcbc","local_time":"20210128162840","is_ascension_mode":true,"campfire_choices":[{"data":"Bash","floor":11.0,"key":"SMITH"},{"floor":15.0,"key":"DIG"},{"data":"Heavy Blade","floor":23.0,"key":"SMITH"},{"floor":25.0,"key":"DIG"},{"data":"Whirlwind","floor":32.0,"key":"SMITH"},{"data":"Shrug It Off","floor":40.0,"key":"SMITH"},{"floor":46,"key":"DIG"},{"data":"Pummel","floor":49,"key":"SMITH"}],"circlet_count":0,"master_deck":["Defend_R","Defend_R","Bash+1","Thunderclap+1","Shrug It Off+1","Pummel+1","Heavy Blade+1","True Grit","Ghostly Armor","Impervious","Dropkick","Sword Boomerang+1","Cleave+1","Bite","Bite","Bite","Bite","Bite","Whirlwind+1","Burning Pact","Anger+1","Reaper","Disarm","Iron Wave+1","Clothesline"],"relics":["Burning Blood","Brimstone","Toy Ornithopter","Anchor","Whetstone","Self Forming Clay","Shovel","Blue Candle","Coffee Dripper","Sling","Akabeko","Bottled Flame","Kunai","SlaversCollar","Calipers","Bird Faced Urn","Bottled Lightning","Singing Bowl"],"acts_visited":["Exordium","TheCity","TheBeyond"],"potions_floor_usage":[50,50],"damage_taken":[{"damage":7.0,"enemies":"Jaw Worm","floor":1.0,"turns":3.0},{"damage":0.0,"enemies":"Cultist","floor":3.0,"turns":2.0},{"damage":3.0,"enemies":"2 Louse","floor":5.0,"turns":2.0},{"damage":32.0,"enemies":"Lagavulin","floor":6.0,"turns":4.0},{"damage":28.0,"enemies":"Exordium Thugs","floor":7.0,"turns":5.0},{"damage":0.0,"enemies":"Gremlin Nob","floor":10.0,"turns":2.0},{"damage":0.0,"enemies":"Red Slaver","floor":12.0,"turns":2.0},{"damage":17.0,"enemies":"Lagavulin","floor":13.0,"turns":5.0},{"damage":0.0,"enemies":"2 Fungi Beasts","floor":14.0,"turns":3.0},{"damage":41.0,"enemies":"Hexaghost","floor":16.0,"turns":7.0},{"damage":9.0,"enemies":"3 Byrds","floor":18.0,"turns":3.0},{"damage":0.0,"enemies":"Chosen","floor":19.0,"turns":3.0},{"damage":7.0,"enemies":"Snake Plant","floor":20.0,"turns":3.0},{"damage":10.0,"enemies":"Centurion and Healer","floor":24.0,"turns":4.0},{"damage":8.0,"enemies":"Sentry and Sphere","floor":27.0,"turns":3.0},{"damage":4.0,"enemies":"Cultist and Chosen","floor":28.0,"turns":3.0},{"damage":8.0,"enemies":"3 Cultists","floor":29.0,"turns":3.0},{"damage":0.0,"enemies":"Book of Stabbing","floor":30.0,"turns":3.0},{"damage":28.0,"enemies":"Collector","floor":33.0,"turns":7.0},{"damage":0.0,"enemies":"Orb Walker","floor":35.0,"turns":2.0},{"damage":8.0,"enemies":"3 Shapes","floor":37.0,"turns":4.0},{"damage":0.0,"enemies":"Mind Bloom Boss Battle","floor":38.0,"turns":3.0},{"damage":0.0,"enemies":"Jaw Worm Horde","floor":39.0,"turns":2.0},{"damage":50.0,"enemies":"Giant Head","floor":41.0,"turns":6.0},{"damage":7,"enemies":"4 Shapes","floor":42,"turns":4},{"damage":33,"enemies":"3 Darklings","floor":44,"turns":5},{"damage":17,"enemies":"Jaw Worm Horde","floor":47,"turns":3},{"damage":63,"enemies":"Donu and Deca","floor":50,"turns":7}],"seed_played":"-6110771400037092285","potions_obtained":[{"floor":5.0,"key":"Ancient Potion"},{"floor":6.0,"key":"CultistPotion"},{"floor":10.0,"key":"EssenceOfSteel"},{"floor":16.0,"key":"AttackPotion"},{"floor":19.0,"key":"Swift Potion"},{"floor":33.0,"key":"Ancient Potion"}],"is_trial":false,"path_per_floor":["M","$","M","?","M","E","M","?","T","E","R","M","E","M","R","B",null,"M","M","M","?","$","R","M","R","T","M","M","M","E","?","R","B",null,"M","$","M","?","M","R","E","M","T","M","?","R","M","?","R","B",null],"character_chosen":"IRONCLAD","items_purchased":["Brimstone","Shrug It Off","Sling","FairyPotion","Disarm"],"campfire_rested":0,"item_purchase_floors":[2,2,22,36,36],"current_hp_per_floor":[71,71,77,77,80,54,32,32,32,43,43,49,38,44,44,9,62,64,70,69,56,56,56,56,56,56,54,56,54,56,56,56,42,53,56,56,56,56,56,56,34,37,37,45,45,45,56,56,56,27],"gold":268,"neow_bonus":"HUNDRED_GOLD","is_daily":false,"chose_seed":false,"campfire_upgraded":5,"win_rate":0.0,"timestamp":1611822520,"path_taken":["M","$","M","?","M","E","M","?","T","E","R","?","E","M","R","BOSS","M","M","?","?","?","R","M","R","T","M","?","M","E","?","R","BOSS","M","$","M","?","M","R","E","M","T","M","?","R","M","?","R","BOSS"],"items_purchased_type":["Relic","Card","Relic","Potion","Card"],"build_version":"2020-12-22","purchased_purges":2,"victory":true,"max_hp_per_floor":[80,80,80,80,80,80,80,80,80,80,80,80,80,80,80,80,80,80,80,80,56,56,56,56,56,56,56,56,56,56,56,56,56,56,56,56,56,56,56,56,56,56,56,56,56,56,58,58,58,58],"relic_stats":{"Shovel":3,"Singing Bowl":2,"counters":[28,103],"Self Forming Clay":[102],"Blue Candle":[0],"Bird Faced Urn":[4],"Whetstone":["Thunderclap","Strike_R"],"Kunai":[19],"obtain_stats":[{"Calipers":38,"Singing Bowl":46,"Self Forming Clay":10,"Blue Candle":15,"Whetstone":9,"Sling":22,"Burning Blood":0,"Akabeko":25,"SlaversCollar":34,"Anchor":8,"Bottled Flame":26,"Shovel":13,"Brimstone":2,"Bird Faced Urn":41,"Coffee Dripper":17,"Kunai":30,"Bottled Lightning":43,"Toy Ornithopter":6},{"Calipers":22,"Singing Bowl":26,"Self Forming Clay":6,"Blue Candle":9,"Whetstone":5,"Sling":13,"Burning Blood":0,"Akabeko":14,"SlaversCollar":19,"Anchor":5,"Bottled Flame":14,"Shovel":8,"Brimstone":1,"Bird Faced Urn":24,"Coffee Dripper":10,"Kunai":18,"Bottled Lightning":25,"Toy Ornithopter":4},{"Calipers":76,"Singing Bowl":93,"Self Forming Clay":18,"Blue Candle":28,"Whetstone":16,"Sling":44,"Burning Blood":0,"Akabeko":48,"SlaversCollar":67,"Anchor":16,"Bottled Flame":48,"Shovel":25,"Brimstone":3,"Bird Faced Urn":84,"Coffee Dripper":35,"Kunai":60,"Bottled Lightning":88,"Toy Ornithopter":11}],"Burning Blood":133,"Toy Ornithopter":12},"card_choices":[{"not_picked":["Pommel Strike","Warcry"],"picked":"Thunderclap","floor":1.0},{"not_picked":["Dual Wield","Iron Wave"],"picked":"Pummel","floor":3.0},{"not_picked":["Metallicize","Evolve"],"picked":"Heavy Blade","floor":5.0},{"not_picked":["Iron Wave","Flex"],"picked":"True Grit","floor":6.0},{"not_picked":["Sword Boomerang","Brutality"],"picked":"Fire Breathing","floor":7.0},{"not_picked":["Bludgeon","Headbutt"],"picked":"Ghostly Armor","floor":10.0},{"not_picked":["Pommel Strike","Perfected Strike","Thunderclap"],"picked":"SKIP","floor":12.0},{"not_picked":["Rupture","Sever Soul"],"picked":"Impervious","floor":13.0},{"not_picked":["Pommel Strike","Heavy Blade"],"picked":"Dropkick","floor":14.0},{"not_picked":["Heavy Blade","True Grit"],"picked":"Sword Boomerang+1","floor":18.0},{"not_picked":["Twin Strike","Anger","Searing Blow"],"picked":"SKIP","floor":19.0},{"not_picked":["Iron Wave+1","Dark Embrace"],"picked":"Cleave+1","floor":20.0},{"not_picked":["Headbutt","Body Slam","Fire Breathing"],"picked":"SKIP","floor":24.0},{"not_picked":["Wild Strike","Armaments"],"picked":"Whirlwind","floor":27.0},{"not_picked":["Fiend Fire","Spot Weakness+1","Body Slam"],"picked":"SKIP","floor":28.0},{"not_picked":["Seeing Red","Armaments"],"picked":"Burning Pact","floor":29.0},{"not_picked":["Searing Blow+1","Blood for Blood"],"picked":"Anger+1","floor":30.0},{"not_picked":["Brutality","Demon Form"],"picked":"Reaper","floor":33.0},{"not_picked":["Thunderclap","Spot Weakness+1","Sword Boomerang+1"],"picked":"SKIP","floor":35.0},{"not_picked":["Sword Boomerang+1","Perfected Strike","Havoc"],"picked":"SKIP","floor":37.0},{"not_picked":["Sever Soul+1","Armaments+1","Shrug It Off+1"],"picked":"SKIP","floor":39.0},{"not_picked":["Exhume","Wild Strike"],"picked":"Iron Wave+1","floor":41.0},{"not_picked":["Sword Boomerang","Iron Wave","Searing Blow+1"],"picked":"SKIP","floor":42},{"not_picked":["Reckless Charge+1","Wild Strike+1"],"picked":"Clothesline","floor":44},{"not_picked":["Pommel Strike+1","Rage+1","Clash"],"picked":"Singing Bowl","floor":47}],"player_experience":543163,"relics_obtained":[{"floor":6.0,"key":"Toy Ornithopter"},{"floor":9.0,"key":"Whetstone"},{"floor":10.0,"key":"Self Forming Clay"},{"floor":13.0,"key":"Shovel"},{"floor":15.0,"key":"Blue Candle"},{"floor":25.0,"key":"Akabeko"},{"floor":26.0,"key":"Bottled Flame"},{"floor":30.0,"key":"Kunai"},{"floor":38.0,"key":"Calipers"},{"floor":41.0,"key":"Bird Faced Urn"},{"floor":43,"key":"Bottled Lightning"},{"floor":46,"key":"Singing Bowl"}],"event_choices":[{"cards_removed":["Strike_R"],"damage_healed":0.0,"max_hp_gain":0.0,"max_hp_loss":0.0,"gold_gain":0.0,"event_name":"The Cleric","player_choice":"Card Removal","floor":4.0,"gold_loss":50.0,"damage_taken":0.0},{"damage_healed":0.0,"max_hp_gain":0.0,"max_hp_loss":0.0,"gold_gain":0.0,"event_name":"WeMeetAgain","player_choice":"Paid Gold","floor":8.0,"gold_loss":69.0,"damage_taken":0.0,"relics_obtained":["Anchor"]},{"damage_healed":0.0,"max_hp_gain":0.0,"max_hp_loss":24.0,"gold_gain":0.0,"event_name":"Vampires","player_choice":"Became a vampire","floor":21.0,"gold_loss":0.0,"damage_taken":0.0,"cards_obtained":["Bite","Bite","Bite","Bite","Bite"]},{"damage_healed":0.0,"max_hp_gain":0.0,"max_hp_loss":0.0,"gold_gain":100.0,"event_name":"The Joust","player_choice":"Bet on Murderer","floor":31.0,"gold_loss":50.0,"damage_taken":0.0},{"damage_healed":0.0,"max_hp_gain":0.0,"max_hp_loss":0.0,"gold_gain":0.0,"event_name":"MindBloom","player_choice":"Fight","floor":38.0,"gold_loss":0.0,"damage_taken":0.0},{"cards_removed":["Fire Breathing"],"damage_healed":0,"gold_gain":0,"player_choice":"Removed Power","damage_taken":0,"max_hp_gain":0,"max_hp_loss":0,"event_name":"Falling","floor":45,"gold_loss":0},{"damage_healed":0,"gold_gain":0,"player_choice":"Ignored","damage_taken":0,"max_hp_gain":0,"max_hp_loss":0,"event_name":"SecretPortal","floor":48,"gold_loss":0}],"is_beta":false,"boss_relics":[{"not_picked":["Cursed Key","Ectoplasm"],"picked":"Coffee Dripper"},{"not_picked":["Astrolabe","Philosopher\u0027s Stone"],"picked":"SlaversCollar"}],"items_purged_floors":[22,36],"is_endless":false,"potions_floor_spawned":[5,6,10,16,19,28,29,33,37,38,39,41,47],"ascension_level":8}}