{"host":"24ngawglxjpxpz5k","time":1611840346,"event":{"mods":["ATMod(∞¢Ë™Mod)","AchievementEnabler","Act Like it!","Arknights The Spire","BaseMod","Better Note","Chen","Gensokyo","Koishi","Marisa£®ÏF”Í°°ƒß¿Ì…≥£©","Minty Spire (QoL Compilation)","Reimu£®≤©¿ˆ¡È√Œ£©","Remilia£®¿Ÿ√◊¿Ú—«£©","Ryuuou¡˙Õı","StSLib","SuperFastMode","The Servant 0.9.4","Waifu the Spire","Youmu£®ªÍ∆«—˝√Œ£©","°æ“≈ŒÔø®≈∆°øREMEMod"],"gold_per_floor":[115,126,126,141,66,66,76,106,106,106,119,138,195,210,210,315,315,331,331,2,14,14,14,14],"floor_reached":23,"language":"ZHS","playtime":1034,"items_purged":["ats:Defend"],"score":218,"play_id":"8b3c2667-1733-4a09-8f5c-eae95f870f54","local_time":"20210128212546","is_ascension_mode":false,"campfire_choices":[{"data":"IllusionStar","floor":6,"key":"SMITH"},{"data":"ats:Dogmatic Field","floor":15,"key":"SMITH"}],"circlet_count":0,"master_deck":["ats:Strike C","ats:Strike G","ats:Armor Crushing Shot","ats:Defend","ats:Defend","ats:Defend","ats:Chain Hook","ats:Assault Order","IllusionStar+1","ats:Sashimi Platter","ats:Sunburst","ats:Chain Hook","ats:Dogmatic Field+1","ats:Apocalypse","ats:Roar Of Ursus","ats:Sashimi Platter+1","ats:Collapsing Strike+1","ats:Absolute Focus+1","ats:Literary Storm+1","ats:Sashimi Platter+1","Gensokyo:Shovel","ats:Chain Hook"],"relics":["ats:Sanity","AT_ATBox","REME_ComplimentaryCards","NeowsBlessing","StrikeDummy","ats:Originium","Pear","Bag of Preparation","Astrolabe","Gensokyo:RedStar","DollysMirror","ClockworkSouvenir","Frozen Eye"],"acts_visited":["Exordium","Gensokyo:Gensokyoer"],"potions_floor_usage":[8,8,13,16,16],"damage_taken":[{"damage":0,"enemies":"2 Louse","floor":1,"turns":2},{"damage":0,"enemies":"Cultist","floor":2,"turns":1},{"damage":0,"enemies":"Small Slimes","floor":4,"turns":2},{"damage":21,"enemies":"Blue Slaver","floor":7,"turns":4},{"damage":19,"enemies":"Lagavulin","floor":8,"turns":5},{"damage":10,"enemies":"Looter","floor":11,"turns":2},{"damage":8,"enemies":"Red Slaver","floor":12,"turns":3},{"damage":14,"enemies":"Gremlin Nob","floor":13,"turns":4},{"damage":19,"enemies":"Blue Slaver","floor":14,"turns":4},{"damage":58,"enemies":"Slime Boss","floor":16,"turns":12},{"damage":60,"enemies":"Gensokyo:2_Gloops","floor":18,"turns":8},{"damage":48,"enemies":"Gensokyo:AngelMirror","floor":21,"turns":5},{"damage":48,"enemies":"Gensokyo:Koishi","floor":23,"turns":4}],"seed_played":"-4383427920419336431","potions_obtained":[{"floor":1,"key":"Block Potion"},{"floor":7,"key":"Energy Potion"},{"floor":8,"key":"SteroidPotion"},{"floor":11,"key":"AttackPotion"},{"floor":13,"key":"Swift Potion"},{"floor":21,"key":"Explosive Potion"}],"is_trial":false,"path_per_floor":["M","M","?","M","$","R","M","E","T","?","M","M","?","M","R","B",null,"M","?","COS","M","?","E"],"character_chosen":"DOCTOR_CLASS","items_purchased":[],"campfire_rested":0,"item_purchase_floors":[],"current_hp_per_floor":[72,72,72,72,72,72,51,65,65,70,60,58,56,37,37,12,87,40,40,40,30,30,0,0],"gold":14,"neow_bonus":"THREE_ENEMY_KILL","is_daily":false,"chose_seed":false,"campfire_upgraded":2,"win_rate":0.0,"timestamp":1611840346,"path_taken":["M","M","?","?","$","R","M","E","T","?","M","M","?","M","R","BOSS","M","?","COS","M","?","E"],"items_purchased_type":[],"build_version":"2020-12-22","purchased_purges":1,"victory":false,"max_hp_per_floor":[72,72,72,72,72,72,72,82,82,87,87,87,87,87,87,87,87,87,87,87,87,87,87,87],"card_choices":[{"not_picked":["ats:Phantom","ats:Closed Bolt Burst Fire"],"picked":"ats:Chain Hook","floor":1},{"not_picked":["ats:Poison Spread","ats:Demon Strength"],"picked":"ats:Part Time Job","floor":2},{"not_picked":["ats:Curse Doll","ats:Very Hot Blade"],"picked":"ats:Assault Order","floor":4},{"not_picked":["ats:Burning Ground","ats:Rapid Magazine"],"picked":"ats:Sashimi Platter","floor":7},{"not_picked":["ats:Healing Strengthening","ats:Support Order"],"picked":"ats:Sunburst","floor":8},{"not_picked":["ats:Overload","ats:Assault Order"],"picked":"ats:Chain Hook","floor":11},{"not_picked":["ats:Literary Storm","ats:Sunburst"],"picked":"ats:Dogmatic Field","floor":12},{"not_picked":["ats:Blood Oath","ats:Poison Spread"],"picked":"ats:Apocalypse","floor":14},{"not_picked":["ats:Fractured Body","ats:Shadow Assault"],"picked":"ats:Roar Of Ursus","floor":16},{"not_picked":["ats:Shell Defense","ats:Spore Proliferation"],"picked":"ats:Literary Storm+1","floor":18},{"not_picked":["ats:Hammer On","ats:Very Hot Blade+1"],"picked":"ats:Chain Hook","floor":21}],"player_experience":147305,"relics_obtained":[{"floor":8,"key":"ats:Originium"},{"floor":8,"key":"Pear"},{"floor":13,"key":"Bag of Preparation"}],"event_choices":[{"cards_removed":["ats:Part Time Job"],"damage_healed":0,"gold_gain":0,"player_choice":"Gave Card","damage_taken":0,"relics_obtained":["StrikeDummy"],"max_hp_gain":0,"max_hp_loss":0,"event_name":"WeMeetAgain","floor":3,"gold_loss":0},{"damage_healed":0,"gold_gain":0,"player_choice":"Donut","damage_taken":0,"max_hp_gain":5,"max_hp_loss":0,"event_name":"Big Fish","floor":10,"gold_loss":0},{"damage_healed":0,"gold_gain":0,"player_choice":"Searched \u00271\u0027 times","damage_taken":0,"max_hp_gain":0,"max_hp_loss":0,"event_name":"Dead Adventurer","floor":13,"gold_loss":0}],"is_beta":false,"boss_relics":[{"not_picked":["Sozu","ats:Tactical Delivery"],"picked":"Astrolabe"}],"items_purged_floors":[5],"is_endless":false,"potions_floor_spawned":[1,7,8,11,13,21],"killed_by":"Gensokyo:Koishi","ascension_level":0}}