{"host":"idf7jkg8jogr8thm","time":1611806409,"event":{"mods":["AchievementEnabler","BaseMod","Bestiary","Colored Map","Colored Powertips","Minty Spire (QoL Compilation)","StSLib"],"gold_per_floor":[119,119,132,132,132,161,161,15,15,31,48,58,74,87,87,192,242,257,269,16,0,0,31,31,57,84,84,183,198,198,198,198],"floor_reached":31,"language":"ENG","playtime":1756,"items_purged":[],"score":315,"play_id":"ab055b7f-b0e9-4283-b767-8ff00a391908","local_time":"20210127230009","is_ascension_mode":true,"campfire_choices":[{"floor":7,"key":"RECALL"},{"floor":15,"key":"REST"},{"floor":24,"key":"REST"}],"circlet_count":0,"master_deck":["Strike_G","Strike_G","Strike_G","Strike_G","Strike_G","Defend_G","Defend_G","Defend_G","Defend_G+1","Defend_G","Survivor","Neutralize","Noxious Fumes+1","Catalyst","Heel Hook+1","Crippling Poison","Poisoned Stab+1","Catalyst","Dagger Spray+1","Glass Knife+1","Bane+1","Quick Slash+1","Catalyst+1","Noxious Fumes","Bane+1","Backstab+1","Crippling Poison","Bane+1","Finisher+1","Dagger Spray+1"],"relics":["Ring of the Snake","NeowsBlessing","Juzu Bracelet","Molten Egg 2","Membership Card","Tiny House","Bottled Tornado","Vajra","PreservedInsect","Smiling Mask"],"acts_visited":["Exordium","TheCity"],"potions_floor_usage":[16,23,25,29,31,31],"damage_taken":[{"damage":0,"enemies":"Jaw Worm","floor":1,"turns":1},{"damage":0,"enemies":"2 Louse","floor":3,"turns":1},{"damage":0,"enemies":"Gremlin Nob","floor":6,"turns":1},{"damage":0,"enemies":"Cultist","floor":10,"turns":5},{"damage":12,"enemies":"Looter","floor":11,"turns":4},{"damage":0,"enemies":"Large Slime","floor":12,"turns":5},{"damage":4,"enemies":"Exordium Thugs","floor":13,"turns":5},{"damage":4,"enemies":"Blue Slaver","floor":14,"turns":4},{"damage":24,"enemies":"Hexaghost","floor":16,"turns":6},{"damage":12,"enemies":"Chosen","floor":18,"turns":5},{"damage":22,"enemies":"Spheric Guardian","floor":19,"turns":4},{"damage":23,"enemies":"Gremlin Leader","floor":23,"turns":5},{"damage":23,"enemies":"Slavers","floor":25,"turns":3},{"damage":0,"enemies":"Snecko","floor":29,"turns":3},{"damage":6,"enemies":"Shelled Parasite and Fungi","floor":31,"turns":2}],"seed_played":"-1870013212289135690","potions_obtained":[{"floor":1,"key":"ColorlessPotion"},{"floor":3,"key":"EssenceOfSteel"},{"floor":10,"key":"Swift Potion"},{"floor":17,"key":"DuplicationPotion"},{"floor":18,"key":"Ancient Potion"},{"floor":23,"key":"Poison Potion"},{"floor":25,"key":"SpeedPotion"}],"is_trial":false,"path_per_floor":["M","?","M","?","?","E","R","$","T","M","M","M","M","M","R","B",null,"M","M","$","?","?","E","R","E","T","?","?","M","?","M"],"character_chosen":"THE_SILENT","items_purchased":["Membership Card","Noxious Fumes","Bane+1","Backstab+1","Crippling Poison","Bottled Tornado"],"campfire_rested":2,"item_purchase_floors":[8,20,20,20,20,20],"current_hp_per_floor":[70,70,70,52,70,70,70,70,70,70,58,58,54,50,70,46,75,63,41,41,41,27,4,28,5,5,5,5,5,5,0,0],"gold":198,"neow_bonus":"THREE_ENEMY_KILL","is_daily":false,"chose_seed":false,"campfire_upgraded":0,"win_rate":0.0,"timestamp":1611806409,"path_taken":["M","?","M","?","?","E","R","$","T","M","M","M","M","M","R","BOSS","M","M","$","?","?","E","R","E","T","?","?","M","?","M"],"items_purchased_type":["Relic","Card","Card","Card","Card","Relic"],"build_version":"2020-12-22","purchased_purges":0,"victory":false,"max_hp_per_floor":[70,70,70,70,70,70,70,70,70,70,70,70,70,70,70,70,75,75,75,75,75,80,80,80,80,80,80,80,80,80,80,80],"card_choices":[{"not_picked":["Eviscerate","Quick Slash"],"picked":"Noxious Fumes","floor":1},{"not_picked":["Dodge and Roll","Underhanded Strike"],"picked":"Escape Plan","floor":3},{"not_picked":["Outmaneuver","Acrobatics"],"picked":"Catalyst","floor":6},{"not_picked":["Dodge and Roll","Flechettes+1"],"picked":"Heel Hook+1","floor":10},{"not_picked":["Heel Hook+1","Deflect"],"picked":"Crippling Poison","floor":11},{"not_picked":["Backflip","Choke+1"],"picked":"Poisoned Stab+1","floor":12},{"not_picked":["Eviscerate+1","Heel Hook+1"],"picked":"Catalyst","floor":13},{"not_picked":["Deflect","Expertise"],"picked":"Dagger Spray+1","floor":14},{"not_picked":["Phantasmal Killer","Doppelganger"],"picked":"Glass Knife+1","floor":16},{"not_picked":["PiercingWail","Underhanded Strike+1"],"picked":"Bane+1","floor":17},{"not_picked":["Dagger Throw+1","Skewer+1"],"picked":"Quick Slash+1","floor":18},{"not_picked":["Outmaneuver+1","Calculated Gamble"],"picked":"Catalyst+1","floor":19},{"not_picked":["Outmaneuver+1","Deadly Poison"],"picked":"Bane+1","floor":23},{"not_picked":["Phantasmal Killer","Dodge and Roll"],"picked":"Finisher+1","floor":25},{"not_picked":["Flying Knee+1","Quick Slash+1"],"picked":"Dagger Spray+1","floor":29}],"player_experience":72660,"relics_obtained":[{"floor":6,"key":"Molten Egg 2"},{"floor":23,"key":"Vajra"},{"floor":25,"key":"PreservedInsect"},{"floor":26,"key":"Smiling Mask"}],"event_choices":[{"damage_healed":0,"gold_gain":0,"player_choice":"Grow","damage_taken":0,"max_hp_gain":0,"max_hp_loss":0,"event_name":"Living Wall","floor":2,"gold_loss":0,"cards_upgraded":["Noxious Fumes"]},{"damage_healed":0,"gold_gain":0,"player_choice":"Success","damage_taken":18,"relics_obtained":["Juzu Bracelet"],"max_hp_gain":0,"max_hp_loss":0,"event_name":"Scrap Ooze","floor":4,"gold_loss":0},{"cards_removed":["Escape Plan"],"damage_healed":18,"gold_gain":0,"player_choice":"Offered Uncommon","damage_taken":0,"max_hp_gain":0,"max_hp_loss":0,"event_name":"Bonfire Elementals","floor":5,"gold_loss":0},{"damage_healed":0,"gold_gain":0,"player_choice":"Paid Fearfully","damage_taken":0,"max_hp_gain":0,"max_hp_loss":0,"event_name":"Masked Bandits","floor":21,"gold_loss":16},{"damage_healed":0,"gold_gain":0,"player_choice":"Shed Blood","damage_taken":19,"max_hp_gain":5,"max_hp_loss":0,"event_name":"Forgotten Altar","floor":22,"gold_loss":0},{"damage_healed":0,"gold_gain":99,"player_choice":"Stole From Cult","damage_taken":0,"max_hp_gain":0,"max_hp_loss":0,"event_name":"Nest","floor":28,"gold_loss":0},{"damage_healed":0,"gold_gain":0,"player_choice":"Ignored","damage_taken":0,"max_hp_gain":0,"max_hp_loss":0,"event_name":"Ghosts","floor":30,"gold_loss":0}],"is_beta":false,"boss_relics":[{"not_picked":["Runic Pyramid","Astrolabe"],"picked":"Tiny House"}],"items_purged_floors":[],"is_endless":false,"potions_floor_spawned":[1,3,10,18,23,25],"killed_by":"Shelled Parasite and Fungi","ascension_level":1}}