{"host":"dbb4fkd1j4jczim2","time":1611815572,"event":{"mods":["BaseMod","Downfall","Marisa????????","Minty Spire (QoL Compilation)","Permanent Neow","StSLib"],"gold_per_floor":[99,119,135,147,159,192,246,266,285,295,321,321,341,359,359,359,359,359],"floor_reached":16,"language":"ENG","playtime":684,"items_purged":[],"score":120,"play_id":"8afc6738-73fc-4351-a691-fc0053d88d24","local_time":"20210128003252","is_ascension_mode":false,"campfire_choices":[{"data":"champ:Execute","floor":1,"key":"SMITH"}],"circlet_count":0,"master_deck":["champ:Strike","champ:Strike","champ:Strike","champ:Strike","champ:Defend","champ:Defend","champ:Defend","champ:Defend","champ:Execute+1","champ:Taunt","champ:EnGarde","champ:MurderStrike","champ:EnGarde","champ:Duel","champ:PreciseThrust","Writhe","champ:SwordThrow","champ:ViciousMockery","champ:PreciseThrust","Pride","Pride","champ:Haymaker"],"relics":["Cursed Key","StrikeDummy","Centennial Puzzle","Smiling Mask"],"acts_visited":["Exordium"],"potions_floor_usage":[13,15],"damage_taken":[{"damage":15,"enemies":"Small Slimes","floor":2,"turns":3},{"damage":17,"enemies":"Cultist","floor":3,"turns":4},{"damage":13,"enemies":"Jaw Worm","floor":4,"turns":4},{"damage":23,"enemies":"Large Slime","floor":5,"turns":6},{"damage":35,"enemies":"3 Sentries","floor":6,"turns":6},{"damage":10,"enemies":"Red Slaver","floor":8,"turns":3},{"damage":10,"enemies":"3 Louse","floor":9,"turns":2},{"damage":11,"enemies":"2 Fungi Beasts","floor":10,"turns":3},{"damage":28,"enemies":"Lagavulin","floor":11,"turns":6},{"damage":27,"enemies":"Lots of Slimes","floor":13,"turns":4},{"damage":8,"enemies":"3 Louse","floor":14,"turns":3},{"damage":8,"enemies":"Gremlin Gang","floor":15,"turns":1},{"damage":15,"enemies":"IC_STATUS_ARCHETYPE","floor":16,"turns":2}],"seed_played":"5428397310066813193","potions_obtained":[{"floor":4,"key":"Dexterity Potion"},{"floor":6,"key":"SmokeBomb"},{"floor":9,"key":"sneckomod:MuddlingPotion"},{"floor":10,"key":"LiquidMemories"},{"floor":13,"key":"SteroidPotion"}],"is_trial":false,"path_per_floor":["R","M","M","M","M","E","T","M","M","M","E","?","M","M","M","B"],"character_chosen":"THE_CHAMP","items_purchased":[],"campfire_rested":0,"item_purchase_floors":[],"current_hp_per_floor":[90,85,83,80,77,72,72,72,72,71,53,18,9,9,9,0,0,0],"gold":359,"neow_bonus":"BOSS_RELIC","is_daily":false,"chose_seed":false,"campfire_upgraded":1,"win_rate":0.0,"timestamp":1611815572,"path_taken":["R","M","M","M","M","E","T","M","M","M","E","?","M","?","M","BOSS"],"items_purchased_type":[],"build_version":"2020-12-22","purchased_purges":0,"victory":false,"max_hp_per_floor":[90,90,90,90,90,90,90,90,90,90,90,90,90,90,90,90,90,90],"card_choices":[{"not_picked":["champ:DeathBlow","champ:GutPunch"],"picked":"champ:EnGarde","floor":2},{"not_picked":["champ:BringItOn","champ:BladeFlurry"],"picked":"champ:MurderStrike","floor":3},{"not_picked":["champ:Circumvent","champ:PreciseThrust"],"picked":"champ:EnGarde","floor":4},{"not_picked":["champ:DefensiveShout","champ:Circumvent"],"picked":"champ:Duel","floor":5},{"not_picked":["champ:ShieldWall","champ:GutPunch"],"picked":"champ:PreciseThrust","floor":6},{"not_picked":["champ:Circumvent","champ:PreciseThrust"],"picked":"champ:SwordThrow","floor":8},{"not_picked":["champ:Circumvent","champ:BerserkerStyle"],"picked":"champ:ViciousMockery","floor":9},{"not_picked":["champ:ArenaPreparation","champ:FlashCut"],"picked":"champ:PreciseThrust","floor":10},{"not_picked":["champ:ShieldSigil","champ:DefensiveShout","champ:EnGarde"],"picked":"SKIP","floor":11},{"not_picked":["champ:DefensiveShout","champ:FlashCut","champ:BladeFlurry"],"picked":"SKIP","floor":13},{"not_picked":["champ:FanOfKnives","champ:Shatter"],"picked":"champ:Haymaker","floor":14}],"player_experience":316846,"relics_obtained":[{"floor":6,"key":"StrikeDummy"},{"floor":7,"key":"Centennial Puzzle"},{"floor":11,"key":"Smiling Mask"}],"event_choices":[],"is_beta":false,"boss_relics":[],"items_purged_floors":[],"is_endless":false,"potions_floor_spawned":[4,6,9,10,13,14,15],"killed_by":"IC_STATUS_ARCHETYPE","ascension_level":0}}