{"host":"mmro3auxcbu5pwad","time":1611874161,"event":{"mods":["Aspiration","BaseMod","Conspire","Energized Spire","Halation","Hubris","Infinite Spire","Minty Spire (QoL Compilation)","Permanent Neow","Replay The Spire","StSLib"],"gold_per_floor":[110,110,110,129,129,129,140,140,140,160,160,175,192,209,209,313,313,328,338,358,377,377,377,377,405,405,432,480,491,491,23,23,39,39,39,39],"floor_reached":35,"language":"ENG","playtime":2851,"items_purged":["Strike_P"],"score":345,"play_id":"36ea8b74-fa16-456b-9909-6a12ff457c10","local_time":"20210128234921","is_ascension_mode":true,"campfire_choices":[{"data":"Evaluate","floor":6,"key":"SMITH"},{"data":"Evaluate","floor":8,"key":"SMITH"},{"data":"CrushJoints","floor":11,"key":"SMITH"},{"data":"CrushJoints","floor":15,"key":"SMITH"},{"floor":26,"key":"REST"},{"floor":34,"key":"REST"}],"circlet_count":0,"master_deck":["Strike_P","Strike_P","Strike_P","Defend_P+1","Defend_P+1","Defend_P+1","Eruption+1","Vigilance","Evaluate+1","Evaluate+1","CrushJoints+1","CrushJoints+1","Vault+1","Consecrate","InnerPeace+1","Evaluate+1","CarveReality+1","Consecrate","Consecrate","Master of Strategy","Evaluate+1"],"relics":["PureWater","aspiration:Nostalgia","Sizzling Blood","Replay:Bottled Eggs","hubris:ScarierMask","White Beast Statue","infinitespire:Beetle Shell","War Paint","MealTicket"],"acts_visited":["Exordium","TheCity"],"potions_floor_usage":[14,20,21,25,25,27,35,35,35],"damage_taken":[{"damage":1,"enemies":"Jaw Worm","floor":1,"turns":5},{"damage":7,"enemies":"Small Slimes","floor":4,"turns":3},{"damage":1,"enemies":"conspire:RoseBush","floor":7,"turns":1},{"damage":0,"enemies":"Lots of Slimes","floor":10,"turns":4},{"damage":2,"enemies":"Large Slime","floor":12,"turns":4},{"damage":6,"enemies":"Exordium Wildlife","floor":13,"turns":3},{"damage":2,"enemies":"Lots of Slimes","floor":14,"turns":2},{"damage":12,"enemies":"Slime Boss","floor":16,"turns":7},{"damage":12,"enemies":"Spheric Guardian","floor":18,"turns":6},{"damage":2,"enemies":"3 Byrds","floor":19,"turns":5},{"damage":2,"enemies":"Shelled Parasite and Fungi","floor":20,"turns":4},{"damage":6,"enemies":"Snake Plant","floor":21,"turns":5},{"damage":26,"enemies":"Gremlin Leader","floor":25,"turns":8},{"damage":30,"enemies":"conspire:SneckoGhost","floor":27,"turns":5},{"damage":15,"enemies":"conspire:HollyBat","floor":29,"turns":9},{"damage":0,"enemies":"Centurion and Healer","floor":33,"turns":2},{"damage":61,"enemies":"Pondfish","floor":35,"turns":6}],"seed_played":"-7996305643295219653","potions_obtained":[{"floor":7,"key":"ColorlessPotion"},{"floor":10,"key":"Explosive Potion"},{"floor":12,"key":"BottledMiracle"},{"floor":13,"key":"AttackPotion"},{"floor":16,"key":"Energy Potion"},{"floor":20,"key":"Strength Potion"},{"floor":25,"key":"Fire Potion"},{"floor":27,"key":"SteroidPotion"},{"floor":29,"key":"DistilledChaos"},{"floor":33,"key":"BlessingOfTheForge"}],"is_trial":false,"path_per_floor":["M","?","?","M","?","R","M","R","T","M","R","M","M","M","R","B",null,"M","M","M","M","?","PTL","PTL","E","R","E","T","M","T","$","?","M","R","B"],"character_chosen":"WATCHER","items_purchased":["Master of Strategy","MealTicket","Adrenaline Potion"],"campfire_rested":2,"item_purchase_floors":[31,31,31],"current_hp_per_floor":[76,76,76,73,73,73,76,76,76,76,76,76,74,76,76,68,76,68,70,72,70,70,70,70,48,70,44,44,33,33,33,33,37,59,0,0],"gold":39,"neow_bonus":"NOSTALGIA","is_daily":false,"chose_seed":false,"campfire_upgraded":4,"win_rate":0.0,"timestamp":1611874161,"path_taken":["M","?","?","M","?","R","M","R","T","?","R","M","?","M","R","BOSS","M","?","M","M","?","PTL","PTL","E","R","E","T","M","?","$","?","M","R","BOSS"],"items_purchased_type":["Card","Relic","Potion"],"build_version":"2020-12-22","purchased_purges":1,"victory":false,"max_hp_per_floor":[76,76,76,76,76,76,76,76,76,76,76,76,76,76,76,76,76,76,76,76,76,76,76,76,76,76,76,76,76,76,76,76,76,76,76,76],"card_choices":[{"not_picked":["FlyingSleeves","DeceiveReality"],"picked":"Evaluate","floor":1},{"not_picked":["EmptyMind","JustLucky","FlyingSleeves"],"picked":"SKIP","floor":4},{"not_picked":["WindmillStrike","BowlingBash"],"picked":"Evaluate","floor":7},{"not_picked":["Replay:BluntJabs","EmptyBody"],"picked":"CrushJoints","floor":10},{"not_picked":["WheelKick","ClearTheMind"],"picked":"CrushJoints","floor":12},{"not_picked":["Replay:ManipulateFuture","Wallop","Prostrate"],"picked":"SKIP","floor":13},{"not_picked":["Prostrate","WreathOfFlame","Blasphemy"],"picked":"SKIP","floor":14},{"not_picked":["SpiritShield","Blasphemy"],"picked":"Vault","floor":16},{"not_picked":["Replay:ManipulateFuture","Indignation"],"picked":"Consecrate","floor":18},{"not_picked":["WaveOfTheHand","ThirdEye"],"picked":"InnerPeace","floor":19},{"not_picked":["Fasting2","Wireheading","CutThroughFate"],"picked":"SKIP","floor":20},{"not_picked":["Prostrate","JustLucky"],"picked":"Evaluate","floor":21},{"not_picked":["ForeignInfluence","FlyingSleeves"],"picked":"CarveReality+1","floor":25},{"not_picked":["Study","Wireheading"],"picked":"Consecrate","floor":27},{"not_picked":["Halt+1","Protect"],"picked":"Consecrate","floor":29},{"not_picked":["BowlingBash+1","Sanctity"],"picked":"Evaluate+1","floor":33}],"player_experience":78876,"relics_obtained":[{"floor":9,"key":"Replay:Bottled Eggs"},{"floor":25,"key":"White Beast Statue"},{"floor":27,"key":"infinitespire:Beetle Shell"},{"floor":28,"key":"War Paint"}],"event_choices":[{"damage_healed":0,"gold_gain":0,"player_choice":"Grow","damage_taken":0,"max_hp_gain":0,"max_hp_loss":0,"event_name":"Living Wall","floor":2,"gold_loss":0,"cards_upgraded":["Eruption"]},{"cards_removed":["Defend_P"],"damage_healed":0,"gold_gain":0,"player_choice":"Offered Basic","damage_taken":0,"max_hp_gain":0,"max_hp_loss":0,"event_name":"Bonfire Elementals","floor":5,"gold_loss":0},{"damage_healed":0,"gold_gain":0,"player_choice":"Upgraded","damage_taken":0,"max_hp_gain":0,"max_hp_loss":0,"event_name":"Upgrade Shrine","floor":32,"gold_loss":0,"cards_upgraded":["Vault"]}],"is_beta":false,"boss_relics":[{"not_picked":["energizedSpire:NeverEndingSparkler","hubris:GrandSneckoEye"],"picked":"hubris:ScarierMask"}],"items_purged_floors":[31],"is_endless":false,"potions_floor_spawned":[7,10,12,13,16,20,25,27,29,33],"killed_by":"Pondfish","ascension_level":2}}