{"host":"v3oldak69fx1zt0p","time":1611808596,"event":{"mods":["BaseMod","Downfall","Hermit","Minty Spire (QoL Compilation)","Quick Restart","StSLib","Waifu the Spire","noobMod"],"gold_per_floor":[110,110,128,128,128,128,159,159,184,199,199,210,226,242,242,338,338,348,8,25,25,25,43,75,75,123,38,137,164,164,164,164,264,264,276,323,323,61,77,111,8,8,8,23,42,42,42,60,60,60,60,60,8,33,33],"floor_reached":56,"language":"ENG","playtime":2703,"items_purged":[],"score":1288,"play_id":"b0d3c568-1114-465b-9300-6c50230ea16d","local_time":"20210127223636","is_ascension_mode":false,"campfire_choices":[{"data":"Zap","floor":6,"key":"SMITH"},{"floor":8,"key":"REST"},{"floor":15,"key":"REST"},{"data":"Hello World","floor":25,"key":"SMITH"},{"floor":30,"key":"RECALL"},{"data":"White Noise","floor":32,"key":"SMITH"},{"floor":46,"key":"REST"},{"floor":49,"key":"REST"},{"data":"Echo Form","floor":52,"key":"SMITH"}],"circlet_count":0,"master_deck":["Strike_B+1","Strike_B","Strike_B","Defend_B","Defend_B","Defend_B","Defend_B","Zap+1","Dualcast","Redo","Go for the Eyes+1","Melter","Glacier+1","Go for the Eyes+1","Chaos","Gash","Buffer","Echo Form+1","Ball Lightning","Hello World+1","Tempest+1","Heatsinks","Ball Lightning","Echo Form","White Noise+1","Machine Learning","Tempest+1","Redo+1","Go for the Eyes+1","Reinforced Body+1","Force Field+1","Blind+1","Gash+1","Streamline+1"],"relics":["FrozenCore","ice","Bag of Marbles","Omamori","Juzu Bracelet","Black Star","Eternal Feather","Whetstone","Oddly Smooth Stone","Molten Egg 2","Art of War","Symbiotic Virus","MutagenicStrength","StoneCalendar","Bottled Flame","Ancient Tea Set","Nunchaku","Toxic Egg 2","Lantern","Mummified Hand","InkBottle"],"acts_visited":["Exordium","TheCity","TheBeyond","TheEnding"],"potions_floor_usage":[7,12,14,16,20,20,23,36,39,41,44,44,45,48,54],"damage_taken":[{"damage":11,"enemies":"Jaw Worm","floor":1,"turns":2},{"damage":2,"enemies":"2 Louse","floor":3,"turns":3},{"damage":24,"enemies":"3 Sentries","floor":7,"turns":8},{"damage":0,"enemies":"Small Slimes","floor":10,"turns":2},{"damage":0,"enemies":"2 Fungi Beasts","floor":12,"turns":2},{"damage":0,"enemies":"Looter","floor":13,"turns":3},{"damage":0,"enemies":"Large Slime","floor":14,"turns":4},{"damage":29,"enemies":"Slime Boss","floor":16,"turns":12},{"damage":20,"enemies":"Spheric Guardian","floor":18,"turns":5},{"damage":15,"enemies":"3 Byrds","floor":20,"turns":5},{"damage":39,"enemies":"Centurion and Healer","floor":23,"turns":4},{"damage":66,"enemies":"Slavers","floor":24,"turns":5},{"damage":31,"enemies":"Gremlin Leader","floor":29,"turns":3},{"damage":0,"enemies":"Automaton","floor":33,"turns":6},{"damage":13,"enemies":"3 Shapes","floor":35,"turns":2},{"damage":9,"enemies":"2 Orb Walkers","floor":36,"turns":4},{"damage":40,"enemies":"3 Darklings","floor":39,"turns":3},{"damage":28,"enemies":"Reptomancer","floor":40,"turns":4},{"damage":5,"enemies":"Writhing Mass","floor":44,"turns":3},{"damage":4,"enemies":"Maw","floor":45,"turns":5},{"damage":8,"enemies":"Jaw Worm Horde","floor":48,"turns":3},{"damage":18,"enemies":"Donu and Deca","floor":50,"turns":6},{"damage":13,"enemies":"Shield and Spear","floor":54,"turns":4},{"damage":80,"enemies":"The Heart","floor":55,"turns":7}],"seed_played":"-4935084757670946587","potions_obtained":[{"floor":1,"key":"Energy Potion"},{"floor":3,"key":"champ:CounterPotion"},{"floor":7,"key":"Swift Potion"},{"floor":13,"key":"AttackPotion"},{"floor":16,"key":"Dexterity Potion"},{"floor":18,"key":"SpeedPotion"},{"floor":20,"key":"AttackPotion"},{"floor":33,"key":"Energy Potion"},{"floor":36,"key":"BlessingOfTheForge"},{"floor":39,"key":"bronze:BurnAndBuffPotion"},{"floor":44,"key":"SkillPotion"},{"floor":45,"key":"SteroidPotion"}],"is_trial":false,"path_per_floor":["M","?","M","?","?","R","E","R","T","M","?","M","M","M","R","B",null,"M","$","M","?","?","M","E","R","T","?","?","E","R","?","R","B",null,"M","?","?","$","M","E","$","T","T","M","M","R","?","M","R","B",null,"R","$","E","B",null],"character_chosen":"DEFECT","items_purchased":["Hello World","Eternal Feather","Bottled Flame","EntropicBrew","PowerPotion"],"campfire_rested":4,"item_purchase_floors":[19,19,38,41,53],"current_hp_per_floor":[64,64,62,62,62,62,38,60,60,60,45,45,45,45,67,38,75,55,55,40,40,40,1,84,84,84,84,84,53,68,68,83,83,94,81,72,98,98,58,30,30,30,30,25,21,74,74,66,119,101,127,127,127,114,34],"gold":33,"neow_bonus":"RANDOM_COMMON_RELIC","is_daily":false,"chose_seed":false,"campfire_upgraded":4,"win_rate":0.0,"timestamp":1611808596,"path_taken":["M","?","M","?","?","R","E","R","T","M","?","M","M","M","R","BOSS","M","$","M","?","?","M","E","R","T","?","?","E","R","?","R","BOSS","M","?","?","?","M","E","?","?","T","M","M","R","?","M","R","BOSS","R","$","E","BOSS"],"items_purchased_type":["Card","Relic","Relic","Potion","Potion"],"build_version":"2020-12-22","purchased_purges":0,"victory":true,"max_hp_per_floor":[75,75,75,75,75,75,75,75,75,75,75,75,75,75,75,75,75,75,75,75,75,75,75,84,84,84,84,84,89,89,89,89,94,94,97,102,102,102,107,110,110,110,110,114,117,117,117,119,119,127,127,127,127,133,209],"card_choices":[{"not_picked":["Tempest","Storm"],"picked":"Redo","floor":1},{"not_picked":["Reinforced Body","Stack"],"picked":"Go for the Eyes","floor":3},{"not_picked":["All For One","Stack"],"picked":"Glacier","floor":7},{"not_picked":["Self Repair","Beam Cell"],"picked":"Go for the Eyes","floor":10},{"not_picked":["Defragment","Go for the Eyes"],"picked":"Chaos","floor":12},{"not_picked":["Reinforced Body","Force Field"],"picked":"Gash","floor":13},{"not_picked":["BootSequence","Sweeping Beam"],"picked":"Buffer","floor":14},{"not_picked":["Biased Cognition","All For One"],"picked":"Echo Form","floor":16},{"not_picked":["Stack+1","Fusion+1"],"picked":"Ball Lightning","floor":18},{"not_picked":["Double Energy","Cold Snap"],"picked":"Tempest+1","floor":20},{"not_picked":["Coolheaded+1","Turbo+1"],"picked":"Ball Lightning","floor":23},{"not_picked":["Compile Driver","Reinforced Body+1"],"picked":"Echo Form","floor":24},{"not_picked":["Streamline+1","Storm"],"picked":"White Noise","floor":29},{"not_picked":["Core Surge+1","Multi-Cast"],"picked":"Machine Learning","floor":33},{"not_picked":["Cold Snap+1","Melter+1"],"picked":"Tempest+1","floor":35},{"not_picked":["Sunder+1","Fusion"],"picked":"Redo+1","floor":36},{"not_picked":["Steam+1","Sweeping Beam+1"],"picked":"Go for the Eyes+1","floor":39},{"not_picked":["Coolheaded","All For One+1"],"picked":"Reinforced Body+1","floor":40},{"not_picked":["Beam Cell+1","Rebound+1","Barrage+1"],"picked":"SKIP","floor":44},{"not_picked":["Doom and Gloom+1","Conserve Battery+1"],"picked":"Force Field+1","floor":45},{"not_picked":["Flash of Steel+1","PanicButton+1"],"picked":"Blind+1","floor":47},{"not_picked":["Cold Snap+1","Hologram+1"],"picked":"Gash+1","floor":48},{"not_picked":["Genetic Algorithm+1","Coolheaded+1"],"picked":"Streamline+1","floor":54}],"player_experience":157317,"relics_obtained":[{"floor":7,"key":"Omamori"},{"floor":9,"key":"Juzu Bracelet"},{"floor":24,"key":"Whetstone"},{"floor":24,"key":"Oddly Smooth Stone"},{"floor":29,"key":"Art of War"},{"floor":29,"key":"Symbiotic Virus"},{"floor":36,"key":"StoneCalendar"},{"floor":40,"key":"Ancient Tea Set"},{"floor":40,"key":"Nunchaku"},{"floor":42,"key":"Toxic Egg 2"},{"floor":43,"key":"Lantern"},{"floor":54,"key":"Mummified Hand"},{"floor":54,"key":"InkBottle"}],"event_choices":[{"damage_healed":0,"gold_gain":0,"player_choice":"Ignored","damage_taken":0,"max_hp_gain":0,"max_hp_loss":0,"event_name":"Liars Game","floor":2,"gold_loss":0},{"damage_healed":0,"gold_gain":0,"player_choice":"Leave","damage_taken":0,"max_hp_gain":0,"max_hp_loss":0,"event_name":"The Cleric","floor":4,"gold_loss":0},{"damage_healed":0,"gold_gain":0,"cards_transformed":["Strike_B"],"player_choice":"Change","damage_taken":0,"max_hp_gain":0,"max_hp_loss":0,"event_name":"Living Wall","floor":5,"gold_loss":0,"cards_obtained":["Melter"]},{"damage_healed":0,"gold_gain":0,"player_choice":"Entered Light","damage_taken":15,"max_hp_gain":0,"max_hp_loss":0,"event_name":"Shining Light","floor":11,"gold_loss":0,"cards_upgraded":["Go for the Eyes","Glacier"]},{"damage_healed":0,"gold_gain":0,"player_choice":"Read","damage_taken":0,"max_hp_gain":0,"max_hp_loss":0,"event_name":"The Library","floor":21,"gold_loss":0,"cards_obtained":["Heatsinks"]},{"damage_healed":0,"gold_gain":0,"player_choice":"Obtained Relic","damage_taken":0,"relics_obtained":["Molten Egg 2"],"max_hp_gain":0,"max_hp_loss":0,"event_name":"Addict","floor":27,"gold_loss":85},{"damage_healed":0,"gold_gain":99,"player_choice":"Stole From Cult","damage_taken":0,"max_hp_gain":0,"max_hp_loss":0,"event_name":"Nest","floor":28,"gold_loss":0},{"damage_healed":0,"gold_gain":0,"player_choice":"Inject Mutagens","damage_taken":0,"relics_obtained":["MutagenicStrength"],"max_hp_gain":0,"max_hp_loss":0,"event_name":"Drug Dealer","floor":31,"gold_loss":0},{"damage_healed":0,"gold_gain":0,"player_choice":"Fight","damage_taken":0,"max_hp_gain":0,"max_hp_loss":0,"event_name":"Mysterious Sphere","floor":36,"gold_loss":0},{"damage_healed":26,"gold_gain":0,"player_choice":"Writhe","damage_taken":0,"max_hp_gain":0,"max_hp_loss":0,"event_name":"Winding Halls","floor":37,"gold_loss":0,"cards_obtained":["Writhe"]},{"damage_healed":0,"gold_gain":0,"player_choice":"Memory 1","damage_taken":0,"max_hp_gain":0,"max_hp_loss":0,"event_name":"SensoryStone","floor":47,"gold_loss":0}],"is_beta":false,"boss_relics":[{"not_picked":["Philosopher\u0027s Stone","Astrolabe"],"picked":"Black Star"},{"not_picked":["Pandora\u0027s Box","Runic Pyramid"],"picked":"FrozenCore"}],"items_purged_floors":[],"is_endless":false,"potions_floor_spawned":[1,3,7,13,16,18,20,33,36,39,44,45],"ascension_level":0}}