{"host":"nh70f3bv2bgakzh3","time":1611857837,"event":{"mods":["BaseMod","Downfall","Minty Spire (QoL Compilation)","StSLib","The Construct","The Mystic"],"gold_per_floor":[99,99,99,99,14,114,140,160,174,174,74,100,10,37,50,50,50,50],"floor_reached":16,"language":"ENG","playtime":1408,"items_purged":["sneckomod:Strike"],"score":131,"play_id":"57983c54-edce-4190-a1ad-f5299ae4843c","local_time":"20210128131717","is_ascension_mode":false,"campfire_choices":[{"data":"sneckomod:Unknown","floor":1,"key":"SMITH"}],"circlet_count":0,"master_deck":["sneckomod:Defend","sneckomod:Defend","sneckomod:Defend","sneckomod:TailWhip","sneckomod:SnekBite","sneckomod:Unknown+1","sneckomod:Unknown","sneckomod:DiceBoulder+1","sneckomod:SoulDraw","sneckomod:QuickMove","expansioncontent:InvincibleStrength","sneckomod:SoulRoll","Guardian:ShieldSpikes","sneckomod:UnknownRarePower+1","sneckomod:UnknownDraw+1"],"relics":["sneckomod:SneckoSoul","downfall:HeartsMalice","Strawberry","downfall:HeartBlessingBlue","sneckomod:UnknownEgg","Molten Egg 2"],"acts_visited":["Exordium"],"potions_floor_usage":[13,14,15,16],"damage_taken":[{"damage":0,"enemies":"Cultist","floor":2,"turns":1},{"damage":0,"enemies":"Jaw Worm","floor":4,"turns":1},{"damage":0,"enemies":"downfall:FleeingMerchant","floor":5,"turns":1},{"damage":58,"enemies":"downfall:Heads","floor":6,"turns":7},{"damage":2,"enemies":"Small Slimes","floor":8,"turns":3},{"damage":7,"enemies":"Blue Slaver","floor":9,"turns":3},{"damage":14,"enemies":"Gremlin Nob","floor":12,"turns":6},{"damage":0,"enemies":"downfall:FleeingMerchant","floor":13,"turns":4},{"damage":10,"enemies":"Lagavulin","floor":14,"turns":6},{"damage":16,"enemies":"Large Slime","floor":15,"turns":9},{"damage":15,"enemies":"SI_SHIV_ARCHETYPE","floor":16,"turns":3}],"seed_played":"7622206826621788600","potions_obtained":[{"floor":8,"key":"FearPotion"},{"floor":9,"key":"Weak Potion"},{"floor":12,"key":"SkillPotion"},{"floor":15,"key":"BlessingOfTheForge"}],"is_trial":false,"path_per_floor":["R","M","?","M","$","?","T","M","M","T","R","E","$","E","M","B"],"character_chosen":"THE_SNECKO","items_purchased":["expansioncontent:InvincibleStrength"],"campfire_rested":0,"item_purchase_floors":[5],"current_hp_per_floor":[90,90,90,90,90,32,39,37,30,30,40,33,40,30,14,0,0,0],"gold":50,"neow_bonus":"THREE_ENEMY_KILL","is_daily":false,"chose_seed":false,"campfire_upgraded":1,"win_rate":0.0,"timestamp":1611857837,"path_taken":["R","?","?","M","$","?","T","M","M","?","R","E","?","E","M","BOSS"],"items_purchased_type":["Card"],"build_version":"2020-12-22","purchased_purges":1,"victory":false,"max_hp_per_floor":[90,90,90,90,90,90,97,97,97,97,107,107,107,107,107,107,107,107],"card_choices":[{"not_picked":["sneckomod:Unknown2Cost","sneckomod:SoulCleanse"],"picked":"sneckomod:DiceBoulder","floor":2},{"not_picked":["sneckomod:QuickBite","sneckomod:RainOfDice"],"picked":"sneckomod:SoulDraw","floor":4},{"not_picked":["sneckomod:DiceBlock","sneckomod:QuickBite"],"picked":"sneckomod:QuickMove","floor":5},{"not_picked":["sneckomod:Unknown1Cost","sneckomod:UnknownUncommonPower"],"picked":"sneckomod:SoulRoll","floor":8},{"not_picked":["sneckomod:Unknown2Cost","sneckomod:ImprovisedAttack","sneckomod:DefensiveFlair"],"picked":"SKIP","floor":9},{"not_picked":["sneckomod:DiceCrush","sneckomod:DiceBoulder","sneckomod:UnknownDraw+1"],"picked":"SKIP","floor":12},{"not_picked":["sneckomod:UnknownVulnerable+1","sneckomod:UnknownDraw+1"],"picked":"sneckomod:UnknownRarePower+1","floor":13},{"not_picked":["sneckomod:UnknownExhaust+1","sneckomod:UnknownStrike+1","sneckomod:WideSting+1"],"picked":"SKIP","floor":14},{"not_picked":["sneckomod:UnknownCommonAttack+1","sneckomod:DiceCrush+1"],"picked":"sneckomod:UnknownDraw+1","floor":15}],"player_experience":86568,"relics_obtained":[{"floor":7,"key":"Strawberry"},{"floor":12,"key":"sneckomod:UnknownEgg"},{"floor":14,"key":"Molten Egg 2"}],"event_choices":[],"is_beta":false,"boss_relics":[],"items_purged_floors":[13],"is_endless":false,"potions_floor_spawned":[8,9,12,15],"killed_by":"SI_SHIV_ARCHETYPE","ascension_level":0}}