{"host":"na09lpbrez4gbfiz","time":1611867927,"event":{"mods":["Act Like it!","BaseMod","BetterRewards","Colored Map","Colored Powertips","DeckTracker","Googly Eyes","Highlight Path","Minty Spire (QoL Compilation)","Quick Restart","Spicy Shops","StSLib","SuperFastMode","Synergy Search"],"gold_per_floor":[116,127,127,137,68,68,68,243,269,94,94,94,108,147,147,147,147],"floor_reached":16,"language":"ENG","playtime":271,"items_purged":["Doubt","Strike_R"],"score":162,"play_id":"98cc7f17-47ea-46a9-88f0-ac3468d1cfcf","local_time":"20210128220527","is_ascension_mode":true,"campfire_choices":[{"data":"Rampage","floor":6,"key":"SMITH"},{"floor":15,"key":"REST"}],"circlet_count":0,"master_deck":["AscendersBane","Strike_R","Strike_R","Strike_R","Strike_R","Defend_R","Defend_R","Defend_R","Defend_R","Bash","Rampage+1","Pain","Ghostly Armor"],"relics":["Burning Blood","NeowsBlessing","Ancient Tea Set","Golden Idol","WarpedTongs","Tiny Chest"],"acts_visited":["Exordium"],"potions_floor_usage":[13,16,16],"damage_taken":[{"damage":0,"enemies":"Cultist","floor":1,"turns":1},{"damage":0,"enemies":"2 Louse","floor":2,"turns":1},{"damage":0,"enemies":"Jaw Worm","floor":4,"turns":1},{"damage":4,"enemies":"Large Slime","floor":13,"turns":4},{"damage":41,"enemies":"3 Sentries","floor":14,"turns":10},{"damage":60,"enemies":"Slime Boss","floor":16,"turns":9}],"seed_played":"-6353924766953130440","potions_obtained":[{"floor":4,"key":"Explosive Potion"},{"floor":13,"key":"Fire Potion"},{"floor":14,"key":"DistilledChaos"}],"is_trial":false,"path_per_floor":["M","M","?","M","$","R","$","?","T","$","?","?","M","E","R","B"],"character_chosen":"IRONCLAD","items_purchased":["Rampage"],"campfire_rested":1,"item_purchase_floors":[5],"current_hp_per_floor":[78,80,80,80,80,80,80,80,80,80,60,60,62,27,51,0,0],"gold":147,"neow_bonus":"THREE_ENEMY_KILL","is_daily":false,"chose_seed":false,"campfire_upgraded":1,"win_rate":0.0,"timestamp":1611867927,"path_taken":["M","M","?","?","$","R","$","?","T","?","?","?","?","E","R","BOSS"],"items_purchased_type":["Card"],"build_version":"2020-12-22","purchased_purges":2,"victory":false,"max_hp_per_floor":[80,80,80,80,80,80,80,80,80,80,80,80,80,80,80,80,80],"card_choices":[{"not_picked":["Havoc","Searing Blow","Spot Weakness"],"picked":"SKIP","floor":1},{"not_picked":["Clash","Headbutt","Pummel"],"picked":"SKIP","floor":2},{"not_picked":["Warcry","Wild Strike","Second Wind"],"picked":"SKIP","floor":4},{"not_picked":["Blood for Blood","Warcry"],"picked":"Ghostly Armor","floor":13},{"not_picked":["Clothesline","Second Wind","Body Slam"],"picked":"SKIP","floor":14}],"player_experience":201471,"relics_obtained":[{"floor":9,"key":"Ancient Tea Set"},{"floor":14,"key":"Tiny Chest"}],"event_choices":[{"damage_healed":0,"gold_gain":0,"player_choice":"Bought 0 Potions","damage_taken":0,"max_hp_gain":0,"max_hp_loss":0,"event_name":"The Woman in Blue","floor":3,"gold_loss":0},{"damage_healed":0,"gold_gain":175,"player_choice":"AGREE","damage_taken":0,"max_hp_gain":0,"max_hp_loss":0,"event_name":"Liars Game","floor":8,"gold_loss":0,"cards_obtained":["Doubt"]},{"damage_healed":0,"gold_gain":0,"player_choice":"Take Damage","damage_taken":20,"relics_obtained":["Golden Idol"],"max_hp_gain":0,"max_hp_loss":0,"event_name":"Golden Idol","floor":11,"gold_loss":0},{"damage_healed":0,"gold_gain":0,"player_choice":"Rummage","damage_taken":0,"relics_obtained":["WarpedTongs"],"max_hp_gain":0,"max_hp_loss":0,"event_name":"Accursed Blacksmith","floor":12,"gold_loss":0,"cards_obtained":["Pain"]}],"is_beta":false,"boss_relics":[],"items_purged_floors":[10,10],"is_endless":false,"potions_floor_spawned":[4,13,14],"killed_by":"Slime Boss","ascension_level":13}}