{"host":"yn1175etg9ni8l0q","time":1611816054,"event":{"mods":["AchievementEnabler","BaseMod","Colored Map","Colored Powertips","DeckTracker","Minty Spire (QoL Compilation)","Rare Cards Sparkle","Relic Stats","SuperFastMode","everything is the same but u backflip on backflip"],"gold_per_floor":[210,135,145,0,20,20,45,59,84,84,84,104,117,131,131,131,131],"floor_reached":16,"language":"KOR","playtime":458,"items_purged":["Strike_G"],"score":104,"play_id":"5838a089-6251-4979-b886-59db61fa55b4","local_time":"20210128154054","is_ascension_mode":false,"campfire_choices":[{"data":"Crippling Poison","floor":11,"key":"SMITH"},{"data":"Body Slam","floor":15,"key":"SMITH"}],"circlet_count":0,"master_deck":["Strike_G","Strike_G","Strike_G","Strike_G","Defend_G","Defend_G","Defend_G","Defend_G","Survivor","Neutralize","Acrobatics","Crippling Poison+1","Sweeping Beam","Glacier","PiercingWail","Body Slam+1","Discovery"],"relics":["Ring of the Snake","PrismaticShard","Orichalcum","PreservedInsect"],"acts_visited":["Exordium"],"potions_floor_usage":[16,16],"damage_taken":[{"damage":7,"enemies":"Jaw Worm","floor":1,"turns":8},{"damage":0,"enemies":"2 Louse","floor":3,"turns":3},{"damage":1,"enemies":"Cultist","floor":5,"turns":5},{"damage":21,"enemies":"3 Sentries","floor":7,"turns":12},{"damage":2,"enemies":"Blue Slaver","floor":8,"turns":6},{"damage":0,"enemies":"Exordium Wildlife","floor":12,"turns":2},{"damage":0,"enemies":"Red Slaver","floor":13,"turns":5},{"damage":1,"enemies":"Looter","floor":14,"turns":3},{"damage":41,"enemies":"Hexaghost","floor":16,"turns":16}],"seed_played":"5576407338422634067","potions_obtained":[{"floor":1,"key":"Weak Potion"},{"floor":3,"key":"EssenceOfSteel"}],"is_trial":false,"path_per_floor":["M","$","M","$","M","?","E","M","T","?","R","M","M","M","R","B"],"character_chosen":"THE_SILENT","items_purchased":["PrismaticShard"],"campfire_rested":0,"item_purchase_floors":[4],"current_hp_per_floor":[63,63,63,63,62,62,41,39,39,39,39,39,39,38,38,0,0],"gold":131,"neow_bonus":"HUNDRED_GOLD","is_daily":false,"chose_seed":false,"campfire_upgraded":2,"win_rate":0.0,"timestamp":1611816054,"path_taken":["M","$","M","$","M","?","E","M","T","?","R","M","M","M","R","BOSS"],"items_purchased_type":["Relic"],"build_version":"2020-12-22","purchased_purges":1,"victory":false,"max_hp_per_floor":[70,70,70,70,70,70,70,70,70,70,70,70,70,70,70,70,70],"relic_stats":{"counters":[9,60],"PreservedInsect":0,"Orichalcum":[36],"obtain_stats":[{"PreservedInsect":9,"Orichalcum":7,"PrismaticShard":4,"Ring of the Snake":0},{"PreservedInsect":5,"Orichalcum":4,"PrismaticShard":2,"Ring of the Snake":0},{"PreservedInsect":34,"Orichalcum":28,"PrismaticShard":11,"Ring of the Snake":0}],"Ring of the Snake":[18]},"card_choices":[{"not_picked":["Dash","Underhanded Strike"],"picked":"Acrobatics","floor":1},{"not_picked":["Sucker Punch","Poisoned Stab"],"picked":"Crippling Poison","floor":3},{"not_picked":["Spot Weakness","Hologram"],"picked":"Sweeping Beam","floor":5},{"not_picked":["Underhanded Strike","Perfected Strike"],"picked":"Glacier","floor":7},{"not_picked":["Cleave","True Grit","MasterReality"],"picked":"SKIP","floor":8},{"not_picked":["Steam","Rupture"],"picked":"PiercingWail","floor":12},{"not_picked":["Consume","PanicButton"],"picked":"Body Slam","floor":13},{"not_picked":["Sucker Punch","Backflip"],"picked":"Discovery","floor":14}],"player_experience":350274,"relics_obtained":[{"floor":7,"key":"Orichalcum"},{"floor":9,"key":"PreservedInsect"}],"event_choices":[{"damage_healed":0,"gold_gain":0,"player_choice":"Ignored","damage_taken":0,"max_hp_gain":0,"max_hp_loss":0,"event_name":"Shining Light","floor":6,"gold_loss":0},{"cards_removed":["Defend_G"],"damage_healed":0,"gold_gain":0,"player_choice":"Forget","damage_taken":0,"max_hp_gain":0,"max_hp_loss":0,"event_name":"Living Wall","floor":10,"gold_loss":0}],"is_beta":false,"boss_relics":[],"items_purged_floors":[2],"is_endless":false,"potions_floor_spawned":[1,3],"killed_by":"Hexaghost","ascension_level":0}}