{"host":"hqsnl0mtmp1qafm7","time":1611833334,"event":{"mods":["AchievementEnabler","Aspiration","BaseMod","Better Altar","Better Match","Better Note","Better Sensory Stone","Better Skull","Better Third Choice","Colored Map","Colored Powertips","Conspire","Curses Come First","Downfall","Friendly Minions","Hermit","Highlight Path","Hubris","Ironclad Rager","Minty Spire (QoL Compilation)","Permanent Neow","Quick Restart","Rare Cards Sparkle","Replay The Spire","Retaliation","StSLib","The Blue Laboratory","The Runesmith","Wandering Minibosses","egg"],"gold_per_floor":[117,117,133,146,146,178,178,188,211,211,246,246,246,263,263,367,367,379,397,243,243,255,255,255,255,302,302,313,313,342,342,342,342,342],"floor_reached":33,"language":"ENG","playtime":1477,"items_purged":[],"score":300,"play_id":"113658b3-9161-4127-b6c3-633e5fbd8b16","local_time":"20210128062854","is_ascension_mode":true,"campfire_choices":[{"floor":7,"key":"REST"},{"floor":10,"key":"REST"},{"floor":12,"key":"REST"},{"data":"Blizzard","floor":15,"key":"PURGE"},{"floor":23,"key":"REST"},{"floor":25,"key":"REST"},{"floor":27,"key":"REST"},{"floor":29,"key":"REST"},{"floor":32,"key":"REST"}],"circlet_count":0,"master_deck":["Strike_B+1","Defend_B","Defend_B","Zap+1","Dualcast","Rip and Tear+1","Sweeping Beam","Gash","Crystallizer","BasicCrystalCard","Sweeping Beam","DDmod:SpikedSkill","Creative AI","Coolheaded+1","ReplayTheSpireMod:System Scan+1","Storm","ReplayTheSpireMod:Dual Polarity","Capacitor","ReplayTheSpireMod:Reroute Power","Chill","Redo","Conserve Battery+1"],"relics":["HornCleat","Torii","Boot","aspiration:EnhancedActuators","Replay:PocketPolymizer","hubris:HollowSoul","Nloth\u0027s Gift","War Paint","Sundial","CultistMask"],"acts_visited":["Exordium","TheCity"],"potions_floor_usage":[16,19,22],"damage_taken":[{"damage":0,"enemies":"Cultist","floor":1,"turns":4},{"damage":2,"enemies":"2 Louse","floor":3,"turns":2},{"damage":12,"enemies":"Jaw Worm","floor":4,"turns":3},{"damage":30,"enemies":"Gremlin Nob","floor":6,"turns":4},{"damage":9,"enemies":"Large Slime","floor":8,"turns":6},{"damage":18,"enemies":"3 Sentries","floor":11,"turns":5},{"damage":9,"enemies":"3 Louse","floor":14,"turns":3},{"damage":23,"enemies":"Hexaghost","floor":16,"turns":8},{"damage":43,"enemies":"2 Thieves","floor":18,"turns":6},{"damage":0,"enemies":"Spheric Guardian","floor":19,"turns":3},{"damage":27,"enemies":"Shelled Parasite and Fungi","floor":22,"turns":6},{"damage":26,"enemies":"Cultist and Chosen","floor":28,"turns":7},{"damage":57,"enemies":"Gremlin Leader","floor":30,"turns":9},{"damage":20,"enemies":"hubris:MusketHawk","floor":33,"turns":3}],"seed_played":"5505352399054784500","potions_obtained":[{"floor":1,"key":"blueLaboratory:LouseDecoction"},{"floor":6,"key":"BlessingOfTheForge"},{"floor":14,"key":"blueLaboratory:EmptyBottle"},{"floor":18,"key":"BlessingOfTheForge"},{"floor":19,"key":"Energy Potion"},{"floor":22,"key":"GamblersBrew"}],"is_trial":false,"path_per_floor":["M","?","M","M","?","E","R","M","T","R","E","R","?","M","R_BF","B",null,"M","M","$","?","M","R","?","R","T","R","M","R","E","?","R","B"],"character_chosen":"DEFECT","items_purchased":["Storm","ReplayTheSpireMod:Dual Polarity"],"campfire_rested":8,"item_purchase_floors":[20,20],"current_hp_per_floor":[75,68,66,54,39,9,31,22,22,44,26,48,48,39,39,16,75,32,32,32,32,5,27,27,49,49,71,45,67,10,10,32,0,0],"gold":342,"neow_bonus":"BOSS_RELIC","is_daily":false,"chose_seed":false,"campfire_upgraded":0,"win_rate":0.0,"timestamp":1611833334,"path_taken":["M","?","M","M","?","E","R","M","T","R","E","R","?","M","R_BF","BOSS","M","M","$","?","M","R","?","R","T","R","?","R","E","?","R","BOSS"],"items_purchased_type":["Card","Card"],"build_version":"2020-12-22","purchased_purges":0,"victory":false,"max_hp_per_floor":[75,75,75,75,75,75,75,75,75,75,75,75,75,75,75,75,75,75,75,75,75,75,75,75,75,75,75,75,75,75,75,75,75,75],"card_choices":[{"not_picked":["Steam","Compile Driver"],"picked":"Rip and Tear","floor":1},{"not_picked":["Leap","Panic Button"],"picked":"Sweeping Beam","floor":3},{"not_picked":["hubris:PowerSurge","Stack"],"picked":"Lockon","floor":4},{"not_picked":["Streamline","Self Repair"],"picked":"Gash","floor":6},{"not_picked":["Double Energy","hubris:DoWhile"],"picked":"Crystallizer","floor":8},{"not_picked":["Leap","Chill"],"picked":"BasicCrystalCard","floor":11},{"not_picked":["Sweeping Beam","Beam Cell","Steam Power"],"picked":"SKIP","floor":14},{"not_picked":["Multi-Cast","Thunder Strike"],"picked":"Creative AI","floor":16},{"not_picked":["BasicCrystalCard","conspire:SharedLibrary"],"picked":"Coolheaded+1","floor":18},{"not_picked":["Streamline","Rebound"],"picked":"ReplayTheSpireMod:System Scan","floor":19},{"not_picked":["Leap","Static Discharge"],"picked":"Capacitor","floor":22},{"not_picked":["Turbo","Beam Cell+1"],"picked":"Redo","floor":28},{"not_picked":["Beam Cell","Turbo+1"],"picked":"Conserve Battery+1","floor":30}],"player_experience":95352,"relics_obtained":[{"floor":6,"key":"HornCleat"},{"floor":6,"key":"Torii"},{"floor":9,"key":"Boot"},{"floor":11,"key":"aspiration:EnhancedActuators"},{"floor":11,"key":"Replay:PocketPolymizer"},{"floor":26,"key":"War Paint"},{"floor":30,"key":"Sundial"}],"event_choices":[{"cards_removed":["Defend_B"],"damage_healed":0,"gold_gain":0,"player_choice":"Card Removal","damage_taken":7,"max_hp_gain":0,"max_hp_loss":0,"event_name":"Golden Wing","floor":2,"gold_loss":0},{"damage_healed":0,"gold_gain":0,"player_choice":"Entered Light","damage_taken":15,"max_hp_gain":0,"max_hp_loss":0,"event_name":"Shining Light","floor":5,"gold_loss":0,"cards_upgraded":["Strike_B","Rip and Tear"]},{"cards_removed":["Lockon"],"damage_healed":0,"gold_gain":0,"player_choice":"Purged","damage_taken":0,"max_hp_gain":0,"max_hp_loss":0,"event_name":"Purifier","floor":21,"gold_loss":0},{"damage_healed":0,"gold_gain":0,"player_choice":"Traded Relic","damage_taken":0,"relics_obtained":["Nloth\u0027s Gift"],"max_hp_gain":0,"max_hp_loss":0,"event_name":"N\u0027loth","floor":24,"relics_lost":["Black Star"],"gold_loss":0},{"damage_healed":0,"gold_gain":0,"player_choice":"Trade","damage_taken":0,"relics_obtained":["CultistMask"],"max_hp_gain":0,"max_hp_loss":0,"event_name":"FaceTrader","floor":31,"gold_loss":0}],"is_beta":false,"boss_relics":[{"not_picked":["conspire:RunicOctahedron","hubris:GrandSneckoEye"],"picked":"hubris:HollowSoul"}],"items_purged_floors":[],"is_endless":false,"potions_floor_spawned":[1,6,14,18,19,22],"killed_by":"hubris:MusketHawk","ascension_level":2}}