{"host":"jo6humee03iui2vn","time":1611829588,"event":{"mods":["AchievementEnabler","Act Like it!","BaseMod","Colored Map","Downfall","Gensokyo","Gold Saver","Hermit","Minty Spire (QoL Compilation)","Replay The Spire","Shop Mod","StSLib","SuperFastMode"],"gold_per_floor":[234,234,251,251,308,308,318,349,361,373,35,53,328,345,345,440,440,456,15,33,48,61,61,61,61],"floor_reached":24,"language":"ZHS","playtime":1528,"items_purged":[],"score":223,"play_id":"d827d746-c8b6-49a2-8324-09fe15d20091","local_time":"20210128182628","is_ascension_mode":false,"campfire_choices":[{"data":"hermit:Brawl","floor":6,"key":"SMITH"},{"floor":10,"key":"REST"},{"floor":15,"key":"REST"},{"floor":23,"key":"REST"}],"circlet_count":0,"master_deck":["hermit:Strike_Hermit+1","hermit:Strike_Hermit","hermit:Strike_Hermit","hermit:Defend_Hermit","hermit:Defend_Hermit","hermit:Defend_Hermit","hermit:Snapshot","hermit:Covet+1","hermit:Brawl+1","hermit:ShadowCloak","hermit:WideOpen","hermit:FullyLoaded","hermit:Manifest","hermit:Determination","Regret","hermit:Gestalt","hermit:Roughhouse","Sickly","CurseOfTheBell","Injury","hermit:Misfire","Panache","hermit:Misfire","hermit:FromBeyond","hermit:Quickdraw+1"],"relics":["Empty Cage","MawBank","Darkstone Periapt","Du-Vu Doll","Replay:Ancient Bell","Bag of Preparation","Shuriken","Pondfish Scales","Mirror"],"acts_visited":["Exordium","TheCity"],"potions_floor_usage":[14,16,22],"damage_taken":[{"damage":0,"enemies":"Small Slimes","floor":1,"turns":2},{"damage":1,"enemies":"2 Louse","floor":3,"turns":2},{"damage":5,"enemies":"Cultist","floor":7,"turns":4},{"damage":45,"enemies":"Lagavulin","floor":8,"turns":6},{"damage":23,"enemies":"Gremlin Gang","floor":12,"turns":5},{"damage":1,"enemies":"3 Louse","floor":14,"turns":4},{"damage":26,"enemies":"Fading Forest","floor":16,"turns":11},{"damage":20,"enemies":"Shell Parasite","floor":18,"turns":7},{"damage":4,"enemies":"Spheric Guardian","floor":20,"turns":4},{"damage":39,"enemies":"Centurion and Healer","floor":21,"turns":6},{"damage":19,"enemies":"Shelled Parasite and Fungi","floor":22,"turns":5},{"damage":47,"enemies":"Sentry and Sphere","floor":24,"turns":6}],"seed_played":"-725738087254990860","potions_obtained":[{"floor":1,"key":"Fire Potion"},{"floor":8,"key":"Cursed Concoction"},{"floor":18,"key":"Energy Potion"},{"floor":21,"key":"EssenceOfSteel"}],"is_trial":false,"path_per_floor":["M","?","M","?","?","R","M","E","T","R","$","M","?","M","R","B",null,"M","$","M","M","M","R","M"],"character_chosen":"HERMIT","items_purchased":["Du-Vu Doll","hermit:Manifest","Panache","Mirror"],"campfire_rested":3,"item_purchase_floors":[11,11,19,19],"current_hp_per_floor":[75,75,74,59,59,59,54,9,9,31,31,8,14,13,37,11,99,79,79,75,36,17,46,0,0],"gold":61,"neow_bonus":"BOSS_RELIC","is_daily":false,"chose_seed":false,"campfire_upgraded":1,"win_rate":0.0,"timestamp":1611829588,"path_taken":["M","?","M","?","?","R","M","E","T","R","$","M","?","M","R","BOSS","M","$","?","M","?","R","M"],"items_purchased_type":["Relic","Card","Card","Relic"],"build_version":"2020-12-22","purchased_purges":0,"victory":false,"max_hp_per_floor":[75,75,75,75,75,75,75,75,75,75,75,75,81,81,81,81,99,99,99,99,99,99,99,99,99],"card_choices":[{"not_picked":["hermit:EyeOfTheStorm","hermit:Misfire"],"picked":"hermit:Brawl","floor":1},{"not_picked":["hermit:Roulette","hermit:Desperado"],"picked":"hermit:ShadowCloak","floor":3},{"not_picked":["hermit:Roulette","hermit:SprayPray"],"picked":"hermit:WideOpen","floor":7},{"not_picked":["hermit:Headshot","hermit:SprayPray"],"picked":"hermit:FullyLoaded","floor":8},{"not_picked":["hermit:TakeAim","hermit:Roulette"],"picked":"hermit:Determination","floor":12},{"not_picked":["hermit:TrackingShot","hermit:Midnight"],"picked":"hermit:Gestalt","floor":14},{"not_picked":["hermit:Adapt","hermit:Magnum"],"picked":"hermit:Roughhouse","floor":16},{"not_picked":["Overencumbered","ReplayTheSpireMod:Faulty Equipment"],"picked":"Sickly","floor":17},{"not_picked":["ReplayTheSpireMod:Doomed","ReplayTheSpireMod:Splinters"],"picked":"CurseOfTheBell","floor":17},{"not_picked":["ReplayTheSpireMod:IOU","Doubt"],"picked":"Injury","floor":17},{"not_picked":["hermit:CalledShot","hermit:Feint"],"picked":"hermit:Misfire","floor":18},{"not_picked":["hermit:Headshot","hermit:BodyArmor"],"picked":"hermit:Misfire","floor":20},{"not_picked":["hermit:Determination","hermit:SprayPray"],"picked":"hermit:FromBeyond","floor":21},{"not_picked":["hermit:Desperado","hermit:FullyLoaded+1"],"picked":"hermit:Quickdraw+1","floor":22}],"player_experience":188100,"relics_obtained":[{"floor":8,"key":"MawBank"},{"floor":9,"key":"Darkstone Periapt"}],"event_choices":[{"damage_healed":0,"gold_gain":0,"player_choice":"Leave","damage_taken":0,"max_hp_gain":0,"max_hp_loss":0,"event_name":"The Cleric","floor":2,"gold_loss":0},{"damage_healed":0,"gold_gain":0,"player_choice":"Entered Light","damage_taken":15,"max_hp_gain":0,"max_hp_loss":0,"event_name":"Shining Light","floor":4,"gold_loss":0,"cards_upgraded":["hermit:Strike_Hermit","hermit:Covet"]},{"damage_healed":0,"gold_gain":57,"player_choice":"Gained Gold","damage_taken":0,"max_hp_gain":0,"max_hp_loss":0,"event_name":"Golden Wing","floor":5,"gold_loss":0},{"damage_healed":0,"gold_gain":275,"player_choice":"Desecrate","damage_taken":0,"max_hp_gain":0,"max_hp_loss":0,"event_name":"Golden Shrine","floor":13,"gold_loss":0,"cards_obtained":["Regret"]}],"is_beta":false,"boss_relics":[{"not_picked":["Philosopher\u0027s Stone","bronze:MakeshiftBattery"],"picked":"Replay:Ancient Bell"},{"not_picked":["Tiny Chest","Pen Nib"],"picked":"Bag of Preparation"},{"not_picked":["HornCleat","Pear"],"picked":"Shuriken"},{"not_picked":["TungstenRod","Gambling Chip"],"picked":"Pondfish Scales"}],"items_purged_floors":[],"is_endless":false,"potions_floor_spawned":[1,8,18,21],"killed_by":"Sentry and Sphere","ascension_level":0}}