{"host":"w8jq41i5zn1fudf9","time":1611813468,"event":{"mods":["AchievementEnabler","BaseMod","Colored Map","Colored Powertips","Curses Come First","GifTheSpireLib","Googly Eyes","Minty Spire (QoL Compilation)","Quick Restart","Rare Cards Sparkle","Relic Stats","StSLib","The Awakened One except there are too many feathers","egg","everything is the same but u backflip on backflip","slay the spire mod where everything is the same but ironclad has a cowboy hat"],"gold_per_floor":[366,380,399,409,420,420,434,434,434,464,464,479,82,82,82,179,179,190,207,219,219,219],"floor_reached":21,"language":"ENG","playtime":1148,"items_purged":[],"score":194,"play_id":"1f99829b-339a-477a-b549-527f917bfff8","local_time":"20210127225748","is_ascension_mode":true,"campfire_choices":[{"floor":6,"key":"REST"},{"floor":8,"key":"REST"},{"floor":11,"key":"REST"},{"floor":15,"key":"REST"}],"circlet_count":0,"master_deck":["Strike_B","Strike_B","Strike_B","Strike_B","Defend_B","Defend_B","Defend_B","Defend_B","Zap","Dualcast","Cold Snap","Sweeping Beam","Fission","Conserve Battery","Electrodynamics","Leap"],"relics":["Cracked Core","Anchor","Blood Vial","Oddly Smooth Stone","Ornamental Fan","Snecko Eye"],"acts_visited":["Exordium","TheCity"],"potions_floor_usage":[5,12,16,16,21],"damage_taken":[{"damage":1,"enemies":"Cultist","floor":1,"turns":3},{"damage":12,"enemies":"Jaw Worm","floor":2,"turns":4},{"damage":0,"enemies":"Small Slimes","floor":3,"turns":2},{"damage":2,"enemies":"Blue Slaver","floor":4,"turns":3},{"damage":9,"enemies":"3 Louse","floor":5,"turns":3},{"damage":15,"enemies":"Looter","floor":7,"turns":3},{"damage":57,"enemies":"Lagavulin","floor":10,"turns":9},{"damage":11,"enemies":"Lots of Slimes","floor":12,"turns":3},{"damage":32,"enemies":"Hexaghost","floor":16,"turns":11},{"damage":26,"enemies":"3 Byrds","floor":18,"turns":7},{"damage":20,"enemies":"Spheric Guardian","floor":19,"turns":6},{"damage":18,"enemies":"3 Cultists","floor":20,"turns":3},{"damage":17,"enemies":"Cultist and Chosen","floor":21,"turns":4}],"seed_played":"1501547491056207316","potions_obtained":[{"floor":1,"key":"EssenceOfSteel"},{"floor":3,"key":"SteroidPotion"},{"floor":5,"key":"DuplicationPotion"},{"floor":12,"key":"PowerPotion"},{"floor":19,"key":"AttackPotion"}],"is_trial":false,"path_per_floor":["M","M","M","M","M","R","M","R","T","E","R","M","$","?","R","B",null,"M","M","M","M"],"character_chosen":"DEFECT","items_purchased":["Oddly Smooth Stone","Ornamental Fan"],"campfire_rested":4,"item_purchase_floors":[13,13],"current_hp_per_floor":[53,41,41,39,30,52,37,59,59,2,24,15,15,15,37,7,75,49,31,15,0,0],"gold":219,"neow_bonus":"TWO_FIFTY_GOLD","is_daily":false,"chose_seed":false,"campfire_upgraded":0,"win_rate":0.0,"timestamp":1611813468,"path_taken":["M","?","?","M","M","R","M","R","T","E","R","M","$","?","R","BOSS","M","M","?","M"],"items_purchased_type":["Relic","Relic"],"build_version":"2020-12-22","purchased_purges":0,"victory":false,"max_hp_per_floor":[75,75,75,75,75,75,75,75,75,75,75,75,75,75,75,75,75,75,75,75,75,75],"relic_stats":{"Blood Vial":10,"counters":[13,61],"Ornamental Fan":[24],"Snecko Eye":[30,44,41,36],"obtain_stats":[{"Blood Vial":10,"Anchor":9,"Ornamental Fan":13,"Oddly Smooth Stone":13,"Snecko Eye":17,"Cracked Core":0},{"Blood Vial":7,"Anchor":6,"Ornamental Fan":8,"Oddly Smooth Stone":8,"Snecko Eye":9,"Cracked Core":0},{"Blood Vial":27,"Anchor":18,"Ornamental Fan":30,"Oddly Smooth Stone":30,"Snecko Eye":41,"Cracked Core":0}]},"card_choices":[{"not_picked":["FTL","Steam","Hologram"],"picked":"SKIP","floor":1},{"not_picked":["Coolheaded","Redo"],"picked":"Cold Snap","floor":2},{"not_picked":["Redo","Double Energy","FTL"],"picked":"SKIP","floor":3},{"not_picked":["Static Discharge","Streamline","Consume"],"picked":"SKIP","floor":4},{"not_picked":["Stack","Go for the Eyes","Rebound"],"picked":"SKIP","floor":5},{"not_picked":["Beam Cell","Biased Cognition"],"picked":"Sweeping Beam","floor":7},{"not_picked":["Compile Driver","Sweeping Beam","Force Field"],"picked":"SKIP","floor":10},{"not_picked":["Force Field","Streamline","Reprogram"],"picked":"SKIP","floor":12},{"not_picked":["All For One","Multi-Cast"],"picked":"Fission","floor":16},{"not_picked":["Auto Shields","Hologram+1"],"picked":"Conserve Battery","floor":18},{"not_picked":["Gash+1","Hello World+1"],"picked":"Electrodynamics","floor":19},{"not_picked":["Barrage","Conserve Battery"],"picked":"Leap","floor":20}],"player_experience":68637,"relics_obtained":[{"floor":9,"key":"Anchor"},{"floor":10,"key":"Blood Vial"}],"event_choices":[{"damage_healed":0,"gold_gain":0,"player_choice":"Bought 0 Potions","damage_taken":0,"max_hp_gain":0,"max_hp_loss":0,"event_name":"The Woman in Blue","floor":14,"gold_loss":0}],"is_beta":false,"boss_relics":[{"not_picked":["Runic Dome","Black Star"],"picked":"Snecko Eye"}],"items_purged_floors":[],"is_endless":false,"potions_floor_spawned":[1,3,5,12,19],"killed_by":"Cultist and Chosen","ascension_level":1}}