{"host":"dpbezu80jg8zk7un","time":1611852391,"event":{"mods":["BaseMod","Colored Map","Colored Powertips","Custom Start","DeckTracker","Minty Spire (QoL Compilation)","Quick Restart","StSLib","SuperFastMode"],"gold_per_floor":[12,12,37,50,74,74,94,94,94,109,129,129,129,167,167,257,257,281,294,294,294],"floor_reached":20,"language":"KOR","playtime":747,"items_purged":[],"score":406,"play_id":"c64bd7bc-62a2-48f2-a323-d13345515cf3","local_time":"20210129014631","is_ascension_mode":true,"campfire_choices":[{"data":"Eruption","floor":6.0,"key":"SMITH"},{"data":"ConjureBlade","floor":8.0,"key":"SMITH"},{"floor":12.0,"key":"REST"},{"data":"Pray","floor":15.0,"key":"SMITH"}],"circlet_count":0,"master_deck":["AscendersBane","Strike_P","Strike_P","Strike_P","Defend_P","Defend_P","Eruption+1","Vigilance","ConjureBlade+1","ThirdEye","Pray+1","Prostrate","Wallop","DeusExMachina","Prostrate"],"relics":["PureWater","Golden Idol","Singing Bowl","Unceasing Top","Runic Pyramid"],"acts_visited":["Exordium","TheCity"],"potions_floor_usage":[],"damage_taken":[{"damage":6.0,"enemies":"Small Slimes","floor":1.0,"turns":4.0},{"damage":8.0,"enemies":"2 Louse","floor":3.0,"turns":4.0},{"damage":2.0,"enemies":"Jaw Worm","floor":4.0,"turns":4.0},{"damage":18.0,"enemies":"Large Slime","floor":5.0,"turns":8.0},{"damage":10.0,"enemies":"Exordium Thugs","floor":7.0,"turns":5.0},{"damage":5.0,"enemies":"Exordium Wildlife","floor":10.0,"turns":4.0},{"damage":6.0,"enemies":"Looter","floor":11.0,"turns":3.0},{"damage":0.0,"enemies":"Gremlin Nob","floor":14.0,"turns":3.0},{"damage":26.0,"enemies":"Hexaghost","floor":16.0,"turns":8.0},{"damage":15.0,"enemies":"Chosen","floor":18.0,"turns":8.0},{"damage":17,"enemies":"3 Byrds","floor":19,"turns":5}],"seed_played":"4995145339944458539","potions_obtained":[{"floor":1.0,"key":"BottledMiracle"},{"floor":3.0,"key":"SkillPotion"},{"floor":7.0,"key":"Swift Potion"},{"floor":19,"key":"SkillPotion"}],"is_trial":false,"path_per_floor":["M","?","M","M","M","R","M","R","T","M","M","R","?","E","R","B",null,"M","M","?"],"character_chosen":"WATCHER","items_purchased":[],"campfire_rested":1,"item_purchase_floors":[],"current_hp_per_floor":[55,55,47,45,27,27,17,17,17,12,8,27,27,29,29,3,50,35,20,0,0],"gold":294,"neow_bonus":"TRANSFORM_TWO_CARDS","is_daily":false,"chose_seed":false,"campfire_upgraded":3,"win_rate":0.0,"timestamp":1611852391,"path_taken":["M","?","M","M","M","R","M","R","T","M","M","R","?","E","R","BOSS","M","M","?"],"items_purchased_type":[],"build_version":"2020-12-22","purchased_purges":0,"victory":false,"max_hp_per_floor":[68,62,62,62,62,62,62,62,62,62,64,64,64,66,66,66,66,66,68,68,68],"card_choices":[{"not_picked":["Pray","JustLucky","WreathOfFlame"],"picked":"SKIP","floor":1.0},{"not_picked":["JustLucky","WreathOfFlame"],"picked":"Pray","floor":1.0},{"not_picked":["PathToVictory","FlurryOfBlows","Crescendo"],"picked":"SKIP","floor":3.0},{"not_picked":["EmptyBody","FlyingSleeves"],"picked":"Prostrate","floor":4.0},{"not_picked":["Consecrate","Protect","DeceiveReality"],"picked":"SKIP","floor":5.0},{"not_picked":["CutThroughFate","Consecrate","EmptyFist"],"picked":"SKIP","floor":7.0},{"not_picked":["Worship","EmptyFist"],"picked":"Wallop","floor":10.0},{"not_picked":["Worship","Pray","DevaForm"],"picked":"Singing Bowl","floor":11.0},{"not_picked":["Consecrate","BowlingBash","SandsOfTime"],"picked":"Singing Bowl","floor":14.0},{"not_picked":["Vault","Wish"],"picked":"DeusExMachina","floor":16.0},{"not_picked":["SignatureMove","FlurryOfBlows"],"picked":"Prostrate","floor":18.0},{"not_picked":["Protect","Halt","FlurryOfBlows"],"picked":"Singing Bowl","floor":19}],"player_experience":2935777,"relics_obtained":[{"floor":9.0,"key":"Singing Bowl"},{"floor":14.0,"key":"Unceasing Top"}],"event_choices":[{"damage_healed":0.0,"max_hp_gain":0.0,"max_hp_loss":6.0,"gold_gain":0.0,"event_name":"Golden Idol","player_choice":"Lose Max HP","floor":2.0,"gold_loss":0.0,"damage_taken":0.0,"relics_obtained":["Golden Idol"]},{"cards_removed":["Defend_P"],"damage_healed":0.0,"max_hp_gain":0.0,"max_hp_loss":0.0,"gold_gain":0.0,"event_name":"Living Wall","player_choice":"Forget","floor":13.0,"gold_loss":0.0,"damage_taken":0.0}],"is_beta":false,"boss_relics":[{"not_picked":["Velvet Choker","Fusion Hammer"],"picked":"Runic Pyramid"}],"items_purged_floors":[],"is_endless":false,"potions_floor_spawned":[1,3,7,11,19],"ascension_level":20}}