{"host":"oz0i1fpezyhy8r2h","time":1611824566,"event":{"mods":["ATMod(∞¢Ë™Mod)","Act Like it!","Arknights The Spire","BaseMod","KinomotoSakuraMod(ƒæ÷Æ±æ”£)","Minty Spire (QoL Compilation)","Reimu£®≤©¿ˆ¡È√Œ£©","Remilia£®¿Ÿ√◊¿Ú—«£©","StSLib","The Bug Knight","°æ“≈ŒÔø®≈∆°øREMEMod"],"gold_per_floor":[110,124,143,154,170,204,224,254,254,254,254,266,284,18,18,139,189,228,105,171,236,304,405,405,456,456,456,656,694,762,830,830,1000,1000,1144,1181,1181,746,782,832,832],"floor_reached":40,"language":"ZHS","playtime":2027,"items_purged":["ats:Strike V","ats:Strike S","ats:Defend"],"score":496,"play_id":"284e4716-45bf-45f9-86ad-4bac80064881","local_time":"20210128170246","is_ascension_mode":false,"campfire_choices":[{"data":"ats:Serious Mode","floor":11.0,"key":"SMITH"},{"data":"ats:Emotion Absorption","floor":15.0,"key":"SMITH"},{"data":"ats:Disruption Kick","floor":24.0,"key":"SMITH"},{"data":"ats:Guard Mode","floor":27.0,"key":"SMITH"},{"data":"ats:Armor Crushing Shot","floor":32.0,"key":"SMITH"}],"circlet_count":1,"master_deck":["ats:Strike C","ats:Strike G","ats:Armor Crushing Shot+1","ats:Defend","ats:Defend","ats:Defend","ats:Emotion Absorption+1","ats:Thermite Blade+1","ats:Absolute Focus","ats:Serious Mode+1","ats:Thermite Blade+1","ats:Guard Mode+1","ats:Wolf Pack","ats:Disruption Kick+1","ats:Blood Oath+1","ats:Fractured Body","ats:Song Of Battle"],"relics":["ats:Sanity","AT_ATBox","REME_ComplimentaryCards","Circlet","ats:Originium","Darkstone Periapt","AT_DeathDance","AT_ForceNature","Membership Card","AT_MibuBalloonWealth","Tiny House","Orichalcum","Bottled Lightning","ats:Industrial Water Cannon","REME_IWantAll","Philosopher\u0027s Stone","ats:Lavender","Sundial","REME_OnlineShoppingPlatform"],"acts_visited":["Exordium","TheCity","TheBeyond"],"potions_floor_usage":[38],"damage_taken":[{"damage":1.0,"enemies":"Cultist","floor":1.0,"turns":4.0},{"damage":0.0,"enemies":"Small Slimes","floor":2.0,"turns":2.0},{"damage":0.0,"enemies":"2 Louse","floor":3.0,"turns":3.0},{"damage":10.0,"enemies":"Gremlin Gang","floor":4.0,"turns":5.0},{"damage":5.0,"enemies":"Looter","floor":5.0,"turns":3.0},{"damage":28.0,"enemies":"Gremlin Nob","floor":6.0,"turns":4.0},{"damage":0.0,"enemies":"2 Fungi Beasts","floor":7.0,"turns":3.0},{"damage":4.0,"enemies":"Lagavulin","floor":8.0,"turns":5.0},{"damage":0.0,"enemies":"Lots of Slimes","floor":12.0,"turns":5.0},{"damage":0.0,"enemies":"Looter","floor":13.0,"turns":2.0},{"damage":11.0,"enemies":"The Guardian","floor":16.0,"turns":5.0},{"damage":3.0,"enemies":"Chosen","floor":18.0,"turns":4.0},{"damage":12.0,"enemies":"Centurion and Healer","floor":20.0,"turns":5.0},{"damage":0.0,"enemies":"Sentry and Sphere","floor":21.0,"turns":3.0},{"damage":9.0,"enemies":"Chosen and Byrds","floor":22.0,"turns":4.0},{"damage":27.0,"enemies":"Slavers","floor":23.0,"turns":7.0},{"damage":12.0,"enemies":"Book of Stabbing","floor":25.0,"turns":4.0},{"damage":2.0,"enemies":"Colosseum Slavers","floor":28.0,"turns":2.0},{"damage":1.0,"enemies":"Colosseum Nobs","floor":28.0,"turns":2.0},{"damage":0.0,"enemies":"Snecko","floor":29.0,"turns":3.0},{"damage":0.0,"enemies":"Centurion and Healer","floor":30.0,"turns":3.0},{"damage":0.0,"enemies":"Chosen and Byrds","floor":31.0,"turns":2.0},{"damage":7.0,"enemies":"Collector","floor":33.0,"turns":4.0},{"damage":32.0,"enemies":"3 Darklings","floor":35.0,"turns":4.0},{"damage":6.0,"enemies":"Orb Walker","floor":36.0,"turns":2.0},{"damage":11,"enemies":"Writhing Mass","floor":39,"turns":2},{"damage":66,"enemies":"Reptomancer","floor":40,"turns":3}],"seed_played":"5807273480956447451","potions_obtained":[{"floor":1.0,"key":"SmokeBomb"},{"floor":6.0,"key":"FearPotion"},{"floor":7.0,"key":"REME_GoldPotion"},{"floor":12.0,"key":"REME_GoldPotion"},{"floor":13.0,"key":"SteroidPotion"},{"floor":17.0,"key":"Ancient Potion"},{"floor":23.0,"key":"AttackPotion"},{"floor":28.0,"key":"Regen Potion"},{"floor":36.0,"key":"LiquidBronze"}],"is_trial":false,"path_per_floor":["M","M","M","M","M","E","M","E","T","?","R","M","M","$","R","B",null,"M","$","M","M","M","E","R","E","T","R","?","M","M","M","R","B",null,"M","M","?","$","M","E"],"character_chosen":"DOCTOR_CLASS","items_purchased":["Membership Card","AT_MibuBalloonWealth","Orichalcum","Fruit Juice","ats:Lavender","Sundial","REME_OnlineShoppingPlatform"],"campfire_rested":0,"item_purchase_floors":[14,14,19,38,38,38,38],"current_hp_per_floor":[78,78,78,68,63,35,35,31,31,31,31,31,31,31,31,20,84,81,81,69,69,60,33,33,21,21,21,18,18,23,23,23,16,84,57,56,56,61,51,0,0],"gold":832,"neow_bonus":"TEN_PERCENT_HP_BONUS","is_daily":false,"chose_seed":false,"campfire_upgraded":5,"win_rate":0.0,"timestamp":1611824566,"path_taken":["M","M","M","M","?","E","M","E","T","?","R","M","?","$","R","BOSS","M","$","M","M","M","E","R","E","T","R","?","M","M","M","R","BOSS","M","M","?","$","M","E"],"items_purchased_type":["Relic","Relic","Relic","Potion","Relic","Relic","Relic"],"build_version":"2020-12-22","purchased_purges":3,"victory":false,"max_hp_per_floor":[79,79,79,79,79,79,79,79,79,79,79,79,79,79,79,79,84,84,84,84,84,84,84,84,84,84,84,84,84,84,84,84,84,84,84,84,84,89,89,89,89],"card_choices":[{"not_picked":["ats:Curse Doll","ats:Closed Bolt Burst Fire"],"picked":"ats:Thermite Blade","floor":1.0},{"not_picked":["ats:Hammer On","ats:Overload"],"picked":"ats:Absolute Focus","floor":2.0},{"not_picked":["ats:Thorns","ats:Defend Order"],"picked":"ats:Serious Mode","floor":3.0},{"not_picked":["ats:Consecutive Shot Auto","ats:Very Hot Blade","ats:Revitalization"],"picked":"SKIP","floor":4.0},{"not_picked":["ats:Revitalization","ats:Flexible Camouflage","ats:Absolute Focus"],"picked":"SKIP","floor":5.0},{"not_picked":["ats:Defend Order","ats:Revitalization"],"picked":"ats:Thermite Blade","floor":6.0},{"not_picked":["ats:Very Hot Blade","ats:Automatic Cover"],"picked":"ats:Guard Mode","floor":7.0},{"not_picked":["ats:Powerful Strike","ats:Sunburst","ats:Very Hot Blade"],"picked":"SKIP","floor":8.0},{"not_picked":["ats:Leaping Hammer","ats:Cat Scratch","ats:Absolute Focus"],"picked":"SKIP","floor":12.0},{"not_picked":["ats:Sashimi Platter","ats:Spore Proliferation","ats:Dogmatic Field"],"picked":"SKIP","floor":13.0},{"not_picked":["ats:Soul Rend","ats:Roar Of Ursus"],"picked":"ats:Wolf Pack","floor":16.0},{"not_picked":["ats:Guard Mode","ats:Spore Proliferation+1","ats:Consecutive Shot Auto+1"],"picked":"SKIP","floor":18.0},{"not_picked":["ats:Flexible Camouflage","ats:Explosion Area Strengthen","ats:Cat Scratch"],"picked":"SKIP","floor":20.0},{"not_picked":["ats:Closed Bolt Burst Fire+1","ats:Revitalization+1","ats:Steam Pump"],"picked":"SKIP","floor":21.0},{"not_picked":["ats:Assault Order","ats:Leaping Hammer"],"picked":"ats:Disruption Kick","floor":22.0},{"not_picked":["ats:Burning Ground+1","ats:Poison Spread+1","ats:Neurotoxin"],"picked":"SKIP","floor":23.0},{"not_picked":["ats:Flexible Camouflage","ats:Collapsing Strike","ats:Poison Spread"],"picked":"SKIP","floor":25.0},{"not_picked":["ats:Counter Healing Mode","ats:Curse Doll"],"picked":"ats:Blood Oath+1","floor":28.0},{"not_picked":["ats:Magnetic Hammer","ats:Apocalypse","ats:Very Hot Blade"],"picked":"SKIP","floor":29.0},{"not_picked":["ats:Guard Mode","ats:Disruption Kick","ats:Powerful Strike"],"picked":"SKIP","floor":30.0},{"not_picked":["ats:Leaping Hammer","ats:Closed Bolt Burst Fire","ats:Apocalypse+1"],"picked":"SKIP","floor":31.0},{"not_picked":["ats:Durian","ats:Disruption Kick"],"picked":"ats:Fractured Body","floor":33.0},{"not_picked":["ats:Assault Order+1","ats:LN2 Cannon","ats:Healing Strengthening+1"],"picked":"SKIP","floor":35.0},{"not_picked":["ats:Flexible Camouflage","ats:Thermite Blade+1","ats:Explosion Area Strengthen+1"],"picked":"SKIP","floor":36.0},{"not_picked":["ats:Flame Of Heaven","ats:Absolute Focus"],"picked":"ats:Song Of Battle","floor":39}],"player_experience":163951,"relics_obtained":[{"floor":6.0,"key":"ats:Originium"},{"floor":6.0,"key":"Darkstone Periapt"},{"floor":8.0,"key":"ats:Originium"},{"floor":8.0,"key":"AT_DeathDance"},{"floor":9.0,"key":"AT_ForceNature"},{"floor":23.0,"key":"ats:Originium"},{"floor":23.0,"key":"Bottled Lightning"},{"floor":25.0,"key":"ats:Originium"},{"floor":28.0,"key":"ats:Industrial Water Cannon"},{"floor":28.0,"key":"REME_IWantAll"}],"event_choices":[{"damage_healed":0.0,"max_hp_gain":0.0,"max_hp_loss":0.0,"gold_gain":0.0,"event_name":"Accursed Blacksmith","player_choice":"Forge","floor":10.0,"gold_loss":0.0,"damage_taken":0.0,"cards_upgraded":["ats:Thermite Blade"]},{"damage_healed":0.0,"max_hp_gain":0.0,"max_hp_loss":0.0,"gold_gain":0.0,"event_name":"Colosseum","player_choice":"Fight","floor":28.0,"gold_loss":0.0,"damage_taken":0.0},{"damage_healed":0.0,"max_hp_gain":0.0,"max_hp_loss":0.0,"gold_gain":0.0,"event_name":"Colosseum","player_choice":"Fought Nobs","floor":28.0,"gold_loss":0.0,"damage_taken":0.0},{"damage_healed":0,"gold_gain":0,"player_choice":"Bought 0 Potions","damage_taken":0,"max_hp_gain":0,"max_hp_loss":0,"event_name":"The Woman in Blue","floor":37,"gold_loss":0}],"is_beta":false,"boss_relics":[{"not_picked":["Runic Dome","Fusion Hammer"],"picked":"Tiny House"},{"not_picked":["REME_LowDesire","AT_MortalBlade"],"picked":"Philosopher\u0027s Stone"}],"items_purged_floors":[14,19,38],"is_endless":false,"potions_floor_spawned":[1,6,7,12,13,16,21,23,28,28,31,36],"killed_by":"Reptomancer","ascension_level":0}}