{"host":"tm3ghj8mno6gwywm","time":1611798056,"event":{"mods":["2.2 Compatiblity","AchievementEnabler","Bard","BaseMod","Beaked The Cultist","Better Third Choice","Colored Map","Colored Powertips","Conspire","Downfall","Glutton Mod","GungeonMod","Halation","Hermit","Hubris","Infinite Spire","Jorbs\u0027s Wanderer Trilogy","Mad Scientist","Marisa????????","Marked Mod","Mimic Mod","Minty Spire (QoL Compilation)","Potionbrewer","Quick Restart","Replay The Spire","Shade Mod","Shop Mod","Somnambulant","Spicy Shops","StSLib","SuperFastMode","The Bug Knight","The Construct","The Cursed","The Disciple","The Hierophant","The IronCluck","The Judge","The Jungle","The Necromancer","The Runesmith","The Servant 0.9.4","egg"],"gold_per_floor":[411,425,443,443,457,457,487,129,129,148,180,192,214,18,18,124,124,149,33,63,25,25,25,25,66,75,96,105,140,140,449,449,556,556,583,583,433,454,482,482,526,537,564,594,594,637,637,661,661,661,661,661,179,234,234],"floor_reached":56,"language":"ENG","playtime":1626,"items_purged":["hubris:Sloth"],"score":1710,"play_id":"eb4d8cc6-ea8e-45dc-abf6-536810dfbcdd","local_time":"20210127204056","is_ascension_mode":false,"campfire_choices":[{"floor":6,"key":"RECALL"},{"data":"TheCursedMod:CursedWand","floor":15,"key":"SMITH"},{"data":"TheCursedMod:CleanUpWorkshop","floor":23,"key":"SMITH"},{"data":"TheCursedMod:Defend_TheCursed","floor":30,"key":"SMITH"},{"floor":32,"key":"REST"},{"data":"TheCursedMod:Defend_TheCursed","floor":40,"key":"SMITH"},{"data":"TheCursedMod:Defend_TheCursed","floor":47,"key":"SMITH"},{"data":"TheCursedMod:Defend_TheCursed","floor":49,"key":"SMITH"},{"data":"TheCursedMod:Strike_TheCursed","floor":52,"key":"SMITH"}],"circlet_count":0,"master_deck":["TheCursedMod:Strike_TheCursed","TheCursedMod:Strike_TheCursed","TheCursedMod:Strike_TheCursed","TheCursedMod:Strike_TheCursed+1","TheCursedMod:Defend_TheCursed+1","TheCursedMod:Defend_TheCursed+1","TheCursedMod:Defend_TheCursed+1","TheCursedMod:Defend_TheCursed+1","TheCursedMod:CursedWand+1","TheCursedMod:CleanUpWorkshop+1","TheCursedMod:Dregs","TheCursedMod:ParallelWorld+1","TheCursedMod:FleshFromBone+1","TheCursedMod:CircleOfCorruption+1","TheCursedMod:CircleOfBlood+1","TheCursedMod:CursedAmulet+1","TheCursedMod:HellfireBreathing+1","TheCursedMod:CircleOfAmplification+1","TheCursedMod:CursedBlade+1","Shame","TheCursedMod:CircleOfCorruption+1","TheCursedMod:WearCloak+1","TheCursedMod:EmpowerCircles+1","TheCursedMod:CircleOfAbyss+1","TheCursedMod:VoidForm+1","TheCursedMod:Wield+1","TheCursedMod:CursedAmulet+1","hubris:DuctTapeCard","TheCursedMod:CursedShiv+1","infinitespire:Starlight+1","TheCursedMod:RapidMovement+1","infinitespire:Gouge+1","TheCursedMod:AntiAging+1","TheCursedMod:Evocation+1","TheCursedMod:SmokeScreen+1","TheCursedMod:ShockAndAwe+1","TheCursedMod:SpitefulPray+1","Parasite","TheCursedMod:CircleOfBlood+1","TheCursedMod:HellsGateOpen+1","TheCursedMod:CursedShiv+1","TheCursedMod:EmpowerCircles+1","TheCursedMod:CircleOfCorruption+1","TheCursedMod:CircleOfFlame+1"],"relics":["TheCursedMod:BlackMagic101","Old Coin","WingedGreaves","Lizard Tail","Mummified Hand","Black Star","Molten Egg 2","Toxic Egg 2","Frozen Egg 2","Quantum Egg","Membership Card","DemoMod:GlassGuonStoneRelic","Art of War","Bird Faced Urn","potionbrewer:Torch","DollysMirror","DemoMod:PoisonVial","Pantograph","hubris:MedicalManual","CeramicFish","Strange Spoon","Vajra","Replay:Bronze Core","Darkstone Periapt","ReplayTheSpireMod:CursedCoin","halation:PromiseList","DemoMod:MonsterBlood","Red Mask","hubris:Towel","Question Card","Bottled Lightning","ReplayTheSpireMod:Lightbulb","Toy Ornithopter","hubris:DuctTape","hubris:FruitBowl","hubris:KleinBottle","infinitespire:CheckeredPen","Durian","DemoMod:WhiteGuonStone","hubris:CrystalStatue","conspire:SpecialSausage","Old Coin","sneckomod:SneckoTalon","potionbrewer:Keyblade","TheCursedMod:PinkPellets","HornCleat","Oddly Smooth Stone","Orichalcum","DemoMod:NanoMachines","ReplayFunnel","infinitespire:EvilPickle","construct:BoolHorns","TheCursedMod:BloodyHarpoon","bronze:BronzeIdol","hubris:BottledRain","hubris:PeanutButter","TheCursedMod:DemonicMark"],"acts_visited":["Exordium","TheCity","TheBeyond","TheEnding"],"potions_floor_usage":[33,55,55],"damage_taken":[{"damage":6,"enemies":"conspire:RoseBush","floor":1,"turns":3},{"damage":0,"enemies":"Cultist","floor":2,"turns":3},{"damage":0,"enemies":"Small Slimes","floor":3,"turns":2},{"damage":0,"enemies":"Looter","floor":5,"turns":2},{"damage":6,"enemies":"HollowMod:MossKnight","floor":7,"turns":8},{"damage":0,"enemies":"Blue Slaver","floor":10,"turns":1},{"damage":0,"enemies":"Replay:BlueRogue","floor":11,"turns":2},{"damage":0,"enemies":"Gremlin Gang","floor":12,"turns":1},{"damage":0,"enemies":"Large Slime","floor":13,"turns":2},{"damage":0,"enemies":"The Guardian","floor":16,"turns":3},{"damage":0,"enemies":"conspire:FuzzyDice","floor":18,"turns":3},{"damage":0,"enemies":"Masked Bandits","floor":20,"turns":3},{"damage":2,"enemies":"3 Byrds","floor":25,"turns":4},{"damage":0,"enemies":"3 Byrds","floor":27,"turns":2},{"damage":0,"enemies":"conspire:Head Lice","floor":29,"turns":4},{"damage":9,"enemies":"Pondfish","floor":33,"turns":3},{"damage":5,"enemies":"3 Shapes","floor":35,"turns":2},{"damage":0,"enemies":"3 Darklings","floor":38,"turns":3},{"damage":0,"enemies":"Jaw Worm Horde","floor":39,"turns":3},{"damage":0,"enemies":"beaked:SuperParasite","floor":41,"turns":3},{"damage":10,"enemies":"4 Shapes","floor":42,"turns":3},{"damage":0,"enemies":"Writhing Mass","floor":44,"turns":3},{"damage":0,"enemies":"R_Hoarder","floor":46,"turns":4},{"damage":0,"enemies":"Jaw Worm Horde","floor":48,"turns":2},{"damage":0,"enemies":"Awakened One","floor":50,"turns":6},{"damage":0,"enemies":"Shield and Spear","floor":54,"turns":3},{"damage":0,"enemies":"The Heart","floor":55,"turns":3}],"seed_played":"-3652683255130718608","potions_obtained":[{"floor":3,"key":"potionbrewer:ToxicPotion"},{"floor":10,"key":"Weak Potion"},{"floor":12,"key":"DistilledChaos"},{"floor":33,"key":"Fire Potion"},{"floor":42,"key":"EssenceOfSteel"}],"is_trial":false,"path_per_floor":["M","M","M","?","M","R","E","$","T","M","E","M","M","$","R","B",null,"M","$","?","$","?","R","?","MIM","T","M","$","E","R","AVR","R","B",null,"M","?","$","M","M","R","E","M","T","M","?","E","R","M","R","B",null,"R","$","E","B",null],"character_chosen":"THE_CURSED","items_purchased":["TheCursedMod:LuckyCharm+1","potionbrewer:Torch","TheCursedMod:CursedBlade+1","DollysMirror","DemoMod:PoisonVial","Pantograph","TheCursedMod:EmpowerCircles+1","Strange Spoon","Vajra","TheCursedMod:CircleOfAbyss+1","Darkstone Periapt","ReplayTheSpireMod:CursedCoin","halation:PromiseList","DemoMod:MonsterBlood","hubris:FruitBowl","hubris:KleinBottle","infinitespire:CheckeredPen","Durian","potionbrewer:Keyblade","TheCursedMod:PinkPellets","TheCursedMod:EmpowerCircles+1","TheCursedMod:CircleOfCorruption+1","construct:BoolHorns","TheCursedMod:BloodyHarpoon","bronze:BronzeIdol","hubris:BottledRain","Strength Potion"],"campfire_rested":1,"item_purchase_floors":[8,8,8,8,8,8,14,14,14,14,19,19,19,19,28,28,28,28,37,37,53,53,53,53,53,53,53],"current_hp_per_floor":[69,69,69,69,73,73,69,69,69,75,75,75,75,75,75,75,75,75,88,88,88,88,88,88,88,88,88,21,65,65,65,93,92,95,99,99,99,103,107,107,107,101,101,116,116,120,120,120,120,124,124,124,124,124,124],"gold":234,"neow_bonus":"ONE_RANDOM_RARE_CARD","is_daily":false,"chose_seed":false,"campfire_upgraded":7,"win_rate":0.0,"timestamp":1611798056,"path_taken":["M","M","M","?","?","R","E","$","T","M","E","M","M","$","R","BOSS","M","$","?","$","?","R","?","?","T","M","?","E","R","AVR","R","BOSS","M","?","$","M","?","R","E","M","T","M","?","E","R","M","R","BOSS","R","$","E","BOSS"],"items_purchased_type":["Card","Relic","Card","Relic","Relic","Relic","Card","Relic","Relic","Card","Relic","Relic","Relic","Relic","Relic","Relic","Relic","Relic","Relic","Relic","Card","Card","Relic","Relic","Relic","Relic","Potion"],"build_version":"2020-12-22","purchased_purges":1,"victory":true,"max_hp_per_floor":[75,75,75,75,75,75,75,75,75,75,75,75,75,75,75,75,75,75,88,88,88,88,88,88,88,88,88,95,95,95,95,95,95,95,99,99,99,103,107,107,107,107,107,116,116,120,120,120,120,124,124,124,124,124,124],"card_choices":[{"not_picked":["TheCursedMod:BlessingInDisguise+1","TheCursedMod:CursedAmulet+1"],"picked":"TheCursedMod:FleshFromBone+1","floor":1},{"not_picked":["TheCursedMod:CursedMace+1","TheCursedMod:WearCloak+1"],"picked":"TheCursedMod:CircleOfCorruption+1","floor":2},{"not_picked":["TheCursedMod:Wield+1","TheCursedMod:RavingStaff+1"],"picked":"TheCursedMod:CircleOfBlood+1","floor":3},{"not_picked":["TheCursedMod:Hemoplague+1","TheCursedMod:CursedAmulet+1"],"picked":"TheCursedMod:HellfireBreathing+1","floor":5},{"not_picked":["TheCursedMod:Torture+1","TheCursedMod:ReleasedStrength+1"],"picked":"TheCursedMod:CircleOfAmplification+1","floor":7},{"not_picked":["TheCursedMod:RavingStaff+1","TheCursedMod:AbyssShockwave+1"],"picked":"TheCursedMod:SpitefulPlan+1","floor":10},{"not_picked":["TheCursedMod:Neurasthenia+1","TheCursedMod:RapidMovement+1","TheCursedMod:SurpriseAttack+1"],"picked":"SKIP","floor":11},{"not_picked":["TheCursedMod:SpitefulStrike+1","TheCursedMod:VitalStrike+1","TheCursedMod:SpreadPlague+1"],"picked":"SKIP","floor":12},{"not_picked":["TheCursedMod:SpitefulStrike+1","TheCursedMod:VitalStrike+1","TheCursedMod:SpreadPlague+1"],"picked":"SKIP","floor":12},{"not_picked":["TheCursedMod:CursedBlade+1","TheCursedMod:AbyssShockwave+1"],"picked":"TheCursedMod:WearCloak+1","floor":13},{"not_picked":["TheCursedMod:DemonicPact+1","TheCursedMod:CursedRelics+1"],"picked":"TheCursedMod:VoidForm+1","floor":16},{"not_picked":["TheCursedMod:CursedAmulet+1","TheCursedMod:Mangle+1"],"picked":"TheCursedMod:Wield+1","floor":18},{"not_picked":["TheCursedMod:RavingStaff+1","TheCursedMod:SpitefulPray+1"],"picked":"TheCursedMod:CursedAmulet+1","floor":25},{"not_picked":["TheCursedMod:ManaBullet+1","TheCursedMod:RapidMovement+1","TheCursedMod:Stigma+1"],"picked":"TheCursedMod:CursedShiv+1","floor":27},{"not_picked":["infinitespire:Fortify","infinitespire:SealOfDarkness+"],"picked":"infinitespire:Starlight","floor":28},{"not_picked":["TheCursedMod:SaltUponWound+1","TheCursedMod:VitalStrike+1","TheCursedMod:CursedRelics+1"],"picked":"TheCursedMod:RapidMovement+1","floor":29},{"not_picked":["TheCursedMod:DemonSword+1","TheCursedMod:Neurasthenia+1","TheCursedMod:CircleOfAbyss+1"],"picked":"TheCursedMod:AntiAging+1","floor":33},{"not_picked":["TheCursedMod:TacticalStrike+1","TheCursedMod:Stretching+1","TheCursedMod:CursedMace+1"],"picked":"TheCursedMod:Evocation+1","floor":35},{"not_picked":["TheCursedMod:SpitefulStrike+1","TheCursedMod:CursedMace+1","TheCursedMod:VitalStrike+1"],"picked":"TheCursedMod:SmokeScreen+1","floor":38},{"not_picked":["TheCursedMod:CursedMace+1","TheCursedMod:SurpriseAttack+1","TheCursedMod:RavingStaff+1"],"picked":"TheCursedMod:ShockAndAwe+1","floor":39},{"not_picked":["TheCursedMod:TacticalStrike+1","TheCursedMod:AshesToAshes+1","TheCursedMod:CircleOfFlame+1"],"picked":"TheCursedMod:SpitefulPray+1","floor":41},{"not_picked":["TheCursedMod:PrepareRite+1","TheCursedMod:RavingStaff+1","TheCursedMod:VitalStrike+1","TheCursedMod:CursedMace+1"],"picked":"SKIP","floor":42},{"not_picked":["TheCursedMod:CursedSpellbook+1","TheCursedMod:CursedAmulet+1","TheCursedMod:SpitefulPlan+1"],"picked":"TheCursedMod:CircleOfBlood+1","floor":44},{"not_picked":["TheCursedMod:Torture+1","TheCursedMod:Obscuration+1","TheCursedMod:WearCloak+1"],"picked":"TheCursedMod:HellsGateOpen+1","floor":46},{"not_picked":["TheCursedMod:HellsGateOpen+1","TheCursedMod:Stigma+1","TheCursedMod:CursedMace+1"],"picked":"TheCursedMod:CursedShiv+1","floor":48},{"not_picked":["TheCursedMod:FuryStrike+1","TheCursedMod:Evocation+1","TheCursedMod:SmokeScreen+1"],"picked":"TheCursedMod:CircleOfFlame+1","floor":54}],"player_experience":847755,"relics_obtained":[{"floor":7,"key":"Art of War"},{"floor":7,"key":"Bird Faced Urn"},{"floor":11,"key":"hubris:MedicalManual"},{"floor":11,"key":"CeramicFish"},{"floor":20,"key":"Red Mask"},{"floor":25,"key":"Question Card"},{"floor":25,"key":"Bottled Lightning"},{"floor":25,"key":"ReplayTheSpireMod:Lightbulb"},{"floor":25,"key":"Toy Ornithopter"},{"floor":26,"key":"hubris:DuctTape"},{"floor":29,"key":"DemoMod:WhiteGuonStone"},{"floor":29,"key":"hubris:CrystalStatue"},{"floor":41,"key":"HornCleat"},{"floor":41,"key":"Oddly Smooth Stone"},{"floor":43,"key":"Orichalcum"},{"floor":46,"key":"DemoMod:NanoMachines"},{"floor":46,"key":"ReplayFunnel"},{"floor":54,"key":"hubris:PeanutButter"},{"floor":54,"key":"TheCursedMod:DemonicMark"}],"event_choices":[{"damage_healed":0,"gold_gain":0,"player_choice":"1 cards matched","damage_taken":0,"max_hp_gain":0,"max_hp_loss":0,"event_name":"Match and Keep!","floor":4,"gold_loss":0,"cards_obtained":["TheCursedMod:CursedAmulet"]},{"damage_healed":0,"gold_gain":0,"player_choice":"Fought Bandits","damage_taken":0,"max_hp_gain":0,"max_hp_loss":0,"event_name":"Masked Bandits","floor":20,"gold_loss":0},{"damage_healed":0,"gold_gain":0,"player_choice":"Ignored","damage_taken":0,"max_hp_gain":0,"max_hp_loss":0,"event_name":"Vampires","floor":22,"gold_loss":0},{"damage_healed":0,"gold_gain":0,"player_choice":"Ignored","damage_taken":0,"max_hp_gain":0,"max_hp_loss":0,"event_name":"betterThird:BetterPortal","floor":36,"gold_loss":0}],"is_beta":false,"boss_relics":[{"not_picked":["halation:LoveArrow","Runic Pyramid"],"picked":"Replay:Bronze Core"},{"not_picked":["Replay:Grab Bag","halation:PinkAlligatorPlush"],"picked":"sneckomod:SneckoTalon"}],"items_purged_floors":[21],"is_endless":false,"potions_floor_spawned":[3,10,12,13,16,27,29,33,42,46],"ascension_level":0}}