{"host":"or1kyy78tiubr3jv","time":1611802136,"event":{"mods":["2.2 Compatiblity","AchievementEnabler","BaseMod","Bestiary","Better Note","Better Third Choice","BetterRewards","Colored Map","Colored Powertips","DeckTracker","Downfall","Energized Spire","Highlight Path","Infinite Spire","Minty Spire (QoL Compilation)","Quick Restart","Relic Filter","Reworked Bosses","StSLib","The Cursed"],"gold_per_floor":[113,125,125,125,24,24,24,24,35,35,35,20,20,27,27,128,128,141,159,178,15,15,15,15,15],"floor_reached":23,"language":"ENG","playtime":1155,"items_purged":[],"score":195,"play_id":"271442b2-ce69-44f1-a93d-408e473a4b42","local_time":"20210127214856","is_ascension_mode":true,"campfire_choices":[{"data":"champ:Improvising","floor":8.0,"key":"SMITH"},{"data":"champ:Taunt","floor":10.0,"key":"SMITH"},{"floor":13.0,"key":"REST"},{"floor":15.0,"key":"REST"}],"circlet_count":0,"master_deck":["champ:Strike","champ:Strike","champ:Strike","champ:Strike","champ:Defend","champ:Defend","champ:Defend","champ:Defend","champ:Execute","champ:Taunt+1","Decay","champ:BerserkersShout","champ:GladiatorStyle","champ:Improvising+1","champ:ArenaPreparation","champ:Shatter","champ:PreciseThrust","champ:Haymaker","champ:StanceDance","champ:MurderStrike","expansioncontent:InvincibleStrength","champ:Devastate","champ:ViciousMockery+1","champ:FocusedDefense","champ:SkillfulDodge","expansioncontent:StudyTheSpire"],"relics":["champ:ChampionCrown","champ:GladiatorsBookOfMartialProwess","downfall:ShatteredFragment","Du-Vu Doll","Pear","infinitespire:FocusingShard","energizedSpire:MagnifyingGlass"],"acts_visited":["Exordium","TheCity"],"potions_floor_usage":[19,19,23,23],"damage_taken":[{"damage":12.0,"enemies":"2 Louse","floor":1.0,"turns":2.0},{"damage":32.0,"enemies":"Jaw Worm","floor":2.0,"turns":5.0},{"damage":42.0,"enemies":"downfall:FleeingMerchant","floor":5.0,"turns":4.0},{"damage":15.0,"enemies":"Cultist","floor":9.0,"turns":2.0},{"damage":20.0,"enemies":"downfall:FleeingMerchant","floor":12.0,"turns":4.0},{"damage":25.0,"enemies":"downfall:FleeingMerchant","floor":14.0,"turns":4.0},{"damage":63.0,"enemies":"IC_STATUS_ARCHETYPE","floor":16.0,"turns":5.0},{"damage":48,"enemies":"Spheric Guardian","floor":18,"turns":4},{"damage":86,"enemies":"Cultist and Chosen","floor":19,"turns":7},{"damage":26,"enemies":"Snake Plant","floor":20,"turns":3},{"damage":35,"enemies":"Centurion and Healer","floor":23,"turns":4}],"seed_played":"3331260307884097949","potions_obtained":[{"floor":2.0,"key":"champ:TechniquePotion"},{"floor":9.0,"key":"SkillPotion"},{"floor":11.0,"key":"Energy Potion"},{"floor":16.0,"key":"EssenceOfSteel"},{"floor":19,"key":"PowerPotion"},{"floor":20,"key":"hexamod:SoulburnPotion"}],"is_trial":false,"path_per_floor":["M","M","?","T","$","?","T","R","M","R","?","$","R","$","R","B",null,"M","M","M","$","?","M"],"character_chosen":"THE_CHAMP","items_purchased":["champ:ArenaPreparation","champ:Shatter","infinitespire:FocusingShard","expansioncontent:InvincibleStrength","expansioncontent:StudyTheSpire"],"campfire_rested":2,"item_purchase_floors":[5,5,14,14,21],"current_hp_per_floor":[88,81,54,54,42,42,52,52,52,52,52,42,72,57,87,59,100,87,31,15,15,15,0,0,0],"gold":15,"neow_bonus":"ONE_RARE_RELIC","is_daily":false,"chose_seed":false,"campfire_upgraded":2,"win_rate":0.0,"timestamp":1611802136,"path_taken":["M","M","?","?","$","?","T","R","?","R","?","?","R","?","R","BOSS","M","M","M","$","?","M"],"items_purchased_type":["Card","Card","Relic","Card","Card"],"build_version":"2020-12-22","purchased_purges":0,"victory":false,"max_hp_per_floor":[90,90,90,90,90,90,100,100,100,100,100,100,100,100,100,100,100,100,100,100,100,100,100,100,100],"card_choices":[{"not_picked":["champ:CrownThrow","champ:EnGarde"],"picked":"champ:BerserkersShout","floor":1.0},{"not_picked":["champ:Endure","champ:PreciseThrust"],"picked":"champ:GladiatorStyle","floor":2.0},{"not_picked":["champ:Haymaker","champ:ShieldSlam"],"picked":"champ:Improvising","floor":5.0},{"not_picked":["champ:DefensiveShout","champ:BringItOn"],"picked":"champ:Haymaker","floor":9.0},{"not_picked":["champ:Haymaker","champ:DefensiveShout"],"picked":"champ:StanceDance","floor":12.0},{"not_picked":["champ:ShieldSigil","champ:BladeFlurry"],"picked":"champ:MurderStrike","floor":14.0},{"not_picked":["champ:UltimateStance","champ:LastStand"],"picked":"champ:Devastate","floor":16.0},{"not_picked":["champ:ShieldSigil","champ:Backstep"],"picked":"champ:ViciousMockery+1","floor":18},{"not_picked":["champ:Duel","champ:GladiatorStyle"],"picked":"champ:FocusedDefense","floor":19},{"not_picked":["champ:DefensiveShout","champ:HeartStrike"],"picked":"champ:SkillfulDodge","floor":20}],"player_experience":511078,"relics_obtained":[{"floor":4.0,"key":"Du-Vu Doll"},{"floor":7.0,"key":"Pear"}],"event_choices":[{"damage_healed":0.0,"max_hp_gain":0.0,"max_hp_loss":0.0,"gold_gain":0.0,"event_name":"Lab","player_choice":"Got Potions","floor":11.0,"gold_loss":0.0,"damage_taken":0.0},{"damage_healed":0,"gold_gain":0,"player_choice":"Ignored","damage_taken":0,"max_hp_gain":0,"max_hp_loss":0,"event_name":"Ghosts","floor":22,"gold_loss":0}],"is_beta":false,"boss_relics":[{"not_picked":["bronze:MakeshiftBattery","Fusion Hammer"],"picked":"energizedSpire:MagnifyingGlass"}],"items_purged_floors":[],"is_endless":false,"potions_floor_spawned":[2,9,16,19,20],"killed_by":"Centurion and Healer","ascension_level":2}}