{"host":"hp5j21f092xpawtl","time":1611825918,"event":{"mods":["Act Like it!","BaseMod","Conspire","Dota2Spire","Downfall","Gensokyo","Hallownest","KinomotoSakuraMod(木之本樱)","KomeijiMod","Minty Spire (QoL Compilation)","Remilia（蕾米莉亚）","Replay The Spire","Shop Mod","StSLib","The Administrix","The Bladedancer","The Bug Knight","The Death Knight","The Senshi","Warlord Emblem","Yakumo Yukari mod","[IsaacMod]以撒尖塔","noobMod"],"gold_per_floor":[390,161,176,194,194,426,441,281,281,529,560,573,601,733,733,837,837,851,731,831,831,1631,1631,711,711,711,711,724,122,170,819,819,932,932,1255,1255,1275,1739,2489,2489,2489,2489,2560,2560,2584,2241,2301,2301,1538,1538,1538,1592,1592,1592,1231,1301,1353],"floor_reached":58,"language":"ZHS","playtime":7682,"items_purged":["HollowMod:NailStrikeStart","HollowMod:NailStrikeStart","HollowMod:QuickDashStart","HollowMod:FocusHealStart"],"score":1749,"play_id":"13439add-b36d-4d0b-9bea-cf52c8fe001f","local_time":"20210128172518","is_ascension_mode":false,"campfire_choices":[{"floor":15.0,"key":"RECALL"},{"data":"HollowMod:AwokenDreamNail","floor":23.0,"key":"SMITH"},{"data":"HollowMod:SoulStrike","floor":25.0,"key":"SMITH"},{"data":"HollowMod:VengefulVoid","floor":42.0,"key":"SMITH"},{"data":"HollowMod:HowlingWraiths","floor":48.0,"key":"SMITH"},{"data":"HollowMod:DesolateDive","floor":51.0,"key":"SMITH"},{"data":"HollowMod:SoulMaster","floor":54,"key":"SMITH"}],"circlet_count":0,"master_deck":["HollowMod:NailStrikeStart","HollowMod:QuickDashStart","HollowMod:PogoStrike","HollowMod:ChannelNail","HollowMod:CloakDash","HollowMod:SoulSplash+1","HollowMod:DoubleDash","HollowMod:CloakDash","Necronomicurse","HollowMod:DesolateDive+1","HollowMod:ChannelNail","HollowMod:CornifersMapStart","HollowMod:VengefulVoid+1","HollowMod:AwokenDreamNail+1","HollowMod:SoulStrike+1","HollowMod:SharpenedNail+1","HollowMod:MantisMark+1","HollowMod:HowlingWraiths+1","HollowMod:HowlingWraiths+1","HollowMod:DescendingDark","HollowMod:LifebloodCore","Gensokyo:ShootingStar","HollowMod:Weaversong","HollowMod:CornifersMapStart+1","HollowMod:Weaversong+1","HollowMod:MawleksShell+1","HollowMod:SoulMaster+1","HollowMod:VengefulSpirit+1","HollowMod:GoodIntentions","HollowMod:ChannelNail+1","HollowMod:AwokenDreamNail","HollowMod:GreatSlash","Doubt","HollowMod:CloakDash","bronze:Iterate+1"],"relics":["HollowMod:VesselMask","ice","HushsDoor","BloodDonationBag","Strawberry","Dota2Spire:Butterfly","Dota2Spire:AssaultCuirass","Necronomicon","Onion Ring","Dota2Spire:CrimsonGuard","SlaversCollar","Gensokyo:LionMask","Durian","TungstenRod","Dota2Spire:BlackKingBar","Orrery","conspire:TreasureMap","TheAbacus","OrangePellets","NineVolt","conspire:Flyswatter","Happy Flower","Replay:Bottled Steam","Replay:Bandana","SteamSale","DeathBook","Potion Belt","Gensokyo:RedStar","MoneyPower","Astrolabe","SatanicBible","ShirouKen","Dota2Spire:HandOfMidas","Dota2Spire:LotusOrb","Dota2Spire:MaskOfMadness","Nunchaku","ClockworkSouvenir","PrismaticShard","TheBattery","NitorisBag","Cauldron","ReplayTheSpireMod:Ring of Exchange","Ring of Panic","HollowMod:MantisClawRelic","Oddly Smooth Stone","Lee\u0027s Waffle","BookOfRevelations","Lantern","Golden Egg"],"acts_visited":["Gensokyo:Gensokyo","Gensokyo:Gensokyoer","Gensokyo:Gensokyoest","TheEnding"],"potions_floor_usage":[52,57,57,57,57],"damage_taken":[{"damage":2.0,"enemies":"Gensokyo:3_Fairies","floor":1.0,"turns":4.0},{"damage":15.0,"enemies":"Gensokyo:Python","floor":3.0,"turns":5.0},{"damage":7.0,"enemies":"Gensokyo:Gryphon","floor":4.0,"turns":3.0},{"damage":13.0,"enemies":"Gensokyo:Cirno","floor":6.0,"turns":25.0},{"damage":0.0,"enemies":"Gensokyo:3_Kodama","floor":7.0,"turns":3.0},{"damage":0.0,"enemies":"Gensokyo:Kitsune","floor":10.0,"turns":3.0},{"damage":0.0,"enemies":"Gensokyo:Mamizou","floor":11.0,"turns":6.0},{"damage":0.0,"enemies":"Gensokyo:CorruptedTreant","floor":12.0,"turns":3.0},{"damage":0.0,"enemies":"Gensokyo:Aya","floor":13.0,"turns":6.0},{"damage":0.0,"enemies":"Gensokyo:2_Rabbits","floor":14.0,"turns":4.0},{"damage":41.0,"enemies":"Gensokyo:Reimu","floor":16.0,"turns":10.0},{"damage":0.0,"enemies":"Gensokyo:AngelMirror","floor":18.0,"turns":2.0},{"damage":29.0,"enemies":"","floor":20.0,"turns":7.0},{"damage":0.0,"enemies":"Gensokyo:3_Dogs","floor":22.0,"turns":6.0},{"damage":5.0,"enemies":"Gensokyo:Slime_Group","floor":28.0,"turns":3.0},{"damage":15.0,"enemies":"Gensokyo:Reisen","floor":30.0,"turns":4.0},{"damage":20.0,"enemies":"Gensokyo:Wraith","floor":31.0,"turns":5.0},{"damage":0.0,"enemies":"Gensokyo:Kaguya","floor":33.0,"turns":5.0},{"damage":0.0,"enemies":"Gensokyo:3_Bats","floor":35.0,"turns":2.0},{"damage":0.0,"enemies":"Gensokyo:AncientGuardian","floor":37.0,"turns":1.0},{"damage":0.0,"enemies":"Gensokyo:4_Bats","floor":38.0,"turns":2.0},{"damage":0.0,"enemies":"Gensokyo:AtlasGolem","floor":39.0,"turns":5.0},{"damage":0.0,"enemies":"Gensokyo:Sharpion","floor":43.0,"turns":2.0},{"damage":0.0,"enemies":"Gensokyo:Rafflesia","floor":47.0,"turns":4.0},{"damage":12,"enemies":"Gensokyo:Yuyuko","floor":52,"turns":13},{"damage":30,"enemies":"Shield and Spear","floor":56,"turns":5},{"damage":455,"enemies":"Delirium","floor":57,"turns":48}],"seed_played":"1184449050351339565","potions_obtained":[{"floor":3.0,"key":"FearPotion"},{"floor":12.0,"key":"LifebloodPotion"},{"floor":13.0,"key":"DuplicationPotion"},{"floor":14.0,"key":"Dota2Spire:HealingSalve"},{"floor":16.0,"key":"Toxic Potion"},{"floor":39.0,"key":"Adrenaline Potion"},{"floor":49.0,"key":"Dexterity Potion"},{"floor":56,"key":"SneckoOil"}],"is_trial":false,"path_per_floor":["M","COS","M","M","?","E","M","?","T","M","E","M","E","M","R","B",null,"M","?","?","?","M","R","COS","R","T","?","M","$","E","M","R","B",null,"M","?","M","M","M","PTL","PTL","R","M","?","T","$","M","R","COS","?","R","B",null,"R","$","E","B",null],"character_chosen":"THE_BUGKNIGHT","items_purchased":["Replay:Bottled Steam","Replay:Bandana","SteamSale","SatanicBible","HollowMod:SoulMaster","Dota2Spire:MaskOfMadness","Nunchaku","ClockworkSouvenir","HollowMod:GreatSlash","PowerPotion","HollowMod:MantisClawRelic","Oddly Smooth Stone","Lee\u0027s Waffle","HollowMod:CloakDash"],"campfire_rested":0,"item_purchase_floors":[29,29,29,34,34,46,46,46,46,46,55,55,55,55],"current_hp_per_floor":[14,14,9,9,9,80,80,80,80,19,19,19,25,1,1,142,191,191,191,173,173,185,185,185,185,185,171,166,166,157,1,1,202,187,187,113,113,189,190,190,190,190,179,165,165,165,165,165,165,165,165,165,195,195,202,172,100],"gold":1353,"neow_bonus":"THREE_CARDS","is_daily":false,"chose_seed":false,"campfire_upgraded":6,"win_rate":0.0,"timestamp":1611825918,"path_taken":["M","COS","M","M","?","E","M","?","T","M","E","?","E","M","R","BOSS","M","?","?","?","M","R","COS","R","T","?","M","$","E","?","R","BOSS","M","?","M","?","M","PTL","PTL","R","M","?","T","$","M","R","COS","?","R","BOSS","R","$","E","BOSS"],"items_purchased_type":["Relic","Relic","Relic","Relic","Card","Relic","Relic","Relic","Card","Potion","Relic","Relic","Relic","Card"],"build_version":"2020-12-22","purchased_purges":4,"victory":true,"max_hp_per_floor":[75,75,75,82,82,166,168,168,168,170,170,173,178,183,183,191,191,193,193,198,183,185,185,185,185,185,185,187,187,193,201,201,206,187,189,189,189,189,190,190,190,190,191,191,191,191,195,195,195,195,195,195,195,195,202,202,425],"card_choices":[{"not_picked":["HollowMod:InfectedCysts","HollowMod:HeavyBlow"],"picked":"HollowMod:ChannelNail","floor":0.0},{"not_picked":["HollowMod:SoulSplash","HollowMod:WraithStrike"],"picked":"HollowMod:CloakDash","floor":1.0},{"not_picked":["HollowMod:HeavyBlow+1","HollowMod:RecoilStrike+1"],"picked":"HollowMod:SoulSplash+1","floor":3.0},{"not_picked":["HollowMod:ChannelNail","HollowMod:NewInfectedGuardian"],"picked":"HollowMod:DoubleDash","floor":3.0},{"not_picked":["HollowMod:SiblingsSouls","HollowMod:WraithStrike","HollowMod:InfectionAssault"],"picked":"SKIP","floor":4.0},{"not_picked":["HollowMod:CrystalDash","HollowMod:SiblingsSouls","HollowMod:DoubleDash"],"picked":"SKIP","floor":6.0},{"not_picked":["HollowMod:SoulVessel","HollowMod:NewJinnsSoul"],"picked":"HollowMod:CloakDash","floor":7.0},{"not_picked":["HollowMod:InfectedCysts","HollowMod:PerfectDash"],"picked":"HollowMod:DesolateDive","floor":10.0},{"not_picked":["HollowMod:WraithStrike","HollowMod:DoubleDash"],"picked":"HollowMod:ChannelNail","floor":11.0},{"not_picked":["HollowMod:HeavyBlow","HollowMod:InfectedAttack","HollowMod:RecoilStrike"],"picked":"SKIP","floor":12.0},{"not_picked":["HollowMod:LordofShades","HollowMod:HeavyBlow"],"picked":"HollowMod:CornifersMapStart","floor":13.0},{"not_picked":["HollowMod:Grubsong","HollowMod:SoulSplash"],"picked":"HollowMod:VengefulVoid","floor":14.0},{"not_picked":["HollowMod:LifebloodCore","HollowMod:VoidDash"],"picked":"HollowMod:AwokenDreamNail","floor":16.0},{"not_picked":["HollowMod:ShapeofUnn","HollowMod:NewLittleFool"],"picked":"HollowMod:SoulStrike","floor":18.0},{"not_picked":["HollowMod:TaintedHusks","HollowMod:WraithStrike","HollowMod:MonarchWings"],"picked":"SKIP","floor":22.0},{"not_picked":["HollowMod:InfectedAttack","HollowMod:ChannelNail"],"picked":"HollowMod:SharpenedNail+1","floor":24.0},{"not_picked":["HollowMod:MidwifesHunger","HollowMod:LifebloodCocoon"],"picked":"HollowMod:MantisMark+1","floor":24.0},{"not_picked":["HollowMod:SoulVessel","HollowMod:MawleksShell"],"picked":"HollowMod:HowlingWraiths","floor":24.0},{"not_picked":["HollowMod:NewJinnsSoul","HollowMod:SoulSplash"],"picked":"HollowMod:HowlingWraiths+1","floor":24.0},{"not_picked":["HollowMod:GoodIntentions+1","HollowMod:ChannelNail","HollowMod:DreamGate+1"],"picked":"SKIP","floor":28.0},{"not_picked":["HollowMod:PerfectDash","HollowMod:LordofShades","HollowMod:InfectionAssault+1"],"picked":"SKIP","floor":30.0},{"not_picked":["HollowMod:InfectedCysts+1","HollowMod:SoulSplash"],"picked":"HollowMod:DescendingDark","floor":31.0},{"not_picked":["HollowMod:LordofShades","HollowMod:ZotesMagnificence"],"picked":"HollowMod:LifebloodCore","floor":31.0},{"not_picked":[],"picked":"Gensokyo:ShootingStar","floor":33.0},{"not_picked":["HollowMod:PureVessel","HollowMod:LifebloodCore"],"picked":"HollowMod:Weaversong","floor":33.0},{"not_picked":["HollowMod:ShadowDash+1","HollowMod:DesolateDive"],"picked":"HollowMod:VengefulSpirit+1","floor":35.0},{"not_picked":["HollowMod:HowlingWraiths","HollowMod:BrokenVessel+1"],"picked":"HollowMod:GoodIntentions","floor":37.0},{"not_picked":["HollowMod:SharpenedNail+1","HollowMod:HowlingWraiths+1"],"picked":"HollowMod:ChannelNail+1","floor":38.0},{"not_picked":["HollowMod:SoulShaman","HollowMod:HeavyBlow+1"],"picked":"HollowMod:AwokenDreamNail","floor":39.0},{"not_picked":["HollowMod:PerfectDash+1","HollowMod:FallenFury","HollowMod:HeavyBlow"],"picked":"SKIP","floor":43.0},{"not_picked":["HollowMod:ShadowDash","HollowMod:ShapeofUnn+1","HollowMod:SoulVessel"],"picked":"SKIP","floor":47.0},{"not_picked":["Replay:AtTheReady","theSenshi:SaturnsMystery+1"],"picked":"bronze:Iterate+1","floor":56}],"player_experience":40336,"relics_obtained":[{"floor":6.0,"key":"Dota2Spire:AssaultCuirass"},{"floor":11.0,"key":"Onion Ring"},{"floor":13.0,"key":"Dota2Spire:CrimsonGuard"},{"floor":20.0,"key":"Durian"},{"floor":20.0,"key":"TungstenRod"},{"floor":26.0,"key":"conspire:Flyswatter"},{"floor":30.0,"key":"DeathBook"},{"floor":45.0,"key":"Dota2Spire:LotusOrb"},{"floor":50.0,"key":"ReplayTheSpireMod:Ring of Exchange"},{"floor":50.0,"key":"Ring of Panic"},{"floor":56,"key":"Lantern"}],"event_choices":[],"is_beta":false,"boss_relics":[{"not_picked":["HollowMod:VoidIdolRelic","Replay:Grab Bag"],"picked":"SlaversCollar"},{"not_picked":[]},{"not_picked":["Cursed Key","Replay:Ancient Bell"],"picked":"Astrolabe"},{"not_picked":[]}],"items_purged_floors":[29,34,46,55],"is_endless":false,"potions_floor_spawned":[3,12,13,14,16,20,28,37,39,56],"ascension_level":0}}