{"host":"1ecbliur7lfoj0sl","time":1611814808,"event":{"mods":["Act Like it!","BaseMod","Gensokyo","Minty Spire (QoL Compilation)","StSLib","Waifu the Spire","Yakumo Yukari mod"],"gold_per_floor":[14,14,28,42,60,60,85,85,111,140,152,182,79,108,120,228,240,272,502,514,514],"floor_reached":20,"language":"ZHS","playtime":1374,"items_purged":[],"score":212,"play_id":"bf1f2a7e-7a0b-471f-b949-9727ae712097","local_time":"20210128142008","is_ascension_mode":true,"campfire_choices":[{"data":"Observe_purple_2","floor":6.0,"key":"SMITH"},{"data":"SharpContractionReality_purple","floor":8.0,"key":"SMITH"},{"floor":15.0,"key":"REST"}],"circlet_count":0,"master_deck":["AT_purpleEX","AT_purpleEX","AT_purpleEX","Defend_purpleEX","Defend_purpleEX","Defend_purpleEX+1","Observe_purple_1","Observe_purple_2+1","SharpContractionReality_purple+1","WeekHit_purple","RuleDissolution_purple+1","Line_surface_state_purple","WangLiang_OokamiKakushi_purple","Charmbait_purple"],"relics":["Boundary_crack","Memoryfragments_purpleEX","Toy Ornithopter","MawBank","Gensokyo:OccultBall","War Paint","Fusion Hammer","FossilizedHelix"],"acts_visited":["Exordium","Gensokyo:Gensokyo"],"potions_floor_usage":[16],"damage_taken":[{"damage":9.0,"enemies":"Gensokyo:Gryphon","floor":1.0,"turns":4.0},{"damage":1.0,"enemies":"Gensokyo:2_Kodama","floor":3.0,"turns":3.0},{"damage":1.0,"enemies":"Gensokyo:3_Fairies","floor":4.0,"turns":4.0},{"damage":3.0,"enemies":"Gensokyo:2_Rabbits","floor":5.0,"turns":4.0},{"damage":38.0,"enemies":"Gensokyo:Cirno","floor":7.0,"turns":6.0},{"damage":12.0,"enemies":"Gensokyo:CorruptedTreant","floor":10.0,"turns":3.0},{"damage":0.0,"enemies":"Gensokyo:VengefulSpirit","floor":12.0,"turns":4.0},{"damage":6.0,"enemies":"Gensokyo:Kitsune","floor":14.0,"turns":5.0},{"damage":41,"enemies":"Gensokyo:Kokoro","floor":16,"turns":13},{"damage":5,"enemies":"Gensokyo:2_Gloops","floor":18,"turns":4},{"damage":16,"enemies":"Gensokyo:3_Dogs","floor":19,"turns":8},{"damage":61,"enemies":"Gensokyo:3_Gloops","floor":20,"turns":4}],"seed_played":"3018787502810834425","potions_obtained":[{"floor":3.0,"key":"GamblersBrew"},{"floor":4.0,"key":"AttackPotion"},{"floor":10.0,"key":"FairyPotion"},{"floor":12.0,"key":"GamblersBrew"},{"floor":16,"key":"GamblersBrew"},{"floor":19,"key":"SteroidPotion"}],"is_trial":false,"path_per_floor":["M","?","M","M","M","R","E","R","T","M","?","M","COS","M","R","B",null,"M","M","M"],"character_chosen":"Youkari","items_purchased":[],"campfire_rested":1,"item_purchase_floors":[],"current_hp_per_floor":[63,63,63,62,60,60,22,22,22,14,14,18,18,15,36,28,70,66,53,0,0],"gold":514,"neow_bonus":"REMOVE_TWO","is_daily":false,"chose_seed":false,"campfire_upgraded":2,"win_rate":0.0,"timestamp":1611814808,"path_taken":["M","?","M","M","?","R","E","R","T","M","?","M","COS","M","R","BOSS","M","M","M"],"items_purchased_type":[],"build_version":"2020-12-22","purchased_purges":0,"victory":false,"max_hp_per_floor":[70,70,70,70,70,70,70,70,70,70,70,70,70,70,70,70,70,70,70,70,70],"card_choices":[{"not_picked":["SfantasyHide_purple","AdvanceAttack_purple"],"picked":"SharpContractionReality_purple","floor":1.0},{"not_picked":["MeetDecomposer_purple","Boundary_ObjectiveBoundary_purple","SfantasyHide_purple"],"picked":"SKIP","floor":3.0},{"not_picked":["Yakumo_Ran_purple","WasteWire_Metro_purple"],"picked":"WeekHit_purple","floor":4.0},{"not_picked":["StretchesForeverDream_purple","WingOfChimera_purple"],"picked":"RuleDissolution_purple","floor":5.0},{"not_picked":["ExternalForce_HighSpeedFlying_purple","OmniscientAndOmnipotent_Monster_purple"],"picked":"Boundary_LifeAndDeath_purple","floor":7.0},{"not_picked":["OpenedBox_purple","OmniscientAndOmnipotent_Monster_purple"],"picked":"Line_surface_state_purple","floor":10.0},{"not_picked":["StateErode_purple","OmniscientAndOmnipotent_Monster_purple","Mirror_Drifter_purple"],"picked":"SKIP","floor":12.0},{"not_picked":["MNeedle_purple","WingOfChimera_purple","MetroBOOM_purple"],"picked":"SKIP","floor":14.0},{"not_picked":["LoveAcrossDimensions_purple","WangLiang_LineAndCurveDreams_purple"],"picked":"WangLiang_OokamiKakushi_purple","floor":16},{"not_picked":["Mirror_FormAndEmptin_purple","ExistenceContinue_purple+1","SfantasyHide_purple+1"],"picked":"SKIP","floor":18},{"not_picked":["Mirror_FormAndEmptin_purple","StateDuplicate_purple"],"picked":"Charmbait_purple","floor":19}],"player_experience":19799,"relics_obtained":[{"floor":7.0,"key":"Toy Ornithopter"},{"floor":9.0,"key":"MawBank"},{"floor":12.0,"key":"Gensokyo:OccultBall"},{"floor":16,"key":"Gensokyo:OccultBall"},{"floor":19,"key":"Gensokyo:OccultBall"}],"event_choices":[],"is_beta":false,"boss_relics":[{"not_picked":["Calling Bell","Ectoplasm"],"picked":"Fusion Hammer"}],"items_purged_floors":[],"is_endless":false,"potions_floor_spawned":[3,4,10,12,16,19],"killed_by":"Gensokyo:3_Gloops","ascension_level":4}}