{"host":"gf8hyl7jhl0is674","time":1611816309,"event":{"mods":["2.2 Compatiblity","Act Like it!","BaseMod","Gensokyo","Marisa????????","Minty Spire (QoL Compilation)","StSLib"],"gold_per_floor":[362,462,473,473,485,513,513,564,564,594,270,280,280,296,296,393,393,407,422,302,313,330,330,280,280,328,341,393,393,48,61,61,158,158,168,12,24,43,43,43,43,43,43,43,18,45,45,55,55,55],"floor_reached":51,"language":"ENG","playtime":4288,"items_purged":["Strike_MRS"],"score":655,"play_id":"51bfaba7-7b6b-4069-9fd5-5adc19a5ade3","local_time":"20210127234509","is_ascension_mode":false,"campfire_choices":[{"data":"MasterSpark","floor":7.0,"key":"SMITH"},{"floor":13.0,"key":"REST"},{"data":"Gensokyo:TurboGranny","floor":15.0,"key":"SMITH"},{"data":"LuminesStrike","floor":23.0,"key":"SMITH"},{"data":"ManaRampage","floor":29,"key":"SMITH"},{"data":"PulseMagic","floor":32,"key":"SMITH"},{"floor":40,"key":"REST"},{"floor":42,"key":"REST"},{"data":"MilkyWay","floor":44,"key":"SMITH"},{"data":"MagicAbsorber","floor":49,"key":"SMITH"}],"circlet_count":0,"master_deck":["Strike_MRS","Defend_MRS","Defend_MRS","Defend_MRS","Defend_MRS","MasterSpark+1","UpSweep","IllusionStar","PowerUp","PropBag","SuperPerseids","LuminesStrike+1","Gensokyo:TurboGranny+1","GalacticHalo+1","GalacticHalo","ManaRampage+1","ChargingUp+1","MagicAbsorber+1","MilkyWay+1","Gensokyo:FourOfAKind","Gensokyo:FourOfAKind","Gensokyo:FourOfAKind","Gensokyo:FourOfAKind","MilkyWay+1","PulseMagic+1","MaximisePower","GrandCross+1","Gensokyo:MedicineKit","GrandCross","GravityBeat"],"relics":["MiniHakkero","Strawberry","Ice Cream","Smiling Mask","Mango","Lizard Tail","Tiny Chest","Calipers","Empty Cage","Gensokyo:MaskOfHope","Centennial Puzzle","Juzu Bracelet","Pocketwatch","Philosopher\u0027s Stone","Oddly Smooth Stone","MealTicket","Dream Catcher","Gensokyo:TheCrow"],"acts_visited":["Gensokyo:Gensokyoest"],"potions_floor_usage":[27,31,50],"damage_taken":[{"damage":0.0,"enemies":"Gensokyo:2_Kodama","floor":1.0,"turns":3.0},{"damage":6.0,"enemies":"Gensokyo:Gryphon","floor":3.0,"turns":3.0},{"damage":6.0,"enemies":"Gensokyo:Python","floor":5.0,"turns":3.0},{"damage":9.0,"enemies":"Gensokyo:Mamizou","floor":6.0,"turns":5.0},{"damage":32.0,"enemies":"Gensokyo:Cirno","floor":10.0,"turns":8.0},{"damage":10.0,"enemies":"Gensokyo:2_Rabbits","floor":12.0,"turns":5.0},{"damage":3.0,"enemies":"Gensokyo:VengefulSpirit","floor":14.0,"turns":7.0},{"damage":12.0,"enemies":"Gensokyo:Yukari","floor":16.0,"turns":12.0},{"damage":6.0,"enemies":"Gensokyo:AngelMirror","floor":18.0,"turns":3.0},{"damage":0.0,"enemies":"Gensokyo:Chomper","floor":19.0,"turns":4.0},{"damage":10.0,"enemies":"Gensokyo:Swordslinger","floor":21.0,"turns":4.0},{"damage":2.0,"enemies":"Gensokyo:Wraith","floor":22.0,"turns":3.0},{"damage":1,"enemies":"Gensokyo:Chomper_and_Gloop","floor":27,"turns":4},{"damage":4,"enemies":"Gensokyo:Monolith_and_Dog","floor":31,"turns":6},{"damage":26,"enemies":"Gensokyo:Eternal_Rivals","floor":33,"turns":10},{"damage":17,"enemies":"Gensokyo:3_Boulders","floor":35,"turns":6},{"damage":0,"enemies":"Gensokyo:AncientGuardian","floor":37,"turns":3},{"damage":27,"enemies":"Gensokyo:Rafflesia","floor":38,"turns":7},{"damage":0,"enemies":"Gensokyo:SeedOfUnknown","floor":48,"turns":2},{"damage":2,"enemies":"Gensokyo:Yuyuko","floor":50,"turns":3}],"seed_played":"1141643797063017925","potions_obtained":[{"floor":1.0,"key":"Fruit Juice"},{"floor":5.0,"key":"AttackPotion"},{"floor":16.0,"key":"SneckoOil"},{"floor":18.0,"key":"Explosive Potion"},{"floor":21.0,"key":"SpeedPotion"},{"floor":33,"key":"FearPotion"},{"floor":35,"key":"DistilledChaos"}],"is_trial":false,"path_per_floor":["M","?","M","?","M","E","R","T","T","E","COS","M","R","M","R","B",null,"M","M","?","M","M","R","?","?","T","M","T","R","$","M","R","B",null,"M","$","M","M","?","R","?","R","T","R","$","T","?","M","R","B",null],"character_chosen":"MARISA","items_purchased":["Pocketwatch","Oddly Smooth Stone","GrandCross"],"campfire_rested":3,"item_purchase_floors":[30,36,45],"current_hp_per_floor":[73,73,67,64,58,49,49,49,63,31,31,21,49,46,46,34,94,88,88,88,78,76,76,83,71,71,70,70,70,70,66,66,40,71,54,54,54,27,27,48,48,69,69,69,71,71,71,71,71,71],"gold":55,"neow_bonus":"TWO_FIFTY_GOLD","is_daily":false,"chose_seed":false,"campfire_upgraded":7,"win_rate":0.0,"timestamp":1611816309,"path_taken":["M","?","M","?","M","E","R","?","T","E","COS","M","R","?","R","BOSS","M","M","?","M","M","R","?","?","T","M","?","R","$","M","R","BOSS","M","$","M","M","?","R","?","R","T","R","?","?","?","M","R","BOSS"],"items_purchased_type":["Relic","Relic","Card"],"build_version":"2020-12-22","purchased_purges":1,"victory":true,"max_hp_per_floor":[73,73,73,80,80,80,80,80,94,94,94,94,94,94,94,94,94,94,94,94,94,94,94,101,71,71,71,71,71,71,71,71,71,71,71,71,71,71,71,71,71,71,71,71,71,71,71,71,71,71],"card_choices":[{"not_picked":["DarkSpark","UnstableBomb"],"picked":"IllusionStar","floor":1.0},{"not_picked":["IllusionStar","NonDirectionalLaser"],"picked":"PowerUp","floor":3.0},{"not_picked":["BlazeAway","IllusionStar"],"picked":"PropBag","floor":5.0},{"not_picked":["MeteoricShower","WitchLeyline"],"picked":"SuperPerseids","floor":6.0},{"not_picked":["SatelliteIllusion","WitchLeyline"],"picked":"LuminesStrike","floor":10.0},{"not_picked":["StarBarrage+1","6A+1"],"picked":"GalacticHalo+1","floor":12.0},{"not_picked":["Robbery","DeepEcoloBomb"],"picked":"GalacticHalo","floor":12.0},{"not_picked":["DC","PowerUp","6A"],"picked":"SKIP","floor":14.0},{"not_picked":["EscapeVelocity","BinaryStars"],"picked":"ManaRampage","floor":16.0},{"not_picked":["IllusionStar","AsteroidBelt"],"picked":"ChargingUp+1","floor":18.0},{"not_picked":["Singularity","SporeBomb"],"picked":"MagicAbsorber","floor":19.0},{"not_picked":["MagicChant","OrrerysSun","WitchLeyline"],"picked":"SKIP","floor":21.0},{"not_picked":["SporeBomb","AsteroidBelt"],"picked":"MilkyWay","floor":22.0},{"not_picked":["GravityBeat","ShootTheMoon"],"picked":"MilkyWay+1","floor":27},{"not_picked":["ShootTheMoon+1","NonDirectionalLaser"],"picked":"PulseMagic","floor":31},{"not_picked":["ManaRampage","AbsoluteMagnitude"],"picked":"MaximisePower","floor":33},{"not_picked":["GravityBeat","EarthLightRay"],"picked":"GrandCross+1","floor":35},{"not_picked":["RefractionSpark+1","GrandCross","DC+1"],"picked":"SKIP","floor":37},{"not_picked":["DoubleSpark+1","MysteriousBeam+1","PulseMagic+1"],"picked":"SKIP","floor":38},{"not_picked":["MachineGunSpark+1","Robbery"],"picked":"GravityBeat","floor":48}],"player_experience":307228,"relics_obtained":[{"floor":6.0,"key":"Ice Cream"},{"floor":8.0,"key":"Smiling Mask"},{"floor":9.0,"key":"Mango"},{"floor":10.0,"key":"Lizard Tail"},{"floor":26,"key":"Centennial Puzzle"},{"floor":28,"key":"Juzu Bracelet"},{"floor":43,"key":"MealTicket"},{"floor":46,"key":"Dream Catcher"}],"event_choices":[],"is_beta":false,"boss_relics":[{"not_picked":["BewitchedHakkero","Tiny House"],"picked":"Empty Cage"},{"not_picked":["Runic Dome","Velvet Choker"],"picked":"Philosopher\u0027s Stone"}],"items_purged_floors":[30],"is_endless":false,"potions_floor_spawned":[1,5,16,18,21,33,35],"ascension_level":0}}