{"host":"491vyvchqhlfizue","time":1611843439,"event":{"mods":["AchievementEnabler","BaseMod","BetterRewards","Colored Map","Conspire","Downfall","Infinite Spire","Minty Spire (QoL Compilation)","Reliquary","Replay The Spire","Shop Mod","Spikes Relics","StSLib","The Forsaken","The Runesmith"],"gold_per_floor":[115,115,130,53,53,85,85,113,113,128,158,184,243,274,274,372,372,292,94,184,6,6,37,54,85,85,119,136,155,185,205,205,304,304,314,59,73,106,0,0,30,30,55,89,104,104,120,120,120,120],"floor_reached":51,"language":"ENG","playtime":4963,"items_purged":["theForsaken:TheForsaken_Strike","ReplayTheSpireMod:Restless Dread","theForsaken:TheForsaken_Defend","Injury"],"score":1318,"play_id":"cfb67e00-41f3-4b5e-a1e8-40c277c8cefc","local_time":"20210128091719","is_ascension_mode":true,"campfire_choices":[{"data":"theForsaken:NobleSacrifice","floor":7.0,"key":"SMITH"},{"data":"theForsaken:TheForsaken_Strike","floor":15.0,"key":"PURGE"},{"data":"theForsaken:TheForsaken_Strike","floor":32.0,"key":"PURGE"},{"data":"theForsaken:Confusion","floor":40.0,"key":"SMITH"},{"data":"theForsaken:Mantra","floor":49.0,"key":"SMITH"}],"circlet_count":0,"master_deck":["theForsaken:TheForsaken_Strike+1","theForsaken:TheForsaken_Defend","theForsaken:TheForsaken_Defend+1","theForsaken:Smite","theForsaken:Penitence","theForsaken:Bolster+1","theForsaken:InspiringBlow+1","theForsaken:NobleSacrifice+1","theForsaken:Thunderbolt","theForsaken:DefensiveStance","theForsaken:Eulogy","theForsaken:SpreadingPlague","theForsaken:Bolster","theForsaken:Prudence","Clumsy","theForsaken:DarkBargain","Dark Shackles","ReplayTheSpireMod:Private Reserves","Enlightenment","Good Instincts","theForsaken:DefensiveStance","theForsaken:QuickAttack","theForsaken:Confusion+1","theForsaken:FatRoll","theForsaken:QuickAttack","theForsaken:Mantra+1","theForsaken:SacredOath"],"relics":["theForsaken:JudgementScales","infinitespire:WardingShard","ReplayTheSpireMod:CursedCoin","ClockworkSouvenir","MerchantsRug","downfall:KnowingSkull","Runesmith:AutoHammer","Regal Pillow","reliquary:TridentHead","Mummified Hand","ReplayTheSpireMod:TigerMarble","PreservedInsect","Replay:Bottled Snecko","reliquary:Knoch","Replay:Ancient Bell","Kunai","CrustySpines","SpikesRelics:DaevaFist","infinitespire:Beetle Shell","reliquary:SharkskinSheath","conspire:Flyswatter","InkBottle","Gremlin Food","conspire:GiftBox","theForsaken:ArmorOfThorns","Bird Faced Urn","Red Mask","Bottled Flame","Simple Rune","infinitespire:BottledMercury","Incense Burner"],"acts_visited":["Exordium","TheCity","TheBeyond"],"potions_floor_usage":[50,50],"damage_taken":[{"damage":25.0,"enemies":"Small Slimes","floor":1.0,"turns":4.0},{"damage":6.0,"enemies":"Cultist","floor":3.0,"turns":3.0},{"damage":26.0,"enemies":"Gremlin Nob","floor":6.0,"turns":5.0},{"damage":11.0,"enemies":"3 Sentries","floor":8.0,"turns":9.0},{"damage":1.0,"enemies":"Jaw Worm","floor":10.0,"turns":3.0},{"damage":6.0,"enemies":"Lagavulin","floor":11.0,"turns":6.0},{"damage":0.0,"enemies":"Gremlin Nob","floor":14.0,"turns":3.0},{"damage":0.0,"enemies":"Hexaghost","floor":16.0,"turns":8.0},{"damage":10.0,"enemies":"Chosen","floor":18.0,"turns":5.0},{"damage":3.0,"enemies":"Slavers","floor":23.0,"turns":7.0},{"damage":10.0,"enemies":"3 Byrds","floor":24.0,"turns":6.0},{"damage":5.0,"enemies":"Gremlin Leader","floor":25.0,"turns":7.0},{"damage":10.0,"enemies":"Book of Stabbing","floor":27.0,"turns":6.0},{"damage":5.0,"enemies":"Snake Plant","floor":28.0,"turns":5.0},{"damage":5.0,"enemies":"Centurion and Healer","floor":29.0,"turns":9.0},{"damage":0.0,"enemies":"Nightmare","floor":30.0,"turns":6.0},{"damage":5.0,"enemies":"Chosen and Byrds","floor":31.0,"turns":4.0},{"damage":0.0,"enemies":"Champ","floor":33.0,"turns":15.0},{"damage":6.0,"enemies":"Orb Walker","floor":35.0,"turns":4.0},{"damage":11.0,"enemies":"3 Darklings","floor":37.0,"turns":5.0},{"damage":20.0,"enemies":"Nightmare","floor":41.0,"turns":6.0},{"damage":5.0,"enemies":"Reptomancer","floor":44.0,"turns":5.0},{"damage":14.0,"enemies":"Writhing Mass","floor":45.0,"turns":5.0},{"damage":5.0,"enemies":"Jaw Worm Horde","floor":47.0,"turns":2.0},{"damage":0,"enemies":"conspire:OrnateMirror","floor":50,"turns":8}],"seed_played":"-7386790294157308068","potions_obtained":[{"floor":1.0,"key":"LifebloodPotion"},{"floor":3.0,"key":"SteroidPotion"},{"floor":8.0,"key":"FearPotion"},{"floor":11.0,"key":"AttackPotion"},{"floor":13.0,"key":"Milkshake"},{"floor":24.0,"key":"BlessingOfTheForge"},{"floor":29.0,"key":"Elixir"},{"floor":30.0,"key":"theForsaken:FearPotion"},{"floor":31.0,"key":"AttackPotion"},{"floor":33.0,"key":"Explosive Potion"},{"floor":35.0,"key":"ColorlessPotion"},{"floor":45.0,"key":"Venom Potion"}],"is_trial":false,"path_per_floor":["M","?","M","$","?","E","R","E","T","M","E","T","?","E","R_BF","B",null,"M","$","?","$","?","E","M","E","T","E","M","M","NM","M","R_BF","B",null,"M","$","M","$","?","R","NM","$","T","E","M","AVR","M","?","R","B",null],"character_chosen":"THE_FORSAKEN","items_purchased":["theForsaken:Bolster+1","infinitespire:WardingShard","ReplayTheSpireMod:CursedCoin","ClockworkSouvenir","MerchantsRug","theForsaken:InspiringBlow","Runesmith:AutoHammer","theForsaken:DarkBargain","SpikesRelics:DaevaFist","Good Instincts","Bird Faced Urn"],"campfire_rested":0,"item_purchase_floors":[0,0,0,0,0,0,4,19,21,21,36],"current_hp_per_floor":[43,43,39,39,39,20,20,9,9,8,2,2,19,19,19,22,65,58,58,25,25,25,25,18,16,16,22,22,23,29,27,27,39,65,59,59,65,65,65,65,58,58,58,65,63,63,65,65,65,65],"gold":120,"neow_bonus":"","is_daily":false,"chose_seed":false,"campfire_upgraded":3,"win_rate":0.0,"timestamp":1611843439,"path_taken":["M","?","?","?","?","E","R","E","T","?","E","?","?","E","R_BF","BOSS","M","$","?","?","?","E","M","E","T","E","M","M","NM","?","R_BF","BOSS","M","$","?","?","?","R","NM","$","T","E","M","AVR","M","?","R","BOSS"],"items_purchased_type":["Card","Relic","Relic","Relic","Relic","Card","Relic","Card","Relic","Card","Relic"],"build_version":"2020-12-22","purchased_purges":4,"victory":true,"max_hp_per_floor":[65,65,65,65,65,65,65,65,65,65,65,65,65,65,65,65,65,65,65,65,65,65,65,65,65,65,65,65,65,65,65,65,65,65,65,65,65,65,65,65,65,65,65,65,65,65,65,65,65,65],"card_choices":[{"not_picked":["theForsaken:ChargeAttack","theForsaken:Backlash","theForsaken:HorrifyingStrike"],"picked":"SKIP","floor":1.0},{"not_picked":["theForsaken:ShieldBash","theForsaken:ScorchingSunlight"],"picked":"theForsaken:NobleSacrifice","floor":3.0},{"not_picked":["theForsaken:CreepingInfection","theForsaken:Horror"],"picked":"theForsaken:Thunderbolt","floor":6.0},{"not_picked":["theForsaken:WordOfPower","theForsaken:ChargeAttack"],"picked":"theForsaken:DefensiveStance","floor":8.0},{"not_picked":["theForsaken:HorrifyingStrike","theForsaken:RainingSunlight"],"picked":"theForsaken:Eulogy","floor":10.0},{"not_picked":["theForsaken:HymnOfPatience","theForsaken:CorruptedWord"],"picked":"theForsaken:SpreadingPlague","floor":11.0},{"not_picked":["theForsaken:Riposte","theForsaken:CowardsBrand"],"picked":"theForsaken:Bolster","floor":14.0},{"not_picked":["theForsaken:SacrificeSoul","theForsaken:Temperance"],"picked":"theForsaken:Prudence","floor":16.0},{"not_picked":["Doubt","ReplayTheSpireMod:Restless Dread"],"picked":"Injury","floor":17.0},{"not_picked":["TheSerpent","Notoriety"],"picked":"Clumsy","floor":17.0},{"not_picked":["ReplayTheSpireMod:Restless Dread","TheSerpent"],"picked":"ReplayTheSpireMod:IOU","floor":17.0},{"not_picked":["theForsaken:ChargeAttack","theForsaken:Parry","theForsaken:Backlash"],"picked":"SKIP","floor":18.0},{"not_picked":["theForsaken:BottledPlague","theForsaken:LightRoll","theForsaken:ShieldCharge+1"],"picked":"SKIP","floor":23.0},{"not_picked":["theForsaken:HymnOfPatience","theForsaken:WrathOfGod","theForsaken:Confusion"],"picked":"SKIP","floor":24.0},{"not_picked":["theForsaken:DarkRift","theForsaken:Enfeeble","theForsaken:Backlash"],"picked":"SKIP","floor":25.0},{"not_picked":["theForsaken:NobleSacrifice+1","theForsaken:Mantra"],"picked":"theForsaken:DefensiveStance","floor":27.0},{"not_picked":["theForsaken:ChargeAttack","theForsaken:ScorchingSunlight+1","theForsaken:PreciseStrike"],"picked":"SKIP","floor":28.0},{"not_picked":["theForsaken:BottledPlague","theForsaken:Backlash+1"],"picked":"theForsaken:QuickAttack","floor":29.0},{"not_picked":["theForsaken:CorruptDeck","theForsaken:DarkRift"],"picked":"theForsaken:Confusion","floor":30.0},{"not_picked":["theForsaken:RainingSunlight+1","theForsaken:PreciseStrike"],"picked":"theForsaken:FatRoll","floor":30.0},{"not_picked":["theForsaken:Tranquility","theForsaken:WrathOfGod"],"picked":"theForsaken:QuickAttack","floor":31.0},{"not_picked":["theForsaken:Purification","theForsaken:Prudence"],"picked":"theForsaken:Mantra","floor":33.0},{"not_picked":["theForsaken:FuryStrikes","theForsaken:Preservation+1","theForsaken:Backlash+1"],"picked":"SKIP","floor":35.0},{"not_picked":["theForsaken:CreepingInfection+1","theForsaken:Preservation+1","theForsaken:Thunderbolt"],"picked":"SKIP","floor":37.0},{"not_picked":["theForsaken:Preservation+1","theForsaken:HorrifyingStrike+1"],"picked":"theForsaken:SacredOath","floor":41.0},{"not_picked":["theForsaken:Eulogy","theForsaken:PanicDive","theForsaken:SpinAttack+1"],"picked":"SKIP","floor":44.0},{"not_picked":["theForsaken:QuickAttack","theForsaken:Tranquility","theForsaken:Eulogy+1"],"picked":"SKIP","floor":45.0},{"not_picked":["theForsaken:BindingThorns","theForsaken:ShieldCharge","theForsaken:HymnOfPatience"],"picked":"SKIP","floor":47.0}],"player_experience":17935,"relics_obtained":[{"floor":6.0,"key":"Regal Pillow"},{"floor":8.0,"key":"reliquary:TridentHead"},{"floor":9.0,"key":"Mummified Hand"},{"floor":11.0,"key":"ReplayTheSpireMod:TigerMarble"},{"floor":12.0,"key":"PreservedInsect"},{"floor":13.0,"key":"Replay:Bottled Snecko"},{"floor":14.0,"key":"reliquary:Knoch"},{"floor":22.0,"key":"infinitespire:Beetle Shell"},{"floor":23.0,"key":"reliquary:SharkskinSheath"},{"floor":25.0,"key":"conspire:Flyswatter"},{"floor":26.0,"key":"InkBottle"},{"floor":27.0,"key":"Gremlin Food"},{"floor":30.0,"key":"conspire:GiftBox"},{"floor":41.0,"key":"Bottled Flame"},{"floor":43.0,"key":"Simple Rune"},{"floor":44.0,"key":"infinitespire:BottledMercury"}],"event_choices":[{"cards_removed":["theForsaken:TheForsaken_Defend"],"damage_healed":0.0,"max_hp_gain":0.0,"max_hp_loss":0.0,"gold_gain":0.0,"event_name":"Purifier","player_choice":"Purged","floor":2.0,"gold_loss":0.0,"damage_taken":0.0},{"damage_healed":0.0,"max_hp_gain":0.0,"max_hp_loss":0.0,"gold_gain":0.0,"event_name":"Upgrade Shrine","player_choice":"Upgraded","floor":5.0,"gold_loss":0.0,"damage_taken":0.0,"cards_upgraded":["theForsaken:InspiringBlow"]},{"damage_healed":0.0,"max_hp_gain":0.0,"max_hp_loss":0.0,"gold_gain":90.0,"event_name":"Knowing Skull","player_choice":"CARD CARD CARD GOLD ","floor":20.0,"potions_obtained":[],"gold_loss":0.0,"damage_taken":33.0,"cards_obtained":["Dark Shackles","ReplayTheSpireMod:Private Reserves","Enlightenment"]},{"damage_healed":0.0,"max_hp_gain":0.0,"max_hp_loss":0.0,"gold_gain":0.0,"event_name":"Wheel of Change","player_choice":"Relic","floor":22.0,"gold_loss":0.0,"damage_taken":0.0},{"damage_healed":0.0,"max_hp_gain":0.0,"max_hp_loss":0.0,"gold_gain":0.0,"event_name":"Tomb of Lord Red Mask","player_choice":"Paid","floor":39.0,"gold_loss":106.0,"damage_taken":0.0,"relics_obtained":["Red Mask"]},{"damage_healed":0.0,"max_hp_gain":0.0,"max_hp_loss":0.0,"gold_gain":0.0,"event_name":"conspire:Investor","player_choice":"Leave","floor":48.0,"gold_loss":0.0,"damage_taken":0.0}],"is_beta":false,"boss_relics":[{"not_picked":["reliquary:WritOfMandamus","Runic Dome"],"picked":"Replay:Ancient Bell"},{"not_picked":["Ancient Tea Set","MawBank"],"picked":"Replay:Baseball"},{"not_picked":["Snack Pack","Pantograph"],"picked":"Kunai"},{"not_picked":["reliquary:PrincelyHelmet","conspire:InfiniteJournal"],"picked":"CrustySpines"},{"not_picked":["Abe\u0027s Treasure","reliquary:RedPaperclip"],"picked":"theForsaken:ArmorOfThorns"}],"items_purged_floors":[0,0,19,46],"is_endless":false,"potions_floor_spawned":[1,3,8,11,24,29,30,31,33,35,45],"ascension_level":3}}