{"host":"hwrdjx5eod2cxh09","time":1611838302,"event":{"mods":["AchievementEnabler","BaseMod","Bestiary","Minty Spire (QoL Compilation)","Relic Stats"],"gold_per_floor":[368,380,396,396,123,123,134,168,168,201,31,31,31,49,49,152,152,166,181,106,117,117,117,117],"floor_reached":23,"language":"ENG","playtime":1565,"items_purged":["Injury","Strike_B"],"score":226,"play_id":"fdcf5225-b14a-449f-a662-563af5501dc7","local_time":"20210128215142","is_ascension_mode":false,"campfire_choices":[{"data":"Rip and Tear","floor":6,"key":"SMITH"},{"data":"Hologram","floor":12,"key":"SMITH"},{"data":"Strike_B","floor":15,"key":"PURGE"}],"circlet_count":0,"master_deck":["Defend_B","Defend_B","Defend_B","Defend_B","Zap+1","Dualcast","Coolheaded","Ball Lightning","Rip and Tear+1","White Noise","Hologram+1","Capacitor","Go for the Eyes","Multi-Cast","Cold Snap","Skim","Darkness","RitualDagger"],"relics":["Cracked Core","Bag of Preparation","Question Card","TungstenRod","Peace Pipe","Nuclear Battery"],"acts_visited":["Exordium","TheCity"],"potions_floor_usage":[19],"damage_taken":[{"damage":6,"enemies":"Cultist","floor":1,"turns":3},{"damage":0,"enemies":"Small Slimes","floor":2,"turns":2},{"damage":5,"enemies":"2 Louse","floor":3,"turns":2},{"damage":6,"enemies":"Exordium Thugs","floor":7,"turns":4},{"damage":25,"enemies":"3 Sentries","floor":8,"turns":5},{"damage":0,"enemies":"Gremlin Nob","floor":10,"turns":3},{"damage":0,"enemies":"Looter","floor":14,"turns":2},{"damage":14,"enemies":"The Guardian","floor":16,"turns":10},{"damage":0,"enemies":"Chosen","floor":18,"turns":5},{"damage":1,"enemies":"3 Byrds","floor":19,"turns":5},{"damage":7,"enemies":"Snecko","floor":21,"turns":4},{"damage":70,"enemies":"Book of Stabbing","floor":23,"turns":7}],"seed_played":"8978969703287127151","potions_obtained":[{"floor":3,"key":"BlessingOfTheForge"},{"floor":8,"key":"EssenceOfSteel"},{"floor":10,"key":"GamblersBrew"},{"floor":19,"key":"Fruit Juice"}],"is_trial":false,"path_per_floor":["M","M","M","?","$","R","M","E","T","E","$","R","?","M","R","B",null,"M","M","?","M","?","E"],"character_chosen":"DEFECT","items_purchased":["Weak Potion","Bag of Preparation","Capacitor"],"campfire_rested":0,"item_purchase_floors":[5,5,11],"current_hp_per_floor":[69,69,64,64,64,64,58,33,33,33,33,33,33,33,33,19,75,75,79,79,72,67,0,0],"gold":117,"neow_bonus":"TWO_FIFTY_GOLD","is_daily":false,"chose_seed":false,"campfire_upgraded":2,"win_rate":0.0,"timestamp":1611838302,"path_taken":["M","M","?","?","$","R","M","E","T","E","$","R","?","M","R","BOSS","M","M","?","M","?","E"],"items_purchased_type":["Potion","Relic","Card"],"build_version":"2020-12-22","purchased_purges":2,"victory":false,"max_hp_per_floor":[75,75,75,75,75,75,75,75,75,75,75,75,75,75,75,75,75,75,80,80,80,80,80,80],"relic_stats":{"Peace Pipe":1,"counters":[12,52],"Bag of Preparation":[18],"Question Card":6,"obtain_stats":[{"Peace Pipe":10,"Bag of Preparation":5,"Cracked Core":0,"Question Card":8,"TungstenRod":9,"Nuclear Battery":17},{"Peace Pipe":6,"Bag of Preparation":3,"Cracked Core":0,"Question Card":5,"TungstenRod":5,"Nuclear Battery":8},{"Peace Pipe":19,"Bag of Preparation":7,"Cracked Core":0,"Question Card":16,"TungstenRod":16,"Nuclear Battery":31}],"TungstenRod":35},"card_choices":[{"not_picked":["Stack","Streamline"],"picked":"Coolheaded","floor":1},{"not_picked":["Go for the Eyes","Streamline"],"picked":"Ball Lightning","floor":2},{"not_picked":["Redo","Skim"],"picked":"Rip and Tear","floor":3},{"not_picked":["Barrage","BootSequence","Scrape"],"picked":"SKIP","floor":7},{"not_picked":["Turbo","Steam Power"],"picked":"White Noise","floor":8},{"not_picked":["Reinforced Body","Stack","Compile Driver"],"picked":"Hologram","floor":10},{"not_picked":["Compile Driver","Melter","Streamline","Amplify"],"picked":"SKIP","floor":14},{"not_picked":["Machine Learning","Fission","All For One"],"picked":"Multi-Cast","floor":16},{"not_picked":["Recycle","Turbo+1","Steam Power"],"picked":"Cold Snap","floor":18},{"not_picked":["Rebound","Chaos","Undo"],"picked":"Skim","floor":19},{"not_picked":["Steam","Gash","Stack"],"picked":"Darkness","floor":21}],"player_experience":323221,"relics_obtained":[{"floor":8,"key":"Question Card"},{"floor":9,"key":"TungstenRod"},{"floor":10,"key":"Peace Pipe"}],"event_choices":[{"damage_healed":0,"gold_gain":0,"player_choice":"Grow","damage_taken":0,"max_hp_gain":0,"max_hp_loss":0,"event_name":"Living Wall","floor":4,"gold_loss":0,"cards_upgraded":["Zap"]},{"damage_healed":0,"gold_gain":0,"cards_transformed":["Strike_B"],"player_choice":"Transformed","damage_taken":0,"max_hp_gain":0,"max_hp_loss":0,"event_name":"Transmorgrifier","floor":13,"gold_loss":0,"cards_obtained":["Go for the Eyes"]},{"cards_removed":["Strike_B"],"damage_healed":0,"gold_gain":0,"player_choice":"Gave Gold","damage_taken":0,"max_hp_gain":0,"max_hp_loss":0,"event_name":"Beggar","floor":20,"gold_loss":75},{"damage_healed":0,"gold_gain":0,"player_choice":"Joined the Cult","damage_taken":6,"max_hp_gain":0,"max_hp_loss":0,"event_name":"Nest","floor":22,"gold_loss":0,"cards_obtained":["RitualDagger"]}],"is_beta":false,"boss_relics":[{"not_picked":["Busted Crown","SlaversCollar"],"picked":"Nuclear Battery"}],"items_purged_floors":[5,11],"is_endless":false,"potions_floor_spawned":[3,8,10,19],"killed_by":"Book of Stabbing","ascension_level":0}}