{"host":"u94b8se4p65mmtuf","time":1611809189,"event":{"mods":["BaseMod","Hubris","Infinite Spire","Jorbs\u0027s Wanderer Trilogy","Minty Spire (QoL Compilation)","Replay The Spire","StSLib","SuperFastMode","The Animator","The Jungle"],"gold_per_floor":[116,131,131,131,142,142,162,162,188,222,222,24,24,37,37,37,37,142,142,156,176,196,52,52,152,198,273,299,319,341,369,403,422,422,533,533,553,533,548,563,579,610,628,662,662,712,727,743,743,527,527,527,527,527,74,114,116],"floor_reached":58,"language":"ENG","playtime":3547,"items_purged":["animator:Curse_Greed","Strike_B"],"score":1410,"play_id":"d068f0ab-007b-474b-9a1c-6a1e7c28f559","local_time":"20210127234629","is_ascension_mode":true,"campfire_choices":[{"data":"Zap","floor":6,"key":"SMITH"},{"data":"Dualcast","floor":8,"key":"SMITH"},{"data":"ReplayGash","floor":11,"key":"SMITH"},{"data":"Chill","floor":13,"key":"SMITH"},{"data":"Auto Shields","floor":17,"key":"SMITH"},{"data":"Seek","floor":34,"key":"SMITH"},{"data":"Undo","floor":34,"key":"SMITH"},{"floor":49,"key":"RECALL"}],"circlet_count":0,"master_deck":["Strike_B","Strike_B","Defend_B","Defend_B","Defend_B","Defend_B","Zap+1","Dualcast+1","Undo+1","Chill+1","Auto Shields+1","ReplayGash+1","Gash","Gash","Amplify","stsjorbsmod:PollutedStrike","Amnesia","Echo Form","Cold Snap","Self Repair","Amplify","Capacitor+1","Beam Cell+1","Conserve Battery+1","Seek+1","Defragment+1","ReplayGash","Machine Learning+1","Stack+1","Turbo+1","Sweeping Beam","Hologram+1","Force Field+1","Undo+1","Glacier","Coolheaded+1","Barrage","Coolheaded","infinitespire:Fortify","Hologram","Coolheaded+1","Gash","Defragment+1","Defragment+1"],"relics":["Cracked Core","NeowsBlessing","hubris:Towel","Blood Vial","infinitespire:WardingShard","Replay:Frozen Program","Replay:Ancient Bell","Replay:Rubber Ducky","Snack Pack","Replay:Multitool","MutagenicStrength","Replay:Arrowhead","infinitespire:Midas Blood","ReplayTheSpireMod:Ninjato","Frozen Egg 2","infinitespire:Satchel","Prayer Wheel","Geode","Red Mask","Nuclear Battery","Replay:Antivirus Software","Nunchaku","infinitespire:SolderingIron","Tiny House","ClockworkSouvenir","Calipers","Bronze Scales"],"acts_visited":["Exordium","TheCity","TheBeyond","TheEnding"],"potions_floor_usage":[18,25,31,35,44,44,57],"damage_taken":[{"damage":0,"enemies":"infinitespire:Voidling","floor":1,"turns":1},{"damage":0,"enemies":"Jaw Worm","floor":2,"turns":1},{"damage":0,"enemies":"Small Slimes","floor":5,"turns":1},{"damage":9,"enemies":"Exordium Thugs","floor":7,"turns":5},{"damage":4,"enemies":"Lagavulin","floor":10,"turns":6},{"damage":0,"enemies":"Gremlin Gang","floor":14,"turns":4},{"damage":32,"enemies":"Slime Boss","floor":18,"turns":11},{"damage":9,"enemies":"3 Byrds","floor":20,"turns":6},{"damage":1,"enemies":"Chosen","floor":21,"turns":7},{"damage":26,"enemies":"Snake Plant","floor":22,"turns":7},{"damage":4,"enemies":"Colosseum Slavers","floor":25,"turns":4},{"damage":0,"enemies":"Colosseum Nobs","floor":25,"turns":6},{"damage":38,"enemies":"Book of Stabbing","floor":26,"turns":8},{"damage":1,"enemies":"Centurion and Healer","floor":29,"turns":8},{"damage":7,"enemies":"Chosen and Byrds","floor":30,"turns":8},{"damage":6,"enemies":"Gremlin Leader","floor":31,"turns":7},{"damage":0,"enemies":"Masked Bandits","floor":32,"turns":4},{"damage":7,"enemies":"Snecko","floor":33,"turns":6},{"damage":28,"enemies":"Collector","floor":35,"turns":9},{"damage":0,"enemies":"3 Shapes","floor":37,"turns":6},{"damage":0,"enemies":"Orb Walker","floor":39,"turns":5},{"damage":11,"enemies":"Jaw Worm Horde","floor":40,"turns":5},{"damage":0,"enemies":"4 Shapes","floor":41,"turns":9},{"damage":5,"enemies":"Nemesis","floor":42,"turns":10},{"damage":0,"enemies":"Transient","floor":43,"turns":5},{"damage":41,"enemies":"Reptomancer","floor":44,"turns":7},{"damage":11,"enemies":"Maw","floor":47,"turns":10},{"damage":0,"enemies":"Spire Growth","floor":48,"turns":6},{"damage":0,"enemies":"Awakened One","floor":52,"turns":12},{"damage":18,"enemies":"Shield and Spear","floor":56,"turns":8},{"damage":1,"enemies":"The Heart","floor":57,"turns":13}],"seed_played":"5264754329998056832","potions_obtained":[{"floor":1,"key":"BlessingOfTheForge"},{"floor":2,"key":"SpeedPotion"},{"floor":10,"key":"Explosive Potion"},{"floor":26,"key":"Flashbang"},{"floor":29,"key":"BlessingOfTheForge"},{"floor":31,"key":"Block Potion"},{"floor":35,"key":"Fruit Juice"},{"floor":38,"key":"GamblersBrew"},{"floor":44,"key":"LiquidBronze"},{"floor":46,"key":"BlessingOfTheForge"},{"floor":54,"key":"SteroidPotion"},{"floor":54,"key":"SpeedPotion"}],"is_trial":false,"path_per_floor":["M","M","?","?","M","R","M","R","T","E","R","$","R","M","PTL","PTL","R","B",null,"M","M","M","$","?","R","E","T","T","M","M","E","?","M","R","B",null,"M","?","M","M","M","E","M","E","T","AVR","M","M","R","$","R","B",null,"R","$","E","B",null],"character_chosen":"DEFECT","items_purchased":["Gash","Replay:Frozen Program","Self Repair","Gash","Defragment+1","ClockworkSouvenir","Calipers"],"campfire_rested":0,"item_purchase_floors":[12,12,23,50,50,55,55],"current_hp_per_floor":[75,75,75,75,75,75,66,66,66,64,64,64,64,66,66,66,66,36,75,66,71,51,51,51,67,47,47,47,66,65,75,75,75,75,74,80,80,80,80,69,80,80,80,57,57,62,68,81,81,81,81,85,85,85,85,69,70],"gold":116,"neow_bonus":"THREE_ENEMY_KILL","is_daily":false,"chose_seed":false,"campfire_upgraded":7,"win_rate":0.0,"timestamp":1611809189,"path_taken":["M","?","?","?","?","R","M","R","T","E","R","$","R","?","PTL","PTL","R","BOSS","M","?","M","$","?","R","E","?","T","M","M","E","?","M","R","BOSS","M","?","M","?","?","E","M","E","T","AVR","M","M","R","$","R","BOSS","R","$","E","BOSS"],"items_purchased_type":["Card","Relic","Card","Card","Card","Relic","Relic"],"build_version":"2020-12-22","purchased_purges":2,"victory":true,"max_hp_per_floor":[75,75,75,75,75,75,75,75,75,75,75,75,75,75,75,75,75,75,75,75,75,75,75,75,75,75,75,75,75,75,75,75,75,75,80,80,80,80,80,80,80,80,80,80,80,85,85,85,85,85,85,85,85,85,85,85,85],"card_choices":[{"not_picked":["Conserve Battery","Rebound"],"picked":"White Noise","floor":1},{"not_picked":["Skim","Rebound"],"picked":"Undo","floor":2},{"not_picked":["Aggregate","Stack"],"picked":"Chill","floor":5},{"not_picked":["hubris:Ukulele","Barrage"],"picked":"Auto Shields","floor":7},{"not_picked":["Machine Learning","White Noise"],"picked":"ReplayGash","floor":10},{"not_picked":["Barrage","Compile Driver"],"picked":"Gash","floor":14},{"not_picked":["Rainbow","Hyperbeam"],"picked":"Amplify","floor":18},{"not_picked":["hubris:Sloth","ReplayTheSpireMod:Faulty Equipment"],"picked":"stsjorbsmod:PollutedStrike","floor":19},{"not_picked":["hubris:Despair","Doubt"],"picked":"animator:Curse_Greed","floor":19},{"not_picked":["Delirium","hubris:Envy"],"picked":"Amnesia","floor":19},{"not_picked":["Conserve Battery","Leap"],"picked":"Echo Form","floor":20},{"not_picked":["Beam Cell","hubris:Ukulele"],"picked":"Cold Snap","floor":21},{"not_picked":["Redo","Barrage","Streamline"],"picked":"SKIP","floor":22},{"not_picked":["hubris:PowerSurge","BasicCrystalCard"],"picked":"Amplify","floor":25},{"not_picked":["Go for the Eyes","Machine Learning"],"picked":"ReplayTheSpireMod:Fabricate Wheel","floor":26},{"not_picked":["Compile Driver","Consume"],"picked":"Capacitor+1","floor":29},{"not_picked":["Sweeping Beam","Chaos","Crystallizer+1"],"picked":"SKIP","floor":29},{"not_picked":["Conserve Battery","Melter"],"picked":"Beam Cell+1","floor":30},{"not_picked":["Ball Lightning","ReplayTheSpireMod:System Scan"],"picked":"Conserve Battery+1","floor":30},{"not_picked":["Cold Snap+1","Rebound+1"],"picked":"Seek","floor":31},{"not_picked":["Stack","Cold Snap"],"picked":"Defragment+1","floor":32},{"not_picked":["Hologram","Stack"],"picked":"ReplayGash","floor":33},{"not_picked":["Rebound","Sunder","Beam Cell+1"],"picked":"SKIP","floor":33},{"not_picked":["Seek","hubris:Prefetch"],"picked":"Machine Learning+1","floor":35},{"not_picked":["Streamline","Hologram"],"picked":"Stack+1","floor":37},{"not_picked":["Crystallizer+1","Coolheaded"],"picked":"Turbo+1","floor":37},{"not_picked":["Go for the Eyes","Static Discharge+1"],"picked":"Sweeping Beam","floor":39},{"not_picked":["Turbo","hubris:PowerSurge+1","Beam Cell+1"],"picked":"SKIP","floor":39},{"not_picked":["Auto Shields","Go for the Eyes"],"picked":"Hologram+1","floor":40},{"not_picked":["Stack","Beam Cell+1"],"picked":"Force Field+1","floor":40},{"not_picked":["Panic Button+1","Conserve Battery"],"picked":"Undo+1","floor":41},{"not_picked":["Beam Cell+1","BasicCrystalCard+1","hubris:Ukulele+1"],"picked":"SKIP","floor":41},{"not_picked":["Ball Lightning+1","Thunder Strike"],"picked":"Glacier","floor":42},{"not_picked":["ReplaySolidLightProjector+1","Leap"],"picked":"Coolheaded","floor":43},{"not_picked":["Compile Driver+1","Rebound"],"picked":"Barrage","floor":43},{"not_picked":["ReplaySort+1","White Noise"],"picked":"Coolheaded","floor":44},{"not_picked":["Turbo+1","Streamline+1"],"picked":"Hologram","floor":46},{"not_picked":["Stack","Redo","Go for the Eyes+1"],"picked":"SKIP","floor":47},{"not_picked":["Panic Button+1","Thunder Strike","Barrage"],"picked":"SKIP","floor":47},{"not_picked":["Hologram","Stack"],"picked":"Coolheaded+1","floor":48},{"not_picked":["Coolheaded","Compile Driver","Auto Shields"],"picked":"SKIP","floor":48},{"not_picked":["Self Repair+1","hubris:SpecializedCircuitry+1"],"picked":"Defragment+1","floor":56}],"player_experience":117262,"relics_obtained":[{"floor":9,"key":"Blood Vial"},{"floor":10,"key":"infinitespire:WardingShard"},{"floor":25,"key":"Replay:Arrowhead"},{"floor":25,"key":"infinitespire:Midas Blood"},{"floor":26,"key":"ReplayTheSpireMod:Ninjato"},{"floor":27,"key":"Frozen Egg 2"},{"floor":28,"key":"infinitespire:Satchel"},{"floor":31,"key":"Geode"},{"floor":32,"key":"Red Mask"},{"floor":42,"key":"Replay:Antivirus Software"},{"floor":44,"key":"Nunchaku"},{"floor":56,"key":"Bronze Scales"}],"event_choices":[{"cards_removed":["White Noise"],"damage_healed":0,"gold_gain":0,"player_choice":"Offered Uncommon","damage_taken":0,"max_hp_gain":0,"max_hp_loss":0,"event_name":"Bonfire Elementals","floor":4,"gold_loss":0},{"damage_healed":0,"gold_gain":0,"player_choice":"Inject Mutagens","damage_taken":0,"relics_obtained":["MutagenicStrength"],"max_hp_gain":0,"max_hp_loss":0,"event_name":"Drug Dealer","floor":24,"gold_loss":0},{"damage_healed":0,"gold_gain":0,"player_choice":"Fight","damage_taken":0,"max_hp_gain":0,"max_hp_loss":0,"event_name":"Colosseum","floor":25,"gold_loss":0},{"damage_healed":0,"gold_gain":0,"player_choice":"Fought Nobs","damage_taken":0,"max_hp_gain":0,"max_hp_loss":0,"event_name":"Colosseum","floor":25,"gold_loss":0},{"damage_healed":0,"gold_gain":0,"player_choice":"Fought Bandits","damage_taken":0,"max_hp_gain":0,"max_hp_loss":0,"event_name":"Masked Bandits","floor":32,"gold_loss":0},{"damage_healed":0,"gold_gain":0,"player_choice":"Bought 1 Potion","damage_taken":0,"max_hp_gain":0,"max_hp_loss":0,"event_name":"The Woman in Blue","floor":38,"gold_loss":0},{"cards_removed":["Strike_B"],"damage_healed":0,"gold_gain":0,"player_choice":"Purged","damage_taken":0,"max_hp_gain":0,"max_hp_loss":0,"event_name":"Purifier","floor":51,"gold_loss":0},{"damage_healed":0,"gold_gain":0,"player_choice":"Got Potions","damage_taken":0,"max_hp_gain":0,"max_hp_loss":0,"event_name":"Lab","floor":54,"gold_loss":0}],"is_beta":false,"boss_relics":[{"not_picked":["Cursed Key","Replay:Bronze Core"],"picked":"Replay:Ancient Bell"},{"not_picked":["ReplayTheSpireMod:TigerMarble","Blue Doll"],"picked":"Replay:Rubber Ducky"},{"not_picked":["hubris:MysteriousPyramids","infinitespire:ShieldingShard"],"picked":"Snack Pack"},{"not_picked":["hubris:64BitClover","Peace Pipe"],"picked":"Replay:Multitool"},{"not_picked":["hubris:HollowSoul","Busted Crown"],"picked":"Nuclear Battery"}],"items_purged_floors":[23,50],"is_endless":false,"potions_floor_spawned":[1,2,10,26,29,31,32,35,41,42,44,47],"ascension_level":1}}