{"host":"g2kelmgng7xf1xjg","time":1611863022,"event":{"mods":["BaseMod","Bestiary","Highlight Path","Minty Spire (QoL Compilation)","Relic Stats","StSLib"],"gold_per_floor":[112,128,139,155,175,175,206,206,206,156,231,231,247,282,282,386,386,401,414,131,131,131,131],"floor_reached":22,"language":"ENG","playtime":1534,"items_purged":["Strike_B"],"score":314,"play_id":"166e653b-2a44-42d1-99c8-05b3541be706","local_time":"20210128134342","is_ascension_mode":true,"campfire_choices":[{"data":"Static Discharge","floor":6,"key":"SMITH"},{"data":"Rainbow","floor":8,"key":"SMITH"},{"floor":12,"key":"REST"},{"data":"Zap","floor":15,"key":"SMITH"}],"circlet_count":0,"master_deck":["AscendersBane","Strike_B","Strike_B","Defend_B+1","Defend_B+1","Defend_B","Defend_B","Zap+1","Dualcast","Compile Driver","Static Discharge+1","Ball Lightning","Chill","Rainbow+1","Steam","Redo","Fission","Conserve Battery","Loop","Go for the Eyes"],"relics":["Cracked Core","War Paint","Nunchaku","Omamori","Strawberry","Coffee Dripper","Runic Capacitor"],"acts_visited":["Exordium","TheCity"],"potions_floor_usage":[7,16],"damage_taken":[{"damage":0,"enemies":"2 Louse","floor":1,"turns":2},{"damage":0,"enemies":"Small Slimes","floor":2,"turns":2},{"damage":0,"enemies":"Jaw Worm","floor":3,"turns":3},{"damage":21,"enemies":"2 Fungi Beasts","floor":4,"turns":4},{"damage":6,"enemies":"Exordium Wildlife","floor":5,"turns":4},{"damage":3,"enemies":"3 Sentries","floor":7,"turns":8},{"damage":0,"enemies":"Large Slime","floor":13,"turns":3},{"damage":12,"enemies":"Lagavulin","floor":14,"turns":6},{"damage":11,"enemies":"Hexaghost","floor":16,"turns":9},{"damage":2,"enemies":"3 Byrds","floor":18,"turns":5},{"damage":8,"enemies":"Spheric Guardian","floor":19,"turns":3},{"damage":65,"enemies":"Masked Bandits","floor":22,"turns":4}],"seed_played":"-9109945095772685967","potions_obtained":[{"floor":2,"key":"LiquidBronze"},{"floor":4,"key":"SpeedPotion"},{"floor":5,"key":"Block Potion"},{"floor":7,"key":"Strength Potion"}],"is_trial":false,"path_per_floor":["M","M","M","M","M","R","E","R","T","?","?","R","M","E","R","B",null,"M","M","$","?","?"],"character_chosen":"DEFECT","items_purchased":["Runic Capacitor","Go for the Eyes"],"campfire_rested":1,"item_purchase_floors":[20,20],"current_hp_per_floor":[68,68,68,47,41,41,38,38,38,38,27,49,49,44,44,33,70,68,60,60,60,0,0],"gold":131,"neow_bonus":"RANDOM_COMMON_RELIC","is_daily":false,"chose_seed":false,"campfire_upgraded":3,"win_rate":0.0,"timestamp":1611863022,"path_taken":["M","M","M","M","M","R","E","R","T","?","?","R","M","E","R","BOSS","M","M","$","?","?"],"items_purchased_type":["Relic","Card"],"build_version":"2020-12-22","purchased_purges":1,"victory":false,"max_hp_per_floor":[75,75,75,75,75,75,75,75,75,75,75,75,75,82,82,82,82,82,82,82,82,82,82],"relic_stats":{"Nunchaku":[3],"counters":[12,53],"War Paint":["Defend_B","Defend_B"],"obtain_stats":[{"Nunchaku":7,"Strawberry":14,"Omamori":9,"Coffee Dripper":17,"Runic Capacitor":20,"War Paint":0,"Cracked Core":0},{"Nunchaku":6,"Strawberry":8,"Omamori":6,"Coffee Dripper":9,"Runic Capacitor":11,"War Paint":0,"Cracked Core":0},{"Nunchaku":23,"Strawberry":32,"Omamori":23,"Coffee Dripper":41,"Runic Capacitor":49,"War Paint":0,"Cracked Core":0}]},"card_choices":[{"not_picked":["Beam Cell","Redo"],"picked":"Compile Driver","floor":1},{"not_picked":["Hello World","Storm"],"picked":"Static Discharge","floor":2},{"not_picked":["Beam Cell","Hello World","Conserve Battery"],"picked":"SKIP","floor":3},{"not_picked":["Go for the Eyes","Compile Driver"],"picked":"Ball Lightning","floor":4},{"not_picked":["Melter","Heatsinks"],"picked":"Chill","floor":5},{"not_picked":["Double Energy","Tempest"],"picked":"Rainbow","floor":7},{"not_picked":["Loop","Hello World"],"picked":"Steam","floor":13},{"not_picked":["Cold Snap","Stack"],"picked":"Redo","floor":14},{"not_picked":["Thunder Strike","Reboot"],"picked":"Fission","floor":16},{"not_picked":["Gash","Redo"],"picked":"Conserve Battery","floor":18},{"not_picked":["Beam Cell","Stack"],"picked":"Loop","floor":19}],"player_experience":1033908,"relics_obtained":[{"floor":7,"key":"Nunchaku"},{"floor":9,"key":"Omamori"},{"floor":14,"key":"Strawberry"}],"event_choices":[{"cards_removed":["Strike_B"],"damage_healed":0,"gold_gain":0,"player_choice":"Card Removal","damage_taken":0,"max_hp_gain":0,"max_hp_loss":0,"event_name":"The Cleric","floor":10,"gold_loss":50},{"damage_healed":0,"gold_gain":75,"player_choice":"Gather Gold","damage_taken":11,"max_hp_gain":0,"max_hp_loss":0,"event_name":"World of Goop","floor":11,"gold_loss":0},{"damage_healed":0,"gold_gain":0,"player_choice":"Ignored","damage_taken":0,"max_hp_gain":0,"max_hp_loss":0,"event_name":"Cursed Tome","floor":21,"gold_loss":0},{"damage_healed":0,"gold_gain":0,"player_choice":"Fought Bandits","damage_taken":0,"max_hp_gain":0,"max_hp_loss":0,"event_name":"Masked Bandits","floor":22,"gold_loss":0}],"is_beta":false,"boss_relics":[{"not_picked":["SacredBark","SlaversCollar"],"picked":"Coffee Dripper"}],"items_purged_floors":[20],"is_endless":false,"potions_floor_spawned":[2,4,5,7,14],"killed_by":"Masked Bandits","ascension_level":12}}