{"host":"8fnghcq8tvbg6z9e","time":1611843398,"event":{"mods":["BaseMod","Downfall","Minty Spire (QoL Compilation)","Quick Restart","StSLib"],"gold_per_floor":[117,128,403,33,51,82,102,102,102,102,121,154,174,189,189,285,285,313,256,271,288,288,288],"floor_reached":22,"language":"ZHS","playtime":614,"items_purged":["Regret"],"score":200,"play_id":"b732e767-d77e-4de0-b903-e6b589d0f978","local_time":"20210128221638","is_ascension_mode":false,"campfire_choices":[{"data":"Fire Breathing","floor":8,"key":"SMITH"},{"floor":10,"key":"RECALL"},{"floor":15,"key":"REST"}],"circlet_count":0,"master_deck":["Strike_R","Strike_R","Strike_R","Strike_R","Strike_R","Defend_R","Defend_R","Defend_R","Defend_R","Bash","Fire Breathing+1","Fire Breathing","Wild Strike","Fire Breathing","True Grit"],"relics":["Burning Blood","Vajra","Nunchaku","CeramicFish","StrikeDummy","bronze:MakeshiftBattery","Mercury Hourglass"],"acts_visited":["Exordium","TheCity"],"potions_floor_usage":[11,12,21,22],"damage_taken":[{"damage":8,"enemies":"Jaw Worm","floor":1,"turns":4},{"damage":6,"enemies":"Cultist","floor":2,"turns":3},{"damage":10,"enemies":"Small Slimes","floor":5,"turns":3},{"damage":22,"enemies":"3 Sentries","floor":6,"turns":6},{"damage":0,"enemies":"Exordium Wildlife","floor":7,"turns":3},{"damage":16,"enemies":"Exordium Thugs","floor":11,"turns":5},{"damage":27,"enemies":"Gremlin Nob","floor":12,"turns":4},{"damage":9,"enemies":"2 Fungi Beasts","floor":13,"turns":2},{"damage":5,"enemies":"Looter","floor":14,"turns":3},{"damage":30,"enemies":"Slime Boss","floor":16,"turns":5},{"damage":17,"enemies":"Shell Parasite","floor":18,"turns":4},{"damage":5,"enemies":"Chosen","floor":20,"turns":4},{"damage":39,"enemies":"Shelled Parasite and Fungi","floor":21,"turns":4},{"damage":39,"enemies":"Centurion and Healer","floor":22,"turns":4}],"seed_played":"-3610284316541343464","potions_obtained":[{"floor":6,"key":"BlessingOfTheForge"},{"floor":11,"key":"CultistPotion"},{"floor":13,"key":"PowerPotion"},{"floor":20,"key":"DuplicationPotion"}],"is_trial":false,"path_per_floor":["M","M","?","$","M","E","M","R","T","R","M","E","M","M","R","B",null,"M","?","M","M","M"],"character_chosen":"IRONCLAD","items_purchased":["Vajra","Nunchaku"],"campfire_rested":1,"item_purchase_floors":[4,4],"current_hp_per_floor":[78,78,78,78,74,58,64,64,64,64,54,33,30,31,55,31,80,69,69,70,37,0,0],"gold":288,"neow_bonus":"THREE_CARDS","is_daily":false,"chose_seed":false,"campfire_upgraded":1,"win_rate":0.0,"timestamp":1611843398,"path_taken":["M","M","?","$","M","E","M","R","T","R","M","E","M","M","R","BOSS","M","?","M","M","M"],"items_purchased_type":["Relic","Relic"],"build_version":"2020-12-22","purchased_purges":1,"victory":false,"max_hp_per_floor":[80,80,80,80,80,80,80,80,80,80,80,80,80,80,80,80,80,80,80,80,80,80,80],"card_choices":[{"not_picked":["Disarm","Warcry"],"picked":"Fire Breathing","floor":0},{"not_picked":["Clothesline","True Grit"],"picked":"Fire Breathing","floor":1},{"not_picked":["Rupture","Thunderclap"],"picked":"Wild Strike","floor":2},{"not_picked":["Havoc","Headbutt","Twin Strike"],"picked":"SKIP","floor":5},{"not_picked":["Perfected Strike","Sword Boomerang","Sever Soul"],"picked":"SKIP","floor":6},{"not_picked":["Searing Blow","Thunderclap"],"picked":"Fire Breathing","floor":7},{"not_picked":["Sword Boomerang","Armaments","Dark Embrace"],"picked":"SKIP","floor":11},{"not_picked":["Sentinel","Warcry","Cleave"],"picked":"SKIP","floor":12},{"not_picked":["Twin Strike","Second Wind","Heavy Blade"],"picked":"SKIP","floor":13},{"not_picked":["Burning Pact","Armaments","Rampage"],"picked":"SKIP","floor":14},{"not_picked":["Havoc+1","Armaments"],"picked":"True Grit","floor":18},{"not_picked":["Heavy Blade+1","Headbutt","Clash+1"],"picked":"SKIP","floor":20},{"not_picked":["Feel No Pain","Iron Wave","Rampage"],"picked":"SKIP","floor":21}],"player_experience":193060,"relics_obtained":[{"floor":6,"key":"CeramicFish"},{"floor":12,"key":"StrikeDummy"}],"event_choices":[{"damage_healed":0,"gold_gain":275,"player_choice":"Desecrate","damage_taken":0,"max_hp_gain":0,"max_hp_loss":0,"event_name":"Golden Shrine","floor":3,"gold_loss":0,"cards_obtained":["Regret"]},{"damage_healed":0,"gold_gain":0,"player_choice":"Paid Gold","damage_taken":0,"relics_obtained":["Mercury Hourglass"],"max_hp_gain":0,"max_hp_loss":0,"event_name":"WeMeetAgain","floor":19,"gold_loss":57}],"is_beta":false,"boss_relics":[{"not_picked":["Empty Cage","Sozu"],"picked":"bronze:MakeshiftBattery"}],"items_purged_floors":[4],"is_endless":false,"potions_floor_spawned":[6,11,13,20],"killed_by":"Centurion and Healer","ascension_level":0}}