{"host":"qc8p2flj7wsy3zpg","time":1611848546,"event":{"mods":["BaseMod","Highlight Path","Minty Spire (QoL Compilation)","Relic Stats","StSLib"],"gold_per_floor":[114,114,124,135,29,60,60,60,60],"floor_reached":8,"language":"ENG","playtime":359,"items_purged":[],"score":112,"play_id":"33add4c1-dc3a-417e-9f41-5f6dd41cd6cc","local_time":"20210128094226","is_ascension_mode":true,"campfire_choices":[{"data":"Catalyst","floor":7,"key":"SMITH"}],"circlet_count":0,"master_deck":["AscendersBane","Strike_G","Strike_G","Strike_G","Strike_G+1","Strike_G","Defend_G","Defend_G","Defend_G","Defend_G","Defend_G","Survivor","Neutralize+1","Dodge and Roll","Catalyst+1","Quick Slash","Poisoned Stab","Deadly Poison","Choke"],"relics":["SacredBark","Juzu Bracelet"],"acts_visited":["Exordium"],"potions_floor_usage":[8],"damage_taken":[{"damage":4,"enemies":"Jaw Worm","floor":1,"turns":9},{"damage":0,"enemies":"Cultist","floor":3,"turns":5},{"damage":1,"enemies":"Small Slimes","floor":4,"turns":4},{"damage":7,"enemies":"Lagavulin","floor":6,"turns":5},{"damage":29,"enemies":"3 Sentries","floor":8,"turns":6}],"seed_played":"3634587935187310366","potions_obtained":[{"floor":6,"key":"LiquidBronze"}],"is_trial":false,"path_per_floor":["M","?","M","M","$","E","R","E"],"character_chosen":"THE_SILENT","items_purchased":["Poisoned Stab","Deadly Poison"],"campfire_rested":0,"item_purchase_floors":[5,5],"current_hp_per_floor":[55,35,35,34,34,27,27,0,0],"gold":60,"neow_bonus":"BOSS_RELIC","is_daily":false,"chose_seed":false,"campfire_upgraded":1,"win_rate":0.0,"timestamp":1611848546,"path_taken":["M","?","M","M","?","E","R","E"],"items_purchased_type":["Card","Card"],"build_version":"2020-12-22","purchased_purges":0,"victory":false,"max_hp_per_floor":[66,66,66,66,66,66,66,66,66],"relic_stats":{"counters":[5,29],"Juzu Bracelet":0,"obtain_stats":[{"SacredBark":0,"Juzu Bracelet":6,"Ring of the Snake":0},{"SacredBark":0,"Juzu Bracelet":4,"Ring of the Snake":0},{"SacredBark":0,"Juzu Bracelet":23,"Ring of the Snake":0}]},"card_choices":[{"not_picked":["Prepared","Distraction"],"picked":"Dodge and Roll","floor":1},{"not_picked":["Reflex","Prepared"],"picked":"Catalyst","floor":3},{"not_picked":["Backflip","Prepared"],"picked":"Quick Slash","floor":4},{"not_picked":["Outmaneuver","Quick Slash"],"picked":"Choke","floor":6}],"player_experience":2282234,"relics_obtained":[{"floor":6,"key":"Juzu Bracelet"}],"event_choices":[{"damage_healed":0,"gold_gain":0,"player_choice":"Entered Light","damage_taken":20,"max_hp_gain":0,"max_hp_loss":0,"event_name":"Shining Light","floor":2,"gold_loss":0,"cards_upgraded":["Neutralize","Strike_G"]}],"is_beta":false,"boss_relics":[],"items_purged_floors":[],"is_endless":false,"potions_floor_spawned":[6],"killed_by":"3 Sentries","ascension_level":20}}