{"host":"y7357sx8ps3jkgoj","time":1611874738,"event":{"mods":["BaseMod","Friendly Minions","Minty Spire (QoL Compilation)","Permanent Neow","Relic Stats","Shop Mod","StSLib","The Alterego","Uncapped","Unceasing Turn Reminder"],"gold_per_floor":[111,111,123,139,139,139,139],"floor_reached":6,"language":"ENG","playtime":394,"items_purged":[],"score":43,"play_id":"d1752ee9-f63f-4f9c-8498-ae30d2b7ad7e","local_time":"20210128165858","is_ascension_mode":true,"campfire_choices":[],"circlet_count":0,"master_deck":["alterego_mod:Strike","alterego_mod:Strike","alterego_mod:Strike","alterego_mod:Strike","alterego_mod:Defend","alterego_mod:Defend","alterego_mod:Defend","alterego_mod:Defend","alterego_mod:BigMeatyClaws","alterego_mod:BrynhildrsRune","alterego_mod:Schoolgirl","alterego_mod:Cushion","alterego_mod:DeftHands","alterego_mod:Birthday"],"relics":["alterego_mod:MasochisticConstitution","Golden Idol"],"acts_visited":["Exordium"],"potions_floor_usage":[],"damage_taken":[{"damage":6,"enemies":"Jaw Worm","floor":1,"turns":8},{"damage":22,"enemies":"Cultist","floor":3,"turns":6},{"damage":8,"enemies":"Small Slimes","floor":4,"turns":7},{"damage":68,"enemies":"Gremlin Nob","floor":6,"turns":6}],"seed_played":"-206020520618637871","potions_obtained":[{"floor":1,"key":"Energy Potion"}],"is_trial":false,"path_per_floor":["M","?","M","M","?","E"],"character_chosen":"The_Alterego","items_purchased":[],"campfire_rested":0,"item_purchase_floors":[],"current_hp_per_floor":[71,71,57,64,46,0,0],"gold":139,"neow_bonus":"TRANSFORM_CARD","is_daily":false,"chose_seed":false,"campfire_upgraded":0,"win_rate":0.0,"timestamp":1611874738,"path_taken":["M","?","?","M","?","E"],"items_purchased_type":[],"build_version":"2020-12-22","purchased_purges":0,"victory":false,"max_hp_per_floor":[71,71,72,73,73,73,73],"relic_stats":{"counters":[4,27],"Golden Idol":0,"obtain_stats":[{"alterego_mod:MasochisticConstitution":0,"Golden Idol":5},{"alterego_mod:MasochisticConstitution":0,"Golden Idol":3},{"alterego_mod:MasochisticConstitution":0,"Golden Idol":21}]},"card_choices":[{"not_picked":["alterego_mod:Cooking","alterego_mod:Punishment"],"picked":"alterego_mod:Cushion","floor":1},{"not_picked":["alterego_mod:Schoolgirl","alterego_mod:PresenceConcealment"],"picked":"alterego_mod:DeftHands","floor":3},{"not_picked":["alterego_mod:Cooking","alterego_mod:Exercise"],"picked":"alterego_mod:Birthday","floor":4}],"player_experience":327242,"relics_obtained":[],"event_choices":[{"damage_healed":0,"gold_gain":0,"player_choice":"Bought 0 Potions","damage_taken":0,"max_hp_gain":0,"max_hp_loss":0,"event_name":"The Woman in Blue","floor":2,"gold_loss":0},{"damage_healed":0,"gold_gain":0,"player_choice":"Take Damage","damage_taken":18,"relics_obtained":["Golden Idol"],"max_hp_gain":0,"max_hp_loss":0,"event_name":"Golden Idol","floor":5,"gold_loss":0}],"is_beta":false,"boss_relics":[],"items_purged_floors":[],"is_endless":false,"potions_floor_spawned":[1],"killed_by":"Gremlin Nob","ascension_level":4}}