{"host":"y56d1fjpgcjsodvy","time":1611852336,"event":{"mods":["BaseMod","Colored Powertips","GifTheSpireLib","Highlight Path","Minty Spire (QoL Compilation)","Relic Stats","StSLib","SuperFastMode","everything is the same but u backflip on backflip"],"gold_per_floor":[109,109,124,136,5,30,30,63,87,101,1,1,1,1,1,75,75,88,3,17,17,17,17,37,37,64,89,89,114,60,71,71,145,145,164,189,202,202,220,252,127,127,127,155,155,155,189,200,200,200,200,200,200,34,62,62,62],"floor_reached":56,"language":"KOR","playtime":2555,"items_purged":["Strike_P","Defend_P","Defend_P"],"score":2333,"play_id":"afc7cceb-8246-4667-9884-1dac95bca56c","local_time":"20210129014536","is_ascension_mode":true,"campfire_choices":[{"data":"BowlingBash","floor":7.0,"key":"SMITH"},{"data":"Adaptation","floor":13.0,"key":"SMITH"},{"data":"BattleHymn","floor":15.0,"key":"SMITH"},{"data":"Scrawl","floor":23.0,"key":"SMITH"},{"data":"TalkToTheHand","floor":25.0,"key":"SMITH"},{"data":"1","floor":28.0,"key":"LIFT"},{"data":"Meditate","floor":32.0,"key":"SMITH"},{"data":"2","floor":46.0,"key":"LIFT"},{"floor":49.0,"key":"RECALL"},{"data":"3","floor":53.0,"key":"LIFT"}],"circlet_count":0,"master_deck":["AscendersBane","Strike_P","Defend_P","Eruption+1","Vigilance","Halt","Adaptation+1","Scrawl+1","TalkToTheHand+1","Meditate+1","Establishment","InnerPeace","Indignation+1","Pray+1"],"relics":["PureWater","Potion Belt","Lantern","Bag of Preparation","WingedGreaves","Pear","Empty Cage","Akabeko","Nunchaku","Girya","Strawberry","Runic Pyramid","Mango","Darkstone Periapt","InkBottle","MealTicket","Pen Nib","Anchor","Happy Flower"],"acts_visited":["Exordium","TheCity","TheBeyond","TheEnding"],"potions_floor_usage":[56],"damage_taken":[{"damage":2.0,"enemies":"Jaw Worm","floor":1.0,"turns":3.0},{"damage":0.0,"enemies":"Cultist","floor":3.0,"turns":3.0},{"damage":6.0,"enemies":"Small Slimes","floor":4.0,"turns":3.0},{"damage":0.0,"enemies":"Lagavulin","floor":6.0,"turns":4.0},{"damage":27.0,"enemies":"3 Sentries","floor":8.0,"turns":6.0},{"damage":0.0,"enemies":"Exordium Wildlife","floor":10.0,"turns":1.0},{"damage":9.0,"enemies":"The Guardian","floor":16.0,"turns":7.0},{"damage":5.0,"enemies":"2 Thieves","floor":18.0,"turns":3.0},{"damage":0.0,"enemies":"Chosen","floor":20.0,"turns":2.0},{"damage":0.0,"enemies":"3 Cultists","floor":24.0,"turns":3.0},{"damage":18.0,"enemies":"Book of Stabbing","floor":27.0,"turns":4.0},{"damage":21.0,"enemies":"Gremlin Leader","floor":29.0,"turns":2.0},{"damage":0.0,"enemies":"Centurion and Healer","floor":31.0,"turns":7.0},{"damage":0.0,"enemies":"Automaton","floor":33.0,"turns":3.0},{"damage":0.0,"enemies":"3 Shapes","floor":35.0,"turns":3.0},{"damage":0.0,"enemies":"Mind Bloom Boss Battle","floor":36.0,"turns":2.0},{"damage":13.0,"enemies":"Orb Walker","floor":37.0,"turns":4.0},{"damage":0.0,"enemies":"Maw","floor":39.0,"turns":5.0},{"damage":18.0,"enemies":"Reptomancer","floor":40.0,"turns":5.0},{"damage":0.0,"enemies":"Giant Head","floor":44.0,"turns":1.0},{"damage":26.0,"enemies":"Nemesis","floor":47.0,"turns":7.0},{"damage":31.0,"enemies":"4 Shapes","floor":48.0,"turns":3.0},{"damage":15.0,"enemies":"Awakened One","floor":50.0,"turns":3.0},{"damage":0.0,"enemies":"Donu and Deca","floor":51.0,"turns":3.0},{"damage":0.0,"enemies":"Shield and Spear","floor":55.0,"turns":3.0},{"damage":91,"enemies":"The Heart","floor":56,"turns":5}],"seed_played":"4032206458912769540","potions_obtained":[{"floor":4.0,"key":"Regen Potion"},{"floor":6.0,"key":"FearPotion"},{"floor":8.0,"key":"Ancient Potion"},{"floor":24.0,"key":"Regen Potion"},{"floor":31.0,"key":"Energy Potion"},{"floor":33.0,"key":"Weak Potion"},{"floor":35.0,"key":"LiquidBronze"},{"floor":39.0,"key":"SteroidPotion"},{"floor":40.0,"key":"Swift Potion"},{"floor":44.0,"key":"LiquidMemories"}],"is_trial":false,"path_per_floor":["M","?","M","M","$","E","R","E","T","M","$","?","R","?","R","B",null,"M","?","M","T","$","R","M","R","T","E","R","E","$","M","R","B",null,"M","?","M","?","M","E","$","?","T","E","?","R","E","M","R","B","B",null,"R","$","E","B"],"character_chosen":"WATCHER","items_purchased":["Block Potion","PowerPotion","Anchor"],"campfire_rested":0,"item_purchase_floors":[5,30,54],"current_hp_per_floor":[59,59,59,53,53,53,53,41,41,41,41,23,23,33,33,24,65,60,60,60,60,60,60,60,60,60,42,42,28,28,28,28,37,73,73,87,74,99,99,81,81,81,81,81,81,81,55,24,24,9,9,73,73,88,88,0,0],"gold":62,"neow_bonus":"REMOVE_CARD","is_daily":false,"chose_seed":false,"campfire_upgraded":6,"win_rate":0.0,"timestamp":1611852336,"path_taken":["M","?","M","M","$","E","R","E","T","M","?","?","R","?","R","BOSS","M","?","M","?","?","R","?","R","T","E","R","E","$","?","R","BOSS","M","?","M","?","?","E","$","?","T","E","?","R","E","M","R","BOSS","BOSS","R","$","E","BOSS"],"items_purchased_type":["Potion","Potion","Relic"],"build_version":"2020-12-22","purchased_purges":3,"victory":false,"max_hp_per_floor":[68,68,68,68,68,68,68,68,68,68,68,68,68,78,78,78,78,78,78,78,78,78,78,78,78,78,78,78,85,85,85,85,85,85,85,99,99,99,99,99,99,99,99,99,94,94,94,94,94,94,94,94,94,94,94,94,94],"relic_stats":{"Darkstone Periapt":0,"Nunchaku":[32],"Happy Flower":[1],"counters":[26,95],"MealTicket":15,"Pen Nib":[14],"Bag of Preparation":[42],"obtain_stats":[{"Potion Belt":6,"Darkstone Periapt":40,"Girya":27,"Lantern":8,"Pear":14,"Happy Flower":55,"Mango":36,"Pen Nib":47,"Bag of Preparation":9,"Empty Cage":17,"Akabeko":19,"Nunchaku":21,"Anchor":54,"Strawberry":29,"MealTicket":44,"WingedGreaves":12,"PureWater":0,"InkBottle":43,"Runic Pyramid":34},{"Potion Belt":4,"Darkstone Periapt":19,"Girya":11,"Lantern":5,"Pear":6,"Happy Flower":25,"Mango":16,"Pen Nib":21,"Bag of Preparation":5,"Empty Cage":7,"Akabeko":8,"Nunchaku":9,"Anchor":24,"Strawberry":12,"MealTicket":20,"WingedGreaves":6,"PureWater":0,"InkBottle":19,"Runic Pyramid":14},{"Potion Belt":13,"Darkstone Periapt":70,"Girya":39,"Lantern":19,"Pear":20,"Happy Flower":90,"Mango":56,"Pen Nib":78,"Bag of Preparation":19,"Empty Cage":27,"Akabeko":30,"Nunchaku":32,"Anchor":87,"Strawberry":41,"MealTicket":71,"WingedGreaves":20,"PureWater":0,"InkBottle":70,"Runic Pyramid":51}],"InkBottle":[41]},"card_choices":[{"not_picked":["Fasting2","CutThroughFate"],"picked":"Halt","floor":1.0},{"not_picked":["CrushJoints","LikeWater","Prostrate"],"picked":"SKIP","floor":3.0},{"not_picked":["BowlingBash","Perseverance"],"picked":"BattleHymn","floor":4.0},{"not_picked":["CrushJoints","LikeWater"],"picked":"BowlingBash","floor":6.0},{"not_picked":["FlurryOfBlows","WreathOfFlame"],"picked":"Adaptation","floor":8.0},{"not_picked":["Prostrate","EmptyBody","WreathOfFlame"],"picked":"SKIP","floor":10.0},{"not_picked":["Alpha","MasterReality"],"picked":"Scrawl","floor":16.0},{"not_picked":["EmptyFist","EmptyBody"],"picked":"TalkToTheHand","floor":18.0},{"not_picked":["CutThroughFate","Nirvana","Collect"],"picked":"SKIP","floor":20.0},{"not_picked":["BattleHymn","FlyingSleeves+1","Swivel"],"picked":"SKIP","floor":24.0},{"not_picked":["BowlingBash","Pray","WindmillStrike"],"picked":"SKIP","floor":27.0},{"not_picked":["FlyingSleeves","CrushJoints","Evaluate"],"picked":"SKIP","floor":29.0},{"not_picked":["ClearTheMind","Evaluate"],"picked":"Meditate","floor":31.0},{"not_picked":["Brilliance","Vault"],"picked":"Establishment","floor":33.0},{"not_picked":["Study","FlurryOfBlows+1","Consecrate"],"picked":"SKIP","floor":35.0},{"not_picked":["PathToVictory","Consecrate"],"picked":"InnerPeace","floor":36.0},{"not_picked":["WreathOfFlame","Weave","FlurryOfBlows"],"picked":"SKIP","floor":37.0},{"not_picked":["JustLucky+1","Wish"],"picked":"Indignation+1","floor":39.0},{"not_picked":["SpiritShield","SandsOfTime","Halt"],"picked":"SKIP","floor":40.0},{"not_picked":["Meditate","ClearTheMind","Collect+1"],"picked":"SKIP","floor":44.0},{"not_picked":["ForeignInfluence","BattleHymn"],"picked":"Pray+1","floor":47.0},{"not_picked":["FlyingSleeves","ForeignInfluence+1","Indignation"],"picked":"SKIP","floor":48.0},{"not_picked":["SandsOfTime+1","Protect","FlurryOfBlows"],"picked":"SKIP","floor":55.0}],"player_experience":1190137,"relics_obtained":[{"floor":6.0,"key":"Potion Belt"},{"floor":8.0,"key":"Lantern"},{"floor":9.0,"key":"Bag of Preparation"},{"floor":21.0,"key":"Nunchaku"},{"floor":27.0,"key":"Girya"},{"floor":29.0,"key":"Strawberry"},{"floor":36.0,"key":"Mango"},{"floor":40.0,"key":"Darkstone Periapt"},{"floor":43.0,"key":"InkBottle"},{"floor":44.0,"key":"MealTicket"},{"floor":47.0,"key":"Pen Nib"},{"floor":55.0,"key":"Happy Flower"}],"event_choices":[{"damage_healed":0.0,"max_hp_gain":0.0,"max_hp_loss":0.0,"gold_gain":0.0,"event_name":"Accursed Blacksmith","player_choice":"Forge","floor":2.0,"gold_loss":0.0,"damage_taken":0.0,"cards_upgraded":["Eruption"]},{"damage_healed":0.0,"max_hp_gain":0.0,"max_hp_loss":0.0,"gold_gain":0.0,"event_name":"Scrap Ooze","player_choice":"Success","floor":12.0,"gold_loss":0.0,"damage_taken":18.0,"relics_obtained":["WingedGreaves"]},{"damage_healed":0.0,"max_hp_gain":0.0,"max_hp_loss":0.0,"gold_gain":0.0,"event_name":"Dead Adventurer","player_choice":"Searched \u00272\u0027 times","floor":14.0,"gold_loss":0.0,"damage_taken":0.0,"relics_obtained":["Pear"]},{"damage_healed":0.0,"max_hp_gain":0.0,"max_hp_loss":0.0,"gold_gain":0.0,"event_name":"Addict","player_choice":"Obtained Relic","floor":19.0,"gold_loss":85.0,"damage_taken":0.0,"relics_obtained":["Akabeko"]},{"damage_healed":0.0,"max_hp_gain":0.0,"max_hp_loss":0.0,"gold_gain":0.0,"event_name":"MindBloom","player_choice":"Fight","floor":36.0,"gold_loss":0.0,"damage_taken":0.0},{"cards_removed":["BattleHymn"],"damage_healed":25.0,"max_hp_gain":0.0,"max_hp_loss":0.0,"gold_gain":0.0,"event_name":"Bonfire Elementals","player_choice":"Offered Uncommon","floor":38.0,"gold_loss":0.0,"damage_taken":0.0},{"cards_removed":["BowlingBash"],"damage_healed":0.0,"max_hp_gain":0.0,"max_hp_loss":0.0,"gold_gain":0.0,"event_name":"Falling","player_choice":"Removed Attack","floor":42.0,"gold_loss":0.0,"damage_taken":0.0},{"damage_healed":0.0,"max_hp_gain":0.0,"max_hp_loss":5.0,"gold_gain":0.0,"event_name":"Winding Halls","player_choice":"Max HP","floor":45.0,"gold_loss":0.0,"damage_taken":0.0}],"is_beta":false,"boss_relics":[{"not_picked":["Sozu","Cursed Key"],"picked":"Empty Cage"},{"not_picked":["SlaversCollar","Coffee Dripper"],"picked":"Runic Pyramid"}],"items_purged_floors":[5,11,41],"is_endless":false,"potions_floor_spawned":[4,6,8,24,31,33,35,39,40,44],"killed_by":"The Heart","ascension_level":20}}