{"host":"moon9xuhyn08cqjw","time":1611818459,"event":{"mods":["2.2 Compatiblity","AchievementEnabler","BaseMod","Better Third Choice","Conspire","GungeonMod","Hubris","Infinite Spire","Jedi Mod","Jorbs\u0027s Wanderer Trilogy","Lobotomy","LobotomyExtend","Marisa????????","Minty Spire (QoL Compilation)","Robot Space Explorer","StSLib","Td1madao Mod","The Blackbeard","The Forsaken","The Hierophant","The Necromancer","The Runesmith","The Saiyan","TheBandit","[IsaacMod]????"],"gold_per_floor":[113,130,130,130,150,184,184,184,210,237,255,255,6,0,0,105,105,118,129,141,141,161,161,171,188,188,16,26,26,58,78,78,178,178,188,198,214,32,66,66,66,99,99,117,117,129,167,184,184,184],"floor_reached":51,"language":"RUS","playtime":4317,"items_purged":[],"score":847,"play_id":"ccbe8739-bd0e-4050-b463-cf05a5ba7ed3","local_time":"20210128152059","is_ascension_mode":false,"campfire_choices":[{"data":"stsjorbsmod:ArcaneWeapon","floor":7,"key":"SMITH"},{"data":"stsjorbsmod:MirrorImage","floor":12,"key":"SMITH"},{"data":"Enlightenment","floor":15,"key":"SMITH"},{"data":"stsjorbsmod:ChainLightning","floor":23,"key":"SMITH"},{"floor":29,"key":"REST"},{"floor":32,"key":"REST"},{"floor":40,"key":"REST"},{"floor":49,"key":"REST"}],"circlet_count":0,"master_deck":["stsjorbsmod:ForbiddenGrimoire+1","stsjorbsmod:Strike_Wanderer","stsjorbsmod:Strike_Wanderer","stsjorbsmod:Strike_Wanderer","stsjorbsmod:Strike_Wanderer","stsjorbsmod:Defend_Wanderer","stsjorbsmod:Defend_Wanderer","stsjorbsmod:Defend_Wanderer","stsjorbsmod:Defend_Wanderer","stsjorbsmod:FreshAdventure","stsjorbsmod:EyeOfTheStorm","BettingIsNotGood","stsjorbsmod:Withdraw","stsjorbsmod:BurningFlask","stsjorbsmod:HedgeWizard","Apotheosis+1","stsjorbsmod:ArcaneWeapon+1","stsjorbsmod:FlameWard","stsjorbsmod:MirrorImage+1","stsjorbsmod:ChainLightning+1","Enlightenment+1","stsjorbsmod:Pyromancy","stsjorbsmod:DisguiseSelf","stsjorbsmod:MistyStep","stsjorbsmod:FracturedMind","stsjorbsmod:Prestidigitation+1","stsjorbsmod:TrueStrike+1","stsjorbsmod:TinyHut","stsjorbsmod:DisguiseSelf","stsjorbsmod:LocateObject","stsjorbsmod:AnimateObjects","stsjorbsmod:SmithingStrike+1","stsjorbsmod:ThirstingSword","stsjorbsmod:BurningFlask+1","stsjorbsmod:MagicMissiles+1","stsjorbsmod:BlackTentacles","HandOfGreed","stsjorbsmod:Inferno+1","stsjorbsmod:TinyHut+1","stsjorbsmod:Will+1","Flash of Steel","PanicButton","stsjorbsmod:Mending","stsjorbsmod:RefuseToForget+1","stsjorbsmod:Channel+1"],"relics":["stsjorbsmod:GrimoireRelic","HushsDoor","SatanicBible","LetterFromLob","DemoMod:MeltedRock","Boot","Runesmith:AutoHammer","hubris:SphereOfDissonance","hubris:HollowSoul","Meat on the Bone","Potion Belt","hubris:ScarierMask","TheBible","theForsaken:HumbleEgg"],"acts_visited":["Exordium","TheCity","TheBeyond"],"potions_floor_usage":[10,20,24,28,28,31,37,42,42,50],"damage_taken":[{"damage":1,"enemies":"Jaw Worm","floor":1,"turns":4},{"damage":0,"enemies":"Cultist","floor":2,"turns":4},{"damage":0,"enemies":"2 Louse","floor":5,"turns":3},{"damage":0,"enemies":"Gremlin Nob","floor":6,"turns":3},{"damage":0,"enemies":"Lagavulin","floor":10,"turns":8},{"damage":0,"enemies":"Exordium Wildlife","floor":11,"turns":1},{"damage":12,"enemies":"The Guardian","floor":16,"turns":8},{"damage":6,"enemies":"Shell Parasite","floor":18,"turns":5},{"damage":14,"enemies":"3 Byrds","floor":19,"turns":3},{"damage":25,"enemies":"Centurion and Healer","floor":20,"turns":5},{"damage":2,"enemies":"Snecko","floor":22,"turns":6},{"damage":23,"enemies":"Shelled Parasite and Fungi","floor":24,"turns":7},{"damage":16,"enemies":"Cultist and Chosen","floor":25,"turns":6},{"damage":2,"enemies":"Snake Plant","floor":28,"turns":6},{"damage":19,"enemies":"Centurion and Healer","floor":30,"turns":6},{"damage":0,"enemies":"Snecko","floor":31,"turns":7},{"damage":0,"enemies":"conspire:MysteriousRune","floor":33,"turns":10},{"damage":0,"enemies":"3 Darklings","floor":35,"turns":1},{"damage":1,"enemies":"Orb Walker","floor":36,"turns":4},{"damage":24,"enemies":"Maw","floor":37,"turns":8},{"damage":0,"enemies":"Jaw Worm Horde","floor":39,"turns":4},{"damage":41,"enemies":"Reptomancer","floor":42,"turns":7},{"damage":14,"enemies":"Sphere and 2 Shapes","floor":44,"turns":3},{"damage":33,"enemies":"Writhing Mass","floor":46,"turns":7},{"damage":12,"enemies":"4 Shapes","floor":47,"turns":8},{"damage":0,"enemies":"Sphere and 2 Shapes","floor":48,"turns":4},{"damage":84,"enemies":"conspire:OrnateMirror","floor":50,"turns":13}],"seed_played":"6206846300225974288","potions_obtained":[{"floor":1,"key":"Weak Potion"},{"floor":2,"key":"DemoMod:LeadSkinPotion"},{"floor":11,"key":"SteroidPotion"},{"floor":19,"key":"DistilledChaos"},{"floor":25,"key":"Dexterity Potion"},{"floor":28,"key":"FearPotion"},{"floor":30,"key":"Ancient Potion"},{"floor":35,"key":"Dexterity Potion"},{"floor":36,"key":"Strength Potion"},{"floor":46,"key":"BlessingOfTheForge"},{"floor":47,"key":"FearPotion"}],"is_trial":false,"path_per_floor":["M","M","?","?","M","E","R","E","T","E","M","R","$","?","R","B",null,"M","M","M","?","M","R","M","M","T","$","M","R","M","M","R","B",null,"M","M","M","$","M","R","?","E","T","M","?","M","M","M","R","B",null],"character_chosen":"WANDERER","items_purchased":["hubris:SphereOfDissonance","Potion Belt","stsjorbsmod:DisguiseSelf","HandOfGreed"],"campfire_rested":4,"item_purchase_floors":[13,27,27,38],"current_hp_per_floor":[68,68,68,68,70,70,70,70,70,70,70,70,70,76,76,64,76,71,57,32,57,56,56,33,17,17,17,29,51,45,45,67,67,76,76,75,49,49,50,71,71,43,43,48,38,17,35,47,68,29],"gold":184,"neow_bonus":"ONE_RANDOM_RARE_CARD","is_daily":false,"chose_seed":false,"campfire_upgraded":4,"win_rate":0.0,"timestamp":1611818459,"path_taken":["M","M","?","?","M","E","R","E","T","E","M","R","$","?","R","BOSS","M","M","M","?","M","R","M","M","T","$","M","R","M","M","R","BOSS","M","M","M","$","M","R","?","E","T","M","?","M","?","M","R","BOSS"],"items_purchased_type":["Relic","Relic","Card","Card"],"build_version":"2020-12-22","purchased_purges":0,"victory":true,"max_hp_per_floor":[68,68,68,68,70,70,70,70,70,70,70,70,70,76,76,76,76,76,76,76,76,76,76,76,76,76,76,76,76,76,76,76,76,76,76,76,73,73,73,73,73,73,73,71,71,71,71,71,71,69],"card_choices":[{"not_picked":[],"picked":"BettingIsNotGood","floor":0},{"not_picked":["stsjorbsmod:FracturedMind","stsjorbsmod:Stalwart"],"picked":"stsjorbsmod:BurningFlask","floor":1},{"not_picked":["stsjorbsmod:ParryingBlow","stsjorbsmod:WanderingMind"],"picked":"stsjorbsmod:HedgeWizard","floor":2},{"not_picked":["stsjorbsmod:Fear","Bomb"],"picked":"stsjorbsmod:ArcaneWeapon","floor":5},{"not_picked":["stsjorbsmod:Prestidigitation","stsjorbsmod:AnimateObjects"],"picked":"stsjorbsmod:FlameWard","floor":6},{"not_picked":["stsjorbsmod:TrueStrike","stsjorbsmod:Thorns"],"picked":"stsjorbsmod:MirrorImage","floor":10},{"not_picked":["stsjorbsmod:WanderingMind","stsjorbsmod:BookOfTongues"],"picked":"stsjorbsmod:ChainLightning","floor":11},{"not_picked":["stsjorbsmod:IvoryTower","stsjorbsmod:GatherPower"],"picked":"stsjorbsmod:Pyromancy","floor":16},{"not_picked":["stsjorbsmod:BurningFlask","stsjorbsmod:Hurt"],"picked":"stsjorbsmod:DisguiseSelf","floor":18},{"not_picked":["stsjorbsmod:TrueStrike","stsjorbsmod:UnseenServant"],"picked":"stsjorbsmod:MistyStep","floor":19},{"not_picked":["stsjorbsmod:Hibernate","stsjorbsmod:RayOfFrost"],"picked":"stsjorbsmod:FracturedMind","floor":20},{"not_picked":["stsjorbsmod:DisguiseSelf","stsjorbsmod:Will"],"picked":"stsjorbsmod:Prestidigitation+1","floor":22},{"not_picked":["stsjorbsmod:Prestidigitation","stsjorbsmod:Firebolt"],"picked":"stsjorbsmod:TrueStrike+1","floor":24},{"not_picked":["stsjorbsmod:RefuseToForget","stsjorbsmod:ArcaneWeapon"],"picked":"stsjorbsmod:TinyHut","floor":25},{"not_picked":["stsjorbsmod:BurningFlask","stsjorbsmod:Message"],"picked":"stsjorbsmod:LocateObject","floor":28},{"not_picked":["stsjorbsmod:BlackTentacles","stsjorbsmod:Hurt+1"],"picked":"stsjorbsmod:AnimateObjects","floor":30},{"not_picked":["stsjorbsmod:UnseenServant","stsjorbsmod:ChainLightning"],"picked":"stsjorbsmod:SmithingStrike+1","floor":31},{"not_picked":["stsjorbsmod:DeathThroes","stsjorbsmod:Determination"],"picked":"stsjorbsmod:ThirstingSword","floor":33},{"not_picked":["stsjorbsmod:Channel","stsjorbsmod:Hurt"],"picked":"stsjorbsmod:BurningFlask+1","floor":35},{"not_picked":["stsjorbsmod:UnseenServant","stsjorbsmod:TinyHut"],"picked":"stsjorbsmod:MagicMissiles+1","floor":36},{"not_picked":["stsjorbsmod:SchoolsOfMagic+1","stsjorbsmod:Message"],"picked":"stsjorbsmod:BlackTentacles","floor":37},{"not_picked":["stsjorbsmod:BlackTentacles+1","stsjorbsmod:Stalwart"],"picked":"stsjorbsmod:Inferno+1","floor":39},{"not_picked":["stsjorbsmod:Hurt+1","stsjorbsmod:Fear"],"picked":"stsjorbsmod:TinyHut+1","floor":42},{"not_picked":["stsjorbsmod:SchoolsOfMagic+1","stsjorbsmod:Hurt+1"],"picked":"stsjorbsmod:Will+1","floor":44},{"not_picked":["hubris:EnhanceAbility","Violence"],"picked":"Flash of Steel","floor":45},{"not_picked":["BettingIsNotGood","jedi:RedIncense"],"picked":"PanicButton","floor":45},{"not_picked":["Good Instincts","Swift Strike"],"picked":"Bomb","floor":45},{"not_picked":["stsjorbsmod:Stalwart","stsjorbsmod:Rest"],"picked":"stsjorbsmod:Mending","floor":46},{"not_picked":["stsjorbsmod:ParryingBlow+1","stsjorbsmod:Index+1"],"picked":"stsjorbsmod:RefuseToForget+1","floor":47},{"not_picked":["stsjorbsmod:Message+1","stsjorbsmod:RayOfFrost+1"],"picked":"stsjorbsmod:Channel+1","floor":48}],"player_experience":1189302,"relics_obtained":[{"floor":1,"key":"LetterFromLob"},{"floor":6,"key":"DemoMod:MeltedRock"},{"floor":9,"key":"Boot"},{"floor":10,"key":"Runesmith:AutoHammer"},{"floor":26,"key":"Meat on the Bone"},{"floor":42,"key":"TheBible"},{"floor":43,"key":"theForsaken:HumbleEgg"}],"event_choices":[{"damage_healed":68,"gold_gain":0,"player_choice":"Embrace","damage_taken":0,"max_hp_gain":0,"max_hp_loss":68,"event_name":"betterThird:BetterShining","floor":4,"gold_loss":0},{"damage_healed":0,"gold_gain":0,"player_choice":"RENOUNCE","damage_taken":6,"max_hp_gain":0,"max_hp_loss":0,"event_name":"betterThird:BetterSerpent","floor":14,"gold_loss":6,"cards_obtained":["Enlightenment"]},{"damage_healed":25,"gold_gain":0,"player_choice":"Heal","damage_taken":0,"max_hp_gain":0,"max_hp_loss":0,"event_name":"The Library","floor":21,"gold_loss":0},{"damage_healed":0,"gold_gain":0,"player_choice":"Memory 3","damage_taken":10,"max_hp_gain":0,"max_hp_loss":0,"event_name":"SensoryStone","floor":45,"gold_loss":0}],"is_beta":false,"boss_relics":[{"not_picked":["Empty Cage","infinitespire:Cupcake"],"picked":"hubris:HollowSoul"},{"not_picked":[]},{"not_picked":["Sozu","hubris:Stopwatch"],"picked":"hubris:ScarierMask"},{"not_picked":[]}],"items_purged_floors":[],"is_endless":false,"potions_floor_spawned":[1,2,11,19,25,28,30,35,36,46,47],"ascension_level":0}}