{"host":"9kesdg97wkrx2bva","time":1611873012,"event":{"mods":["AchievementEnabler","BaseMod","Colored Map","GifTheSpireLib","Infinite Spire","Minty Spire (QoL Compilation)","Replay The Spire","StSLib"],"gold_per_floor":[119,132,147,72,92,118,118,168,222,222,238,248,91,107,107,184,184,196,196,214,232,253,253,253,253,280,280,305,320,330,205,205,205],"floor_reached":32,"language":"ENG","playtime":804,"items_purged":["Strike_B","Strike_B","Strike_B","Pain"],"score":502,"play_id":"6ff26522-573a-4780-8296-ba27ee8a187a","local_time":"20210128163012","is_ascension_mode":true,"campfire_choices":[{"floor":7,"key":"REST"},{"floor":10,"key":"REST"},{"data":"Zap","floor":15,"key":"SMITH"},{"floor":25,"key":"REST"},{"floor":27,"key":"REST"}],"circlet_count":0,"master_deck":["AscendersBane","Strike_B","Defend_B","Defend_B","Defend_B","Defend_B","Zap+1","Dualcast","Rebound","Sweeping Beam","Electrodynamics","Gash","Reboot+1","Go for the Eyes+1","Gash","Seek+1","Zap+1","Beam Cell+1","Ball Lightning","Streamline","Barrage"],"relics":["Cracked Core","NeowsBlessing","Golden Egg","Regal Pillow","Inserter","DollysMirror","Boot","Replay:Baseball"],"acts_visited":["Exordium","TheCity"],"potions_floor_usage":[14,16,18,30,32],"damage_taken":[{"damage":0,"enemies":"Cultist","floor":1,"turns":1},{"damage":0,"enemies":"Small Slimes","floor":2,"turns":1},{"damage":0,"enemies":"Jaw Worm","floor":3,"turns":1},{"damage":17,"enemies":"Exordium Wildlife","floor":5,"turns":3},{"damage":32,"enemies":"Gremlin Nob","floor":6,"turns":4},{"damage":9,"enemies":"Red Slaver","floor":11,"turns":3},{"damage":7,"enemies":"2 Fungi Beasts","floor":12,"turns":2},{"damage":0,"enemies":"Lots of Slimes","floor":14,"turns":1},{"damage":44,"enemies":"Fading Forest","floor":16,"turns":11},{"damage":6,"enemies":"Spheric Guardian","floor":18,"turns":3},{"damage":14,"enemies":"Chosen","floor":20,"turns":5},{"damage":26,"enemies":"Centurion and Healer","floor":21,"turns":5},{"damage":40,"enemies":"Nightmare","floor":26,"turns":6},{"damage":13,"enemies":"Chosen and Byrds","floor":29,"turns":5},{"damage":19,"enemies":"Shelled Parasite and Fungi","floor":30,"turns":2},{"damage":12,"enemies":"Book of Stabbing","floor":32,"turns":3}],"seed_played":"-7430717540220149171","potions_obtained":[{"floor":3,"key":"Adrenaline Potion"},{"floor":12,"key":"Milkshake"},{"floor":16,"key":"Adrenaline Potion"},{"floor":18,"key":"SteroidPotion"},{"floor":22,"key":"EssenceOfDarkness"},{"floor":30,"key":"Dexterity Potion"}],"is_trial":false,"path_per_floor":["M","M","M","$","M","E","R","?","T","R","M","M","$","M","R","B",null,"M","AVR","M","M","?","PTL","PTL","R","NM","R","T","M","M","$","E"],"character_chosen":"DEFECT","items_purchased":["Go for the Eyes"],"campfire_rested":4,"item_purchase_floors":[13],"current_hp_per_floor":[64,64,64,64,47,15,36,29,29,65,56,49,49,49,49,13,57,51,51,37,11,11,11,11,47,7,43,43,30,11,11,0,0],"gold":205,"neow_bonus":"THREE_ENEMY_KILL","is_daily":false,"chose_seed":false,"campfire_upgraded":1,"win_rate":0.0,"timestamp":1611873012,"path_taken":["M","M","M","$","?","E","R","?","T","R","?","M","$","M","R","BOSS","M","AVR","M","M","?","PTL","PTL","R","NM","R","T","M","M","$","E"],"items_purchased_type":["Card"],"build_version":"2020-12-22","purchased_purges":4,"victory":false,"max_hp_per_floor":[71,71,71,71,71,71,71,71,71,71,71,71,71,71,71,71,71,71,71,71,71,71,71,71,71,71,71,71,71,71,71,71,71],"card_choices":[{"not_picked":["Sweeping Beam","Cold Snap"],"picked":"Rebound","floor":1},{"not_picked":["Coolheaded","FIFO Queue"],"picked":"Sweeping Beam","floor":2},{"not_picked":["Cold Snap","BasicCrystalCard","Hologram"],"picked":"SKIP","floor":3},{"not_picked":["Sweeping Beam","FIFO Queue"],"picked":"Electrodynamics","floor":5},{"not_picked":["Compile Driver","Barrage"],"picked":"Gash","floor":6},{"not_picked":["Redo","ReplaySolidLightProjector","Cold Snap"],"picked":"SKIP","floor":11},{"not_picked":["Conserve Battery","ReplaySolidLightProjector"],"picked":"Reboot","floor":12},{"not_picked":["Scrape","Compile Driver"],"picked":"Gash","floor":14},{"not_picked":["Meteor Strike","Rainbow"],"picked":"Seek","floor":16},{"not_picked":["Steam+1","BootSequence+1","ReplayTheSpireMod:Reroute Power"],"picked":"SKIP","floor":18},{"not_picked":["ReplayTheSpireMod:System Scan","Barrage+1"],"picked":"Beam Cell+1","floor":20},{"not_picked":["Darkness","Steam"],"picked":"Ball Lightning","floor":21},{"not_picked":["Stack","Barrage"],"picked":"Streamline","floor":26},{"not_picked":["Hologram+1","Turbo"],"picked":"Barrage","floor":29},{"not_picked":["Rebound","ReplaySolidLightProjector","Steam Power"],"picked":"SKIP","floor":30}],"player_experience":981837,"relics_obtained":[{"floor":6,"key":"Golden Egg"},{"floor":9,"key":"Regal Pillow"},{"floor":26,"key":"Boot"},{"floor":28,"key":"Replay:Baseball"}],"event_choices":[{"damage_healed":0,"gold_gain":50,"player_choice":"Touch","damage_taken":7,"max_hp_gain":0,"max_hp_loss":0,"event_name":"FaceTrader","floor":8,"gold_loss":0}],"is_beta":false,"boss_relics":[{"not_picked":["Ring of Chaos","Snecko Eye"],"picked":"Inserter"}],"items_purged_floors":[4,13,19,31],"is_endless":true,"potions_floor_spawned":[3,12,16,18,30],"killed_by":"Book of Stabbing","ascension_level":18}}