{"host":"5ty8fyb0ngp9gspj","time":1611831071,"event":{"mods":["2.2 Compatiblity","AchievementEnabler","Act Like it!","BaseMod","Colored Map","Downfall","Minty Spire (QoL Compilation)","Rare Cards Sparkle","Relic Stats","Reliquary","StSLib","The Animator","The Jungle","slay the spire mod where everything is the same but ironclad has a cowboy hat"],"gold_per_floor":[112,129,149,164,178,178,208,220,246,263,288,298,373,399,399,497,497,510,267,277,308,398,427,427,454,454,481,495,512,512,532,532,629,629,649,325,375,390,350,375,375,394,420,420,440,440,454,464,464,464,464,464,32,32,32],"floor_reached":54,"language":"ENG","playtime":2900,"items_purged":["Strike_G","Strike_G","Heel Hook"],"score":1039,"play_id":"0d812c24-add4-425d-aa5a-0dbdf7064026","local_time":"20210128215111","is_ascension_mode":true,"campfire_choices":[{"data":"Sucker Punch","floor":6,"key":"SMITH"},{"floor":15,"key":"REST"},{"floor":24,"key":"REST"},{"floor":32,"key":"REST"},{"floor":41,"key":"RECALL"},{"data":"Night Terror","floor":46,"key":"SMITH"},{"data":"Prepared","floor":49,"key":"SMITH"},{"data":"Riddle With Holes","floor":52,"key":"SMITH"}],"circlet_count":0,"master_deck":["Strike_G+1","Strike_G","Strike_G","Defend_G","Defend_G+1","Defend_G","Defend_G+1","Defend_G","Survivor","Neutralize","Dagger Spray","Blur","Cloak And Dagger","Sucker Punch+1","Caltrops+1","Riddle With Holes+1","PiercingWail","After Image+1","Phantasmal Killer+1","Expertise","Predator+1","Good Instincts","Dagger Spray+1","Setup+1","Night Terror+1","Flying Knee","Cloak And Dagger+1","Concentrate+1","Blur+1","Acrobatics+1","Quick Slash+1","Reflex+1","Prepared+1","Dagger Throw+1","Chrysalis","Blade Dance"],"relics":["Runic Dome","Boot","Smiling Mask","reliquary:RadioactivePellet","Bag of Preparation","SacredBark","champ:Barbells","Red Mask","Regal Pillow","Gambling Chip","Lizard Tail","reliquary:WritOfMandamus","Turnip","Matryoshka","War Paint","Snake Skull"],"acts_visited":["Exordium","TheCity","TheBeyond","TheEnding"],"potions_floor_usage":[7,11,14,16,21,23,25,27,33,36,40,45,50,50],"damage_taken":[{"damage":0,"enemies":"Cultist","floor":1,"turns":4},{"damage":0,"enemies":"Small Slimes","floor":2,"turns":3},{"damage":0,"enemies":"2 Louse","floor":3,"turns":3},{"damage":1,"enemies":"Blue Slaver","floor":4,"turns":4},{"damage":3,"enemies":"Red Slaver","floor":5,"turns":6},{"damage":10,"enemies":"3 Sentries","floor":7,"turns":11},{"damage":2,"enemies":"2 Fungi Beasts","floor":8,"turns":4},{"damage":17,"enemies":"Large Slime","floor":10,"turns":6},{"damage":10,"enemies":"Gremlin Nob","floor":11,"turns":4},{"damage":1,"enemies":"Looter","floor":12,"turns":3},{"damage":5,"enemies":"Lagavulin","floor":14,"turns":6},{"damage":0,"enemies":"Slime Boss","floor":16,"turns":9},{"damage":0,"enemies":"Shell Parasite","floor":18,"turns":5},{"damage":2,"enemies":"3 Byrds","floor":20,"turns":4},{"damage":25,"enemies":"Masked Bandits","floor":21,"turns":6},{"damage":8,"enemies":"Slavers","floor":23,"turns":5},{"damage":18,"enemies":"Book of Stabbing","floor":25,"turns":7},{"damage":6,"enemies":"Gremlin Leader","floor":27,"turns":7},{"damage":0,"enemies":"Snecko","floor":28,"turns":5},{"damage":6,"enemies":"Snake Plant","floor":29,"turns":4},{"damage":4,"enemies":"3 Cultists","floor":31,"turns":3},{"damage":6,"enemies":"Collector","floor":33,"turns":16},{"damage":2,"enemies":"3 Shapes","floor":35,"turns":8},{"damage":15,"enemies":"Mind Bloom Boss Battle","floor":37,"turns":9},{"damage":15,"enemies":"3 Darklings","floor":38,"turns":7},{"damage":1,"enemies":"Reptomancer","floor":40,"turns":8},{"damage":25,"enemies":"Jaw Worm Horde","floor":42,"turns":5},{"damage":17,"enemies":"Writhing Mass","floor":45,"turns":6},{"damage":22,"enemies":"Spire Growth","floor":47,"turns":5},{"damage":0,"enemies":"3 Darklings","floor":48,"turns":3},{"damage":73,"enemies":"Donu and Deca","floor":50,"turns":7},{"damage":68,"enemies":"Shield and Spear","floor":54,"turns":3}],"seed_played":"7904141579495515181","potions_obtained":[{"floor":2,"key":"BlessingOfTheForge"},{"floor":3,"key":"AttackPotion"},{"floor":5,"key":"EssenceOfSteel"},{"floor":7,"key":"hexamod:SoulburnPotion"},{"floor":12,"key":"PowerPotion"},{"floor":14,"key":"LiquidMemories"},{"floor":21,"key":"Block Potion"},{"floor":23,"key":"BlessingOfTheForge"},{"floor":35,"key":"SkillPotion"},{"floor":39,"key":"DuplicationPotion"},{"floor":39,"key":"Swift Potion"},{"floor":47,"key":"Strength Potion"},{"floor":48,"key":"DuplicationPotion"}],"is_trial":false,"path_per_floor":["M","M","M","M","M","R","E","M","T","M","E","M","?","E","R","B",null,"M","$","M","?","?","E","R","E","T","E","M","M","?","M","R","B",null,"M","$","?","M","?","E","R","M","T","?","M","R","M","M","R","B",null,"R","$","E"],"character_chosen":"THE_SILENT","items_purchased":["SpeedPotion","champ:Barbells","Fruit Juice","GhostInAJar","CunningPotion","FairyPotion","Chrysalis","BlessingOfTheForge","Blade Dance"],"campfire_rested":3,"item_purchase_floors":[19,19,36,36,36,53,53,53,53],"current_hp_per_floor":[70,70,70,69,66,66,56,54,54,37,27,26,15,10,31,31,70,70,70,68,43,25,17,53,35,35,29,29,23,23,19,55,49,70,68,78,63,48,48,47,47,22,22,90,73,73,51,51,51,31,90,90,90,22,22],"gold":32,"neow_bonus":"BOSS_RELIC","is_daily":false,"chose_seed":false,"campfire_upgraded":4,"win_rate":0.0,"timestamp":1611831071,"path_taken":["M","?","M","M","M","R","E","M","T","M","E","M","?","E","R","BOSS","M","$","M","?","?","E","R","E","T","E","?","M","?","M","R","BOSS","M","$","?","M","?","E","R","?","T","?","M","R","?","?","R","BOSS","R","$","E"],"items_purchased_type":["Potion","Relic","Potion","Potion","Potion","Potion","Card","Potion","Card"],"build_version":"2020-12-22","purchased_purges":3,"victory":false,"max_hp_per_floor":[70,70,70,70,70,70,70,70,70,70,70,70,70,70,70,70,70,70,70,70,70,70,70,70,70,70,70,70,70,70,70,70,70,70,70,80,80,80,80,80,80,80,80,90,90,90,90,90,90,90,90,90,90,90,90],"relic_stats":{"Regal Pillow":30,"Lizard Tail":45,"counters":[32,186],"Gambling Chip":[37],"Turnip":[0],"Snake Skull":[1],"Bag of Preparation":[42],"War Paint":["Cloak And Dagger","Phantasmal Killer"],"Boot":[596],"Smiling Mask":150,"obtain_stats":[{"champ:Barbells":19,"Regal Pillow":23,"SacredBark":17,"Snake Skull":43,"Bag of Preparation":14,"War Paint":43,"Boot":7,"Smiling Mask":9,"Runic Dome":0,"Lizard Tail":27,"Matryoshka":40,"Gambling Chip":25,"Turnip":37,"Red Mask":21,"reliquary:RadioactivePellet":11,"reliquary:WritOfMandamus":34,"Ring of the Snake":0},{"champ:Barbells":13,"Regal Pillow":16,"SacredBark":12,"Snake Skull":27,"Bag of Preparation":11,"War Paint":27,"Boot":6,"Smiling Mask":7,"Runic Dome":0,"Lizard Tail":18,"Matryoshka":26,"Gambling Chip":17,"Turnip":24,"Red Mask":15,"reliquary:RadioactivePellet":9,"reliquary:WritOfMandamus":22,"Ring of the Snake":0},{"champ:Barbells":68,"Regal Pillow":83,"SacredBark":63,"Snake Skull":162,"Bag of Preparation":54,"War Paint":162,"Boot":31,"Smiling Mask":35,"Runic Dome":0,"Lizard Tail":97,"Matryoshka":157,"Gambling Chip":90,"Turnip":142,"Red Mask":78,"reliquary:RadioactivePellet":45,"reliquary:WritOfMandamus":125,"Ring of the Snake":0}]},"card_choices":[{"not_picked":["Slice","Reflex"],"picked":"Dagger Spray","floor":1},{"not_picked":["Dagger Spray","Outmaneuver","Heel Hook"],"picked":"SKIP","floor":2},{"not_picked":["Concentrate","Cloak And Dagger"],"picked":"Blur","floor":3},{"not_picked":["Calculated Gamble","Underhanded Strike"],"picked":"Cloak And Dagger","floor":4},{"not_picked":["Dodge and Roll","Terror"],"picked":"Sucker Punch","floor":5},{"not_picked":["Dagger Spray","Calculated Gamble"],"picked":"Caltrops","floor":7},{"not_picked":["Bane","Poisoned Stab"],"picked":"Riddle With Holes","floor":8},{"not_picked":["Expertise","Deflect"],"picked":"PiercingWail","floor":10},{"not_picked":["Deadly Poison","Masterful Stab","Slice"],"picked":"SKIP","floor":11},{"not_picked":["Bouncing Flask","Prepared"],"picked":"After Image","floor":12},{"not_picked":["Reflex","Crippling Poison","Sucker Punch"],"picked":"SKIP","floor":14},{"not_picked":["Adrenaline","Corpse Explosion"],"picked":"Phantasmal Killer","floor":16},{"not_picked":["PiercingWail","Outmaneuver","Slice"],"picked":"SKIP","floor":18},{"not_picked":["Deadly Poison","Prepared"],"picked":"Expertise","floor":20},{"not_picked":["Prepared","Heel Hook"],"picked":"Predator+1","floor":21},{"not_picked":["Underhanded Strike","Bane"],"picked":"Dagger Spray","floor":23},{"not_picked":["Underhanded Strike","Dagger Spray"],"picked":"Setup+1","floor":25},{"not_picked":["Skewer","Underhanded Strike"],"picked":"Night Terror","floor":27},{"not_picked":["Predator+1","Dagger Throw"],"picked":"Flying Knee","floor":28},{"not_picked":["PiercingWail","Dodge and Roll"],"picked":"Cloak And Dagger","floor":29},{"not_picked":["Sucker Punch+1","Deadly Poison"],"picked":"Heel Hook","floor":31},{"not_picked":["Wraith Form v2","Bullet Time"],"picked":"After Image","floor":33},{"not_picked":["Flechettes","Outmaneuver+1"],"picked":"Concentrate+1","floor":35},{"not_picked":["Quick Slash","Crippling Poison"],"picked":"Blur+1","floor":37},{"not_picked":["Backstab+1","PiercingWail"],"picked":"Acrobatics+1","floor":38},{"not_picked":["Skewer","Outmaneuver+1","Concentrate"],"picked":"SKIP","floor":40},{"not_picked":["Dagger Spray","Prepared+1"],"picked":"Quick Slash+1","floor":42},{"not_picked":["Leg Sweep+1","Dash"],"picked":"Reflex+1","floor":45},{"not_picked":["All Out Attack+1","Quick Slash+1"],"picked":"Prepared","floor":47},{"not_picked":["Noxious Fumes","Backstab+1"],"picked":"Dagger Throw+1","floor":48}],"player_experience":531713,"relics_obtained":[{"floor":7,"key":"Boot"},{"floor":9,"key":"Smiling Mask"},{"floor":11,"key":"reliquary:RadioactivePellet"},{"floor":14,"key":"Bag of Preparation"},{"floor":21,"key":"Red Mask"},{"floor":23,"key":"Regal Pillow"},{"floor":25,"key":"Gambling Chip"},{"floor":27,"key":"Lizard Tail"},{"floor":37,"key":"Turnip"},{"floor":40,"key":"Matryoshka"},{"floor":43,"key":"War Paint"},{"floor":43,"key":"Snake Skull"}],"event_choices":[{"damage_healed":0,"gold_gain":75,"player_choice":"Gather Gold","damage_taken":11,"max_hp_gain":0,"max_hp_loss":0,"event_name":"World of Goop","floor":13,"gold_loss":0},{"damage_healed":0,"gold_gain":0,"player_choice":"Fought Bandits","damage_taken":0,"max_hp_gain":0,"max_hp_loss":0,"event_name":"Masked Bandits","floor":21,"gold_loss":0},{"damage_healed":0,"gold_gain":90,"player_choice":"GOLD CARD ","damage_taken":18,"max_hp_gain":0,"max_hp_loss":0,"event_name":"Knowing Skull","floor":22,"potions_obtained":[],"gold_loss":0,"cards_obtained":["Good Instincts"]},{"damage_healed":0,"gold_gain":0,"player_choice":"Fight","damage_taken":0,"max_hp_gain":0,"max_hp_loss":0,"event_name":"MindBloom","floor":37,"gold_loss":0},{"damage_healed":0,"gold_gain":0,"player_choice":"Bought 3 Potions","damage_taken":0,"max_hp_gain":0,"max_hp_loss":0,"event_name":"The Woman in Blue","floor":39,"gold_loss":0},{"cards_removed":["After Image"],"damage_healed":58,"gold_gain":0,"player_choice":"Offered Rare","damage_taken":0,"max_hp_gain":10,"max_hp_loss":0,"event_name":"Bonfire Elementals","floor":44,"gold_loss":0}],"is_beta":false,"boss_relics":[{"not_picked":["Tiny House","HoveringKite"],"picked":"SacredBark"},{"not_picked":["Fusion Hammer","Sozu"],"picked":"reliquary:WritOfMandamus"}],"items_purged_floors":[19,36,53],"is_endless":false,"potions_floor_spawned":[2,3,5,7,12,14,20,21,23,35,47,48],"killed_by":"Shield and Spear","ascension_level":4}}