{"host":"pe7ycb8t2t906so2","time":1611794281,"event":{"mods":["BaseMod","Colored Map","Highlight Path","Minty Spire (QoL Compilation)"],"gold_per_floor":[116,116,127,138,63,96,96,114,160,160,160,160,178,189,189,265,265,277,307,307,320,338,338,338,338],"floor_reached":24,"language":"FRA","playtime":1244,"items_purged":["Strike_R"],"score":347,"play_id":"9baf2910-b51b-4615-9a8c-e93715867de5","local_time":"20210127193801","is_ascension_mode":true,"campfire_choices":[{"data":"Body Slam","floor":7,"key":"SMITH"},{"data":"Pommel Strike","floor":10,"key":"SMITH"},{"data":"Demon Form","floor":15,"key":"SMITH"},{"floor":23,"key":"REST"}],"circlet_count":0,"master_deck":["AscendersBane","Defend_R+1","Defend_R+1","Defend_R+1","Defend_R+1","Bash+1","Pommel Strike+1","Body Slam+1","Headbutt","Pommel Strike","Metallicize","Regret","Demon Form+1","Pummel","Berserk","Feed+1","Power Through+1","Perfected Strike+1","Body Slam"],"relics":["Burning Blood","Matryoshka","Strawberry","Blood Vial","Red Skull","Astrolabe","Red Mask"],"acts_visited":["Exordium","TheCity"],"potions_floor_usage":[6,14,16,19,19,22],"damage_taken":[{"damage":3,"enemies":"Jaw Worm","floor":1,"turns":4},{"damage":12,"enemies":"2 Louse","floor":3,"turns":3},{"damage":10,"enemies":"Cultist","floor":4,"turns":5},{"damage":5,"enemies":"Gremlin Nob","floor":6,"turns":3},{"damage":12,"enemies":"3 Louse","floor":8,"turns":4},{"damage":1,"enemies":"2 Fungi Beasts","floor":13,"turns":3},{"damage":19,"enemies":"Large Slime","floor":14,"turns":5},{"damage":41,"enemies":"Slime Boss","floor":16,"turns":5},{"damage":15,"enemies":"Spheric Guardian","floor":18,"turns":4},{"damage":54,"enemies":"Masked Bandits","floor":19,"turns":4},{"damage":8,"enemies":"3 Byrds","floor":21,"turns":5},{"damage":19,"enemies":"Snake Plant","floor":22,"turns":3},{"damage":41,"enemies":"Slavers","floor":24,"turns":4}],"seed_played":"-5264613135971842882","potions_obtained":[{"floor":4,"key":"AttackPotion"},{"floor":6,"key":"ColorlessPotion"},{"floor":12,"key":"ColorlessPotion"},{"floor":14,"key":"Swift Potion"},{"floor":18,"key":"Swift Potion"},{"floor":21,"key":"Energy Potion"}],"is_trial":false,"path_per_floor":["M","?","M","M","$","E","R","M","T","R","?","?","M","M","R","B",null,"M","?","?","M","M","R","E"],"character_chosen":"IRONCLAD","items_purchased":[],"campfire_rested":1,"item_purchase_floors":[],"current_hp_per_floor":[71,64,58,54,54,55,55,49,56,56,56,56,63,52,52,19,66,59,17,17,21,14,42,3,3],"gold":338,"neow_bonus":"UPGRADE_CARD","is_daily":false,"chose_seed":false,"campfire_upgraded":3,"win_rate":0.0,"timestamp":1611794281,"path_taken":["M","?","M","M","$","E","R","M","T","R","?","?","M","M","R","BOSS","M","?","?","M","M","R","E"],"items_purchased_type":[],"build_version":"2020-12-22","purchased_purges":1,"victory":false,"max_hp_per_floor":[75,75,75,75,75,75,75,75,82,82,82,82,82,82,82,82,82,82,86,86,90,94,94,94,94],"card_choices":[{"not_picked":["Sword Boomerang","Twin Strike"],"picked":"Pommel Strike","floor":1},{"not_picked":["Pummel","Perfected Strike"],"picked":"Body Slam","floor":3},{"not_picked":["Thunderclap","Flex"],"picked":"Headbutt","floor":4},{"not_picked":["Shockwave","Feel No Pain"],"picked":"Pommel Strike","floor":6},{"not_picked":["Perfected Strike","Hemokinesis"],"picked":"Metallicize","floor":8},{"not_picked":["True Grit","Heavy Blade"],"picked":"Demon Form","floor":13},{"not_picked":["Perfected Strike","Armaments"],"picked":"Pummel","floor":14},{"not_picked":["Juggernaut","Offering"],"picked":"Berserk","floor":16},{"not_picked":["Feel No Pain+1","Reckless Charge","Fire Breathing"],"picked":"SKIP","floor":18},{"not_picked":["Clothesline","Headbutt"],"picked":"Body Slam","floor":19},{"not_picked":["Wild Strike","Perfected Strike","Thunderclap"],"picked":"SKIP","floor":21},{"not_picked":["Sword Boomerang","Armaments","Iron Wave"],"picked":"SKIP","floor":22}],"player_experience":962201,"relics_obtained":[{"floor":6,"key":"Matryoshka"},{"floor":9,"key":"Strawberry"},{"floor":9,"key":"Blood Vial"},{"floor":19,"key":"Red Mask"}],"event_choices":[{"cards_removed":["Strike_R"],"damage_healed":0,"gold_gain":0,"player_choice":"Card Removal","damage_taken":7,"max_hp_gain":0,"max_hp_loss":0,"event_name":"Golden Wing","floor":2,"gold_loss":0},{"damage_healed":0,"gold_gain":0,"player_choice":"Box","damage_taken":0,"relics_obtained":["Red Skull"],"max_hp_gain":0,"max_hp_loss":0,"event_name":"Big Fish","floor":11,"gold_loss":0,"cards_obtained":["Regret"]},{"damage_healed":0,"gold_gain":0,"player_choice":"Got Potions","damage_taken":0,"max_hp_gain":0,"max_hp_loss":0,"event_name":"Lab","floor":12,"gold_loss":0},{"damage_healed":0,"gold_gain":0,"player_choice":"Fought Bandits","damage_taken":0,"max_hp_gain":0,"max_hp_loss":0,"event_name":"Masked Bandits","floor":19,"gold_loss":0},{"damage_healed":0,"gold_gain":0,"player_choice":"Simplicity","damage_taken":0,"max_hp_gain":0,"max_hp_loss":0,"event_name":"Back to Basics","floor":20,"gold_loss":0,"cards_upgraded":["Defend_R","Defend_R","Defend_R","Defend_R"]}],"is_beta":false,"boss_relics":[{"not_picked":["SacredBark","Velvet Choker"],"picked":"Astrolabe"}],"items_purged_floors":[5],"is_endless":false,"potions_floor_spawned":[4,6,13,14,18,21],"killed_by":"Slavers","ascension_level":15}}