{"host":"Tuck","time":1611870398,"event":{"mods":["BaseMod","Minty Spire (QoL Compilation)","StSLib"],"gold_per_floor":[369,385,162,14,30,30,61,77,77,108,38,66,80,99,99,204,204,216,235,252,2,21,21,21,47,126,156,256,34,59,78,78,174,174,185,69,85,85,85,100,126,141,141,141,172,191,207,240,240,240,240,240,57,85,85],"floor_reached":56,"language":"ENG","playtime":4001,"items_purged":["Strike_G","Strike_G"],"score":1447,"play_id":"928a03a8-02bb-4a7b-9910-00ee53642e8e","local_time":"20210128144638","is_ascension_mode":true,"campfire_choices":[{"data":"Footwork","floor":6.0,"key":"SMITH"},{"data":"Well Laid Plans","floor":15.0,"key":"SMITH"},{"data":"Crippling Poison","floor":23.0,"key":"SMITH"},{"data":"Wraith Form v2","floor":32,"key":"SMITH"},{"floor":44,"key":"RECALL"},{"data":"Predator","floor":49,"key":"SMITH"},{"data":"Blade Dance","floor":52,"key":"SMITH"}],"circlet_count":0,"master_deck":["Survivor","Neutralize","Dodge and Roll","Tools of the Trade+1","Blur","Crippling Poison+1","Footwork+1","PiercingWail","Well Laid Plans+1","Blade Dance+1","Reflex","Predator","Dodge and Roll","Poisoned Stab","Bouncing Flask+1","Predator+1","PiercingWail+1","PiercingWail+1","Wraith Form v2+1","Underhanded Strike+1","PiercingWail+1","Catalyst+1","Crippling Poison+1","Deflect+1","Well Laid Plans","Outmaneuver+1","Reflex+1","Backflip+1","Noxious Fumes+1","Caltrops+1","Night Terror+1","Bouncing Flask+1","Storm of Steel+1","A Thousand Cuts+1","Catalyst+1","Setup+1","Dagger Spray","Masterful Stab","Acrobatics+1","Caltrops+1","Deflect+1","Acrobatics+1","Terror+1","Blade Dance+1","Wraith Form v2+1","Adrenaline+1","Dodge and Roll+1","Dash+1"],"relics":["HoveringKite","Mummified Hand","Toxic Egg 2","Letter Opener","Centennial Puzzle","Black Star","Frozen Egg 2","Eternal Feather","Ornamental Fan","Omamori","Nunchaku","Medical Kit","Art of War","Bronze Scales","Pandora\u0027s Box","HornCleat","Dream Catcher","Strawberry","Kunai","Bottled Tornado","Calipers","Akabeko"],"acts_visited":["Exordium","TheCity","TheBeyond","TheEnding"],"potions_floor_usage":[40,45,48,48,55,55],"damage_taken":[{"damage":2.0,"enemies":"Cultist","floor":1.0,"turns":5.0},{"damage":0.0,"enemies":"Jaw Worm","floor":2.0,"turns":8.0},{"damage":0.0,"enemies":"Small Slimes","floor":5.0,"turns":5.0},{"damage":11.0,"enemies":"3 Sentries","floor":7.0,"turns":16.0},{"damage":9.0,"enemies":"Gremlin Gang","floor":8.0,"turns":5.0},{"damage":2.0,"enemies":"Lagavulin","floor":10.0,"turns":8.0},{"damage":1.0,"enemies":"3 Sentries","floor":12.0,"turns":7.0},{"damage":3.0,"enemies":"2 Fungi Beasts","floor":13.0,"turns":3.0},{"damage":8.0,"enemies":"Red Slaver","floor":14.0,"turns":2.0},{"damage":0.0,"enemies":"The Guardian","floor":16.0,"turns":9.0},{"damage":19.0,"enemies":"Spheric Guardian","floor":18.0,"turns":5.0},{"damage":1.0,"enemies":"Chosen","floor":19.0,"turns":5.0},{"damage":0.0,"enemies":"Centurion and Healer","floor":20.0,"turns":8.0},{"damage":3.0,"enemies":"3 Cultists","floor":22.0,"turns":5.0},{"damage":3.0,"enemies":"Book of Stabbing","floor":25.0,"turns":6.0},{"damage":11.0,"enemies":"Slavers","floor":27.0,"turns":5.0},{"damage":8,"enemies":"Book of Stabbing","floor":30,"turns":7},{"damage":0,"enemies":"Snake Plant","floor":31,"turns":4},{"damage":23,"enemies":"Collector","floor":33,"turns":7},{"damage":3,"enemies":"Orb Walker","floor":35,"turns":2},{"damage":2,"enemies":"3 Darklings","floor":37,"turns":4},{"damage":9,"enemies":"Jaw Worm Horde","floor":40,"turns":3},{"damage":26,"enemies":"Reptomancer","floor":41,"turns":4},{"damage":17,"enemies":"4 Shapes","floor":42,"turns":4},{"damage":15,"enemies":"Giant Head","floor":45,"turns":8},{"damage":5,"enemies":"Spire Growth","floor":46,"turns":4},{"damage":0,"enemies":"Maw","floor":47,"turns":4},{"damage":1,"enemies":"Reptomancer","floor":48,"turns":4},{"damage":1,"enemies":"Time Eater","floor":50,"turns":7},{"damage":38,"enemies":"Shield and Spear","floor":54,"turns":5},{"damage":19,"enemies":"The Heart","floor":55,"turns":4}],"seed_played":"-6965745476433103865","potions_obtained":[{"floor":7.0,"key":"EssenceOfSteel"},{"floor":8.0,"key":"EssenceOfSteel"},{"floor":12.0,"key":"ColorlessPotion"},{"floor":16.0,"key":"Explosive Potion"},{"floor":31,"key":"Energy Potion"},{"floor":41,"key":"Strength Potion"},{"floor":45,"key":"DistilledChaos"},{"floor":48,"key":"SpeedPotion"},{"floor":54,"key":"Energy Potion"}],"is_trial":false,"path_per_floor":["M","M","$","$","M","R","E","M","T","E","$","E","M","M","R","B",null,"M","M","M","$","M","R","?","E","T","E","?","$","E","M","R","B",null,"M","$","M","?","$","M","E","M","T","R","E","M","M","E","R","B",null,"R","$","E","B",null],"character_chosen":"THE_SILENT","items_purchased":["Crippling Poison","Footwork","PiercingWail","Well Laid Plans","Blade Dance","Bouncing Flask+1","Crippling Poison+1","Deflect+1","Well Laid Plans","Noxious Fumes+1","Medical Kit","Acrobatics+1","Caltrops+1","Adrenaline+1","Dodge and Roll+1"],"campfire_rested":0,"item_purchase_floors":[3,3,4,4,4,11,21,21,21,29,29,36,36,53,53],"current_hp_per_floor":[68,68,68,68,68,68,57,48,48,46,46,45,42,34,34,34,70,51,50,50,50,47,47,47,44,44,33,33,33,25,25,46,23,70,67,67,65,65,65,56,30,13,13,37,29,24,24,23,50,49,77,77,77,39,20],"gold":85,"neow_bonus":"BOSS_RELIC","is_daily":false,"chose_seed":false,"campfire_upgraded":6,"win_rate":0.0,"timestamp":1611870398,"path_taken":["M","M","?","$","?","R","E","M","T","E","$","E","?","M","R","BOSS","M","M","M","$","M","R","?","E","T","E","?","$","E","?","R","BOSS","M","$","?","?","$","M","E","?","T","R","E","M","M","E","R","BOSS","R","$","E","BOSS"],"items_purchased_type":["Card","Card","Card","Card","Card","Card","Card","Card","Card","Card","Relic","Card","Card","Card","Card"],"build_version":"2020-12-18","purchased_purges":2,"victory":true,"max_hp_per_floor":[70,70,70,70,70,70,70,70,70,70,70,70,70,70,70,70,70,70,70,70,70,70,70,70,70,70,70,70,70,70,70,70,70,70,70,70,70,70,70,70,70,70,70,70,77,77,77,77,77,77,77,77,77,77,77],"card_choices":[{"not_picked":["Dagger Throw","Sucker Punch"],"picked":"Dodge and Roll","floor":1.0},{"not_picked":["Slice","Prepared"],"picked":"Blur","floor":2.0},{"not_picked":["Heel Hook","Dagger Spray"],"picked":"Reflex","floor":5.0},{"not_picked":["Deadly Poison","Dagger Throw"],"picked":"Predator","floor":7.0},{"not_picked":["Riddle With Holes","All Out Attack"],"picked":"Dodge and Roll","floor":8.0},{"not_picked":["Concentrate+1","Riddle With Holes"],"picked":"Poisoned Stab","floor":10.0},{"not_picked":["Riddle With Holes","Slice"],"picked":"Predator","floor":12.0},{"not_picked":["Deflect+1","Underhanded Strike"],"picked":"PiercingWail+1","floor":13.0},{"not_picked":["Sucker Punch","Poisoned Stab"],"picked":"PiercingWail+1","floor":14.0},{"not_picked":["Corpse Explosion+1","Die Die Die"],"picked":"Wraith Form v2","floor":16.0},{"not_picked":["Poisoned Stab","Prepared+1"],"picked":"Underhanded Strike+1","floor":18.0},{"not_picked":["Poisoned Stab","All Out Attack"],"picked":"PiercingWail+1","floor":19.0},{"not_picked":["Poisoned Stab+1","Bane"],"picked":"Catalyst+1","floor":20.0},{"not_picked":["All Out Attack","Predator"],"picked":"Outmaneuver+1","floor":22.0},{"not_picked":["Sucker Punch+1","Reflex+1","Choke"],"picked":"SKIP","floor":25.0},{"not_picked":["Sucker Punch+1","Choke"],"picked":"Reflex+1","floor":25.0},{"not_picked":["Eviscerate+1","Backstab+1"],"picked":"Backflip+1","floor":27.0},{"not_picked":["Reflex+1","Sucker Punch","Backstab"],"picked":"SKIP","floor":30},{"not_picked":["Finisher","Well Laid Plans+1"],"picked":"Caltrops+1","floor":31},{"not_picked":["Bullet Time+1","Wraith Form v2+1"],"picked":"Night Terror+1","floor":33},{"not_picked":["PiercingWail+1","Sucker Punch","Predator"],"picked":"SKIP","floor":35},{"not_picked":["Distraction+1","Dagger Spray+1"],"picked":"Deflect+1","floor":37},{"not_picked":["Eviscerate+1","Deflect+1"],"picked":"Acrobatics+1","floor":40},{"not_picked":["Calculated Gamble+1","Setup+1","Prepared+1"],"picked":"SKIP","floor":41},{"not_picked":["Reflex+1","Deadly Poison+1","Prepared+1"],"picked":"SKIP","floor":42},{"not_picked":["Flechettes+1","Flying Knee+1"],"picked":"Terror+1","floor":45},{"not_picked":["Expertise+1","Masterful Stab+1","Underhanded Strike+1"],"picked":"SKIP","floor":46},{"not_picked":["Riddle With Holes","Slice+1"],"picked":"Blade Dance+1","floor":47},{"not_picked":["Flying Knee","Poisoned Stab"],"picked":"Wraith Form v2+1","floor":48},{"not_picked":["Backstab+1","Expertise+1"],"picked":"Dash+1","floor":54}],"player_experience":2284996,"relics_obtained":[{"floor":7.0,"key":"Mummified Hand"},{"floor":9.0,"key":"Toxic Egg 2"},{"floor":10.0,"key":"Letter Opener"},{"floor":12.0,"key":"Centennial Puzzle"},{"floor":25.0,"key":"Frozen Egg 2"},{"floor":25.0,"key":"Eternal Feather"},{"floor":26.0,"key":"Ornamental Fan"},{"floor":27.0,"key":"Omamori"},{"floor":27.0,"key":"Nunchaku"},{"floor":30,"key":"Art of War"},{"floor":30,"key":"Bronze Scales"},{"floor":41,"key":"HornCleat"},{"floor":41,"key":"Dream Catcher"},{"floor":45,"key":"Strawberry"},{"floor":48,"key":"Kunai"},{"floor":48,"key":"Bottled Tornado"},{"floor":54,"key":"Calipers"},{"floor":54,"key":"Akabeko"}],"event_choices":[{"damage_healed":0.0,"max_hp_gain":0.0,"max_hp_loss":0.0,"gold_gain":0.0,"event_name":"Vampires","player_choice":"Ignored","floor":24.0,"gold_loss":0.0,"damage_taken":0.0},{"damage_healed":0,"gold_gain":100,"player_choice":"Pray","damage_taken":0,"max_hp_gain":0,"max_hp_loss":0,"event_name":"Golden Shrine","floor":28,"gold_loss":0},{"cards_removed":["All Out Attack"],"damage_healed":0,"gold_gain":0,"player_choice":"Purged","damage_taken":0,"max_hp_gain":0,"max_hp_loss":0,"event_name":"Purifier","floor":38,"gold_loss":0}],"is_beta":true,"boss_relics":[{"not_picked":["Snecko Eye","Runic Pyramid"],"picked":"Black Star"},{"not_picked":["Busted Crown","Philosopher\u0027s Stone"],"picked":"Pandora\u0027s Box"}],"items_purged_floors":[3,21],"is_endless":false,"potions_floor_spawned":[7,8,12,16,18,22,30,31,41,45,48,54],"ascension_level":1}}