{"host":"wcu170u0llqv9dkc","time":1611792210,"event":{"mods":["2.2 Compatiblity","AchievementEnabler","AlwaysNeverKeys","BaseMod","Bestiary","Better Altar","Better Note","Better Skull","Better Third Choice","Colored Map","Colored Powertips","Curses Come First","Custom Start","Displayed Cursed Tome","Highlight Path","Minty Spire (QoL Compilation)","Permanent Neow","Relic Stats","Reliquary","StSLib","Unknown Chances"],"gold_per_floor":[211,211,230,250,250,350,380,380,404,436,456,68,96,112,112,213,213,229,280,330,341,97,122,122,153,180,36,36,36,367,417,417,518,518,537,587,637,652,672,672,686,686,686],"floor_reached":42,"language":"ENG","playtime":1592,"items_purged":["Strike_P"],"score":646,"play_id":"47d65021-90e0-40e3-9303-8bcc7a5d3eb7","local_time":"20210127210330","is_ascension_mode":true,"campfire_choices":[{"data":"Eruption","floor":8.0,"key":"SMITH"},{"data":"MasterReality","floor":15.0,"key":"SMITH"},{"floor":24,"key":"REST"},{"data":"TalkToTheHand","floor":29,"key":"SMITH"},{"data":"Vengeance","floor":32,"key":"SMITH"},{"data":"Omniscience","floor":40,"key":"SMITH"}],"circlet_count":0,"master_deck":["Strike_P","Strike_P","Strike_P","Defend_P+1","Defend_P","Defend_P+1","Eruption+1","Vigilance","FearNoEvil","ReachHeaven","Evaluate","Conclude","MasterReality+1","BattleHymn","TalkToTheHand+1","CutThroughFate","DeceiveReality","DevaForm","ClearTheMind+1","Vengeance+1","Omniscience+1","Discovery","JustLucky","Adaptation","TalkToTheHand"],"relics":["HolyWater","War Paint","reliquary:SharkskinSheath","reliquary:MudwinsCradle","OrangePellets","Juzu Bracelet","Damaru","Eternal Feather","Boot","Dream Catcher","Orichalcum","Membership Card","SsserpentHead","Old Coin","GoldenEye","Sozu"],"acts_visited":["Exordium","TheCity","TheBeyond"],"potions_floor_usage":[23,23,23,23,30,33,39],"damage_taken":[{"damage":1.0,"enemies":"Cultist","floor":1.0,"turns":3.0},{"damage":0.0,"enemies":"Small Slimes","floor":3.0,"turns":4.0},{"damage":0.0,"enemies":"Jaw Worm","floor":4.0,"turns":3.0},{"damage":16.0,"enemies":"Lagavulin","floor":7.0,"turns":7.0},{"damage":16.0,"enemies":"Gremlin Nob","floor":10.0,"turns":3.0},{"damage":0.0,"enemies":"Red Slaver","floor":11.0,"turns":1.0},{"damage":0.0,"enemies":"Lagavulin","floor":13.0,"turns":4.0},{"damage":1.0,"enemies":"Blue Slaver","floor":14.0,"turns":3.0},{"damage":8.0,"enemies":"Slime Boss","floor":16.0,"turns":8.0},{"damage":13.0,"enemies":"Spheric Guardian","floor":18.0,"turns":4.0},{"damage":22.0,"enemies":"2 Thieves","floor":21.0,"turns":2.0},{"damage":13,"enemies":"Slavers","floor":23,"turns":5},{"damage":23,"enemies":"Gremlin Leader","floor":25,"turns":7},{"damage":14,"enemies":"Slavers","floor":30,"turns":6},{"damage":24,"enemies":"Collector","floor":33,"turns":9},{"damage":22,"enemies":"3 Shapes","floor":35,"turns":5},{"damage":10,"enemies":"Orb Walker","floor":38,"turns":5},{"damage":21,"enemies":"Sphere and 2 Shapes","floor":39,"turns":5},{"damage":35,"enemies":"Jaw Worm Horde","floor":41,"turns":5},{"damage":56,"enemies":"Reptomancer","floor":42,"turns":2}],"seed_played":"1832955202889688143","potions_obtained":[{"floor":1.0,"key":"Regen Potion"},{"floor":3.0,"key":"DistilledChaos"},{"floor":18.0,"key":"EntropicBrew"},{"floor":23,"key":"LiquidBronze"},{"floor":30,"key":"StancePotion"}],"is_trial":false,"path_per_floor":["M","?","M","M","?","?","E","R","T","E","M","$","E","M","R","B",null,"M","T","?","M","$","E","R","E","T","$","?","R","E","T","R","B",null,"M","?","?","M","M","R","M","E"],"character_chosen":"WATCHER","items_purchased":["BattleHymn","OrangePellets","TalkToTheHand","CutThroughFate","Eternal Feather","Membership Card"],"campfire_rested":1,"item_purchase_floors":[12,12,12,12,22,27],"current_hp_per_floor":[71,71,71,71,64,64,48,48,48,32,32,32,32,31,31,23,60,47,47,47,25,25,26,56,33,33,33,33,42,28,28,40,16,58,36,36,63,53,32,44,9,0,0],"gold":686,"neow_bonus":"HUNDRED_GOLD","is_daily":false,"chose_seed":false,"campfire_upgraded":5,"win_rate":0.0,"timestamp":1611792210,"path_taken":["M","?","M","M","?","?","E","R","T","E","M","$","E","M","R","BOSS","M","?","?","M","$","E","R","E","T","?","?","R","E","?","R","BOSS","M","?","?","M","M","R","M","E"],"items_purchased_type":["Card","Relic","Card","Card","Relic","Relic"],"build_version":"2020-12-22","purchased_purges":1,"victory":false,"max_hp_per_floor":[72,72,72,72,72,72,72,72,72,72,72,72,72,72,72,72,72,72,72,72,72,72,72,72,72,72,72,72,72,72,72,72,72,72,72,72,63,63,63,63,63,63,63],"relic_stats":{"Sozu":2,"OrangePellets":[1],"SsserpentHead":150,"Dream Catcher":0,"counters":[20,91],"Eternal Feather":42,"Juzu Bracelet":1,"War Paint":["Defend_P","Defend_P"],"Orichalcum":[12],"Boot":[10],"GoldenEye":[20],"obtain_stats":[{"Damaru":19,"Eternal Feather":22,"Juzu Bracelet":13,"War Paint":7,"Orichalcum":26,"Boot":23,"GoldenEye":31,"Old Coin":30,"Sozu":34,"OrangePellets":12,"SsserpentHead":28,"Dream Catcher":25,"HolyWater":17,"Membership Card":27,"PureWater":0,"reliquary:MudwinsCradle":10,"reliquary:SharkskinSheath":9},{"Damaru":10,"Eternal Feather":11,"Juzu Bracelet":7,"War Paint":4,"Orichalcum":13,"Boot":12,"GoldenEye":14,"Old Coin":14,"Sozu":15,"OrangePellets":6,"SsserpentHead":13,"Dream Catcher":13,"HolyWater":9,"Membership Card":13,"PureWater":0,"reliquary:MudwinsCradle":5,"reliquary:SharkskinSheath":4},{"Damaru":40,"Eternal Feather":42,"Juzu Bracelet":25,"War Paint":17,"Orichalcum":54,"Boot":47,"GoldenEye":60,"Old Coin":60,"Sozu":69,"OrangePellets":21,"SsserpentHead":54,"Dream Catcher":54,"HolyWater":36,"Membership Card":54,"PureWater":0,"reliquary:MudwinsCradle":20,"reliquary:SharkskinSheath":17}]},"card_choices":[{"not_picked":["ReachHeaven","ClearTheMind"],"picked":"FearNoEvil","floor":1.0},{"not_picked":["Consecrate","LikeWater"],"picked":"ReachHeaven","floor":3.0},{"not_picked":["EmptyMind","Protect"],"picked":"Evaluate","floor":4.0},{"not_picked":["Collect","Evaluate"],"picked":"Conclude","floor":7.0},{"not_picked":["FlyingSleeves","ForeignInfluence"],"picked":"MasterReality","floor":10.0},{"not_picked":["Collect","Protect","Consecrate"],"picked":"SKIP","floor":11.0},{"not_picked":["Omniscience","BattleHymn","Crescendo"],"picked":"SKIP","floor":13.0},{"not_picked":["EmptyMind","WreathOfFlame"],"picked":"DeceiveReality","floor":14.0},{"not_picked":["Omniscience","MasterReality"],"picked":"DevaForm","floor":16.0},{"not_picked":["BattleHymn","WindmillStrike+1"],"picked":"ClearTheMind+1","floor":18.0},{"not_picked":["EmptyBody","SashWhip+1","Evaluate"],"picked":"SKIP","floor":21.0},{"not_picked":["ClearTheMind","EmptyFist","Consecrate"],"picked":"SKIP","floor":23},{"not_picked":["PathToVictory","ClearTheMind","SashWhip"],"picked":"SKIP","floor":25},{"not_picked":["Scrawl","Weave+1"],"picked":"Vengeance","floor":30},{"not_picked":["Scrawl","MasterReality"],"picked":"Omniscience","floor":33},{"not_picked":["CutThroughFate+1","FearNoEvil+1","WindmillStrike+1"],"picked":"SKIP","floor":35},{"not_picked":["Violence","Jack Of All Trades"],"picked":"Discovery","floor":36},{"not_picked":["SashWhip+1","Consecrate"],"picked":"JustLucky","floor":38},{"not_picked":["Halt","EmptyMind+1"],"picked":"Adaptation","floor":39},{"not_picked":["SashWhip+1","Crescendo+1"],"picked":"TalkToTheHand","floor":41}],"player_experience":494433,"relics_obtained":[{"floor":7.0,"key":"War Paint"},{"floor":9.0,"key":"reliquary:SharkskinSheath"},{"floor":10.0,"key":"reliquary:MudwinsCradle"},{"floor":13.0,"key":"Juzu Bracelet"},{"floor":19.0,"key":"Damaru"},{"floor":23,"key":"Boot"},{"floor":25,"key":"Dream Catcher"},{"floor":26,"key":"Orichalcum"},{"floor":30,"key":"Old Coin"},{"floor":31,"key":"GoldenEye"}],"event_choices":[{"damage_healed":0.0,"max_hp_gain":0.0,"max_hp_loss":0.0,"gold_gain":0.0,"event_name":"betterThird:BetterSerpent","player_choice":"Ignored","floor":2.0,"gold_loss":0.0,"damage_taken":211.0},{"cards_removed":["Defend_P"],"damage_healed":0.0,"max_hp_gain":0.0,"max_hp_loss":0.0,"gold_gain":0.0,"event_name":"Golden Wing","player_choice":"Card Removal","floor":5.0,"gold_loss":0.0,"damage_taken":7.0},{"damage_healed":0.0,"max_hp_gain":0.0,"max_hp_loss":0.0,"gold_gain":100.0,"event_name":"Golden Shrine","player_choice":"Pray","floor":6.0,"gold_loss":0.0,"damage_taken":0.0},{"damage_healed":0.0,"max_hp_gain":0.0,"max_hp_loss":0.0,"gold_gain":100.0,"event_name":"The Joust","player_choice":"Bet on Murderer","floor":20.0,"gold_loss":50.0,"damage_taken":0.0},{"damage_healed":0,"gold_gain":0,"player_choice":"Trade","damage_taken":0,"relics_obtained":["SsserpentHead"],"max_hp_gain":0,"max_hp_loss":0,"event_name":"FaceTrader","floor":28,"gold_loss":0},{"damage_healed":0,"gold_gain":0,"player_choice":"Memory 1","damage_taken":0,"max_hp_gain":0,"max_hp_loss":0,"event_name":"SensoryStone","floor":36,"gold_loss":0},{"damage_healed":63,"gold_gain":0,"player_choice":"Heal","damage_taken":0,"max_hp_gain":0,"max_hp_loss":9,"event_name":"The Moai Head","floor":37,"gold_loss":0}],"is_beta":false,"boss_relics":[{"not_picked":["Ectoplasm","Snecko Eye"],"picked":"HolyWater"},{"not_picked":["reliquary:WritOfMandamus","reliquary:RedPaperclip"],"picked":"Sozu"}],"items_purged_floors":[12],"is_endless":false,"potions_floor_spawned":[1,3,18,23,30,35,39],"killed_by":"Reptomancer","ascension_level":5}}