{"host":"jn2qdns2nxijvlnt","time":1611817573,"event":{"mods":["BaseMod","Minty Spire (QoL Compilation)","Quick Restart"],"gold_per_floor":[113,130,130,26,38,73,89,89,116,135,160,160,33,53,53,152,152,164,79,95,194,44,73,96,96,96,96,128,128,138,170,170,267,267,286,286,286,286,286],"floor_reached":38,"language":"ENG","playtime":2054,"items_purged":[],"score":682,"play_id":"431c675f-ee98-4760-8b2a-08075b071fa8","local_time":"20210128020613","is_ascension_mode":true,"campfire_choices":[{"floor":8.0,"key":"REST"},{"floor":12.0,"key":"REST"},{"floor":15.0,"key":"REST"},{"floor":25.0,"key":"REST"},{"data":"Infinite Blades","floor":27.0,"key":"SMITH"},{"floor":29.0,"key":"REST"},{"floor":32.0,"key":"REST"}],"circlet_count":0,"master_deck":["AscendersBane","Strike_G+1","Strike_G","Strike_G","Strike_G+1","Strike_G","Defend_G","Defend_G","Defend_G","Defend_G","Defend_G","Survivor","Neutralize","Caltrops","Infinite Blades+1","Blade Dance","Backflip","Backstab","Cloak And Dagger","A Thousand Cuts","Blade Dance","Blade Dance","Flying Knee","Night Terror","Backstab+1","Crippling Poison","Pain","Decay","After Image","Masterful Stab+1","Terror"],"relics":["Ring of the Snake","Whetstone","Strawberry","Dream Catcher","Cursed Key","Letter Opener","Sling","Tough Bandages","Lantern","Bronze Scales","White Beast Statue","Ginger","Busted Crown"],"acts_visited":["Exordium","TheCity","TheBeyond"],"potions_floor_usage":[38],"damage_taken":[{"damage":0.0,"enemies":"Cultist","floor":1.0,"turns":3.0},{"damage":7.0,"enemies":"2 Louse","floor":2.0,"turns":5.0},{"damage":1.0,"enemies":"Small Slimes","floor":5.0,"turns":3.0},{"damage":39.0,"enemies":"Lagavulin","floor":6.0,"turns":7.0},{"damage":7.0,"enemies":"Exordium Wildlife","floor":7.0,"turns":3.0},{"damage":3.0,"enemies":"Blue Slaver","floor":10.0,"turns":2.0},{"damage":26.0,"enemies":"3 Sentries","floor":11.0,"turns":8.0},{"damage":1.0,"enemies":"3 Louse","floor":14.0,"turns":3.0},{"damage":36.0,"enemies":"Hexaghost","floor":16.0,"turns":9.0},{"damage":6.0,"enemies":"Chosen","floor":18.0,"turns":4.0},{"damage":0.0,"enemies":"3 Byrds","floor":20.0,"turns":2.0},{"damage":5.0,"enemies":"Slavers","floor":23.0,"turns":5.0},{"damage":31.0,"enemies":"Book of Stabbing","floor":28.0,"turns":4.0},{"damage":22.0,"enemies":"Snake Plant","floor":30.0,"turns":3.0},{"damage":12.0,"enemies":"Gremlin Leader","floor":31.0,"turns":3.0},{"damage":45.0,"enemies":"Collector","floor":33.0,"turns":8.0},{"damage":18.0,"enemies":"3 Shapes","floor":35.0,"turns":4.0},{"damage":22,"enemies":"3 Darklings","floor":38,"turns":2}],"seed_played":"549488911835564981","potions_obtained":[{"floor":0.0,"key":"Dexterity Potion"},{"floor":0.0,"key":"GhostInAJar"},{"floor":7.0,"key":"FearPotion"},{"floor":14.0,"key":"AttackPotion"},{"floor":16.0,"key":"ColorlessPotion"},{"floor":20.0,"key":"EssenceOfSteel"},{"floor":30.0,"key":"CunningPotion"},{"floor":31.0,"key":"ColorlessPotion"},{"floor":33.0,"key":"SkillPotion"},{"floor":35.0,"key":"LiquidMemories"}],"is_trial":false,"path_per_floor":["M","M","?","$","M","E","M","R","T","M","E","R","$","M","R","B",null,"M","?","M","?","$","E","T","R","T","R","E","R","M","E","R","B",null,"M","?","?","M"],"character_chosen":"THE_SILENT","items_purchased":["Blade Dance","BlessingOfTheForge","AttackPotion","Blade Dance","Flying Knee","Sling"],"campfire_rested":6,"item_purchase_floors":[4,4,13,13,13,22],"current_hp_per_floor":[63,56,70,70,69,30,23,44,51,48,22,45,45,44,67,31,66,60,60,60,60,60,55,55,77,77,77,46,69,47,35,58,13,61,43,43,43,21,21],"gold":286,"neow_bonus":"THREE_SMALL_POTIONS","is_daily":false,"chose_seed":false,"campfire_upgraded":1,"win_rate":0.0,"timestamp":1611817573,"path_taken":["M","?","?","$","M","E","M","R","T","M","E","R","$","M","R","BOSS","M","?","M","?","?","E","?","R","T","R","E","R","M","E","R","BOSS","M","?","?","M"],"items_purchased_type":["Card","Potion","Potion","Card","Card","Relic"],"build_version":"2020-12-22","purchased_purges":0,"victory":false,"max_hp_per_floor":[70,70,70,70,70,70,70,70,77,77,77,77,77,77,77,77,77,77,77,77,77,77,77,77,77,77,77,77,77,77,77,77,77,77,77,77,77,77,77],"card_choices":[{"not_picked":["Flying Knee","Expertise"],"picked":"Caltrops","floor":1.0},{"not_picked":["Slice","Noxious Fumes"],"picked":"Infinite Blades","floor":2.0},{"not_picked":["Outmaneuver","Dagger Spray"],"picked":"Backflip","floor":5.0},{"not_picked":["PiercingWail","Catalyst","Flechettes"],"picked":"SKIP","floor":6.0},{"not_picked":["Acrobatics","Deflect"],"picked":"Backstab","floor":7.0},{"not_picked":["Doppelganger","Concentrate"],"picked":"Cloak And Dagger","floor":10.0},{"not_picked":["Dagger Spray","Sucker Punch"],"picked":"A Thousand Cuts","floor":11.0},{"not_picked":["Deadly Poison","Prepared"],"picked":"Blade Dance","floor":12.0},{"not_picked":["Flechettes","All Out Attack","Outmaneuver"],"picked":"SKIP","floor":14.0},{"not_picked":["Choke","Finisher"],"picked":"Slice","floor":15.0},{"not_picked":["Grand Finale","Unload"],"picked":"Night Terror","floor":16.0},{"not_picked":["Bouncing Flask","Deflect"],"picked":"Backstab+1","floor":18.0},{"not_picked":["Setup","Dodge and Roll"],"picked":"Crippling Poison","floor":20.0},{"not_picked":["Outmaneuver","Choke","Burst"],"picked":"SKIP","floor":23.0},{"not_picked":["Wraith Form v2","Well Laid Plans"],"picked":"After Image","floor":28.0},{"not_picked":["Dodge and Roll+1","Flying Knee+1"],"picked":"Masterful Stab+1","floor":29.0},{"not_picked":["Cloak And Dagger+1","Choke+1","Flechettes"],"picked":"SKIP","floor":30.0},{"not_picked":["Crippling Poison+1","Dodge and Roll","Riddle With Holes+1"],"picked":"SKIP","floor":31.0},{"not_picked":["Deflect+1","Acrobatics"],"picked":"Terror","floor":32.0},{"not_picked":["Dodge and Roll+1"],"picked":"SKIP","floor":35.0}],"player_experience":561001,"relics_obtained":[{"floor":6.0,"key":"Whetstone"},{"floor":9.0,"key":"Strawberry"},{"floor":11.0,"key":"Dream Catcher"},{"floor":23.0,"key":"Tough Bandages"},{"floor":24.0,"key":"Lantern"},{"floor":26.0,"key":"Bronze Scales"},{"floor":28.0,"key":"White Beast Statue"},{"floor":31.0,"key":"Ginger"}],"event_choices":[{"damage_healed":23.0,"max_hp_gain":0.0,"max_hp_loss":0.0,"gold_gain":0.0,"event_name":"Big Fish","player_choice":"Banana","floor":3.0,"gold_loss":0.0,"damage_taken":0.0},{"damage_healed":0.0,"max_hp_gain":0.0,"max_hp_loss":0.0,"gold_gain":0.0,"event_name":"Addict","player_choice":"Obtained Relic","floor":19.0,"gold_loss":85.0,"damage_taken":0.0,"relics_obtained":["Letter Opener"]},{"damage_healed":0.0,"max_hp_gain":0.0,"max_hp_loss":0.0,"gold_gain":99.0,"event_name":"Nest","player_choice":"Stole From Cult","floor":21.0,"gold_loss":0.0,"damage_taken":0.0},{"cards_removed":["Slice"],"damage_healed":0.0,"max_hp_gain":0.0,"max_hp_loss":0.0,"gold_gain":0.0,"event_name":"Falling","player_choice":"Removed Attack","floor":36.0,"gold_loss":0.0,"damage_taken":0.0},{"damage_healed":0.0,"max_hp_gain":0.0,"max_hp_loss":0.0,"gold_gain":0.0,"event_name":"Tomb of Lord Red Mask","player_choice":"Ignored","floor":37.0,"gold_loss":0.0,"damage_taken":0.0}],"is_beta":false,"boss_relics":[{"not_picked":["Runic Pyramid","Philosopher\u0027s Stone"],"picked":"Cursed Key"},{"not_picked":["SacredBark","Runic Dome"],"picked":"Busted Crown"}],"items_purged_floors":[],"is_endless":false,"potions_floor_spawned":[1,7,14,16,20,30,31,33,35],"killed_by":"3 Darklings","ascension_level":11}}