{"host":"6wj0y6vd24x8d2vm","time":1611830193,"event":{"mods":["BaseMod","Downfall","Hubris","Infinite Spire","Koishi","Marisa????????","Minty Spire (QoL Compilation)","Prisma Mod","StSLib","Td1madao Mod","The Gatherer","The Jungle","The Servant 0.9.4"],"gold_per_floor":[99,115,18,31,31,49,49,59,70,84,84,28,53,69,89,189,239,239,255,255,255,274,274,300,300,335,335,349,5,25,25,40,137,137,137,150,150,150,161,181,208,63,83,102,112,112,122,154,154,154],"floor_reached":51,"language":"RUS","playtime":3881,"items_purged":[],"score":680,"play_id":"17fc972b-f040-4e34-84b8-49de838ae654","local_time":"20210128133633","is_ascension_mode":false,"campfire_choices":[{"data":"Slimebound:Split","floor":1,"key":"SMITH"},{"data":"Slimebound:MassFeed","floor":18,"key":"SMITH"},{"data":"Slimebound:SelfFormingGoo","floor":27,"key":"SMITH"},{"data":"infinitespire:SevenWalls","floor":35,"key":"SMITH"},{"data":"expansioncontent:StudyTheSpire","floor":49,"key":"SMITH"}],"circlet_count":0,"master_deck":["Slimebound:Strike_Slimebound","Slimebound:Strike_Slimebound","Slimebound:Tackle","Slimebound:Defend_Slimebound+1","Slimebound:Defend_Slimebound","Slimebound:Defend_Slimebound","Slimebound:Defend_Slimebound","Slimebound:Split+1","Slimebound:CorrosiveSpit","Slimebound:SplitLeeching","Slimebound:Schlurp","expansioncontent:LastStand","Slimebound:Schlurp","Slimebound:SplitBruiser","Slimebound:GrowthPunch","Slimebound:RejuvenatingLick","Slimebound:ComboTackle","Slimebound:RainOfGoop","Slimebound:SplitLeeching","Slimebound:Prepare","Slimebound:SamplingLick","Slimebound:MassFeed+1","Slimebound:Gluttony+1","infinitespire:Collect","infinitespire:SevenWalls+1","Slimebound:SelfFormingGoo+1","Slimebound:PressTheAttack+1","expansioncontent:StudyTheSpire+1","Slimebound:AcidTongue","Slimebound:Nibble","Slimebound:LevelUp","Slimebound:SplitAcid+1","Slimebound:SlimeSlap","Slimebound:GoopSpray+1","Slimebound:Darklings","Slimebound:SlimeTap+1","Slimebound:SpikyOuterGoop+1","Slimebound:SlimeSpikes+1","Slimebound:LeadByExample","Slimebound:SlimeBarrage+1","Pain","Slimebound:SelfFormingGoo","Slimebound:Prepare+1"],"relics":["Slimebound:AbsorbEndCombat","Bottled Lightning","hubris:PeanutButter","Tiny House","hubris:MysteriousPyramids","infinitespire:Lucky Rock","hubris:BottledHeart","Oddly Smooth Stone","infinitespire:WardingShard","hubris:HollowSoul","Slimebound:AggressiveSlimeRelic","WarpedTongs","Orichalcum"],"acts_visited":["Exordium","TheCity","TheBeyond"],"potions_floor_usage":[16,28,33,33,33,50,50,50],"damage_taken":[{"damage":0,"enemies":"Cultist","floor":2,"turns":3},{"damage":0,"enemies":"downfall:FleeingMerchant","floor":3,"turns":4},{"damage":11,"enemies":"infinitespire:Voidling","floor":4,"turns":4},{"damage":7,"enemies":"Small Slimes","floor":6,"turns":3},{"damage":6,"enemies":"Exordium Wildlife","floor":8,"turns":4},{"damage":0,"enemies":"Large Slime","floor":9,"turns":4},{"damage":1,"enemies":"3 Louse","floor":10,"turns":3},{"damage":9,"enemies":"downfall:FleeingMerchant","floor":12,"turns":4},{"damage":21,"enemies":"3 Sentries","floor":13,"turns":6},{"damage":5,"enemies":"Exordium Thugs","floor":14,"turns":4},{"damage":0,"enemies":"Red Slaver","floor":15,"turns":3},{"damage":0,"enemies":"SI_SHIV_ARCHETYPE","floor":16,"turns":7},{"damage":5,"enemies":"Chosen","floor":19,"turns":4},{"damage":3,"enemies":"3 Byrds","floor":22,"turns":5},{"damage":0,"enemies":"Book of Stabbing","floor":26,"turns":6},{"damage":0,"enemies":"Snake Plant","floor":28,"turns":3},{"damage":0,"enemies":"downfall:FleeingMerchant","floor":29,"turns":4},{"damage":0,"enemies":"Cultist and Chosen","floor":30,"turns":7},{"damage":0,"enemies":"Snecko","floor":32,"turns":4},{"damage":0,"enemies":"DF_ARCHETYPE_CLAW","floor":33,"turns":11},{"damage":0,"enemies":"3 Shapes","floor":36,"turns":4},{"damage":0,"enemies":"3 Darklings","floor":39,"turns":6},{"damage":0,"enemies":"Jaw Worm Horde","floor":40,"turns":4},{"damage":0,"enemies":"downfall:FleeingMerchant","floor":42,"turns":4},{"damage":0,"enemies":"Transient","floor":43,"turns":5},{"damage":0,"enemies":"Sphere and 2 Shapes","floor":44,"turns":5},{"damage":0,"enemies":"Maw","floor":45,"turns":7},{"damage":0,"enemies":"Jaw Worm Horde","floor":47,"turns":5},{"damage":0,"enemies":"Giant Head","floor":48,"turns":8},{"damage":0,"enemies":"IC_BLOCK_ARCHETYPE","floor":50,"turns":1}],"seed_played":"-6651214263841805375","potions_obtained":[{"floor":4,"key":"ColorlessPotion"},{"floor":5,"key":"champ:CounterPotion"},{"floor":5,"key":"Slimebound:SpawnSlimePotion"},{"floor":5,"key":"FairyPotion"},{"floor":17,"key":"Energy Potion"},{"floor":28,"key":"Swift Potion"},{"floor":32,"key":"Slimebound:SpawnSlimePotion"},{"floor":33,"key":"GamblersBrew"},{"floor":40,"key":"DuplicationPotion"}],"is_trial":false,"path_per_floor":["R","M","$","M","?","M","T","M","M","M","?","$","E","M","M","B",null,"R","M","AVR","?","M","?","T","?","E","R","M","$","M","T","M","B",null,"R","M","?","?","M","M","T","$","M","M","M","?","M","E","R","B",null],"character_chosen":"SLIMEBOUND","items_purchased":["expansioncontent:LastStand","Slimebound:RainOfGoop","expansioncontent:StudyTheSpire","Slimebound:AcidTongue","Slimebound:Nibble","Slimebound:LeadByExample","SneckoOil"],"campfire_rested":0,"item_purchase_floors":[3,12,29,29,29,42,42],"current_hp_per_floor":[71,71,71,69,69,64,64,60,68,71,71,64,51,66,71,71,76,76,76,76,57,64,64,64,1,1,1,1,1,1,1,1,1,1,1,1,1,1,1,1,1,1,1,1,1,1,1,1,1,1],"gold":154,"neow_bonus":"TEN_PERCENT_HP_BONUS","is_daily":false,"chose_seed":false,"campfire_upgraded":5,"win_rate":0.0,"timestamp":1611830193,"path_taken":["R","M","$","M","?","M","T","?","?","M","?","$","E","M","M","BOSS","R","M","AVR","?","M","?","T","?","E","R","M","$","M","?","M","BOSS","R","M","?","?","M","?","T","?","M","M","M","?","?","E","R","BOSS"],"items_purchased_type":["Card","Card","Card","Card","Card","Card","Potion"],"build_version":"2020-12-22","purchased_purges":0,"victory":true,"max_hp_per_floor":[71,71,71,71,71,71,71,71,71,71,71,71,71,71,71,71,76,76,76,76,76,80,80,80,1,1,1,1,1,1,1,1,1,1,1,1,1,1,1,1,1,1,1,1,1,1,1,1,1,1],"card_choices":[{"not_picked":["Slimebound:FormOfPuddle","Slimebound:Equalize"],"picked":"Slimebound:SplitLeeching","floor":2},{"not_picked":["Slimebound:SamplingLick","Slimebound:TongueLash"],"picked":"Slimebound:Schlurp","floor":3},{"not_picked":["Slimebound:SlimeSpikes","Slimebound:FlameTackle"],"picked":"Slimebound:Schlurp","floor":4},{"not_picked":["Slimebound:SamplingLick","Slimebound:SplitMire"],"picked":"Slimebound:SplitBruiser","floor":6},{"not_picked":["Slimebound:Repurpose","Slimebound:SplitAcid"],"picked":"Slimebound:GrowthPunch","floor":8},{"not_picked":["Slimebound:SlimeBarrage","Slimebound:Dissolve"],"picked":"Slimebound:RejuvenatingLick","floor":9},{"not_picked":["Slimebound:DisruptingSlam","Slimebound:LeechingTouch"],"picked":"Slimebound:LeechLife","floor":10},{"not_picked":["Slimebound:Schlurp","Slimebound:LivingWall"],"picked":"Slimebound:ComboTackle","floor":12},{"not_picked":["Slimebound:ComboTackle","Slimebound:SplitLeeching","Slimebound:Dissolve"],"picked":"SKIP","floor":13},{"not_picked":["Slimebound:ComboTackle","Slimebound:Dissolve"],"picked":"Slimebound:SplitLeeching","floor":13},{"not_picked":["Slimebound:GoopSpray","Slimebound:Dissolve"],"picked":"Slimebound:Prepare","floor":14},{"not_picked":["Slimebound:ViciousTackle","Slimebound:SplitAcid"],"picked":"Slimebound:SamplingLick","floor":15},{"not_picked":["Slimebound:OozeBath","Slimebound:OneTwoCombo"],"picked":"Slimebound:MassFeed","floor":16},{"not_picked":["Slimebound:SplitAcid","Slimebound:DisruptingSlam"],"picked":"Slimebound:Gluttony+1","floor":19},{"not_picked":["infinitespire:TheBestDefense","infinitespire:DeathsTouch"],"picked":"infinitespire:SevenWalls","floor":21},{"not_picked":["Slimebound:LeechEnergy","Slimebound:ItLooksTasty+1","Slimebound:Gluttony"],"picked":"SKIP","floor":22},{"not_picked":["Slimebound:ForwardTackle+1","Slimebound:LeechingTouch"],"picked":"Slimebound:SelfFormingGoo","floor":26},{"not_picked":["Slimebound:LeechingTouch","Slimebound:BestDefense","Slimebound:ForwardTackle"],"picked":"SKIP","floor":28},{"not_picked":["Slimebound:Dissolve","Slimebound:Schlurp"],"picked":"Slimebound:PressTheAttack+1","floor":29},{"not_picked":["Slimebound:GoopSpray","Slimebound:SplitAcid+1"],"picked":"Slimebound:LevelUp","floor":30},{"not_picked":["Slimebound:TongueLash","Slimebound:RejuvenatingLick"],"picked":"Slimebound:SplitAcid+1","floor":32},{"not_picked":["Slimebound:LeechLife","Slimebound:DouseInSlime"],"picked":"Slimebound:SlimeSlap","floor":33},{"not_picked":["Slimebound:ItLooksTasty+1","Slimebound:SplitAcid"],"picked":"Slimebound:GoopSpray+1","floor":36},{"not_picked":["Slimebound:LivingWall","Slimebound:DuplicatedForm"],"picked":"Slimebound:SlimeTap+1","floor":39},{"not_picked":["Slimebound:AcidTongue","Slimebound:SlimeSpikes+1"],"picked":"Slimebound:SpikyOuterGoop+1","floor":40},{"not_picked":["Slimebound:FinishingTackle","Slimebound:DisruptingSlam+1"],"picked":"Slimebound:SlimeSpikes+1","floor":42},{"not_picked":["Slimebound:AcidTongue","Slimebound:GoopTackle+1","Slimebound:LeechingTouch+1"],"picked":"SKIP","floor":43},{"not_picked":["Slimebound:SamplingLick","Slimebound:SpikyOuterGoop+1"],"picked":"Slimebound:SlimeBarrage+1","floor":44},{"not_picked":["Slimebound:LeadByExample","Slimebound:PressTheAttack","Slimebound:RainOfGoop"],"picked":"SKIP","floor":45},{"not_picked":["Slimebound:AcidTongue+1","Slimebound:HauntingLick"],"picked":"Slimebound:SelfFormingGoo","floor":47},{"not_picked":["Slimebound:Equalize","Slimebound:LeechLife"],"picked":"Slimebound:Prepare+1","floor":48}],"player_experience":306421,"relics_obtained":[{"floor":7,"key":"Bottled Lightning"},{"floor":13,"key":"hubris:PeanutButter"},{"floor":24,"key":"infinitespire:Lucky Rock"},{"floor":26,"key":"Oddly Smooth Stone"},{"floor":31,"key":"infinitespire:WardingShard"},{"floor":41,"key":"Slimebound:AggressiveSlimeRelic"},{"floor":48,"key":"Orichalcum"}],"event_choices":[{"damage_healed":0,"gold_gain":0,"player_choice":"Got Potions","damage_taken":0,"max_hp_gain":0,"max_hp_loss":0,"event_name":"Lab","floor":5,"gold_loss":0},{"damage_healed":0,"gold_gain":0,"player_choice":"Ignored","damage_taken":0,"max_hp_gain":0,"max_hp_loss":0,"event_name":"Ghosts","floor":23,"gold_loss":0},{"damage_healed":0,"gold_gain":0,"player_choice":"Ignored","damage_taken":0,"max_hp_gain":0,"max_hp_loss":0,"event_name":"NoteForYourself","floor":38,"gold_loss":0},{"damage_healed":0,"gold_gain":0,"player_choice":"Rummage","damage_taken":0,"relics_obtained":["WarpedTongs"],"max_hp_gain":0,"max_hp_loss":0,"event_name":"Accursed Blacksmith","floor":46,"gold_loss":0,"cards_obtained":["Pain"]}],"is_beta":false,"boss_relics":[{"not_picked":["hubris:VirtuousBlindfold","hubris:CrackedHourglass"],"picked":"Tiny House"},{"not_picked":["Runic Dome","hubris:GrandSneckoEye"],"picked":"hubris:HollowSoul"}],"items_purged_floors":[],"is_endless":false,"potions_floor_spawned":[4,8,9,10,14,15,28,30,32,33,40,44,47],"ascension_level":0}}