{"host":"v79nb9qnzs8cga96","time":1611836583,"event":{"mods":["Aspiration","BaseMod","Better Note","Block Reminder","GifTheSpireLib","Minty Spire (QoL Compilation)","Quarter Circle Forward PUNCH!","SacredBarkPlus","Slumbering Mod","Small Relic Pack","StSLib","Stuff the Spire","The Florist","The Poker Player","The Spell Scribe","[IsaacMod]????"],"gold_per_floor":[109,123,123,123,141,172,192,162,162,212,212,225,225,244,244,244,244],"floor_reached":16,"language":"ENG","playtime":826,"items_purged":[],"score":118,"play_id":"b0a57e03-7f2a-451b-bb8f-b7c3d3fe52cb","local_time":"20210128142303","is_ascension_mode":true,"campfire_choices":[{"data":"StuffTheSpire:Ambrosia","floor":15,"key":"SMITH"}],"circlet_count":0,"master_deck":["Strike_R","Strike_R","Strike_R","Strike_R","Strike_R","Defend_R","Defend_R","Defend_R","Defend_R","Bash","BettingIsNotGood","Flex","Shrug It Off","Ghostly Armor","Headbutt","StuffTheSpire:Ambrosia+1","Pommel Strike","Injury"],"relics":["Burning Blood","HushsDoor","Chaos","aspiration:Nostalgia","theSlumbering:HeartCollector","Sundial","HowToJump","The Specimen","Frozen Egg 2"],"acts_visited":["Exordium"],"potions_floor_usage":[2,14,16,16],"damage_taken":[{"damage":0,"enemies":"Small Slimes","floor":1,"turns":2},{"damage":6,"enemies":"Cultist","floor":2,"turns":5},{"damage":0,"enemies":"2 Louse","floor":5,"turns":2},{"damage":51,"enemies":"3 Sentries","floor":6,"turns":14},{"damage":0,"enemies":"Exordium Thugs","floor":7,"turns":2},{"damage":0,"enemies":"Looter","floor":8,"turns":4},{"damage":13,"enemies":"theSlumbering:Adrasteia","floor":10,"turns":13},{"damage":7,"enemies":"2 Fungi Beasts","floor":12,"turns":5},{"damage":3,"enemies":"Exordium Thugs","floor":14,"turns":5},{"damage":35,"enemies":"The Guardian","floor":16,"turns":8}],"seed_played":"7298748974918762840","potions_obtained":[{"floor":1,"key":"Strength Potion"},{"floor":5,"key":"SteroidPotion"},{"floor":6,"key":"SpeedPotion"},{"floor":12,"key":"BlessingOfTheForge"},{"floor":14,"key":"AttackPotion"}],"is_trial":false,"path_per_floor":["M","M","?","?","M","E","M","M","T","E","?","M","?","M","R","B"],"character_chosen":"IRONCLAD","items_purchased":[],"campfire_rested":0,"item_purchase_floors":[],"current_hp_per_floor":[80,80,68,53,59,19,25,36,36,29,29,29,29,33,33,0,0],"gold":244,"neow_bonus":"NOSTALGIA","is_daily":false,"chose_seed":false,"campfire_upgraded":1,"win_rate":0.0,"timestamp":1611836583,"path_taken":["M","M","?","?","M","E","M","?","T","E","?","M","?","?","R","BOSS"],"items_purchased_type":[],"build_version":"2020-12-22","purchased_purges":0,"victory":false,"max_hp_per_floor":[80,80,80,80,80,80,80,80,80,80,80,81,81,82,82,84,84],"card_choices":[{"not_picked":[],"picked":"BettingIsNotGood","floor":0},{"not_picked":["Body Slam","Reckless Charge","Havoc"],"picked":"SKIP","floor":1},{"not_picked":["Blood for Blood","Rage"],"picked":"Flex","floor":2},{"not_picked":["StuffTheSpire:RockThrow","Pommel Strike"],"picked":"Shrug It Off","floor":5},{"not_picked":["Twin Strike","Whirlwind","Sever Soul"],"picked":"SKIP","floor":6},{"not_picked":["Bomb","Iron Wave","Wild Strike"],"picked":"SKIP","floor":7},{"not_picked":["Clothesline","Headbutt"],"picked":"Ghostly Armor","floor":8},{"not_picked":["Sentinel","Juggernaut"],"picked":"Headbutt","floor":10},{"not_picked":["StuffTheSpire:Vigor","StuffTheSpire:CelestialWarden"],"picked":"StuffTheSpire:Ambrosia","floor":11},{"not_picked":["Sword Boomerang","Shrug It Off"],"picked":"Pommel Strike","floor":12},{"not_picked":["Shockwave","Clothesline","Searing Blow"],"picked":"SKIP","floor":14}],"player_experience":381602,"relics_obtained":[{"floor":6,"key":"HowToJump"},{"floor":9,"key":"Omamori"},{"floor":10,"key":"The Specimen"}],"event_choices":[{"damage_healed":0,"gold_gain":0,"player_choice":"Success","damage_taken":12,"relics_obtained":["Sundial"],"max_hp_gain":0,"max_hp_loss":0,"event_name":"Scrap Ooze","floor":3,"gold_loss":0}],"is_beta":false,"boss_relics":[],"items_purged_floors":[],"is_endless":false,"potions_floor_spawned":[1,5,6,12,14],"killed_by":"The Guardian","ascension_level":1}}