{"host":"5trcja4hacd149zc","time":1611815788,"event":{"mods":["BaseMod","Colored Map","GifTheSpireLib","Minty Spire (QoL Compilation)","Relic Stats","StSLib"],"gold_per_floor":[109,109,129,141,216,247,522,522,572,572,592,242,276,25,25,97,97,117,117,129,129,129,129,129],"floor_reached":23,"language":"ENG","playtime":485,"items_purged":["Regret","Strike_B"],"score":394,"play_id":"1608c687-b54b-41b8-93e8-f243f373a1e6","local_time":"20210128003628","is_ascension_mode":true,"campfire_choices":[{"data":"Storm","floor":8.0,"key":"SMITH"},{"data":"White Noise","floor":10.0,"key":"SMITH"},{"data":"Defragment","floor":15.0,"key":"SMITH"}],"circlet_count":0,"master_deck":["AscendersBane","Strike_B","Strike_B","Strike_B","Defend_B","Defend_B","Defend_B","Defend_B","Zap","Dualcast","Beam Cell+1","White Noise+1","Rebound","Storm+1","Barrage","Ball Lightning","Defragment+1","Capacitor","Biased Cognition","Fission","Compile Driver+1","Turbo+1"],"relics":["Cracked Core","NeowsBlessing","Tiny Chest","DataDisk","ClockworkSouvenir","Omamori","Runic Pyramid","Pantograph","Shuriken"],"acts_visited":["Exordium","TheCity"],"potions_floor_usage":[23],"damage_taken":[{"damage":0.0,"enemies":"Small Slimes","floor":1.0,"turns":1.0},{"damage":0.0,"enemies":"Cultist","floor":3.0,"turns":1.0},{"damage":0.0,"enemies":"Jaw Worm","floor":4.0,"turns":1.0},{"damage":20.0,"enemies":"3 Sentries","floor":6.0,"turns":6.0},{"damage":23.0,"enemies":"2 Fungi Beasts","floor":11.0,"turns":3.0},{"damage":3.0,"enemies":"Lagavulin","floor":13.0,"turns":4.0},{"damage":10,"enemies":"Slime Boss","floor":16,"turns":6},{"damage":13,"enemies":"3 Byrds","floor":18,"turns":3},{"damage":37,"enemies":"Shell Parasite","floor":20,"turns":4},{"damage":14,"enemies":"Gremlin Leader","floor":23,"turns":3}],"seed_played":"4892746456870161123","potions_obtained":[{"floor":1.0,"key":"EssenceOfDarkness"},{"floor":6.0,"key":"Block Potion"},{"floor":11.0,"key":"Regen Potion"},{"floor":16,"key":"DuplicationPotion"}],"is_trial":false,"path_per_floor":["M","?","M","M","?","E","?","R","T","R","M","$","E","$","R","B",null,"M","?","M","?","T","E"],"character_chosen":"DEFECT","items_purchased":["Ball Lightning","Defragment","ClockworkSouvenir","Biased Cognition"],"campfire_rested":0,"item_purchase_floors":[12,12,12,14],"current_hp_per_floor":[64,64,64,64,53,33,33,33,33,33,10,10,19,19,19,9,56,43,43,6,6,6,0,0],"gold":129,"neow_bonus":"THREE_ENEMY_KILL","is_daily":false,"chose_seed":false,"campfire_upgraded":3,"win_rate":0.0,"timestamp":1611815788,"path_taken":["M","?","?","M","?","E","?","R","T","R","M","$","E","$","R","BOSS","M","?","M","?","?","E"],"items_purchased_type":["Card","Card","Relic","Card"],"build_version":"2020-12-22","purchased_purges":2,"victory":false,"max_hp_per_floor":[71,71,71,71,71,71,71,71,71,71,71,71,71,71,71,71,71,71,71,71,71,71,71,71],"relic_stats":{"counters":[10,32],"Shuriken":[1],"Pantograph":0,"Tiny Chest":1,"obtain_stats":[{"DataDisk":9,"NeowsBlessing":0,"Shuriken":22,"Pantograph":21,"Tiny Chest":6,"Omamori":13,"Cracked Core":0,"ClockworkSouvenir":12,"Runic Pyramid":17},{"DataDisk":4,"NeowsBlessing":0,"Shuriken":9,"Pantograph":9,"Tiny Chest":4,"Omamori":6,"Cracked Core":0,"ClockworkSouvenir":5,"Runic Pyramid":7},{"DataDisk":9,"NeowsBlessing":0,"Shuriken":29,"Pantograph":29,"Tiny Chest":9,"Omamori":16,"Cracked Core":0,"ClockworkSouvenir":12,"Runic Pyramid":22}]},"card_choices":[{"not_picked":["Double Energy","Stack"],"picked":"Beam Cell","floor":1.0},{"not_picked":["Hello World","Coolheaded"],"picked":"White Noise","floor":3.0},{"not_picked":["Auto Shields","Redo"],"picked":"Rebound","floor":4.0},{"not_picked":["Heatsinks","Hello World"],"picked":"Storm","floor":6.0},{"not_picked":["Double Energy","Coolheaded"],"picked":"Barrage","floor":11.0},{"not_picked":["Ball Lightning","Doom and Gloom"],"picked":"Capacitor","floor":13.0},{"not_picked":["Biased Cognition","Machine Learning"],"picked":"Fission","floor":16},{"not_picked":["Hologram","Ball Lightning"],"picked":"Compile Driver+1","floor":18},{"not_picked":["Hello World","Compile Driver"],"picked":"Turbo+1","floor":20}],"player_experience":770256,"relics_obtained":[{"floor":6.0,"key":"Tiny Chest"},{"floor":9.0,"key":"DataDisk"},{"floor":13.0,"key":"Omamori"},{"floor":22,"key":"Shuriken"}],"event_choices":[{"damage_healed":0.0,"max_hp_gain":0.0,"max_hp_loss":0.0,"gold_gain":0.0,"event_name":"Upgrade Shrine","player_choice":"Upgraded","floor":2.0,"gold_loss":0.0,"damage_taken":0.0,"cards_upgraded":["Beam Cell"]},{"damage_healed":0.0,"max_hp_gain":0.0,"max_hp_loss":0.0,"gold_gain":75.0,"event_name":"World of Goop","player_choice":"Gather Gold","floor":5.0,"gold_loss":0.0,"damage_taken":11.0},{"damage_healed":0.0,"max_hp_gain":0.0,"max_hp_loss":0.0,"gold_gain":275.0,"event_name":"Golden Shrine","player_choice":"Desecrate","floor":7.0,"gold_loss":0.0,"damage_taken":0.0,"cards_obtained":["Regret"]},{"damage_healed":0,"gold_gain":0,"player_choice":"Ignored","damage_taken":0,"max_hp_gain":0,"max_hp_loss":0,"event_name":"Vampires","floor":19,"gold_loss":0},{"damage_healed":0,"gold_gain":0,"player_choice":"Opened","damage_taken":0,"relics_obtained":["Pantograph"],"max_hp_gain":0,"max_hp_loss":0,"event_name":"The Mausoleum","floor":21,"gold_loss":0,"cards_obtained":["Writhe"]}],"is_beta":false,"boss_relics":[{"not_picked":["Coffee Dripper","Cursed Key"],"picked":"Runic Pyramid"}],"items_purged_floors":[12,14],"is_endless":false,"potions_floor_spawned":[1,6,11,16],"killed_by":"Gremlin Leader","ascension_level":20}}