{"host":"sc0o2qwpf9j16a4i","time":1611850280,"event":{"mods":["AchievementEnabler","BaseMod","BetterRewards","Block Reminder","Colored Map","Colored Powertips","Custom Start","Highlight Path","Minty Spire (QoL Compilation)","Relic Stats"],"gold_per_floor":[109,124,124,136,155,183,183,241,241,241,241,52,52,107,107,228,228,299,398,13,13,13,71,71,81,104,177,269,316,391,554,554,652,652,697,697,737,274,384,470,518,100,123,167,228,306,387,28,28,28],"floor_reached":51,"language":"ENG","playtime":1931,"items_purged":[],"score":1059,"play_id":"b214c535-26f8-43f2-81bb-acdde82b4f8b","local_time":"20210128181120","daily_mods":["Shiny","Green Cards","Terminal"],"is_ascension_mode":false,"campfire_choices":[{"data":"Worship","floor":7,"key":"SMITH"},{"data":"Wraith Form v2","floor":10,"key":"SMITH"},{"floor":15,"key":"REST"},{"data":"Wish","floor":24,"key":"SMITH"},{"data":"Adrenaline","floor":32,"key":"SMITH"},{"data":"Devotion","floor":49,"key":"SMITH"}],"circlet_count":0,"master_deck":["Venomology","Corpse Explosion+1","Malaise","Phantasmal Killer","Die Die Die","Adrenaline+1","Envenom","Doppelganger","Burst","Wraith Form v2+1","Tools of the Trade","Night Terror","Unload","After Image","Bullet Time","Storm of Steel","Glass Knife","A Thousand Cuts","Grand Finale","Judgement","ConjureBlade","MasterReality","Brilliance","Devotion+1","Blasphemy","Ragnarok","LessonLearned+1","Scrawl","Vault","Alpha","Wish+1","Omniscience","Establishment","SpiritShield","DevaForm","DeusExMachina","Leg Sweep","Worship+1","Apotheosis","Omniscience","DevaForm","Footwork","Wireheading+1","Protect","Devotion+1","Protect","Noxious Fumes","Leg Sweep","PiercingWail+1","Footwork","Fasting2"],"relics":["PureWater","Orichalcum","Damaru","Centennial Puzzle","Bloody Idol","Snecko Eye","Mummified Hand","MutagenicStrength","TeardropLocket","Pen Nib","Omamori","SlaversCollar","Medical Kit","Blue Candle","The Courier","Toolbox","Toy Ornithopter","Happy Flower","Akabeko","Eternal Feather","StoneCalendar","Ornamental Fan"],"acts_visited":["Exordium","TheCity","TheBeyond"],"potions_floor_usage":[5,5,6,8,16,16,16,23,28,29,31,37,39,39,40,40,45,47,47,47,50,50,50,50],"damage_taken":[{"damage":0,"enemies":"Jaw Worm","floor":1,"turns":2},{"damage":3,"enemies":"Small Slimes","floor":2,"turns":3},{"damage":0,"enemies":"2 Louse","floor":4,"turns":2},{"damage":0,"enemies":"Red Slaver","floor":5,"turns":2},{"damage":15,"enemies":"3 Sentries","floor":6,"turns":4},{"damage":0,"enemies":"Lagavulin","floor":8,"turns":5},{"damage":0,"enemies":"Looter","floor":14,"turns":3},{"damage":0,"enemies":"The Guardian","floor":16,"turns":7},{"damage":0,"enemies":"3 Byrds","floor":18,"turns":3},{"damage":0,"enemies":"Book of Stabbing","floor":23,"turns":3},{"damage":0,"enemies":"Spheric Guardian","floor":25,"turns":1},{"damage":0,"enemies":"Centurion and Healer","floor":27,"turns":4},{"damage":5,"enemies":"Slavers","floor":28,"turns":4},{"damage":0,"enemies":"Shelled Parasite and Fungi","floor":29,"turns":3},{"damage":0,"enemies":"Snecko","floor":30,"turns":2},{"damage":0,"enemies":"Cultist and Chosen","floor":31,"turns":3},{"damage":0,"enemies":"Champ","floor":33,"turns":4},{"damage":0,"enemies":"Orb Walker","floor":35,"turns":4},{"damage":0,"enemies":"3 Darklings","floor":37,"turns":3},{"damage":0,"enemies":"Writhing Mass","floor":39,"turns":3},{"damage":23,"enemies":"Reptomancer","floor":40,"turns":4},{"damage":0,"enemies":"Jaw Worm Horde","floor":41,"turns":3},{"damage":0,"enemies":"Spire Growth","floor":44,"turns":4},{"damage":0,"enemies":"Giant Head","floor":45,"turns":5},{"damage":0,"enemies":"3 Darklings","floor":46,"turns":1},{"damage":10,"enemies":"2 Orb Walkers","floor":47,"turns":3},{"damage":12,"enemies":"Donu and Deca","floor":50,"turns":4}],"seed_played":"8311609053963462722","potions_obtained":[{"floor":3,"key":"SkillPotion"},{"floor":3,"key":"SmokeBomb"},{"floor":3,"key":"Block Potion"},{"floor":6,"key":"ColorlessPotion"},{"floor":16,"key":"Ambrosia"},{"floor":18,"key":"DistilledChaos"},{"floor":25,"key":"EssenceOfSteel"},{"floor":29,"key":"Ambrosia"},{"floor":33,"key":"ColorlessPotion"},{"floor":39,"key":"Fruit Juice"},{"floor":47,"key":"LiquidBronze"}],"is_trial":true,"path_per_floor":["M","M","?","M","M","E","R","E","T","R","?","$","?","M","R","B",null,"M","?","$","?","?","E","R","M","T","M","E","M","M","M","R","B",null,"M","?","M","$","M","E","M","$","T","M","E","M","?","$","R","B",null],"character_chosen":"WATCHER","items_purchased":["Apotheosis","Mummified Hand","DevaForm","Medical Kit","Blue Candle","Noxious Fumes","Toolbox","Toy Ornithopter","Happy Flower","Leg Sweep","Footwork","Ornamental Fan","Fasting2","AttackPotion"],"campfire_rested":1,"item_purchase_floors":[12,20,20,38,38,38,42,42,42,42,48,48,48,48],"current_hp_per_floor":[70,67,67,67,66,51,51,51,51,51,36,36,36,36,53,53,54,53,52,51,50,49,48,47,46,45,44,43,42,41,40,39,38,37,36,35,34,33,32,29,35,34,33,32,31,30,25,25,27,20],"gold":28,"neow_bonus":"","is_daily":false,"chose_seed":false,"campfire_upgraded":5,"win_rate":0.0,"timestamp":1611850280,"path_taken":["M","?","?","?","M","E","R","E","T","R","?","$","?","?","R","BOSS","M","?","$","?","?","E","R","?","T","M","E","M","M","M","R","BOSS","M","?","M","$","?","E","M","$","T","M","E","M","?","$","R","BOSS"],"items_purchased_type":["Card","Relic","Card","Relic","Relic","Card","Relic","Relic","Relic","Card","Card","Relic","Card","Potion"],"build_version":"2020-12-22","purchased_purges":0,"victory":true,"max_hp_per_floor":[70,69,68,67,66,65,64,63,62,61,60,59,58,57,56,55,54,53,52,51,50,49,48,47,46,45,44,43,42,41,40,39,38,37,36,35,34,33,32,36,35,34,33,32,31,30,29,28,27,26],"relic_stats":{"Happy Flower":[5],"counters":[27,89],"Blue Candle":[0],"Eternal Feather":3,"StoneCalendar":[0],"Pen Nib":[6],"Orichalcum":[138],"Medical Kit":[1],"Centennial Puzzle":[13],"Mummified Hand":[249],"Ornamental Fan":[0],"Bloody Idol":32,"Snecko Eye":[125,102,113,126],"obtain_stats":[{"Happy Flower":42,"Golden Idol":11,"Blue Candle":38,"Damaru":8,"Eternal Feather":45,"StoneCalendar":47,"Pen Nib":26,"The Courier":40,"Omamori":28,"TeardropLocket":23,"Orichalcum":6,"Medical Kit":38,"Akabeko":43,"SlaversCollar":34,"Centennial Puzzle":9,"Mummified Hand":20,"Ornamental Fan":48,"MutagenicStrength":21,"Bloody Idol":22,"Snecko Eye":17,"Toolbox":42,"PureWater":0,"Toy Ornithopter":42},{"Happy Flower":22,"Golden Idol":6,"Blue Candle":19,"Damaru":6,"Eternal Feather":24,"StoneCalendar":26,"Pen Nib":11,"The Courier":21,"Omamori":13,"TeardropLocket":10,"Orichalcum":5,"Medical Kit":19,"Akabeko":22,"SlaversCollar":17,"Centennial Puzzle":6,"Mummified Hand":9,"Ornamental Fan":26,"MutagenicStrength":9,"Bloody Idol":9,"Snecko Eye":8,"Toolbox":22,"PureWater":0,"Toy Ornithopter":22},{"Happy Flower":72,"Golden Idol":18,"Blue Candle":62,"Damaru":18,"Eternal Feather":81,"StoneCalendar":85,"Pen Nib":35,"The Courier":69,"Omamori":43,"TeardropLocket":34,"Orichalcum":13,"Medical Kit":62,"Akabeko":72,"SlaversCollar":55,"Centennial Puzzle":18,"Mummified Hand":31,"Ornamental Fan":85,"MutagenicStrength":31,"Bloody Idol":31,"Snecko Eye":28,"Toolbox":72,"PureWater":0,"Toy Ornithopter":72}],"Toy Ornithopter":5},"card_choices":[{"not_picked":["SashWhip","Prepared","Prostrate"],"picked":"SKIP","floor":1},{"not_picked":["SashWhip","Underhanded Strike","Weave"],"picked":"SKIP","floor":2},{"not_picked":["Fasting2","Halt","Vengeance"],"picked":"SKIP","floor":4},{"not_picked":["Fasting2","Dagger Spray"],"picked":"Leg Sweep","floor":5},{"not_picked":["LikeWater","Poisoned Stab"],"picked":"Worship","floor":6},{"not_picked":["Bouncing Flask","All Out Attack","CrushJoints"],"picked":"SKIP","floor":8},{"not_picked":["Accuracy","FollowUp","Tantrum"],"picked":"SKIP","floor":14},{"not_picked":["Grand Finale","Burst"],"picked":"Omniscience","floor":16},{"not_picked":["Wireheading","Infinite Blades+1","Concentrate"],"picked":"SKIP","floor":18},{"not_picked":["Backflip","Prostrate","Reflex"],"picked":"SKIP","floor":23},{"not_picked":["WaveOfTheHand","Well Laid Plans"],"picked":"Footwork","floor":25},{"not_picked":["Cloak And Dagger","FlurryOfBlows","Finisher"],"picked":"SKIP","floor":27},{"not_picked":["Grand Finale","BowlingBash+1"],"picked":"Wireheading+1","floor":28},{"not_picked":["PathToVictory","Prostrate"],"picked":"Protect","floor":29},{"not_picked":["Terror","EmptyFist","PathToVictory"],"picked":"SKIP","floor":30},{"not_picked":["Vengeance+1","Backflip","Alpha"],"picked":"SKIP","floor":31},{"not_picked":["DeusExMachina","ConjureBlade"],"picked":"Devotion","floor":33},{"not_picked":["DeceiveReality","Choke","FlyingSleeves+1"],"picked":"SKIP","floor":35},{"not_picked":["MentalFortress","JustLucky"],"picked":"Protect","floor":37},{"not_picked":["Flying Knee","Halt+1","Bouncing Flask"],"picked":"SKIP","floor":39},{"not_picked":["Bouncing Flask","Dash","Dagger Throw"],"picked":"SKIP","floor":40},{"not_picked":["EmptyMind+1","InnerPeace","Consecrate+1"],"picked":"SKIP","floor":41},{"not_picked":["Nirvana","Heel Hook+1","Prepared"],"picked":"SKIP","floor":44},{"not_picked":["Nirvana","FlurryOfBlows","Noxious Fumes"],"picked":"SKIP","floor":45},{"not_picked":["Backstab","Slice+1","ClearTheMind+1"],"picked":"SKIP","floor":46},{"not_picked":["Malaise","Crescendo+1"],"picked":"PiercingWail+1","floor":47}],"player_experience":1028742,"relics_obtained":[{"floor":6,"key":"Orichalcum"},{"floor":8,"key":"Damaru"},{"floor":9,"key":"Centennial Puzzle"},{"floor":23,"key":"TeardropLocket"},{"floor":26,"key":"Pen Nib"},{"floor":28,"key":"Omamori"},{"floor":40,"key":"The Courier"},{"floor":43,"key":"Akabeko"},{"floor":45,"key":"Eternal Feather"},{"floor":47,"key":"StoneCalendar"}],"event_choices":[{"damage_healed":0,"gold_gain":0,"player_choice":"Got Potions","damage_taken":0,"max_hp_gain":0,"max_hp_loss":0,"event_name":"Lab","floor":3,"gold_loss":0},{"damage_healed":0,"gold_gain":0,"player_choice":"Take Damage","damage_taken":15,"relics_obtained":["Golden Idol"],"max_hp_gain":0,"max_hp_loss":0,"event_name":"Golden Idol","floor":11,"gold_loss":0},{"damage_healed":0,"gold_gain":0,"player_choice":"Ignored","damage_taken":0,"max_hp_gain":0,"max_hp_loss":0,"event_name":"NoteForYourself","floor":13,"gold_loss":0},{"damage_healed":0,"gold_gain":99,"player_choice":"Stole From Cult","damage_taken":0,"max_hp_gain":0,"max_hp_loss":0,"event_name":"Nest","floor":19,"gold_loss":0},{"damage_healed":0,"gold_gain":0,"player_choice":"Inject Mutagens","damage_taken":0,"relics_obtained":["MutagenicStrength"],"max_hp_gain":0,"max_hp_loss":0,"event_name":"Drug Dealer","floor":21,"gold_loss":0},{"damage_healed":0,"gold_gain":0,"player_choice":"Gave Idol","damage_taken":0,"relics_obtained":["Bloody Idol"],"max_hp_gain":0,"max_hp_loss":0,"event_name":"Forgotten Altar","floor":22,"relics_lost":["Golden Idol"],"gold_loss":0},{"damage_healed":0,"gold_gain":0,"player_choice":"Ignored","damage_taken":0,"max_hp_gain":0,"max_hp_loss":0,"event_name":"Purifier","floor":36,"gold_loss":0},{"damage_healed":0,"gold_gain":0,"player_choice":"Fight","damage_taken":0,"max_hp_gain":0,"max_hp_loss":0,"event_name":"Mysterious Sphere","floor":47,"gold_loss":0}],"is_beta":false,"boss_relics":[{"not_picked":["Cursed Key","Tiny House"],"picked":"Snecko Eye"},{"not_picked":["Calling Bell","Velvet Choker"],"picked":"SlaversCollar"}],"items_purged_floors":[],"is_endless":false,"potions_floor_spawned":[4,6,16,18,25,28,29,33,35,39,46,47],"ascension_level":0}}