{"host":"sp1zv0ju5tlq9i78","time":1611807215,"event":{"mods":["2.2 Compatiblity","A Penny For Your Troubles","Act Like it!","BaseMod","Better Match","Better Note","Better Skull","Better Third Choice","CapriCore","Marked Mod","Minty Spire (QoL Compilation)","Reliquary","StSLib","The Marked","TheSurvivalist"],"gold_per_floor":[112,112,132,82,94,94,112,126,206,231,248,248,248,277,277,277,277],"floor_reached":16,"language":"ENG","playtime":987,"items_purged":[],"score":102,"play_id":"43301931-2fac-435f-bb12-5a6a4c6bbcca","local_time":"20210127221335","is_ascension_mode":false,"campfire_choices":[{"data":"survmod:Camouflage","floor":6,"key":"SMITH"},{"floor":13,"key":"REST"},{"floor":15,"key":"RECALL"}],"circlet_count":0,"master_deck":["survmod:Strike","survmod:Strike","survmod:Strike","survmod:Defend","survmod:Defend","survmod:Defend","survmod:Defend","survmod:VersatileOffense","survmod:Sprint","survmod:SimpleMutation","survmod:GoForFace","survmod:DuckAndFlare","survmod:Camouflage+1","survmod:FenceTrap","survmod:Marksmanship","survmod:FlareBarrage","survmod:HailOfArrows","survmod:FenceTrap"],"relics":["survmod:InnateMutation","NeowsBlessing","Shuriken","Thread and Needle","Odd Mushroom"],"acts_visited":["Exordium"],"potions_floor_usage":[16],"damage_taken":[{"damage":0,"enemies":"2 Louse","floor":1,"turns":1},{"damage":0,"enemies":"Cultist","floor":3,"turns":1},{"damage":0,"enemies":"Jaw Worm","floor":5,"turns":1},{"damage":0,"enemies":"Looter","floor":7,"turns":4},{"damage":7,"enemies":"Large Slime","floor":8,"turns":9},{"damage":20,"enemies":"3 Sentries","floor":10,"turns":22},{"damage":11,"enemies":"Lots of Slimes","floor":11,"turns":9},{"damage":5,"enemies":"The Mushroom Lair","floor":14,"turns":8},{"damage":42,"enemies":"The Guardian","floor":16,"turns":16}],"seed_played":"3070604037782701521","potions_obtained":[{"floor":5,"key":"Block Potion"},{"floor":7,"key":"SpeedPotion"},{"floor":11,"key":"SpeedPotion"},{"floor":14,"key":"Dexterity Potion"}],"is_trial":false,"path_per_floor":["M","?","M","?","M","R","M","M","T","E","M","?","R","?","R","B"],"character_chosen":"THE_SURVIVOR","items_purchased":[],"campfire_rested":1,"item_purchase_floors":[],"current_hp_per_floor":[50,50,50,50,50,50,50,43,43,23,12,28,43,38,38,0,0],"gold":277,"neow_bonus":"THREE_ENEMY_KILL","is_daily":false,"chose_seed":false,"campfire_upgraded":1,"win_rate":0.0,"timestamp":1611807215,"path_taken":["M","?","?","?","M","R","M","M","T","E","M","?","R","?","R","BOSS"],"items_purchased_type":[],"build_version":"2020-12-22","purchased_purges":0,"victory":false,"max_hp_per_floor":[50,50,50,50,50,50,50,50,50,50,50,50,50,50,50,50,50],"card_choices":[{"not_picked":["survmod:MarkedFromAfar","survmod:DuckAndFlare"],"picked":"survmod:SimpleMutation","floor":1},{"not_picked":["survmod:BearTrap","survmod:FindCover"],"picked":"survmod:DuckAndFlare","floor":3},{"not_picked":["survmod:BearTrap","survmod:QuickDash"],"picked":"survmod:Camouflage","floor":5},{"not_picked":["survmod:Adaptability","survmod:FocusedFire"],"picked":"survmod:FenceTrap","floor":7},{"not_picked":["survmod:TrickShot","survmod:ComplexMutation"],"picked":"survmod:Marksmanship","floor":8},{"not_picked":["survmod:FindCover","survmod:Hawkeye"],"picked":"survmod:FlareBarrage","floor":10},{"not_picked":["survmod:LongShot","survmod:FlashbangShot"],"picked":"survmod:HailOfArrows","floor":11},{"not_picked":["survmod:TacticalManeuver","survmod:GoForFace"],"picked":"survmod:FenceTrap","floor":14}],"player_experience":286571,"relics_obtained":[{"floor":9,"key":"Shuriken"},{"floor":10,"key":"Thread and Needle"},{"floor":14,"key":"Odd Mushroom"}],"event_choices":[{"cards_removed":["survmod:SimpleMutation"],"damage_healed":0,"gold_gain":0,"player_choice":"Take \u0026 Give","damage_taken":0,"max_hp_gain":0,"max_hp_loss":0,"event_name":"betterNote:BetterNote","floor":2,"gold_loss":0,"cards_obtained":["survmod:GoForFace"]},{"cards_removed":["survmod:Strike"],"damage_healed":0,"gold_gain":0,"player_choice":"Card Removal","damage_taken":0,"max_hp_gain":0,"max_hp_loss":0,"event_name":"The Cleric","floor":4,"gold_loss":50},{"damage_healed":16,"gold_gain":0,"player_choice":"Banana","damage_taken":0,"max_hp_gain":0,"max_hp_loss":0,"event_name":"Big Fish","floor":12,"gold_loss":0},{"damage_healed":0,"gold_gain":0,"player_choice":"Fought Mushrooms","damage_taken":0,"max_hp_gain":0,"max_hp_loss":0,"event_name":"Mushrooms","floor":14,"gold_loss":0}],"is_beta":false,"boss_relics":[],"items_purged_floors":[],"is_endless":false,"potions_floor_spawned":[5,7,11,14],"killed_by":"The Guardian","ascension_level":0}}