{"host":"wq0pzln9h9r005f2","time":1611798592,"event":{"mods":["AchievementEnabler","BaseMod","Googly Eyes","Highlight Path","Minty Spire (QoL Compilation)","Quick Restart","Rare Cards Sparkle","Relic Stats","The IronCluck","egg"],"gold_per_floor":[118,46,46,58,10,10,25,25,25,52,26,26,46,46,46,120,120,131,33,48,48,58,58,58],"floor_reached":23,"language":"ENG","playtime":654,"items_purged":["Defend_R"],"score":312,"play_id":"32dbcb9c-4ad3-4cca-b413-7df4a63b214a","local_time":"20210127184952","is_ascension_mode":true,"campfire_choices":[{"data":"Inflame","floor":6,"key":"SMITH"},{"data":"Perfected Strike","floor":15,"key":"SMITH"}],"circlet_count":0,"master_deck":["AscendersBane","Strike_R","Strike_R","Strike_R","Strike_R","Strike_R","Defend_R","Defend_R","Defend_R","Bash","Inflame+1","Flex","Perfected Strike+1","Wild Strike","Limit Break","Perfected Strike"],"relics":["Burning Blood","MealTicket","Gremlin Horn","Thread and Needle","Mercury Hourglass","Busted Crown"],"acts_visited":["Exordium","TheCity"],"potions_floor_usage":[16,16],"damage_taken":[{"damage":1,"enemies":"Cultist","floor":1,"turns":4},{"damage":12,"enemies":"2 Louse","floor":4,"turns":3},{"damage":11,"enemies":"Jaw Worm","floor":7,"turns":4},{"damage":54,"enemies":"3 Sentries","floor":10,"turns":10},{"damage":7,"enemies":"Exordium Wildlife","floor":13,"turns":4},{"damage":10,"enemies":"Slime Boss","floor":16,"turns":7},{"damage":7,"enemies":"Spheric Guardian","floor":18,"turns":3},{"damage":24,"enemies":"3 Byrds","floor":20,"turns":4},{"damage":32,"enemies":"Snake Plant","floor":22,"turns":3},{"damage":70,"enemies":"Gremlin Leader","floor":23,"turns":4}],"seed_played":"617010005127103374","potions_obtained":[{"floor":4,"key":"Dexterity Potion"},{"floor":13,"key":"DuplicationPotion"},{"floor":16,"key":"SteroidPotion"},{"floor":18,"key":"CultistPotion"},{"floor":20,"key":"FairyPotion"}],"is_trial":false,"path_per_floor":["M","$","?","M","$","R","M","?","T","E","$","?","M","$","R","B",null,"M","$","M","?","M","E"],"character_chosen":"IRONCLAD","items_purchased":["Inflame","Flex","Wild Strike","Perfected Strike"],"campfire_rested":0,"item_purchase_floors":[2,5,11,19],"current_hp_per_floor":[77,80,80,74,80,80,75,57,57,9,24,24,23,38,38,34,69,68,80,62,62,36,0,0],"gold":58,"neow_bonus":"RANDOM_COMMON_RELIC","is_daily":false,"chose_seed":false,"campfire_upgraded":2,"win_rate":0.0,"timestamp":1611798592,"path_taken":["M","$","?","?","$","R","M","?","T","E","$","?","M","?","R","BOSS","M","?","M","?","M","E"],"items_purchased_type":["Card","Card","Card","Card"],"build_version":"2020-12-22","purchased_purges":1,"victory":false,"max_hp_per_floor":[80,80,80,80,80,80,80,80,80,80,80,80,80,80,80,80,80,80,80,80,80,80,80,80],"relic_stats":{"Busted Crown":6,"Gremlin Horn":[10,10],"counters":[10,46],"MealTicket":51,"obtain_stats":[{"Busted Crown":17,"Gremlin Horn":8,"MealTicket":0,"Thread and Needle":9,"Burning Blood":0,"Mercury Hourglass":10},{"Busted Crown":6,"Gremlin Horn":3,"MealTicket":0,"Thread and Needle":3,"Burning Blood":0,"Mercury Hourglass":4},{"Busted Crown":32,"Gremlin Horn":11,"MealTicket":0,"Thread and Needle":11,"Burning Blood":0,"Mercury Hourglass":21}],"Burning Blood":54,"Mercury Hourglass":[117]},"card_choices":[{"not_picked":["True Grit","Headbutt","Body Slam"],"picked":"SKIP","floor":1},{"not_picked":["Sword Boomerang","Inflame","Dark Embrace"],"picked":"SKIP","floor":4},{"not_picked":["Cleave","Juggernaut"],"picked":"Perfected Strike","floor":7},{"not_picked":["Rampage","Ghostly Armor","Sword Boomerang"],"picked":"SKIP","floor":10},{"not_picked":["Dual Wield","Spot Weakness","Iron Wave"],"picked":"SKIP","floor":13},{"not_picked":["Brutality","Barricade"],"picked":"Limit Break","floor":16},{"not_picked":["Dual Wield"],"picked":"SKIP","floor":18},{"not_picked":["Shrug It Off"],"picked":"SKIP","floor":20},{"not_picked":["Dropkick+1"],"picked":"SKIP","floor":22}],"player_experience":93417,"relics_obtained":[{"floor":9,"key":"Thread and Needle"},{"floor":10,"key":"Mercury Hourglass"}],"event_choices":[{"damage_healed":0,"gold_gain":0,"player_choice":"Cursed","damage_taken":0,"max_hp_gain":0,"max_hp_loss":0,"event_name":"Wheel of Change","floor":3,"gold_loss":0,"cards_obtained":["Decay"]},{"damage_healed":0,"gold_gain":0,"player_choice":"Success","damage_taken":18,"relics_obtained":["Gremlin Horn"],"max_hp_gain":0,"max_hp_loss":0,"event_name":"Scrap Ooze","floor":8,"gold_loss":0},{"cards_removed":["Decay"],"damage_healed":0,"gold_gain":0,"player_choice":"Forget","damage_taken":0,"max_hp_gain":0,"max_hp_loss":0,"event_name":"Living Wall","floor":12,"gold_loss":0},{"damage_healed":0,"gold_gain":0,"player_choice":"Ignored","damage_taken":0,"max_hp_gain":0,"max_hp_loss":0,"event_name":"Ghosts","floor":21,"gold_loss":0}],"is_beta":false,"boss_relics":[{"not_picked":["Coffee Dripper","SacredBark"],"picked":"Busted Crown"}],"items_purged_floors":[19],"is_endless":false,"potions_floor_spawned":[4,13,16,18,20],"killed_by":"Gremlin Leader","ascension_level":13}}