{"host":"kg61lsvem4dxoat8","time":1611842480,"event":{"mods":["AchievementEnabler","BaseMod","Better Altar","Better Match","Better Sensory Stone","Highlight Path","Minty Spire (QoL Compilation)","Quick Restart","Relic Sorter","Relic Stats","StSLib","Synergy Search","slay the spire mod where everything is the same but ironclad has a cowboy hat"],"gold_per_floor":[117,54,66,66,84,118,118,153,153,153,186,186,186,136,136,259,259,259,174,144,144,144,144,144,144,144,144,104,104,29,29,29,29,29,29,29,29,29,29,29,29,29,29,29,29],"floor_reached":44,"language":"ENG","playtime":1406,"items_purged":["Strike_R"],"score":889,"play_id":"9705be62-7fd2-4ea6-a0cf-faef0ece7bfa","local_time":"20210128220120","is_ascension_mode":true,"campfire_choices":[{"data":"Demon Form","floor":7,"key":"SMITH"},{"floor":10,"key":"REST"},{"data":"Offering","floor":13,"key":"SMITH"},{"data":"Metallicize","floor":15,"key":"SMITH"},{"data":"Berserk","floor":23,"key":"SMITH"},{"data":"Heavy Blade","floor":32,"key":"SMITH"},{"data":"Demon Form","floor":42,"key":"SMITH"}],"circlet_count":0,"master_deck":["Strike_R+1","Strike_R+1","Defend_R+1","Defend_R+1","Defend_R","Pommel Strike","Metallicize+1","Demon Form+1","Shrug It Off","Offering+1","Berserk+1","Heavy Blade+1","Battle Trance+1","Impervious","Bloodletting+1","Fire Breathing+1","Dropkick+1","Demon Form+1","Sword Boomerang"],"relics":["Burning Blood","NeowsBlessing","Shuriken","Mummified Hand","Potion Belt","White Beast Statue","Champion Belt","Golden Idol","Ectoplasm","Bag of Marbles","InkBottle","Anchor","Strawberry","War Paint","Astrolabe","CeramicFish","Happy Flower"],"acts_visited":["Exordium","TheCity","TheBeyond"],"potions_floor_usage":[6,24,25,25,25,27,29,33,33,33,33,35,35,44,44],"damage_taken":[{"damage":0,"enemies":"Cultist","floor":1,"turns":1},{"damage":0,"enemies":"Small Slimes","floor":3,"turns":1},{"damage":0,"enemies":"Jaw Worm","floor":5,"turns":1},{"damage":36,"enemies":"Gremlin Nob","floor":6,"turns":5},{"damage":17,"enemies":"Lagavulin","floor":8,"turns":5},{"damage":24,"enemies":"3 Sentries","floor":11,"turns":7},{"damage":12,"enemies":"Slime Boss","floor":16,"turns":8},{"damage":8,"enemies":"Shell Parasite","floor":18,"turns":4},{"damage":14,"enemies":"2 Thieves","floor":20,"turns":3},{"damage":28,"enemies":"Snake Plant","floor":21,"turns":4},{"damage":9,"enemies":"3 Cultists","floor":24,"turns":5},{"damage":6,"enemies":"Book of Stabbing","floor":25,"turns":3},{"damage":9,"enemies":"Slavers","floor":27,"turns":6},{"damage":7,"enemies":"Book of Stabbing","floor":29,"turns":4},{"damage":17,"enemies":"Cultist and Chosen","floor":31,"turns":5},{"damage":12,"enemies":"Automaton","floor":33,"turns":6},{"damage":17,"enemies":"3 Darklings","floor":35,"turns":3},{"damage":9,"enemies":"Giant Head","floor":40,"turns":5},{"damage":6,"enemies":"Orb Walker","floor":41,"turns":2},{"damage":62,"enemies":"Reptomancer","floor":44,"turns":4}],"seed_played":"-2727949242035456954","potions_obtained":[{"floor":1,"key":"SteroidPotion"},{"floor":11,"key":"HeartOfIron"},{"floor":16,"key":"Energy Potion"},{"floor":18,"key":"Dexterity Potion"},{"floor":20,"key":"ColorlessPotion"},{"floor":21,"key":"SkillPotion"},{"floor":24,"key":"Block Potion"},{"floor":25,"key":"LiquidBronze"},{"floor":27,"key":"Block Potion"},{"floor":29,"key":"GamblersBrew"},{"floor":31,"key":"SkillPotion"},{"floor":33,"key":"EssenceOfSteel"},{"floor":35,"key":"BloodPotion"},{"floor":40,"key":"Explosive Potion"},{"floor":41,"key":"Energy Potion"}],"is_trial":false,"path_per_floor":["M","?","M","?","M","E","R","E","T","R","E","?","R","?","R","B",null,"M","?","M","M","?","R","M","E","T","E","?","E","$","M","R","B",null,"M","?","$","?","?","E","M","R","T","E"],"character_chosen":"IRONCLAD","items_purchased":[],"campfire_rested":1,"item_purchase_floors":[],"current_hp_per_floor":[78,78,80,80,80,50,50,39,39,63,45,45,45,45,45,39,65,63,63,55,33,33,33,30,30,30,34,34,33,33,22,22,16,65,70,70,70,55,55,52,52,52,52,0,0],"gold":29,"neow_bonus":"THREE_ENEMY_KILL","is_daily":false,"chose_seed":false,"campfire_upgraded":6,"win_rate":0.0,"timestamp":1611842480,"path_taken":["M","?","?","?","M","E","R","E","T","R","E","?","R","?","R","BOSS","M","?","M","M","?","R","M","E","T","E","?","E","$","?","R","BOSS","M","?","$","?","?","E","M","R","T","E"],"items_purchased_type":[],"build_version":"2020-12-22","purchased_purges":1,"victory":false,"max_hp_per_floor":[80,80,80,80,80,80,80,80,80,80,80,74,74,74,74,74,74,74,74,74,74,74,74,74,74,74,81,81,81,81,81,81,81,81,81,77,77,77,77,77,77,77,77,77,77],"relic_stats":{"Happy Flower":[1],"counters":[20,82],"Golden Idol":108,"Astrolabe":["Bloodletting","Fire Breathing","Dropkick"],"CeramicFish":0,"War Paint":["Defend_R","Defend_R"],"Burning Blood":104,"Shuriken":[27],"Mummified Hand":[58],"Ectoplasm":468,"Champion Belt":[38],"obtain_stats":[{"Potion Belt":8,"NeowsBlessing":0,"Happy Flower":43,"Golden Idol":12,"Astrolabe":34,"CeramicFish":40,"War Paint":29,"Burning Blood":0,"White Beast Statue":9,"Anchor":26,"Shuriken":2,"Mummified Hand":6,"Strawberry":27,"Ectoplasm":17,"Bag of Marbles":19,"Champion Belt":11,"InkBottle":25},{"Potion Belt":5,"NeowsBlessing":0,"Happy Flower":19,"Golden Idol":6,"Astrolabe":16,"CeramicFish":18,"War Paint":14,"Burning Blood":0,"White Beast Statue":5,"Anchor":12,"Shuriken":1,"Mummified Hand":4,"Strawberry":13,"Ectoplasm":7,"Bag of Marbles":8,"Champion Belt":6,"InkBottle":12},{"Potion Belt":13,"NeowsBlessing":0,"Happy Flower":78,"Golden Idol":20,"Astrolabe":68,"CeramicFish":76,"War Paint":57,"Burning Blood":0,"White Beast Statue":13,"Anchor":47,"Shuriken":1,"Mummified Hand":8,"Strawberry":53,"Ectoplasm":28,"Bag of Marbles":32,"Champion Belt":20,"InkBottle":47}],"InkBottle":[10]},"card_choices":[{"not_picked":["Sentinel","Body Slam"],"picked":"Pommel Strike","floor":1},{"not_picked":["Burning Pact","Seeing Red"],"picked":"Metallicize","floor":3},{"not_picked":["Iron Wave","Cleave"],"picked":"Demon Form","floor":5},{"not_picked":["Infernal Blade","Hemokinesis"],"picked":"Shrug It Off","floor":6},{"not_picked":["Hemokinesis","Whirlwind"],"picked":"Offering","floor":8},{"not_picked":["Dropkick","Wild Strike","Havoc"],"picked":"SKIP","floor":11},{"not_picked":["Corruption","Fiend Fire"],"picked":"Berserk","floor":16},{"not_picked":["Body Slam","Spot Weakness"],"picked":"Heavy Blade","floor":18},{"not_picked":["Warcry","Perfected Strike","Burning Pact+1"],"picked":"SKIP","floor":20},{"not_picked":["True Grit","Iron Wave+1","Perfected Strike"],"picked":"SKIP","floor":21},{"not_picked":["Warcry","Headbutt"],"picked":"Battle Trance+1","floor":24},{"not_picked":["Fire Breathing","Clash","Iron Wave"],"picked":"SKIP","floor":25},{"not_picked":["Iron Wave","Shockwave","Cleave"],"picked":"SKIP","floor":27},{"not_picked":["Pommel Strike","Cleave","Clash+1"],"picked":"SKIP","floor":29},{"not_picked":["Evolve+1","Offering","Iron Wave"],"picked":"SKIP","floor":31},{"not_picked":["Offering","Exhume"],"picked":"Impervious","floor":33},{"not_picked":["Flex","Wild Strike+1","Clothesline+1"],"picked":"SKIP","floor":35},{"not_picked":["Feel No Pain+1","Clothesline"],"picked":"Sword Boomerang","floor":40},{"not_picked":["Ghostly Armor","Power Through","Pommel Strike"],"picked":"SKIP","floor":41}],"player_experience":1411854,"relics_obtained":[{"floor":6,"key":"Mummified Hand"},{"floor":8,"key":"Potion Belt"},{"floor":9,"key":"White Beast Statue"},{"floor":11,"key":"Champion Belt"},{"floor":25,"key":"InkBottle"},{"floor":26,"key":"Anchor"},{"floor":27,"key":"Strawberry"},{"floor":29,"key":"War Paint"},{"floor":40,"key":"CeramicFish"},{"floor":43,"key":"Happy Flower"}],"event_choices":[{"damage_healed":0,"gold_gain":0,"player_choice":"Paid Gold","damage_taken":0,"relics_obtained":["Shuriken"],"max_hp_gain":0,"max_hp_loss":0,"event_name":"WeMeetAgain","floor":2,"gold_loss":63},{"damage_healed":0,"gold_gain":0,"player_choice":"Ignored","damage_taken":0,"max_hp_gain":0,"max_hp_loss":0,"event_name":"Liars Game","floor":4,"gold_loss":0},{"damage_healed":0,"gold_gain":0,"player_choice":"Lose Max HP","damage_taken":0,"relics_obtained":["Golden Idol"],"max_hp_gain":0,"max_hp_loss":6,"event_name":"Golden Idol","floor":12,"gold_loss":0},{"cards_removed":["Strike_R"],"damage_healed":0,"gold_gain":0,"player_choice":"Card Removal","damage_taken":0,"max_hp_gain":0,"max_hp_loss":0,"event_name":"The Cleric","floor":14,"gold_loss":50},{"damage_healed":0,"gold_gain":0,"player_choice":"Obtained Relic","damage_taken":0,"relics_obtained":["Bag of Marbles"],"max_hp_gain":0,"max_hp_loss":0,"event_name":"Addict","floor":19,"gold_loss":85},{"damage_healed":0,"gold_gain":0,"player_choice":"Ignored","damage_taken":0,"max_hp_gain":0,"max_hp_loss":0,"event_name":"Ghosts","floor":22,"gold_loss":0},{"damage_healed":0,"gold_gain":0,"player_choice":"Upgraded Two","damage_taken":0,"max_hp_gain":0,"max_hp_loss":0,"event_name":"Designer","floor":28,"gold_loss":40,"cards_upgraded":["Strike_R","Strike_R"]},{"damage_healed":0,"gold_gain":0,"player_choice":"Max HP","damage_taken":0,"max_hp_gain":0,"max_hp_loss":4,"event_name":"Winding Halls","floor":36,"gold_loss":0},{"damage_healed":0,"gold_gain":3,"player_choice":"2","damage_taken":0,"max_hp_gain":0,"max_hp_loss":15,"event_name":"betterStone:BetterStone","floor":38,"gold_loss":0},{"damage_healed":0,"gold_gain":0,"player_choice":"Ignored","damage_taken":0,"max_hp_gain":0,"max_hp_loss":0,"event_name":"Mysterious Sphere","floor":39,"gold_loss":0}],"is_beta":false,"boss_relics":[{"not_picked":["Cursed Key","SlaversCollar"],"picked":"Ectoplasm"},{"not_picked":["Pandora\u0027s Box","Runic Cube"],"picked":"Astrolabe"}],"items_purged_floors":[30],"is_endless":false,"potions_floor_spawned":[1,11,16,18,20,21,24,25,27,29,31,33,35,40,41],"killed_by":"Reptomancer","ascension_level":8}}