{"host":"a1eatafr7pisesky","time":1611811245,"event":{"mods":["AchievementEnabler","BaseMod","Colored Map","Keyboard Shortcuts","Minty Spire (QoL Compilation)","Say the Spire","StSLib","SuperFastMode","everything is the same but u backflip on backflip"],"gold_per_floor":[14,14,28,48,62,100,124,164,164,175,175,27,27,61,61,61,61],"floor_reached":16,"language":"KOR","playtime":374,"items_purged":[],"score":207,"play_id":"8a56c11c-3aa5-4e0d-9404-2ef3a9c67cc1","local_time":"20210128142045","is_ascension_mode":true,"campfire_choices":[{"floor":11.0,"key":"REST"},{"data":"Blood for Blood","floor":15.0,"key":"SMITH"}],"circlet_count":0,"master_deck":["AscendersBane","Strike_R","Strike_R","Strike_R","Strike_R","Strike_R","Defend_R","Defend_R","Defend_R","Bash","Perfected Strike","Blood for Blood+1","Shockwave","Feed","Burning Pact","Rage"],"relics":["Burning Blood","Thread and Needle","Blue Candle","CeramicFish","Molten Egg 2","Frozen Egg 2","Membership Card","Orichalcum"],"acts_visited":["Exordium"],"potions_floor_usage":[16,16],"damage_taken":[{"damage":8.0,"enemies":"Jaw Worm","floor":1.0,"turns":2.0},{"damage":9.0,"enemies":"Cultist","floor":3.0,"turns":4.0},{"damage":0.0,"enemies":"Small Slimes","floor":4.0,"turns":3.0},{"damage":21.0,"enemies":"Red Slaver","floor":5.0,"turns":5.0},{"damage":13.0,"enemies":"Gremlin Nob","floor":6.0,"turns":4.0},{"damage":9.0,"enemies":"Large Slime","floor":7.0,"turns":5.0},{"damage":42.0,"enemies":"3 Sentries","floor":8.0,"turns":8.0},{"damage":2.0,"enemies":"3 Louse","floor":10.0,"turns":5.0},{"damage":23.0,"enemies":"Gremlin Nob","floor":14.0,"turns":5.0},{"damage":32,"enemies":"Slime Boss","floor":16,"turns":7}],"seed_played":"-2756394906122357788","potions_obtained":[{"floor":1.0,"key":"Dexterity Potion"},{"floor":4.0,"key":"Weak Potion"},{"floor":6.0,"key":"SteroidPotion"},{"floor":8.0,"key":"Weak Potion"}],"is_trial":false,"path_per_floor":["M","?","M","M","M","E","M","E","T","M","R","$","?","E","R","B"],"character_chosen":"IRONCLAD","items_purchased":["Membership Card"],"campfire_rested":1,"item_purchase_floors":[12],"current_hp_per_floor":[66,66,63,69,54,47,47,14,14,21,46,46,46,32,32,0,0],"gold":61,"neow_bonus":"ONE_RARE_RELIC","is_daily":false,"chose_seed":false,"campfire_upgraded":1,"win_rate":0.0,"timestamp":1611811245,"path_taken":["M","?","M","?","M","E","M","E","T","M","R","$","?","E","R","BOSS"],"items_purchased_type":["Relic"],"build_version":"2020-12-22","purchased_purges":0,"victory":false,"max_hp_per_floor":[75,75,75,75,75,75,78,81,81,84,84,84,84,87,87,87,87],"card_choices":[{"not_picked":["Feel No Pain","Clash","Clothesline"],"picked":"SKIP","floor":1.0},{"not_picked":["Havoc","Pommel Strike"],"picked":"Perfected Strike","floor":3.0},{"not_picked":["Heavy Blade","Dropkick"],"picked":"Blood for Blood","floor":4.0},{"not_picked":["Demon Form","Entrench"],"picked":"Shockwave","floor":5.0},{"not_picked":["Reckless Charge","Clash"],"picked":"Feed","floor":6.0},{"not_picked":["Twin Strike","True Grit"],"picked":"Burning Pact","floor":7.0},{"not_picked":["Dark Embrace","Dropkick+1"],"picked":"Rage","floor":8.0},{"not_picked":["Entrench","Armaments","Seeing Red"],"picked":"SKIP","floor":10.0},{"not_picked":["True Grit","Iron Wave+1","Berserk+1"],"picked":"SKIP","floor":14.0}],"player_experience":373912,"relics_obtained":[{"floor":6.0,"key":"CeramicFish"},{"floor":8.0,"key":"Molten Egg 2"},{"floor":9.0,"key":"Frozen Egg 2"},{"floor":14.0,"key":"Orichalcum"}],"event_choices":[{"damage_healed":0.0,"max_hp_gain":0.0,"max_hp_loss":0.0,"gold_gain":0.0,"event_name":"WeMeetAgain","player_choice":"Gave Potion","floor":2.0,"gold_loss":0.0,"damage_taken":0.0,"relics_obtained":["Blue Candle"]},{"cards_removed":["Defend_R"],"damage_healed":0.0,"max_hp_gain":0.0,"max_hp_loss":0.0,"gold_gain":0.0,"event_name":"Living Wall","player_choice":"Forget","floor":13.0,"gold_loss":0.0,"damage_taken":0.0}],"is_beta":false,"boss_relics":[],"items_purged_floors":[],"is_endless":false,"potions_floor_spawned":[1,4,6,8,14],"killed_by":"Slime Boss","ascension_level":14}}