{"host":"dbb4fkd1j4jczim2","time":1611812322,"event":{"mods":["BaseMod","Downfall","Marisa????????","Minty Spire (QoL Compilation)","Permanent Neow","StSLib"],"gold_per_floor":[0,10,29,59,71,246,246,246,246,246],"floor_reached":8,"language":"ENG","playtime":418,"items_purged":[],"score":46,"play_id":"b3e1bc37-bca6-4c84-8c6e-795fc271b27a","local_time":"20210127233842","is_ascension_mode":false,"campfire_choices":[{"data":"hexamod:Defend","floor":1,"key":"SMITH"}],"circlet_count":0,"master_deck":["hexamod:Strike","hexamod:Strike","hexamod:Strike","hexamod:Strike","hexamod:Defend+1","hexamod:Defend","hexamod:Defend","hexamod:Defend","hexamod:Sear","hexamod:Float","hexamod:ParanormalForm","hexamod:GhostShield","hexamod:Again","hexamod:FourthSeal","Doubt"],"relics":["hexamod:SpiritBrand","StrikeDummy"],"acts_visited":["Exordium"],"potions_floor_usage":[4,8],"damage_taken":[{"damage":3,"enemies":"Jaw Worm","floor":2,"turns":4},{"damage":2,"enemies":"Small Slimes","floor":3,"turns":5},{"damage":55,"enemies":"Gremlin Nob","floor":4,"turns":6},{"damage":0,"enemies":"2 Louse","floor":5,"turns":3},{"damage":25,"enemies":"Lagavulin","floor":8,"turns":7}],"seed_played":"-4988300711273914384","potions_obtained":[{"floor":3,"key":"SmokeBomb"},{"floor":5,"key":"Guardian:BlockOnCardUsePotion"}],"is_trial":false,"path_per_floor":["R","M","M","?","M","?","T","E"],"character_chosen":"THE_SPIRIT","items_purchased":[],"campfire_rested":0,"item_purchase_floors":[],"current_hp_per_floor":[70,67,65,10,10,10,10,0,0,0],"gold":246,"neow_bonus":"THREE_RARE_CARDS","is_daily":false,"chose_seed":false,"campfire_upgraded":1,"win_rate":0.0,"timestamp":1611812322,"path_taken":["R","M","M","?","M","?","T","E"],"items_purchased_type":[],"build_version":"2020-12-22","purchased_purges":0,"victory":false,"max_hp_per_floor":[70,70,70,70,70,70,70,70,70,70],"card_choices":[{"not_picked":["hexamod:GhostflameInferno","hexamod:UnlimitedPower"],"picked":"hexamod:ParanormalForm","floor":0},{"not_picked":["hexamod:FlamesFromBeyond","hexamod:SwordOfDarkness"],"picked":"hexamod:GhostShield","floor":2},{"not_picked":["hexamod:RainOfEmbers","hexamod:Firestarter"],"picked":"hexamod:Again","floor":3},{"not_picked":["hexamod:ChargedBarrage","hexamod:SpectralAdrenaline"],"picked":"hexamod:FourthSeal","floor":5}],"player_experience":313923,"relics_obtained":[{"floor":7,"key":"StrikeDummy"}],"event_choices":[],"is_beta":false,"boss_relics":[],"items_purged_floors":[],"is_endless":false,"potions_floor_spawned":[3,4,5],"killed_by":"Lagavulin","ascension_level":0}}