{"host":"awsx6hu75lh7tsqd","time":1611818148,"event":{"mods":["AchievementEnabler","BaseMod","BetterRewards","Colored Map","Evolution","Minty Spire (QoL Compilation)","Shop Mod","StSLib"],"gold_per_floor":[117,40,50,50,67,67,95,95,95,20,20,35,66,66,66,167,167,187,204,223,223,223],"floor_reached":21,"language":"ENG","playtime":897,"items_purged":[],"score":198,"play_id":"298c68e3-4743-43fb-b2f0-da57f5912b48","local_time":"20210128001548","is_ascension_mode":true,"campfire_choices":[{"data":"Zap","floor":6,"key":"SMITH"},{"floor":8,"key":"REST"},{"floor":11,"key":"REST"},{"floor":15,"key":"REST"}],"circlet_count":0,"master_deck":["Ball Lightning","Strike_B","Defend_B","Defend_B","Zap+1","Dualcast","Loop","Storm","Ball Lightning","Redo","Defragment","Self Repair","Creative AI","Recycle+1","Rainbow+1","Echo Form+1","Ball Lightning","BootSequence","Redo"],"relics":["Cracked Core","EVO:Axolotl","Gremlin Horn","InkBottle","Shuriken","Astrolabe"],"acts_visited":["Exordium","TheCity"],"potions_floor_usage":[7,7,16,16],"damage_taken":[{"damage":3,"enemies":"Jaw Worm","floor":1,"turns":3},{"damage":17,"enemies":"Small Slimes","floor":3,"turns":3},{"damage":11,"enemies":"2 Louse","floor":5,"turns":2},{"damage":26,"enemies":"Lagavulin","floor":7,"turns":4},{"damage":15,"enemies":"Exordium Thugs","floor":12,"turns":3},{"damage":17,"enemies":"3 Sentries","floor":13,"turns":4},{"damage":20,"enemies":"The Guardian","floor":16,"turns":7},{"damage":40,"enemies":"2 Thieves","floor":18,"turns":3},{"damage":10,"enemies":"Chosen","floor":19,"turns":6},{"damage":33,"enemies":"Shelled Parasite and Fungi","floor":20,"turns":5},{"damage":22,"enemies":"Centurion and Healer","floor":21,"turns":2}],"seed_played":"-2865861010022130498","potions_obtained":[{"floor":1,"key":"LiquidBronze"},{"floor":5,"key":"LiquidBronze"},{"floor":7,"key":"LiquidBronze"},{"floor":13,"key":"Fruit Juice"}],"is_trial":false,"path_per_floor":["M","$","M","?","M","R","E","R","T","$","R","M","E","?","R","B",null,"M","M","M","M"],"character_chosen":"DEFECT","items_purchased":["Loop","Storm","Defragment"],"campfire_rested":3,"item_purchase_floors":[0,2,10],"current_hp_per_floor":[72,72,55,48,37,37,11,33,33,33,55,40,23,23,45,37,80,40,37,11,0,0],"gold":223,"neow_bonus":"","is_daily":false,"chose_seed":false,"campfire_upgraded":1,"win_rate":0.0,"timestamp":1611818148,"path_taken":["M","$","M","?","M","R","E","R","T","$","R","M","E","?","R","BOSS","M","M","M","M"],"items_purchased_type":["Card","Card","Card"],"build_version":"2020-12-22","purchased_purges":0,"victory":false,"max_hp_per_floor":[75,75,75,75,75,75,75,75,75,75,75,75,75,75,75,80,80,80,80,80,80,80],"card_choices":[{"not_picked":["Leap","Stack","FTL"],"picked":"SKIP","floor":1},{"not_picked":["Conserve Battery","Recycle","Consume"],"picked":"SKIP","floor":3},{"not_picked":["Stack","Aggregate"],"picked":"Ball Lightning","floor":5},{"not_picked":["Streamline","Stack"],"picked":"Redo","floor":7},{"not_picked":["Blizzard","Coolheaded","Gash"],"picked":"SKIP","floor":12},{"not_picked":["Coolheaded","Conserve Battery"],"picked":"Self Repair","floor":13},{"not_picked":["Buffer","Reboot"],"picked":"Creative AI","floor":16},{"not_picked":["Cold Snap","Turbo"],"picked":"Ball Lightning","floor":18},{"not_picked":["Reprogram+1","Doom and Gloom+1"],"picked":"BootSequence","floor":19},{"not_picked":["Tempest+1","Aggregate"],"picked":"Redo","floor":20}],"player_experience":106710,"relics_obtained":[{"floor":7,"key":"Gremlin Horn"},{"floor":9,"key":"InkBottle"},{"floor":13,"key":"Shuriken"}],"event_choices":[{"cards_removed":["Defend_B"],"damage_healed":0,"gold_gain":0,"player_choice":"Card Removal","damage_taken":7,"max_hp_gain":0,"max_hp_loss":0,"event_name":"Golden Wing","floor":4,"gold_loss":0},{"damage_healed":0,"gold_gain":0,"player_choice":"Ignored","damage_taken":0,"max_hp_gain":0,"max_hp_loss":0,"event_name":"Golden Idol","floor":14,"gold_loss":0}],"is_beta":false,"boss_relics":[{"not_picked":["Cursed Key","Philosopher\u0027s Stone"],"picked":"Astrolabe"}],"items_purged_floors":[],"is_endless":false,"potions_floor_spawned":[1,5,7,13],"killed_by":"Centurion and Healer","ascension_level":1}}