{"host":"np9ouipdmi0bkas5","time":1611861598,"event":{"mods":["AchievementEnabler","Aspiration","BaseMod","Colored Map","Downfall","Highlight Path","Hubris","Infinite Spire","Minty Spire (QoL Compilation)","Replay The Spire","StSLib"],"gold_per_floor":[112,123,123,66,84,84,84,104,104,104,119,180,180,205,205,306,306,326,251,262,262,262,287,287,317,343,48,48,83,83,94,94,197,197,211,211,230,250,250,291,291,328,328,328,377,433,433,487,487,487],"floor_reached":51,"language":"ENG","playtime":3064,"items_purged":["Strike_B","ReplayTheSpireMod:System Scan"],"score":1061,"play_id":"c8352a07-dadb-4e3e-9e82-edec9a51a4b0","local_time":"20210128111958","is_ascension_mode":true,"campfire_choices":[{"data":"Storm","floor":6.0,"key":"SMITH"},{"data":"Zap","floor":10.0,"key":"SMITH"},{"floor":13.0,"key":"REST"},{"floor":15.0,"key":"REST"},{"floor":24.0,"key":"REST"},{"floor":32.0,"key":"REST"},{"floor":41,"key":"REST"},{"data":"ReplayTheSpireMod:Calculation Training","floor":47,"key":"SMITH"},{"floor":49,"key":"REST"}],"circlet_count":0,"master_deck":["Strike_B+1","Strike_B+1","Strike_B+1","Defend_B+1","Defend_B+1","Defend_B+1","Defend_B+1","Zap+1","Dualcast","Storm+1","Loop+1","Loop+1","Go for the Eyes","Ball Lightning","Redo","Leap","Thunder Strike","Ball Lightning","Machine Learning+1","ReplayTheSpireMod:Calculation Training+1","White Noise+1","aspiration:Polymerization+1","Ball Lightning+1","Melter","Electrodynamics","Gash","Beam Cell+1","Consume+1","Barrage+1","Redo","Self Repair+1","hubris:Compulsion","Amplify+1","Gash+1","Storm+1"],"relics":["Cracked Core","NeowsBlessing","Replay:Rubber Ducky","Boot","Happy Flower","hubris:Backtick","hubris:BallOfYels","Pear","White Beast Statue","hubris:TenFootPole","infinitespire:Golems Mask","hubris:Towel","infinitespire:BottledMercury","Prayer Wheel","Cursed Key","infinitespire:EvilPickle","Ginger","Toxic Egg 2","Bird Faced Urn","infinitespire:SolderingIron","Strawberry"],"acts_visited":["Exordium","TheCity","TheBeyond"],"potions_floor_usage":[35,38,40,45,48,48,50,50],"damage_taken":[{"damage":0.0,"enemies":"Jaw Worm","floor":1.0,"turns":1.0},{"damage":0.0,"enemies":"Small Slimes","floor":2.0,"turns":1.0},{"damage":0.0,"enemies":"2 Louse","floor":5.0,"turns":1.0},{"damage":0.0,"enemies":"Exordium Wildlife","floor":8.0,"turns":3.0},{"damage":0.0,"enemies":"3 Louse","floor":11.0,"turns":2.0},{"damage":23.0,"enemies":"Gremlin Nob","floor":12.0,"turns":4.0},{"damage":6.0,"enemies":"3 Sentries","floor":14.0,"turns":5.0},{"damage":32.0,"enemies":"Hexaghost","floor":16.0,"turns":8.0},{"damage":9.0,"enemies":"3 Byrds","floor":18.0,"turns":3.0},{"damage":2.0,"enemies":"Chosen","floor":20.0,"turns":3.0},{"damage":12.0,"enemies":"Replay:Snechameleon","floor":23.0,"turns":4.0},{"damage":11.0,"enemies":"Book of Stabbing","floor":25.0,"turns":4.0},{"damage":7.0,"enemies":"Gremlin Leader","floor":29.0,"turns":5.0},{"damage":0.0,"enemies":"3 Cultists","floor":31.0,"turns":3.0},{"damage":4.0,"enemies":"Pondfish","floor":33.0,"turns":7.0},{"damage":8,"enemies":"3 Darklings","floor":35,"turns":4},{"damage":9,"enemies":"Orb Walker","floor":37,"turns":2},{"damage":2,"enemies":"3 Darklings","floor":38,"turns":4},{"damage":7,"enemies":"Giant Head","floor":40,"turns":5},{"damage":0,"enemies":"Transient","floor":42,"turns":5},{"damage":25,"enemies":"2 Orb Walkers","floor":45,"turns":3},{"damage":1,"enemies":"R_Hoarder","floor":46,"turns":4},{"damage":77,"enemies":"Nemesis","floor":48,"turns":5},{"damage":62,"enemies":"Time Eater","floor":50,"turns":7}],"seed_played":"8538165785466197154","potions_obtained":[{"floor":1.0,"key":"Block Potion"},{"floor":2.0,"key":"SkillPotion"},{"floor":12.0,"key":"EssenceOfSteel"},{"floor":16.0,"key":"bronze:BurnAndBuffPotion"},{"floor":20.0,"key":"Energy Potion"},{"floor":29.0,"key":"Fire Potion"},{"floor":31.0,"key":"AttackPotion"},{"floor":33.0,"key":"SteroidPotion"},{"floor":35,"key":"Dexterity Potion"},{"floor":37,"key":"Block Potion"},{"floor":38,"key":"FearPotion"},{"floor":42,"key":"PowerPotion"},{"floor":45,"key":"DuplicationPotion"},{"floor":46,"key":"Energy Potion"},{"floor":48,"key":"EssenceOfSteel"}],"is_trial":false,"path_per_floor":["M","M","?","$","M","R","?","M","T","R","M","?","R","E","R","B",null,"M","$","M","?","?","E","R","E","T","$","?","E","AVR","M","R","B",null,"M","?","M","M","?","E","R","M","T","?","?","E","R","E","R","B",null],"character_chosen":"DEFECT","items_purchased":["Loop","infinitespire:Golems Mask"],"campfire_rested":6,"item_purchase_floors":[4,27],"current_hp_per_floor":[75,75,75,75,75,75,60,60,60,60,60,37,59,53,75,43,75,66,66,64,64,64,62,85,74,74,74,74,67,67,67,85,81,85,77,77,68,66,75,68,85,85,85,85,60,79,79,31,58,20],"gold":487,"neow_bonus":"THREE_ENEMY_KILL","is_daily":false,"chose_seed":false,"campfire_upgraded":3,"win_rate":0.0,"timestamp":1611861598,"path_taken":["M","M","?","$","M","R","?","M","T","R","M","?","R","E","R","BOSS","M","$","M","?","?","E","R","E","T","?","?","E","AVR","M","R","BOSS","M","?","?","M","?","E","R","?","T","?","?","E","R","E","R","BOSS"],"items_purchased_type":["Card","Relic"],"build_version":"2020-12-22","purchased_purges":2,"victory":true,"max_hp_per_floor":[75,75,75,75,75,75,75,75,75,75,75,75,75,75,75,75,75,75,75,75,75,75,85,85,85,85,85,85,85,85,85,85,85,85,85,85,85,85,85,85,85,85,85,85,85,85,85,92,92,92],"card_choices":[{"not_picked":["Recycle","Go for the Eyes"],"picked":"Storm","floor":1.0},{"not_picked":["Cold Snap","Doom and Gloom"],"picked":"ReplayTheSpireMod:System Scan","floor":2.0},{"not_picked":["Barrage","Hologram"],"picked":"Go for the Eyes","floor":5.0},{"not_picked":["Mirror Shield","Gash"],"picked":"Ball Lightning","floor":8.0},{"not_picked":["Compile Driver","Barrage","ReplayTheSpireMod:Reroute Power"],"picked":"SKIP","floor":11.0},{"not_picked":["Darkness","Hologram"],"picked":"Redo","floor":12.0},{"not_picked":["BootSequence","ReplayGash"],"picked":"Leap","floor":14.0},{"not_picked":["Mirror Shield","hubris:DoWhile"],"picked":"Thunder Strike","floor":16.0},{"not_picked":["Reprogram+1","Cold Snap"],"picked":"Ball Lightning","floor":18.0},{"not_picked":["ReplaySort+1","Steam","Rebound"],"picked":"SKIP","floor":20.0},{"not_picked":["ReplayTheSpireMod:Reroute Power","Panic Button+1"],"picked":"ReplayTheSpireMod:Calculation Training","floor":23.0},{"not_picked":["Fusion","Core Surge"],"picked":"White Noise+1","floor":25.0},{"not_picked":["Coolheaded","Conserve Battery+1"],"picked":"aspiration:Polymerization+1","floor":29.0},{"not_picked":["Seek","Auto Shields"],"picked":"Ball Lightning+1","floor":31.0},{"not_picked":["Sweeping Beam","Hologram"],"picked":"Melter","floor":31.0},{"not_picked":["All For One","Thunder Strike"],"picked":"Electrodynamics","floor":33.0},{"not_picked":["Leap+1","BasicCrystalCard+1"],"picked":"Gash","floor":35},{"not_picked":["Compile Driver+1","Conserve Battery+1","Core Surge"],"picked":"SKIP","floor":35},{"not_picked":["Leap+1","Go for the Eyes+1"],"picked":"Beam Cell+1","floor":37},{"not_picked":["ReplayTheSpireMod:Repulse+1","Doom and Gloom+1"],"picked":"Consume+1","floor":37},{"not_picked":["Compile Driver","BasicCrystalCard"],"picked":"Barrage+1","floor":38},{"not_picked":["Compile Driver","Chaos","BasicCrystalCard"],"picked":"SKIP","floor":38},{"not_picked":["Compile Driver","Chaos","BasicCrystalCard"],"picked":"SKIP","floor":38},{"not_picked":["FTL+1","Sunder"],"picked":"Redo","floor":40},{"not_picked":["Conserve Battery+1","Rip and Tear"],"picked":"Self Repair+1","floor":42},{"not_picked":["Melter","Streamline+1","Panic Button"],"picked":"SKIP","floor":42},{"not_picked":["Panic Button+1","Doom and Gloom"],"picked":"Amplify+1","floor":45},{"not_picked":["Beam Cell","Rebound+1"],"picked":"Gash+1","floor":46},{"not_picked":["Barrage+1","Rebound+1"],"picked":"Storm+1","floor":48}],"player_experience":118886,"relics_obtained":[{"floor":9.0,"key":"Replay:Rubber Ducky"},{"floor":14.0,"key":"Happy Flower"},{"floor":23.0,"key":"Pear"},{"floor":25.0,"key":"White Beast Statue"},{"floor":26.0,"key":"hubris:TenFootPole"},{"floor":29.0,"key":"infinitespire:BottledMercury"},{"floor":40,"key":"Ginger"},{"floor":43,"key":"Toxic Egg 2"},{"floor":45,"key":"Bird Faced Urn"},{"floor":46,"key":"infinitespire:SolderingIron"},{"floor":48,"key":"Strawberry"}],"event_choices":[{"damage_healed":0.0,"max_hp_gain":0.0,"max_hp_loss":0.0,"gold_gain":0.0,"event_name":"Shining Light","player_choice":"Entered Light","floor":7.0,"gold_loss":0.0,"damage_taken":15.0,"cards_upgraded":["Loop","Loop"]},{"damage_healed":0.0,"max_hp_gain":0.0,"max_hp_loss":0.0,"gold_gain":0.0,"event_name":"Dead Adventurer","player_choice":"Searched \u00273\u0027 times","floor":12.0,"gold_loss":0.0,"damage_taken":0.0,"relics_obtained":["Boot"]},{"damage_healed":0.0,"max_hp_gain":0.0,"max_hp_loss":0.0,"gold_gain":0.0,"event_name":"The Library","player_choice":"Read","floor":21.0,"gold_loss":0.0,"damage_taken":0.0,"cards_obtained":["Machine Learning"]},{"damage_healed":0.0,"max_hp_gain":0.0,"max_hp_loss":0.0,"gold_gain":0.0,"event_name":"Back to Basics","player_choice":"Simplicity","floor":22.0,"gold_loss":0.0,"damage_taken":0.0,"cards_upgraded":["Strike_B","Strike_B","Strike_B","Defend_B","Defend_B","Defend_B","Defend_B"]},{"damage_healed":0,"gold_gain":0,"player_choice":"Forge","damage_taken":0,"max_hp_gain":0,"max_hp_loss":0,"event_name":"Accursed Blacksmith","floor":36,"gold_loss":0,"cards_upgraded":["Machine Learning"]},{"damage_healed":0,"gold_gain":0,"player_choice":"Fight","damage_taken":0,"max_hp_gain":0,"max_hp_loss":0,"event_name":"Mysterious Sphere","floor":45,"gold_loss":0}],"is_beta":false,"boss_relics":[{"not_picked":["FrozenCore","Nuclear Battery"],"picked":"hubris:Backtick"},{"not_picked":["hubris:RunicObelisk","hubris:Stopwatch"],"picked":"Cursed Key"}],"items_purged_floors":[19,30],"is_endless":false,"potions_floor_spawned":[1,2,12,16,20,29,31,33,35,37,38,40,42,45,46,48],"ascension_level":1}}