{"host":"kev6uqotw4tlyx8l","time":1611839475,"event":{"mods":["Act Like it!","Aspiration","BaseMod","Colored Powertips","Dota2Spire","Downfall","Hallownest","Infinite Spire","Marisa????????","Minty Spire (QoL Compilation)","Quick Restart","Remilia??????","Replay The Spire","StSLib","The Cursed","The Jungle","The Marked","The Mystic","The Servant 0.9.4","Yakumo Yukari mod"],"gold_per_floor":[114,33,51,16,191,191,211,211,211,211,211,236,155,166,166,261,261,271,289,289,289,289,322,132,149,174,202,202,202],"floor_reached":28,"language":"ENG","playtime":634,"items_purged":["Languid"],"score":305,"play_id":"4b762ce7-bd96-4aad-ae12-93bca901b86a","local_time":"20210128201115","is_ascension_mode":true,"campfire_choices":[{"data":"Juggernaut","floor":6,"key":"SMITH"},{"data":"ReplayTheSpireMod:LeadingStrike","floor":8,"key":"SMITH"},{"floor":15,"key":"REST"}],"circlet_count":0,"master_deck":["Strike_R","Strike_R","Strike_R","Strike_R","Strike_R","Defend_R","Defend_R","Defend_R","Defend_R","Juggernaut+1","Spot Weakness","Trip","ReplayTheSpireMod:LeadingStrike+1","Doubt","Carnage","Survivor","Neutralize","Feed","Battle Trance","Disarm","Reckless Charge","Immolate","Cleave+1","Thunderclap","infinitespire:Starlight","Reaper","Replay:Undeath\u0027s Touch","Iron Wave","Anger","infinitespire:OneForAll"],"relics":["Burning Blood","Dota2Spire:DivineRapier","Dream Catcher","Painkiller Herb","ReplayTheSpireMod:Ring of Collecting","Dota2Spire:UrnOfShadows","Dota2Spire:ArcaneBoots","Membership Card","Orichalcum","infinitespire:FocusingShard"],"acts_visited":["Exordium","TheCity"],"potions_floor_usage":[12,16,23,23,23],"damage_taken":[{"damage":9,"enemies":"Jaw Worm","floor":1,"turns":3},{"damage":18,"enemies":"Small Slimes","floor":3,"turns":3},{"damage":16,"enemies":"2 Louse","floor":7,"turns":3},{"damage":33,"enemies":"3 Sentries","floor":12,"turns":5},{"damage":7,"enemies":"Exordium Wildlife","floor":14,"turns":3},{"damage":39,"enemies":"The Guardian","floor":16,"turns":8},{"damage":12,"enemies":"3 Byrds","floor":18,"turns":3},{"damage":10,"enemies":"Spheric Guardian","floor":19,"turns":3},{"damage":47,"enemies":"Nightmare","floor":23,"turns":5},{"damage":30,"enemies":"Chosen and Byrds","floor":25,"turns":4},{"damage":56,"enemies":"Book of Stabbing","floor":27,"turns":4},{"damage":30,"enemies":"Snake Plant","floor":28,"turns":2}],"seed_played":"2978613939708187988","potions_obtained":[{"floor":7,"key":"sneckomod:MuddlingPotion"},{"floor":14,"key":"Dota2Spire:HealingSalve"},{"floor":16,"key":"hexamod:SoulburnPotion"},{"floor":18,"key":"Toxic Potion"},{"floor":19,"key":"Dexterity Potion"}],"is_trial":false,"path_per_floor":["M","$","M","?","?","R","M","R","T","?","?","E","$","M","R","B",null,"?","?","?","AVR","?","NM","T","?","T","E","?"],"character_chosen":"IRONCLAD","items_purchased":["Trip","Battle Trance","Membership Card","Replay:Undeath\u0027s Touch","Iron Wave"],"campfire_rested":1,"item_purchase_floors":[2,13,24,24,24],"current_hp_per_floor":[77,77,65,80,80,80,70,70,70,70,70,43,43,42,66,54,83,77,76,76,76,76,45,45,50,50,16,0,0],"gold":202,"neow_bonus":"ONE_RANDOM_RARE_CARD","is_daily":false,"chose_seed":false,"campfire_upgraded":2,"win_rate":0.0,"timestamp":1611839475,"path_taken":["M","$","M","?","?","R","?","R","T","?","?","E","?","M","R","BOSS","?","?","?","AVR","?","NM","?","?","T","E","?"],"items_purchased_type":["Card","Card","Relic","Card","Card"],"build_version":"2020-12-22","purchased_purges":1,"victory":false,"max_hp_per_floor":[80,80,80,80,80,80,80,80,80,80,80,80,80,80,80,83,83,83,86,86,86,86,86,86,89,89,89,89,89],"card_choices":[{"not_picked":["Armaments","Combust"],"picked":"Spot Weakness","floor":1},{"not_picked":["Feel No Pain","Sword Boomerang"],"picked":"ReplayTheSpireMod:LeadingStrike","floor":3},{"not_picked":["Hemokinesis","Anger"],"picked":"Carnage","floor":7},{"not_picked":["Bloodletting","ReplayTheSpireMod:Stacked"],"picked":"Feed","floor":12},{"not_picked":["ReplayTheSpireMod:Strike From Hell","True Grit"],"picked":"Disarm","floor":14},{"not_picked":["Wild Strike","Combust"],"picked":"Reckless Charge","floor":15},{"not_picked":["Berserk","Replay:Many Hands"],"picked":"Immolate","floor":16},{"not_picked":["Feel No Pain","Searing Blow+1"],"picked":"Cleave+1","floor":18},{"not_picked":["Heavy Blade+1","Dark Embrace"],"picked":"Thunderclap","floor":19},{"not_picked":["Seeing Red","Shockwave"],"picked":"Reaper","floor":23},{"not_picked":["Shrug It Off+1","Twin Strike"],"picked":"Anger","floor":25},{"not_picked":["Twin Strike+1","Run Through"],"picked":"infinitespire:OneForAll","floor":27}],"player_experience":109629,"relics_obtained":[{"floor":9,"key":"Dota2Spire:DivineRapier"},{"floor":12,"key":"Dream Catcher"},{"floor":20,"key":"ReplayTheSpireMod:Ring of Collecting"},{"floor":23,"key":"Dota2Spire:ArcaneBoots"},{"floor":26,"key":"Orichalcum"},{"floor":27,"key":"infinitespire:FocusingShard"}],"event_choices":[{"damage_healed":20,"gold_gain":0,"player_choice":"Healed","damage_taken":0,"max_hp_gain":0,"max_hp_loss":0,"event_name":"The Cleric","floor":4,"gold_loss":35},{"damage_healed":0,"gold_gain":175,"player_choice":"AGREE","damage_taken":0,"max_hp_gain":0,"max_hp_loss":0,"event_name":"Liars Game","floor":5,"gold_loss":0,"cards_obtained":["Doubt"]}],"is_beta":false,"boss_relics":[{"not_picked":["Empty Cage","Runic Dome"],"picked":"Painkiller Herb"}],"items_purged_floors":[21],"is_endless":true,"potions_floor_spawned":[7,14,16,18,19],"killed_by":"Snake Plant","ascension_level":4}}