{"host":"Rich","time":1611796016,"event":{"mods":["AchievementEnabler","BaseMod","Highlight Path","Minty Spire (QoL Compilation)","Relic Stats"],"gold_per_floor":[118,118,43,43,43,87,44,89,116,116,158,186,85,130,130,235,289,311,361,385,394,428,428,472,472,548,548,61,61,111,42,42,144,144,177,186,209,231,255,255,49,74,74,116,116,155,55,55,55],"floor_reached":48,"language":"ENG","playtime":2000,"items_purged":["Strike_P","Study","Parasite"],"score":1145,"play_id":"2dcb5519-e11d-4f87-9c92-3c9999332298","local_time":"20210127200656","is_ascension_mode":true,"campfire_choices":[{"data":"CrushJoints","floor":10,"key":"SMITH"},{"floor":15,"key":"REST"},{"floor":23,"key":"REST"},{"floor":25,"key":"REST"},{"data":"MentalFortress","floor":27,"key":"SMITH"},{"floor":32,"key":"REST"},{"floor":40,"key":"REST"},{"floor":45,"key":"RECALL"}],"circlet_count":0,"master_deck":["AscendersBane","Eruption+1","Vigilance","FearNoEvil","CrushJoints+1","ThirdEye","Crescendo+1","EmptyBody+1","ThirdEye","Tantrum","MentalFortress+1","ClearTheMind","DeusExMachina+1","Tantrum","BowlingBash+1","Wireheading","LessonLearned+1","FlyingSleeves+1","FlurryOfBlows","WheelKick","CutThroughFate","Prostrate+1","MentalFortress+1","JustLucky","SpiritShield+1","Prostrate+1","EmptyFist","Devotion+1","FearNoEvil+1","LessonLearned+1","Wallop+1","LikeWater+1","FlurryOfBlows","ForeignInfluence+1"],"relics":["PureWater","NeowsBlessing","Centennial Puzzle","Golden Idol","CeramicFish","Mango","Toy Ornithopter","White Beast Statue","Odd Mushroom","Pandora\u0027s Box","PreservedInsect","The Courier","Vajra","DollysMirror","Toxic Egg 2","Boot","Fusion Hammer","ClockworkSouvenir","Damaru","Bag of Marbles"],"acts_visited":["Exordium","TheCity","TheBeyond"],"potions_floor_usage":[11,14,16,18,20,24,30,33,33,37,37,39,44,46,48,48],"damage_taken":[{"damage":0,"enemies":"Small Slimes","floor":1,"turns":2},{"damage":0,"enemies":"Gremlin Nob","floor":6,"turns":1},{"damage":0,"enemies":"Lagavulin","floor":8,"turns":1},{"damage":15,"enemies":"3 Sentries","floor":11,"turns":7},{"damage":2,"enemies":"Jaw Worm","floor":12,"turns":2},{"damage":7,"enemies":"The Mushroom Lair","floor":14,"turns":4},{"damage":29,"enemies":"The Guardian","floor":16,"turns":14},{"damage":21,"enemies":"Shell Parasite","floor":18,"turns":3},{"damage":0,"enemies":"Chosen","floor":20,"turns":3},{"damage":17,"enemies":"Sentry and Sphere","floor":22,"turns":4},{"damage":34,"enemies":"Slavers","floor":24,"turns":4},{"damage":31,"enemies":"Book of Stabbing","floor":30,"turns":3},{"damage":19,"enemies":"Champ","floor":33,"turns":9},{"damage":3,"enemies":"3 Shapes","floor":35,"turns":2},{"damage":46,"enemies":"3 Darklings","floor":37,"turns":6},{"damage":10,"enemies":"Jaw Worm Horde","floor":38,"turns":4},{"damage":10,"enemies":"Spire Growth","floor":39,"turns":4},{"damage":32,"enemies":"Giant Head","floor":44,"turns":5},{"damage":6,"enemies":"Writhing Mass","floor":46,"turns":4},{"damage":26,"enemies":"Transient","floor":48,"turns":3}],"seed_played":"-8106031998641005469","potions_obtained":[{"floor":6,"key":"DistilledChaos"},{"floor":11,"key":"Explosive Potion"},{"floor":12,"key":"SteroidPotion"},{"floor":14,"key":"StancePotion"},{"floor":16,"key":"AttackPotion"},{"floor":18,"key":"Regen Potion"},{"floor":20,"key":"Energy Potion"},{"floor":24,"key":"Swift Potion"},{"floor":30,"key":"LiquidBronze"},{"floor":33,"key":"AttackPotion"},{"floor":35,"key":"EssenceOfSteel"},{"floor":37,"key":"DistilledChaos"},{"floor":38,"key":"ColorlessPotion"},{"floor":39,"key":"Fire Potion"},{"floor":44,"key":"SteroidPotion"},{"floor":46,"key":"Ancient Potion"}],"is_trial":false,"path_per_floor":["M","?","$","?","?","E","$","E","T","R","E","M","$","?","R","B",null,"M","?","M","?","M","R","E","R","T","R","$","?","E","$","R","B",null,"M","?","M","M","M","R","$","T","T","E","R","M","$","M"],"character_chosen":"WATCHER","items_purchased":["ThirdEye","Tantrum","MentalFortress","Vajra","DollysMirror","Toxic Egg 2","JustLucky","Prostrate+1","EmptyFist","ClockworkSouvenir"],"campfire_rested":5,"item_purchase_floors":[7,13,13,28,28,28,28,31,31,41],"current_hp_per_floor":[61,43,43,43,36,36,36,50,50,50,40,38,38,36,58,34,66,50,50,55,55,38,60,31,53,53,53,53,53,36,36,58,49,69,66,66,30,20,15,37,37,37,37,10,10,9,9,0,0],"gold":55,"neow_bonus":"THREE_ENEMY_KILL","is_daily":false,"chose_seed":false,"campfire_upgraded":2,"win_rate":0.0,"timestamp":1611796016,"path_taken":["M","?","$","?","?","E","$","E","T","R","E","M","?","?","R","BOSS","M","?","?","?","M","R","E","R","T","R","$","?","E","?","R","BOSS","M","?","?","M","M","R","$","?","T","E","R","M","$","M"],"items_purchased_type":["Card","Card","Card","Relic","Relic","Relic","Card","Card","Card","Relic"],"build_version":"2020-12-18","purchased_purges":3,"victory":false,"max_hp_per_floor":[68,68,68,62,62,62,62,76,76,76,76,76,76,76,76,76,76,76,76,76,76,76,76,76,76,76,76,76,76,76,76,76,76,76,76,76,76,76,76,76,76,76,76,76,76,76,73,73,73],"relic_stats":{"Centennial Puzzle":[48],"counters":[20,85],"Golden Idol":125,"CeramicFish":288,"Pandora\u0027s Box":["Tantrum","Study","BowlingBash","Wireheading","LessonLearned","FlyingSleeves"],"PreservedInsect":173,"Boot":[29],"obtain_stats":[{"NeowsBlessing":0,"Golden Idol":4,"CeramicFish":6,"Vajra":28,"Damaru":42,"Mango":8,"PreservedInsect":24,"The Courier":26,"Odd Mushroom":14,"Boot":30,"White Beast Statue":11,"ClockworkSouvenir":41,"Centennial Puzzle":2,"DollysMirror":28,"Pandora\u0027s Box":17,"Fusion Hammer":34,"Bag of Marbles":44,"PureWater":0,"Toxic Egg 2":28,"Toy Ornithopter":9},{"NeowsBlessing":0,"Golden Idol":1,"CeramicFish":2,"Vajra":11,"Damaru":17,"Mango":3,"PreservedInsect":11,"The Courier":11,"Odd Mushroom":6,"Boot":12,"White Beast Statue":4,"ClockworkSouvenir":17,"Centennial Puzzle":1,"DollysMirror":11,"Pandora\u0027s Box":7,"Fusion Hammer":13,"Bag of Marbles":18,"PureWater":0,"Toxic Egg 2":11,"Toy Ornithopter":3},{"NeowsBlessing":0,"Golden Idol":2,"CeramicFish":3,"Vajra":45,"Damaru":73,"Mango":4,"PreservedInsect":45,"The Courier":45,"Odd Mushroom":17,"Boot":48,"White Beast Statue":11,"ClockworkSouvenir":73,"Centennial Puzzle":2,"DollysMirror":45,"Pandora\u0027s Box":31,"Fusion Hammer":57,"Bag of Marbles":78,"PureWater":0,"Toxic Egg 2":45,"Toy Ornithopter":4}],"Toy Ornithopter":80},"card_choices":[{"not_picked":["EmptyBody","JustLucky"],"picked":"FearNoEvil","floor":1},{"not_picked":["LikeWater","Blasphemy"],"picked":"CrushJoints","floor":6},{"not_picked":["Halt","Study"],"picked":"Crescendo","floor":8},{"not_picked":["Devotion","Crescendo"],"picked":"EmptyBody","floor":11},{"not_picked":["Prostrate","PathToVictory"],"picked":"ThirdEye","floor":12},{"not_picked":["Consecrate","Prostrate"],"picked":"ClearTheMind","floor":14},{"not_picked":["Wish","MasterReality"],"picked":"DeusExMachina","floor":16},{"not_picked":["Indignation+1","Crescendo"],"picked":"FlurryOfBlows","floor":18},{"not_picked":["Consecrate","Prostrate+1"],"picked":"WheelKick","floor":20},{"not_picked":["SashWhip","FlyingSleeves"],"picked":"Prostrate","floor":22},{"not_picked":["CrushJoints","Evaluate","FollowUp"],"picked":"SKIP","floor":24},{"not_picked":["EmptyBody+1","Evaluate+1"],"picked":"SpiritShield+1","floor":30},{"not_picked":["Scrawl+1","Establishment"],"picked":"Devotion","floor":33},{"not_picked":["ThirdEye+1","CrushJoints+1"],"picked":"FearNoEvil+1","floor":35},{"not_picked":["FlurryOfBlows","Consecrate"],"picked":"Wallop+1","floor":37},{"not_picked":["EmptyFist","Consecrate+1"],"picked":"LikeWater+1","floor":38},{"not_picked":["CutThroughFate","MasterReality","SashWhip"],"picked":"SKIP","floor":39},{"not_picked":["FearNoEvil","WreathOfFlame+1"],"picked":"FlurryOfBlows","floor":44},{"not_picked":["FlurryOfBlows","CrushJoints"],"picked":"ForeignInfluence+1","floor":46}],"player_experience":2019033,"relics_obtained":[{"floor":6,"key":"CeramicFish"},{"floor":8,"key":"Mango"},{"floor":9,"key":"Toy Ornithopter"},{"floor":11,"key":"White Beast Statue"},{"floor":14,"key":"Odd Mushroom"},{"floor":24,"key":"PreservedInsect"},{"floor":26,"key":"The Courier"},{"floor":30,"key":"Boot"},{"floor":42,"key":"Damaru"},{"floor":44,"key":"Bag of Marbles"}],"event_choices":[{"damage_healed":0,"gold_gain":0,"player_choice":"Success","damage_taken":18,"relics_obtained":["Centennial Puzzle"],"max_hp_gain":0,"max_hp_loss":0,"event_name":"Scrap Ooze","floor":2,"gold_loss":0},{"damage_healed":0,"gold_gain":0,"player_choice":"Lose Max HP","damage_taken":0,"relics_obtained":["Golden Idol"],"max_hp_gain":0,"max_hp_loss":6,"event_name":"Golden Idol","floor":4,"gold_loss":0},{"cards_removed":["Defend_P"],"damage_healed":0,"gold_gain":0,"player_choice":"Card Removal","damage_taken":7,"max_hp_gain":0,"max_hp_loss":0,"event_name":"Golden Wing","floor":5,"gold_loss":0},{"damage_healed":0,"gold_gain":0,"player_choice":"Fought Mushrooms","damage_taken":0,"max_hp_gain":0,"max_hp_loss":0,"event_name":"Mushrooms","floor":14,"gold_loss":0},{"damage_healed":0,"gold_gain":50,"player_choice":"Pray","damage_taken":0,"max_hp_gain":0,"max_hp_loss":0,"event_name":"Golden Shrine","floor":19,"gold_loss":0},{"damage_healed":0,"gold_gain":0,"player_choice":"Read","damage_taken":0,"max_hp_gain":0,"max_hp_loss":0,"event_name":"The Library","floor":21,"gold_loss":0,"cards_obtained":["CutThroughFate"]},{"damage_healed":0,"gold_gain":0,"player_choice":"Ignored","damage_taken":0,"max_hp_gain":0,"max_hp_loss":0,"event_name":"Vampires","floor":29,"gold_loss":0},{"damage_healed":0,"gold_gain":0,"player_choice":"Copied","damage_taken":0,"max_hp_gain":0,"max_hp_loss":0,"event_name":"Duplicator","floor":36,"gold_loss":0,"cards_obtained":["LessonLearned"]}],"is_beta":true,"boss_relics":[{"not_picked":["Runic Pyramid","Ectoplasm"],"picked":"Pandora\u0027s Box"},{"not_picked":["Velvet Choker","Philosopher\u0027s Stone"],"picked":"Fusion Hammer"}],"items_purged_floors":[3,41,47],"is_endless":false,"potions_floor_spawned":[6,11,12,14,16,18,20,22,24,30,33,35,37,38,39,44,46],"killed_by":"Transient","ascension_level":20}}