{"host":"jhohbi8xmmotmpw6","time":1611841738,"event":{"mods":["BaseMod","Downfall","Hermit","Hubris","Infinite Spire","Minty Spire (QoL Compilation)","Replay The Spire","StSLib","The Edgeheg","The Marked"],"gold_per_floor":[110,120,120,120,170,170,200,147,174,190,216,3,19,35,35,137,137,147,197,50,77,167,167,219,219,293,320,347,347,347,375,375,383,383],"floor_reached":33,"language":"ENG","playtime":1919,"items_purged":["theMarked:Strike","theMarked:Defend"],"score":375,"play_id":"413928a8-22bc-4f87-8f76-5759333f0dc6","local_time":"20210129024858","is_ascension_mode":false,"campfire_choices":[{"data":"theMarked:SoldierOfQuellstein","floor":6,"key":"SMITH"},{"data":"theMarked:TakeOffHeels","floor":15,"key":"SMITH"},{"data":"theMarked:TakeOffHeels","floor":15,"key":"SMITH"},{"floor":23,"key":"REST"},{"floor":25,"key":"REST"},{"floor":32,"key":"REST"}],"circlet_count":0,"master_deck":["theMarked:Strike","theMarked:Strike","theMarked:Strike","theMarked:Strike","theMarked:Defend","theMarked:Defend","theMarked:Defend","theMarked:SoldierOfQuellstein+1","theMarked:WastefulAttack","theMarked:ElectricStrings","downfall:Haunted","downfall:Haunted","downfall:Malfunctioning","theMarked:SuspiciousRaven","Hallucinations","theMarked:TakeOffHeels+1","theMarked:ResourceFulStrike","theMarked:Aftermath","theMarked:ChannelForce","theMarked:ContemptForTheProud","hubris:Insight","downfall:Icky","theMarked:TakeOffHeels+1","theMarked:EternalStudent","Languid","theMarked:AttractMetal+1","Swift Strike","Replay:Hysterical Blindness","theMarked:Panic+1","Spreading Infection","theMarked:EmpowerWeapon+1","theMarked:SoldierOfQuellstein+1","infinitespire:Execution","theMarked:RogueSparks+1"],"relics":["theMarked:ArtifactOfAir","Replay:Baseball","hubris:Towel","Du-Vu Doll","Ring of Greed","Blue Doll","Smiling Mask","Replay:Arrowhead","hubris:SlimyHat","Ancient Tea Set","theMarked:Eyepatch","Replay:Bandana","PreservedInsect","Onion Ring","Nloth\u0027s Gift","DollysMirror"],"acts_visited":["Exordium","TheCity"],"potions_floor_usage":[13,16,28,31,33],"damage_taken":[{"damage":1,"enemies":"Cultist","floor":1,"turns":3},{"damage":0,"enemies":"2 Louse","floor":2,"turns":3},{"damage":9,"enemies":"Replay:BlueRogue","floor":7,"turns":3},{"damage":0,"enemies":"Small Slimes","floor":10,"turns":1},{"damage":24,"enemies":"Lagavulin","floor":11,"turns":4},{"damage":14,"enemies":"Exordium Thugs","floor":13,"turns":3},{"damage":0,"enemies":"3 Louse","floor":14,"turns":2},{"damage":10,"enemies":"Hexaghost","floor":16,"turns":5},{"damage":19,"enemies":"3 Byrds","floor":18,"turns":4},{"damage":10,"enemies":"2 Thieves","floor":21,"turns":2},{"damage":18,"enemies":"Gremlin Leader","floor":24,"turns":5},{"damage":8,"enemies":"Centurion and Healer","floor":27,"turns":3},{"damage":21,"enemies":"Snake Plant","floor":28,"turns":2},{"damage":10,"enemies":"Cultist and Chosen","floor":31,"turns":3},{"damage":44,"enemies":"Collector","floor":33,"turns":6}],"seed_played":"-2544042320513384677","potions_obtained":[{"floor":1,"key":"Block Potion"},{"floor":2,"key":"ColorlessPotion"},{"floor":16,"key":"BlessingOfTheForge"},{"floor":21,"key":"Adrenaline Potion"},{"floor":27,"key":"Regen Potion"}],"is_trial":false,"path_per_floor":["M","M","?","?","?","R","E","$","T","M","E","$","M","M","R","B",null,"M","?","$","M","?","R","E","R","T","M","M","?","AVR","M","R","B"],"character_chosen":"THE_DEFAULT","items_purchased":["theMarked:ResourceFulStrike","theMarked:ContemptForTheProud","hubris:Insight","Replay:Bandana"],"campfire_rested":3,"item_purchase_floors":[8,12,12,20],"current_hp_per_floor":[69,69,69,69,69,69,60,60,60,60,36,36,22,22,22,12,70,51,51,51,41,23,44,26,47,47,39,18,18,18,17,38,0,0],"gold":383,"neow_bonus":"RANDOM_COMMON_RELIC","is_daily":false,"chose_seed":false,"campfire_upgraded":3,"win_rate":0.0,"timestamp":1611841738,"path_taken":["M","M","?","?","?","R","E","$","T","M","E","$","M","M","R","BOSS","M","?","?","M","?","R","E","R","T","?","?","?","AVR","M","R","BOSS"],"items_purchased_type":["Card","Card","Card","Relic"],"build_version":"2020-12-22","purchased_purges":2,"victory":false,"max_hp_per_floor":[70,70,70,70,70,70,70,70,70,70,70,70,70,70,70,70,70,70,70,70,70,70,70,70,70,70,70,70,70,70,70,70,70,70],"card_choices":[{"not_picked":["theMarked:Memento","theMarked:Heritage"],"picked":"theMarked:WastefulAttack","floor":1},{"not_picked":["theMarked:Parry","theMarked:WastefulAttack"],"picked":"theMarked:ElectricStrings","floor":2},{"not_picked":["theMarked:BanishingWave","theMarked:CreepingChasm"],"picked":"theMarked:TakeOffHeels","floor":7},{"not_picked":["theMarked:WardOff","theMarked:BanishingWave"],"picked":"theMarked:Aftermath","floor":10},{"not_picked":["theMarked:MagusForm","theMarked:Memento"],"picked":"theMarked:ChannelForce","floor":11},{"not_picked":["theMarked:HeightenedSenses","theMarked:WardOff","theMarked:ElectricStrings"],"picked":"SKIP","floor":13},{"not_picked":["theMarked:TakeCover","theMarked:Memento"],"picked":"theMarked:TakeOffHeels","floor":14},{"not_picked":["theMarked:FavorableWinds","theMarked:TurnInvisible"],"picked":"theMarked:EternalStudent","floor":16},{"not_picked":["theMarked:Heritage","theMarked:ElectricStrings","theMarked:TakeCover"],"picked":"SKIP","floor":18},{"not_picked":["theMarked:EmpowerWeapon","theMarked:TwofoldDefense"],"picked":"theMarked:AttractMetal+1","floor":21},{"not_picked":["theMarked:Overthink","theMarked:ResourceFulStrike"],"picked":"theMarked:Panic+1","floor":24},{"not_picked":["theMarked:Electrify","theMarked:AttractMetal"],"picked":"theMarked:EmpowerWeapon+1","floor":27},{"not_picked":["theMarked:Frustration","theMarked:Heritage","theMarked:HeightenedSenses+1"],"picked":"SKIP","floor":28},{"not_picked":["theMarked:SuspiciousRaven","theMarked:Aftermath"],"picked":"theMarked:RogueSparks+1","floor":31}],"player_experience":118380,"relics_obtained":[{"floor":5,"key":"Ring of Greed"},{"floor":5,"key":"Ring of Fury"},{"floor":5,"key":"Blue Doll"},{"floor":5,"key":"Smiling Mask"},{"floor":7,"key":"Replay:Arrowhead"},{"floor":9,"key":"hubris:SlimyHat"},{"floor":11,"key":"Ancient Tea Set"},{"floor":24,"key":"PreservedInsect"},{"floor":26,"key":"Onion Ring"}],"event_choices":[{"damage_healed":0,"gold_gain":100,"player_choice":"Bet on Murderer","damage_taken":0,"max_hp_gain":0,"max_hp_loss":0,"event_name":"The Joust","floor":19,"gold_loss":50},{"damage_healed":0,"gold_gain":90,"player_choice":"CARD GOLD ","damage_taken":18,"max_hp_gain":0,"max_hp_loss":0,"event_name":"Knowing Skull","floor":22,"potions_obtained":[],"gold_loss":0,"cards_obtained":["Swift Strike"]},{"damage_healed":0,"gold_gain":0,"player_choice":"Traded Relic","damage_taken":0,"relics_obtained":["Nloth\u0027s Gift"],"max_hp_gain":0,"max_hp_loss":0,"event_name":"N\u0027loth","floor":29,"relics_lost":["Ring of Fury"],"gold_loss":0}],"is_beta":false,"boss_relics":[{"not_picked":["Honey Jar","SacredBark"],"picked":"theMarked:Eyepatch"}],"items_purged_floors":[12,30],"is_endless":false,"potions_floor_spawned":[1,2,16,21,27],"killed_by":"Collector","ascension_level":0}}