{"host":"rpu0b34yn88n8zeb","time":1611815787,"event":{"mods":["Act Like it!","BaseMod","CapriCore","Chen","Colored Powertips","Defuse TimeMaze Blight","Koishi","Marisa£®ÏF”Í°°ƒß¿Ì…≥£©","Minty Spire (QoL Compilation)","Quick Restart","Reimu£®≤©¿ˆ¡È√Œ£©","Shop Mod","Spicy Shops","StSLib","The Immortal","The Servant 0.9.4","Yakumo Yukari mod","Youmu£®ªÍ∆«—˝√Œ£©"],"gold_per_floor":[118,130,146,159,174,205,205,219,219,219,219,219,248,262,262,366,366,384,310,310,310,99,124,124,124,204,232,246,246,246,265,265,362,362,376,421,421,421,421,421,454,0,0,42,42,42,61,102,102,102],"floor_reached":51,"language":"ZHS","playtime":2949,"items_purged":[],"score":879,"play_id":"2d3e35e6-2410-43f3-8152-ca536d07ff31","local_time":"20210127233627","is_ascension_mode":false,"campfire_choices":[{"floor":7,"key":"REST"},{"data":"Chen:SurpriseAttack","floor":10,"key":"SMITH"},{"floor":15,"key":"REST"},{"data":"Chen:ShikigamiForm","floor":25,"key":"SMITH"},{"data":"Chen:Recuperate","floor":30,"key":"SMITH"},{"floor":32,"key":"REST"},{"floor":40,"key":"REST"},{"floor":45,"key":"REST"},{"floor":49,"key":"REST"}],"circlet_count":0,"master_deck":["Chen:Strike","Chen:Strike+1","Chen:Strike","Chen:Strike","Chen:Strike","Chen:Defend","Chen:Defend","Chen:Defend","Chen:Defend","Chen:PounceTurnTail","Chen:GlitterPoke","Chen:SurpriseAttack+1","Chen:RecklessLeap","Chen:EmergencyEscape","Chen:Sidestep","Chen:Shot","Chen:Rush","Chen:Sweep","Chen:CatPunch","Chen:ShikigamiForm+1","Chen:Flicker","Chen:Possession","Chen:Recuperate+1","Chen:Tear","Chen:CatPunch+1","Necronomicurse","Chen:RecklessLeap+1","Chen:Mixup","RitualDagger","Chen:Instinct+1","Chen:Stability","Chen:Frivolous+1","Chen:Sneak+1","Dark Shackles","Chen:Tear+1","Chen:Sidestep+1","Chen:Assault+1","Chen:BlueOniRedOni+1"],"relics":["Chen:Catnip","Bronze Scales","Pear","Kunai","Juzu Bracelet","Philosopher\u0027s Stone","MealTicket","Oddly Smooth Stone","Mummified Hand","Necronomicon","Darkstone Periapt","RedLine:ReiMu","CatCart","Question Card","CaptainsWheel","Whetstone","Toolbox","Toxic Egg 2","CeramicFish","The Courier"],"acts_visited":["Exordium","TheCity","TheBeyond"],"potions_floor_usage":[27,27,27],"damage_taken":[{"damage":0,"enemies":"Cultist","floor":1,"turns":3},{"damage":0,"enemies":"2 Louse","floor":2,"turns":2},{"damage":11,"enemies":"Jaw Worm","floor":3,"turns":2},{"damage":0,"enemies":"2 Fungi Beasts","floor":4,"turns":4},{"damage":0,"enemies":"Large Slime","floor":5,"turns":4},{"damage":30,"enemies":"Lagavulin","floor":6,"turns":8},{"damage":0,"enemies":"Looter","floor":8,"turns":3},{"damage":28,"enemies":"Gremlin Nob","floor":13,"turns":4},{"damage":0,"enemies":"2 Fungi Beasts","floor":14,"turns":2},{"damage":10,"enemies":"Hexaghost","floor":16,"turns":8},{"damage":0,"enemies":"Chosen","floor":18,"turns":3},{"damage":0,"enemies":"Book of Stabbing","floor":23,"turns":5},{"damage":11,"enemies":"Slavers","floor":27,"turns":4},{"damage":0,"enemies":"Shell Parasite","floor":28,"turns":3},{"damage":0,"enemies":"Centurion and Healer","floor":31,"turns":4},{"damage":15,"enemies":"Collector","floor":33,"turns":10},{"damage":2,"enemies":"Orb Walker","floor":35,"turns":3},{"damage":49,"enemies":"Orin","floor":36,"turns":8},{"damage":37,"enemies":"Nemesis","floor":41,"turns":3},{"damage":34,"enemies":"Giant Head","floor":44,"turns":8},{"damage":9,"enemies":"3 Darklings","floor":47,"turns":4},{"damage":1,"enemies":"Nemesis","floor":48,"turns":8},{"damage":0,"enemies":"Donu and Deca","floor":50,"turns":6}],"seed_played":"8494094015166182823","potions_obtained":[{"floor":1,"key":"Energy Potion"},{"floor":5,"key":"LiquidBronze"},{"floor":6,"key":"Block Potion"},{"floor":8,"key":"ColorlessPotion"},{"floor":27,"key":"Dexterity Potion"},{"floor":28,"key":"CultistPotion"},{"floor":41,"key":"ZuzhouPotion:ReiMu"}],"is_trial":false,"path_per_floor":["M","M","M","M","M","E","R","M","T","R","T","?","E","M","R","B",null,"M","?","?","?","$","E","?","R","T","E","M","?","R","M","R","B",null,"M","?","?","?","?","R","E","$","T","E","R","?","M","E","R","B",null],"character_chosen":"CHEN","items_purchased":["Chen:Tear","Oddly Smooth Stone","CaptainsWheel","Whetstone","Toolbox"],"campfire_rested":6,"item_purchase_floors":[22,22,42,42,42],"current_hp_per_floor":[70,70,59,59,59,29,50,50,60,60,60,60,32,32,56,46,80,80,80,80,80,80,80,64,64,64,53,53,47,47,47,71,56,80,78,29,29,29,29,51,14,29,29,32,54,47,38,37,59,59],"gold":102,"neow_bonus":"THREE_CARDS","is_daily":false,"chose_seed":false,"campfire_upgraded":3,"win_rate":0.0,"timestamp":1611815787,"path_taken":["M","?","M","M","?","E","R","M","T","R","?","?","E","M","R","BOSS","M","?","?","?","$","E","?","R","T","E","M","?","R","M","R","BOSS","M","?","?","?","?","R","E","$","T","E","R","?","M","E","R","BOSS"],"items_purchased_type":["Card","Relic","Relic","Relic","Relic"],"build_version":"2020-12-22","purchased_purges":0,"victory":true,"max_hp_per_floor":[70,70,70,70,70,70,70,70,80,80,80,80,80,80,80,80,80,80,80,80,80,80,80,80,80,80,80,80,80,80,80,80,80,80,80,80,76,76,76,76,76,76,76,76,76,76,76,76,76,76],"card_choices":[{"not_picked":["Chen:TauntHiss","Chen:Scratch"],"picked":"Chen:SurpriseAttack","floor":0},{"not_picked":["Chen:Copycat","Chen:ResistTemptation"],"picked":"Chen:RecklessLeap","floor":1},{"not_picked":["Chen:Scratch","Chen:Tear"],"picked":"Chen:EmergencyEscape","floor":2},{"not_picked":["Chen:GuardCounter","Chen:Sneak"],"picked":"Chen:Sidestep","floor":3},{"not_picked":["Chen:EmergencyEscape","Chen:Fadeout"],"picked":"Chen:Shot","floor":4},{"not_picked":["Chen:Unpredictable","Chen:Spray"],"picked":"Chen:Rush","floor":5},{"not_picked":["Chen:Afterimages","Chen:MeditateFrenzy"],"picked":"Chen:Sweep","floor":6},{"not_picked":["Chen:StudySharpen","Chen:Instinct"],"picked":"Chen:CatPunch","floor":8},{"not_picked":["Chen:Unpredictable","Chen:Sidestep"],"picked":"Chen:ShikigamiForm","floor":13},{"not_picked":["Chen:Panic","Chen:Fadeout"],"picked":"Chen:Flicker","floor":14},{"not_picked":["Chen:CurlUp","Chen:RapidfireEvasive"],"picked":"Chen:Possession","floor":16},{"not_picked":["Chen:Panic","Chen:Adaptability+1"],"picked":"Chen:Recuperate","floor":18},{"not_picked":["Chen:TauntHiss","Chen:Recuperate+1"],"picked":"Chen:CatPunch","floor":23},{"not_picked":["Chen:Scratch","Chen:Sweep"],"picked":"Chen:RecklessLeap+1","floor":27},{"not_picked":["Chen:UnstableBoundary","Chen:Copycat"],"picked":"Chen:Mixup","floor":28},{"not_picked":["Chen:Gash","Chen:Sweep"],"picked":"Chen:Instinct+1","floor":31},{"not_picked":["Chen:Clarity","Chen:Possession"],"picked":"Chen:Stability","floor":33},{"not_picked":["Chen:Sidestep","Chen:RecklessLeap"],"picked":"Chen:Frivolous+1","floor":35},{"not_picked":["Chen:RecklessLeap","Chen:Adaptability"],"picked":"Chen:Sneak+1","floor":36},{"not_picked":["Swift Strike","Madness"],"picked":"Dark Shackles","floor":38},{"not_picked":["Chen:ResistTemptation","Chen:RecklessLeap"],"picked":"Chen:Tear+1","floor":41},{"not_picked":["Chen:Stability+1","Chen:Salvo+1","Chen:Panic+1"],"picked":"Chen:Sidestep+1","floor":44},{"not_picked":["Chen:Shot+1","Chen:Sneak+1","Chen:RecklessLeap+1"],"picked":"Chen:Assault+1","floor":47},{"not_picked":["Chen:Unpredictable+1","Chen:MisdirectSwipe+1","Chen:Instinct+1"],"picked":"Chen:BlueOniRedOni+1","floor":48}],"player_experience":574878,"relics_obtained":[{"floor":6,"key":"Bronze Scales"},{"floor":9,"key":"Pear"},{"floor":11,"key":"Kunai"},{"floor":13,"key":"Juzu Bracelet"},{"floor":23,"key":"Mummified Hand"},{"floor":24,"key":"Necronomicon"},{"floor":27,"key":"Darkstone Periapt"},{"floor":36,"key":"CatCart"},{"floor":41,"key":"Question Card"},{"floor":43,"key":"Toxic Egg 2"},{"floor":44,"key":"CeramicFish"},{"floor":48,"key":"The Courier"}],"event_choices":[{"damage_healed":0,"gold_gain":0,"player_choice":"Bought 0 Potions","damage_taken":0,"max_hp_gain":0,"max_hp_loss":0,"event_name":"The Woman in Blue","floor":12,"gold_loss":0},{"damage_healed":0,"gold_gain":0,"player_choice":"Paid Gold","damage_taken":0,"relics_obtained":["MealTicket"],"max_hp_gain":0,"max_hp_loss":0,"event_name":"WeMeetAgain","floor":19,"gold_loss":74},{"damage_healed":0,"gold_gain":0,"player_choice":"Ignored","damage_taken":0,"max_hp_gain":0,"max_hp_loss":0,"event_name":"NoteForYourself","floor":20,"gold_loss":0},{"damage_healed":0,"gold_gain":0,"player_choice":"Ignored","damage_taken":0,"max_hp_gain":0,"max_hp_loss":0,"event_name":"Vampires","floor":21,"gold_loss":0},{"damage_healed":0,"gold_gain":0,"player_choice":"Obtained Book","damage_taken":16,"max_hp_gain":0,"max_hp_loss":0,"event_name":"Cursed Tome","floor":24,"gold_loss":0},{"damage_healed":0,"gold_gain":0,"player_choice":"Joined the Cult","damage_taken":6,"max_hp_gain":0,"max_hp_loss":0,"event_name":"Nest","floor":29,"gold_loss":0,"cards_obtained":["RitualDagger"]},{"damage_healed":0,"gold_gain":0,"player_choice":"Fight","damage_taken":0,"max_hp_gain":0,"max_hp_loss":0,"event_name":"OrinTheCat","floor":36,"gold_loss":0},{"damage_healed":0,"gold_gain":0,"player_choice":"Max HP","damage_taken":0,"max_hp_gain":0,"max_hp_loss":4,"event_name":"Winding Halls","floor":37,"gold_loss":0},{"damage_healed":0,"gold_gain":0,"player_choice":"Memory 1","damage_taken":0,"max_hp_gain":0,"max_hp_loss":0,"event_name":"SensoryStone","floor":38,"gold_loss":0},{"damage_healed":0,"gold_gain":0,"player_choice":"Ignored","damage_taken":0,"max_hp_gain":0,"max_hp_loss":0,"event_name":"Tomb of Lord Red Mask","floor":39,"gold_loss":0},{"damage_healed":0,"gold_gain":0,"player_choice":"Damaged","damage_taken":7,"max_hp_gain":0,"max_hp_loss":0,"event_name":"Wheel of Change","floor":46,"gold_loss":0}],"is_beta":false,"boss_relics":[{"not_picked":["Cursed Key","Tiny House"],"picked":"Philosopher\u0027s Stone"},{"not_picked":["Pandora\u0027s Box","Empty Cage"],"picked":"RedLine:ReiMu"}],"items_purged_floors":[],"is_endless":false,"potions_floor_spawned":[1,5,6,8,13,16,27,28,41,44],"ascension_level":0}}