{"host":"p4v0hquynnreu717","time":1611842706,"event":{"mods":["BaseMod","Better Vampires","DeckTracker","Googly Eyes","Minty Spire (QoL Compilation)","Quick Restart","StSLib","SuperFastMode"],"gold_per_floor":[113,113,35,35,47,76,93,122,193,32,64,80,80,99,99,170,170,187,44,44,44,62,62,88,88,143,143,157,157,157],"floor_reached":29,"language":"ZHS","playtime":871,"items_purged":["Strike_R"],"score":501,"play_id":"b9711b64-4eb4-46d0-af64-78734ddd8558","local_time":"20210128220506","is_ascension_mode":true,"campfire_choices":[{"data":"Discovery","floor":15.0,"key":"SMITH"},{"floor":23.0,"key":"REST"},{"data":"Fire Breathing","floor":25,"key":"SMITH"},{"data":"Berserk","floor":27,"key":"SMITH"}],"circlet_count":0,"master_deck":["AscendersBane","Strike_R","Strike_R","Strike_R","Defend_R","Defend_R","Defend_R","Defend_R","Bash","Second Wind","Pain","Power Through","Shrug It Off","Shockwave","Carnage","Battle Trance","Discovery+1","Fire Breathing+1","Feel No Pain","Berserk+1","Brutality","Bloodletting","Impervious","Inflame"],"relics":["Burning Blood","NeowsBlessing","WarpedTongs","Turnip","Toy Ornithopter","Regal Pillow","Kunai","Mercury Hourglass","Runic Cube","Medical Kit","Ice Cream"],"acts_visited":["Exordium","TheCity"],"potions_floor_usage":[24,28,29],"damage_taken":[{"damage":0.0,"enemies":"Small Slimes","floor":1.0,"turns":1.0},{"damage":0.0,"enemies":"Cultist","floor":5.0,"turns":1.0},{"damage":0.0,"enemies":"Lagavulin","floor":6.0,"turns":2.0},{"damage":1.0,"enemies":"Jaw Worm","floor":7.0,"turns":4.0},{"damage":20.0,"enemies":"3 Sentries","floor":8.0,"turns":10.0},{"damage":26.0,"enemies":"Gremlin Nob","floor":11.0,"turns":4.0},{"damage":5.0,"enemies":"3 Louse","floor":12.0,"turns":3.0},{"damage":11.0,"enemies":"Exordium Wildlife","floor":14.0,"turns":5.0},{"damage":6.0,"enemies":"The Guardian","floor":16.0,"turns":11.0},{"damage":10.0,"enemies":"3 Byrds","floor":18.0,"turns":5.0},{"damage":21.0,"enemies":"2 Thieves","floor":22.0,"turns":4.0},{"damage":53,"enemies":"Gremlin Leader","floor":24,"turns":8},{"damage":23,"enemies":"Centurion and Healer","floor":28,"turns":5},{"damage":17,"enemies":"Colosseum Slavers","floor":29,"turns":4}],"seed_played":"5974458390302560663","potions_obtained":[{"floor":1.0,"key":"ColorlessPotion"},{"floor":6.0,"key":"ElixirPotion"},{"floor":14.0,"key":"Swift Potion"},{"floor":22.0,"key":"ColorlessPotion"},{"floor":28,"key":"BlessingOfTheForge"}],"is_trial":false,"path_per_floor":["M","?","$","?","M","E","M","E","T","$","E","M","?","M","R","B",null,"M","$","?","$","M","R","E","R","T","R","M","?"],"character_chosen":"IRONCLAD","items_purchased":["Power Through","Discovery","Medical Kit"],"campfire_rested":1,"item_purchase_floors":[3,10,19],"current_hp_per_floor":[74,74,74,56,62,68,73,59,59,59,39,40,33,28,28,28,63,59,59,38,38,28,67,25,25,25,25,13,1,1],"gold":157,"neow_bonus":"THREE_ENEMY_KILL","is_daily":false,"chose_seed":false,"campfire_upgraded":3,"win_rate":0.0,"timestamp":1611842706,"path_taken":["M","?","?","?","M","E","M","E","T","$","E","M","?","M","R","BOSS","M","$","?","$","M","R","E","R","T","R","M","?"],"items_purchased_type":["Card","Card","Relic"],"build_version":"2020-12-22","purchased_purges":1,"victory":false,"max_hp_per_floor":[75,75,75,75,75,75,75,75,75,75,75,75,75,75,75,75,75,75,75,80,80,80,80,80,80,80,80,80,80,80],"card_choices":[{"not_picked":["Rupture","Infernal Blade"],"picked":"Second Wind","floor":1.0},{"not_picked":["Heavy Blade","Warcry"],"picked":"Shrug It Off","floor":5.0},{"not_picked":["Reckless Charge","True Grit"],"picked":"Shockwave","floor":6.0},{"not_picked":["Body Slam","Flex"],"picked":"Carnage","floor":7.0},{"not_picked":["Sword Boomerang","Metallicize"],"picked":"Battle Trance","floor":8.0},{"not_picked":["Clothesline","Warcry"],"picked":"Fire Breathing","floor":11.0},{"not_picked":["Clash","Anger"],"picked":"Feel No Pain","floor":12.0},{"not_picked":["Havoc","Heavy Blade"],"picked":"Berserk","floor":14.0},{"not_picked":["Corruption","Berserk"],"picked":"Brutality","floor":16.0},{"not_picked":["Armaments","Rampage"],"picked":"Bloodletting","floor":18.0},{"not_picked":["Cleave","Body Slam"],"picked":"Impervious","floor":22.0},{"not_picked":["Ghostly Armor","Dual Wield","Hemokinesis"],"picked":"SKIP","floor":24},{"not_picked":["Twin Strike","Pommel Strike"],"picked":"Inflame","floor":28}],"player_experience":781705,"relics_obtained":[{"floor":6.0,"key":"Toy Ornithopter"},{"floor":8.0,"key":"Regal Pillow"},{"floor":9.0,"key":"Kunai"},{"floor":11.0,"key":"Mercury Hourglass"},{"floor":24,"key":"Ice Cream"}],"event_choices":[{"damage_healed":0.0,"max_hp_gain":0.0,"max_hp_loss":0.0,"gold_gain":0.0,"event_name":"Accursed Blacksmith","player_choice":"Rummage","floor":2.0,"gold_loss":0.0,"damage_taken":0.0,"relics_obtained":["WarpedTongs"],"cards_obtained":["Pain"]},{"damage_healed":0.0,"max_hp_gain":0.0,"max_hp_loss":0.0,"gold_gain":0.0,"event_name":"Scrap Ooze","player_choice":"Success","floor":4.0,"gold_loss":0.0,"damage_taken":18.0,"relics_obtained":["Turnip"]},{"cards_removed":["Strike_R"],"damage_healed":0.0,"max_hp_gain":0.0,"max_hp_loss":0.0,"gold_gain":0.0,"event_name":"Golden Wing","player_choice":"Card Removal","floor":13.0,"gold_loss":0.0,"damage_taken":7.0},{"damage_healed":0.0,"max_hp_gain":5.0,"max_hp_loss":0.0,"gold_gain":0.0,"event_name":"Forgotten Altar","player_choice":"Shed Blood","floor":20.0,"gold_loss":0.0,"damage_taken":26.0},{"damage_healed":0,"gold_gain":0,"player_choice":"Fight","damage_taken":0,"max_hp_gain":0,"max_hp_loss":0,"event_name":"Colosseum","floor":29,"gold_loss":0}],"is_beta":false,"boss_relics":[{"not_picked":["Calling Bell","Coffee Dripper"],"picked":"Runic Cube"}],"items_purged_floors":[10],"is_endless":false,"potions_floor_spawned":[1,6,8,14,18,22,28],"killed_by":"Colosseum Slavers","ascension_level":15}}