{"host":"k2mw1od0xoi9pcfj","time":1611804224,"event":{"mods":["100% Spire Juice","Act Like it!","Aspiration","BaseMod","Beaked The Cultist","Downfall","Energized Spire","Hermit","Highlight Path","Minty Spire (QoL Compilation)","Permanent Neow","Relic Stats","Replay The Spire","Retaliation","StSLib","TheHeartMod"],"gold_per_floor":[109,109,121,121,68,93,93,60,85,111,128,142,152,184,184,284,234,251,251,161,161],"floor_reached":20,"language":"ENG","playtime":1934,"items_purged":[],"score":192,"play_id":"8fd01abd-7311-4188-83a7-e023d9575c84","local_time":"20210127212344","is_ascension_mode":false,"campfire_choices":[{"data":"beaked:Ceremony","floor":7,"key":"SMITH"},{"floor":15,"key":"RECALL"}],"circlet_count":0,"master_deck":["beaked:Strike_Y","beaked:Strike_Y","beaked:Strike_Y","beaked:Strike_Y","beaked:Strike_Y","beaked:Strike_Y","beaked:Defend_Y+1","beaked:Defend_Y","beaked:Defend_Y","beaked:Defend_Y","beaked:Ceremony+1","beaked:Ceremony","beaked:Ceremony+1","Injury","beaked:Insight+1","beaked:KnowThyFoe","beaked:Insight+1","beaked:RitualOfBody+1","beaked:MachineEssence+1","beaked:Strike_Y","beaked:StickSmack","J.A.X."],"relics":["beaked:MendingPlumage","Frozen Egg 2","Bottled Tornado","Replay:Ringing Soul","Eternal Feather","energizedSpire:HugeHouse"],"acts_visited":["Exordium","TheCity"],"potions_floor_usage":[12],"damage_taken":[{"damage":0,"enemies":"Small Slimes","floor":1,"turns":6},{"damage":16,"enemies":"Jaw Worm","floor":3,"turns":5},{"damage":18,"enemies":"Lagavulin","floor":6,"turns":7},{"damage":24,"enemies":"Gremlin Nob","floor":10,"turns":5},{"damage":4,"enemies":"Cultist","floor":11,"turns":4},{"damage":23,"enemies":"Exordium Thugs","floor":12,"turns":5},{"damage":8,"enemies":"Large Slime","floor":13,"turns":11},{"damage":33,"enemies":"Replay:BlueRogue","floor":14,"turns":9},{"damage":30,"enemies":"Hexaghost","floor":16,"turns":10},{"damage":49,"enemies":"Spheric Guardian","floor":18,"turns":8},{"damage":66,"enemies":"2 Thieves","floor":20,"turns":3}],"seed_played":"-4941571282194661213","potions_obtained":[{"floor":10,"key":"Milkshake"},{"floor":11,"key":"Strength Potion"},{"floor":12,"key":"Fire Potion"},{"floor":13,"key":"Venom Potion"}],"is_trial":false,"path_per_floor":["M","?","M","?","$","E","R","$","T","E","M","M","M","E","R","B",null,"M","?","M"],"character_chosen":"BEAKED_THE_CULTIST","items_purchased":["beaked:Insight+1","beaked:Insight+1"],"campfire_rested":0,"item_purchase_floors":[5,8],"current_hp_per_floor":[50,50,45,45,45,42,42,42,42,32,42,33,53,42,51,51,54,54,57,0,0],"gold":161,"neow_bonus":"UPGRADE_CARD","is_daily":false,"chose_seed":false,"campfire_upgraded":1,"win_rate":0.0,"timestamp":1611804224,"path_taken":["M","?","M","?","$","E","R","?","T","E","M","M","M","E","R","BOSS","M","?","M"],"items_purchased_type":["Card","Card"],"build_version":"2020-12-22","purchased_purges":0,"victory":false,"max_hp_per_floor":[50,50,50,50,50,50,50,50,50,50,53,53,53,53,53,56,54,54,57,57,57],"relic_stats":{"counters":[11,73],"Eternal Feather":9,"obtain_stats":[{"Replay:Ringing Soul":10,"Eternal Feather":14,"energizedSpire:HugeHouse":17,"beaked:MendingPlumage":0,"Frozen Egg 2":2,"Bottled Tornado":6},{"Replay:Ringing Soul":4,"Eternal Feather":8,"energizedSpire:HugeHouse":9,"beaked:MendingPlumage":0,"Frozen Egg 2":1,"Bottled Tornado":3},{"Replay:Ringing Soul":23,"Eternal Feather":52,"energizedSpire:HugeHouse":62,"beaked:MendingPlumage":0,"Frozen Egg 2":6,"Bottled Tornado":18}]},"card_choices":[{"not_picked":["beaked:Poke","beaked:Tradeoff","beaked:Negation"],"picked":"SKIP","floor":1},{"not_picked":["beaked:Redirect","beaked:Mantra"],"picked":"beaked:Windmill","floor":3},{"not_picked":["beaked:Pecker","beaked:Cower"],"picked":"beaked:KnowThyFoe","floor":6},{"not_picked":["beaked:Pecker","beaked:StunningBlow","beaked:Cower"],"picked":"SKIP","floor":10},{"not_picked":["beaked:Roost","beaked:RuinSticks"],"picked":"beaked:RitualOfBody+1","floor":11},{"not_picked":["beaked:Daydream","beaked:DesperateSwing","beaked:Poke"],"picked":"SKIP","floor":12},{"not_picked":["ReplayTheSpireMod:RavenHex","beaked:Brace","beaked:TuckingFeathers"],"picked":"SKIP","floor":13},{"not_picked":["beaked:FeelMyPain","beaked:Brainwash","beaked:Tweet"],"picked":"SKIP","floor":14},{"not_picked":["beaked:FullHouse","beaked:WildInstinct"],"picked":"beaked:MachineEssence+1","floor":16},{"not_picked":["beaked:CursingBlood","ReplayTheSpireMod:RavenHex","beaked:TuckingFeathers"],"picked":"SKIP","floor":18}],"player_experience":862930,"relics_obtained":[{"floor":6,"key":"Bottled Tornado"},{"floor":10,"key":"Replay:Ringing Soul"},{"floor":14,"key":"Eternal Feather"}],"event_choices":[{"damage_healed":0,"gold_gain":0,"player_choice":"Obtain J.A.X.","damage_taken":0,"max_hp_gain":0,"max_hp_loss":0,"event_name":"Drug Dealer","floor":19,"gold_loss":0,"cards_obtained":["J.A.X."]}],"is_beta":false,"boss_relics":[{"not_picked":["ReplayTheSpireMod:DimensionalGlitch","Replay:Drink Me"],"picked":"energizedSpire:HugeHouse"}],"items_purged_floors":[],"is_endless":false,"potions_floor_spawned":[10,11,12,13],"killed_by":"2 Thieves","ascension_level":0}}