{"host":"gbsupkmj5cka9iw4","time":1611841056,"event":{"mods":["BaseMod","Better Note","BetterRewards","Minty Spire (QoL Compilation)","Say the Spire","Shop Mod","StSLib"],"gold_per_floor":[109,25,36,36,46,77,152,152,179,194,229,229,268,291,291,411,411,435,435,448,448,78,78,92,92,92],"floor_reached":25,"language":"ENG","playtime":1093,"items_purged":["Defend_B"],"score":494,"play_id":"eeb566de-089e-48ce-94bb-27cda2537c3b","local_time":"20210128223736","is_ascension_mode":true,"campfire_choices":[{"floor":8.0,"key":"REST"},{"floor":15.0,"key":"REST"},{"floor":23,"key":"REST"}],"circlet_count":0,"master_deck":["AscendersBane","Strike_B","Defend_B","Defend_B","Zap","Dualcast","Streamline","Loop","Streamline","FTL","Sweeping Beam","Melter","Cold Snap","Reboot","Glacier","Creative AI","Storm+1","Rip and Tear+1","Scrape+1","Streamline+1","Hologram+1","Lockon","Defragment","Reinforced Body","Defragment","Hologram"],"relics":["Cracked Core","ClockworkSouvenir","Pen Nib","PreservedInsect","Gremlin Horn","Golden Idol","Ginger","Potion Belt","Astrolabe","CultistMask","DollysMirror"],"acts_visited":["Exordium","TheCity"],"potions_floor_usage":[],"damage_taken":[{"damage":2.0,"enemies":"2 Louse","floor":1.0,"turns":2.0},{"damage":5.0,"enemies":"Small Slimes","floor":3.0,"turns":3.0},{"damage":4.0,"enemies":"Jaw Worm","floor":5.0,"turns":3.0},{"damage":30.0,"enemies":"Lagavulin","floor":6.0,"turns":6.0},{"damage":6.0,"enemies":"Looter","floor":10.0,"turns":2.0},{"damage":4.0,"enemies":"Gremlin Nob","floor":11.0,"turns":3.0},{"damage":15.0,"enemies":"3 Sentries","floor":13.0,"turns":4.0},{"damage":38.0,"enemies":"The Guardian","floor":16.0,"turns":14.0},{"damage":15.0,"enemies":"Spheric Guardian","floor":18.0,"turns":5.0},{"damage":37,"enemies":"3 Byrds","floor":20,"turns":6},{"damage":18,"enemies":"Snecko","floor":24,"turns":5},{"damage":13,"enemies":"Slavers","floor":25,"turns":1}],"seed_played":"7161667425656536936","potions_obtained":[{"floor":1.0,"key":"SteroidPotion"},{"floor":3.0,"key":"Dexterity Potion"},{"floor":20,"key":"BlessingOfTheForge"}],"is_trial":false,"path_per_floor":["M","$","M","?","M","E","?","R","T","M","E","?","E","T","R","B",null,"M","?","M","?","$","R","M","E"],"character_chosen":"DEFECT","items_purchased":["ClockworkSouvenir","Loop","Streamline","Defragment","Reinforced Body","DollysMirror"],"campfire_rested":3,"item_purchase_floors":[0,2,2,22,22,22],"current_hp_per_floor":[66,66,61,75,71,41,30,52,52,46,42,42,27,27,47,9,54,39,39,2,2,2,22,4,0,0],"gold":92,"neow_bonus":"","is_daily":false,"chose_seed":false,"campfire_upgraded":0,"win_rate":0.0,"timestamp":1611841056,"path_taken":["M","$","M","?","M","E","?","R","T","M","E","?","E","?","R","BOSS","M","?","?","?","?","R","?","E"],"items_purchased_type":["Relic","Card","Card","Card","Card","Relic"],"build_version":"2020-12-22","purchased_purges":1,"victory":false,"max_hp_per_floor":[75,75,75,75,75,75,75,75,75,75,75,69,69,69,69,69,69,69,69,69,69,69,69,69,69,69],"card_choices":[{"not_picked":["Storm","Melter"],"picked":"Streamline","floor":1.0},{"not_picked":["Steam","Turbo"],"picked":"FTL","floor":3.0},{"not_picked":["Storm","Streamline"],"picked":"Sweeping Beam","floor":5.0},{"not_picked":["Leap","Capacitor"],"picked":"Melter","floor":6.0},{"not_picked":["Gash","Leap"],"picked":"Cold Snap","floor":10.0},{"not_picked":["Turbo","Genetic Algorithm"],"picked":"Reboot","floor":11.0},{"not_picked":["Double Energy","Ball Lightning"],"picked":"Glacier","floor":13.0},{"not_picked":["Core Surge","Echo Form"],"picked":"Creative AI","floor":16.0},{"not_picked":["Rip and Tear","Cold Snap"],"picked":"Streamline+1","floor":18.0},{"not_picked":["Steam+1","Go for the Eyes"],"picked":"Hologram+1","floor":20},{"not_picked":["Blizzard","Cold Snap"],"picked":"Hologram","floor":24}],"player_experience":796647,"relics_obtained":[{"floor":6.0,"key":"Pen Nib"},{"floor":9.0,"key":"PreservedInsect"},{"floor":11.0,"key":"Gremlin Horn"},{"floor":13.0,"key":"Ginger"},{"floor":14.0,"key":"Potion Belt"}],"event_choices":[{"damage_healed":25.0,"max_hp_gain":0.0,"max_hp_loss":0.0,"gold_gain":0.0,"event_name":"Big Fish","player_choice":"Banana","floor":4.0,"gold_loss":0.0,"damage_taken":0.0},{"damage_healed":0.0,"max_hp_gain":0.0,"max_hp_loss":0.0,"gold_gain":75.0,"event_name":"World of Goop","player_choice":"Gather Gold","floor":7.0,"gold_loss":0.0,"damage_taken":11.0},{"damage_healed":0.0,"max_hp_gain":0.0,"max_hp_loss":6.0,"gold_gain":0.0,"event_name":"Golden Idol","player_choice":"Lose Max HP","floor":12.0,"gold_loss":0.0,"damage_taken":0.0,"relics_obtained":["Golden Idol"]},{"damage_healed":0,"gold_gain":0,"player_choice":"Trade","damage_taken":0,"relics_obtained":["CultistMask"],"max_hp_gain":0,"max_hp_loss":0,"event_name":"FaceTrader","floor":19,"gold_loss":0},{"damage_healed":0,"gold_gain":0,"cards_transformed":["Strike_B"],"player_choice":"Transformed","damage_taken":0,"max_hp_gain":0,"max_hp_loss":0,"event_name":"Transmorgrifier","floor":21,"gold_loss":0,"cards_obtained":["Lockon"]}],"is_beta":false,"boss_relics":[{"not_picked":["Fusion Hammer","Busted Crown"],"picked":"Astrolabe"}],"items_purged_floors":[22],"is_endless":false,"potions_floor_spawned":[1,3,6,20],"killed_by":"Slavers","ascension_level":11}}