{"host":"ucgrft0m53zzt06v","time":1611805740,"event":{"mods":["BaseMod","Colored Map","Colored Powertips","Conspire","HololiveMod","KinomotoSakuraMod(木之本樱)","Lobotomy","Minty Spire (QoL Compilation)","Quick Restart","Replay The Spire","RumiaBox-露米娅的神秘盒子","Shop Mod","Spicy Shops","StSLib","Td1madao Mod","The Senshi","Waifu the Spire","WarShipGirlsR/战舰少女R mod"],"gold_per_floor":[109,34,34,34,50,50,67,128,152,152,171,171,181,256,256,360,360,373,383,383,383,403,431,431,431,431],"floor_reached":25,"language":"ZHS","playtime":1133,"items_purged":["rmod:strick"],"score":211,"play_id":"4b1ce640-3a58-48d2-a29a-d1fa27b5d069","local_time":"20210128114900","is_ascension_mode":false,"campfire_choices":[{"data":"rmod:salvage","floor":6,"key":"SMITH"},{"data":"rmod:selfconfidence","floor":10,"key":"SMITH"},{"data":"rmod:expedition","floor":12,"key":"SMITH"},{"data":"rmod:expedition+1","floor":15,"key":"SMITH"},{"data":"rmod:chargemoney","floor":24,"key":"SMITH"}],"circlet_count":0,"master_deck":["rmod:strick","rmod:strick+1","rmod:strick","rmod:defend","rmod:defend","rmod:defend+1","rmod:basicallowance+1","rmod:maingunfire+1","rmod:luckystar","rmod:salvage+1","rmod:fletcherpendant+1","rmod:selfconfidence+1","rmod:heivgo+1","rmod:expedition+2","rmod:fletcherpendant","rmod:advancebysurprise","rmod:fletcher","rmod:desperatesituation","rmod:intelligenceanalysis","rmod:chargemoney+1","rmod:lonelyqueen","rmod:fletcherpendant+1"],"relics":["rmod:firstchargereward","conspire:TopHat","War Paint","Painkiller Herb","Whetstone"],"acts_visited":["Exordium","TheCity"],"potions_floor_usage":[8,16,25],"damage_taken":[{"damage":1,"enemies":"Small Slimes","floor":1,"turns":4},{"damage":0,"enemies":"Jaw Worm","floor":5,"turns":3},{"damage":0,"enemies":"Cultist","floor":7,"turns":2},{"damage":9,"enemies":"Gremlin Nob","floor":8,"turns":3},{"damage":0,"enemies":"Large Slime","floor":11,"turns":2},{"damage":0,"enemies":"Exordium Wildlife","floor":13,"turns":2},{"damage":26,"enemies":"Hexaghost","floor":16,"turns":8},{"damage":5,"enemies":"Chosen","floor":18,"turns":3},{"damage":14,"enemies":"Shell Parasite","floor":19,"turns":4},{"damage":0,"enemies":"Snecko","floor":22,"turns":3},{"damage":29,"enemies":"Book of Stabbing","floor":23,"turns":6},{"damage":3,"enemies":"Slavers","floor":25,"turns":1}],"seed_played":"-8722063853743956821","potions_obtained":[{"floor":7,"key":"Toxic Potion"},{"floor":11,"key":"Regen Potion"},{"floor":13,"key":"Fire Potion"},{"floor":19,"key":"SteroidPotion"}],"is_trial":false,"path_per_floor":["M","$","?","?","M","R","M","?","T","R","M","R","M","?","R","B",null,"?","?","?","?","?","E","T","E"],"character_chosen":"PRAEFECT","items_purchased":[],"campfire_rested":0,"item_purchase_floors":[],"current_hp_per_floor":[74,74,74,74,74,74,74,65,65,65,65,65,65,54,54,43,75,70,56,56,56,56,27,27,24,24],"gold":431,"neow_bonus":"UPGRADE_CARD","is_daily":false,"chose_seed":false,"campfire_upgraded":5,"win_rate":0.0,"timestamp":1611805740,"path_taken":["M","$","?","?","?","R","M","?","T","R","M","R","M","?","R","BOSS","?","?","?","?","?","E","T","E"],"items_purchased_type":[],"build_version":"2020-12-22","purchased_purges":1,"victory":false,"max_hp_per_floor":[75,75,75,75,75,75,75,75,75,75,75,75,75,75,75,75,75,75,75,75,75,75,75,75,75,75],"card_choices":[{"not_picked":["rmod:unsinkable","rmod:aggressivemary"],"picked":"rmod:luckystar","floor":1},{"not_picked":["rmod:ammunitionsupply","rmod:steelsupply"],"picked":"rmod:salvage","floor":5},{"not_picked":["rmod:spoils","rmod:supportescort"],"picked":"rmod:selfconfidence","floor":7},{"not_picked":["rmod:unsinkable","rmod:fletcherpendant"],"picked":"rmod:heivgo","floor":8},{"not_picked":["rmod:ammunitionsupply","rmod:aggressivemary"],"picked":"rmod:expedition","floor":11},{"not_picked":["rmod:timeschanged","rmod:ammunitionsupply"],"picked":"rmod:advancebysurprise","floor":13},{"not_picked":["rmod:timeschanged","rmod:abidefaith"],"picked":"rmod:desperatesituation","floor":16},{"not_picked":["rmod:fletcherpendant+1","rmod:aviationdawn"],"picked":"rmod:intelligenceanalysis","floor":18},{"not_picked":["rmod:spoils+1","rmod:punchline"],"picked":"rmod:chargemoney","floor":19},{"not_picked":["rmod:diamondstrike","rmod:rockthrower"],"picked":"rmod:lonelyqueen","floor":22},{"not_picked":["rmod:intelligenceanalysis","rmod:ring","rmod:capitalist"],"picked":"SKIP","floor":23}],"player_experience":93376,"relics_obtained":[{"floor":9,"key":"War Paint"},{"floor":23,"key":"Whetstone"}],"event_choices":[{"damage_healed":0,"gold_gain":0,"player_choice":"Ignored","damage_taken":0,"max_hp_gain":0,"max_hp_loss":0,"event_name":"NoteForYourself","floor":4,"gold_loss":0},{"damage_healed":0,"gold_gain":30,"player_choice":"Searched \u00273\u0027 times","damage_taken":0,"relics_obtained":["conspire:TopHat"],"max_hp_gain":0,"max_hp_loss":0,"event_name":"Dead Adventurer","floor":8,"gold_loss":0},{"damage_healed":0,"gold_gain":75,"player_choice":"Gather Gold","damage_taken":11,"max_hp_gain":0,"max_hp_loss":0,"event_name":"World of Goop","floor":14,"gold_loss":0},{"damage_healed":0,"gold_gain":0,"player_choice":"Ignored","damage_taken":0,"max_hp_gain":0,"max_hp_loss":0,"event_name":"Ghosts","floor":20,"gold_loss":0},{"damage_healed":0,"gold_gain":0,"player_choice":"Ignored","damage_taken":0,"max_hp_gain":0,"max_hp_loss":0,"event_name":"Vampires","floor":21,"gold_loss":0}],"is_beta":false,"boss_relics":[{"not_picked":["Hololive_TopUpMoneyS","Replay:Drink Me"],"picked":"Painkiller Herb"}],"items_purged_floors":[2],"is_endless":false,"potions_floor_spawned":[7,11,13,19],"killed_by":"Slavers","ascension_level":0}}