{"host":"zrerxgu8lagrk16e","time":1611876999,"event":{"mods":["AchievementEnabler","BaseMod","Colored Map","Colored Powertips","Minty Spire (QoL Compilation)","Quick Restart","Relic Stats","StSLib","slay the spire mod where everything is the same but ironclad has a cowboy hat"],"gold_per_floor":[16,34,51,65,132,132,132,157,157,175,175,208,17,55,55,159,159,172,190,190,217,217,247,247,315,315,315,171,247,162,6,15,15,15],"floor_reached":33,"language":"ENG","playtime":2008,"items_purged":[],"score":380,"play_id":"743690d3-197c-493c-a4d0-41a79002bb42","local_time":"20210128183639","is_ascension_mode":true,"campfire_choices":[{"data":"Berserk","floor":6.0,"key":"SMITH"},{"data":"Feed","floor":11.0,"key":"SMITH"},{"data":"HandOfGreed","floor":15.0,"key":"SMITH"},{"data":"Entrench","floor":24,"key":"SMITH"},{"floor":32,"key":"REST"}],"circlet_count":0,"master_deck":["Bash","Feed+1","Thunderclap","Rage","Berserk+1","Heavy Blade","True Grit","Twin Strike","Twin Strike","HandOfGreed+1","Flex","Juggernaut","Demon Form","Inflame","Disarm","Evolve","Perfected Strike","Sever Soul","Flame Barrier","Barricade","Clothesline","Flex","Spot Weakness","Entrench+1","Anger","Anger","Shrug It Off","Double Tap"],"relics":["Burning Blood","Pocketwatch","HornCleat","Oddly Smooth Stone","Pandora\u0027s Box","Lantern","Dream Catcher","GremlinMask","Pen Nib","CeramicFish","Ornamental Fan","Regal Pillow"],"acts_visited":["Exordium","TheCity"],"potions_floor_usage":[23,29],"damage_taken":[{"damage":5.0,"enemies":"Cultist","floor":1.0,"turns":4.0},{"damage":4.0,"enemies":"Jaw Worm","floor":2.0,"turns":4.0},{"damage":6.0,"enemies":"Small Slimes","floor":3.0,"turns":3.0},{"damage":11.0,"enemies":"2 Fungi Beasts","floor":4.0,"turns":3.0},{"damage":35.0,"enemies":"Gremlin Nob","floor":8.0,"turns":5.0},{"damage":0.0,"enemies":"Exordium Wildlife","floor":10.0,"turns":3.0},{"damage":20.0,"enemies":"3 Sentries","floor":12.0,"turns":5.0},{"damage":0.0,"enemies":"3 Louse","floor":14.0,"turns":3.0},{"damage":60.0,"enemies":"Hexaghost","floor":16.0,"turns":11.0},{"damage":32.0,"enemies":"3 Byrds","floor":18.0,"turns":6.0},{"damage":21.0,"enemies":"Chosen","floor":19.0,"turns":6.0},{"damage":43,"enemies":"Gremlin Leader","floor":23,"turns":8},{"damage":54,"enemies":"Shelled Parasite and Fungi","floor":25,"turns":7},{"damage":16,"enemies":"Cultist and Chosen","floor":29,"turns":6},{"damage":64,"enemies":"Collector","floor":33,"turns":5}],"seed_played":"9142000412012074418","potions_obtained":[{"floor":2.0,"key":"Regen Potion"},{"floor":3.0,"key":"Strength Potion"},{"floor":8.0,"key":"Energy Potion"},{"floor":12.0,"key":"DuplicationPotion"},{"floor":14.0,"key":"ColorlessPotion"},{"floor":16.0,"key":"Regen Potion"},{"floor":18.0,"key":"Explosive Potion"},{"floor":25,"key":"ElixirPotion"}],"is_trial":false,"path_per_floor":["M","M","M","M","?","R","?","E","T","M","R","E","$","M","R","B",null,"M","M","?","T","?","E","R","M","T","?","$","M","?","$","R","B"],"character_chosen":"IRONCLAD","items_purchased":["HandOfGreed","Anger","SteroidPotion","FearPotion","Regal Pillow"],"campfire_rested":1,"item_purchase_floors":[13,28,28,28,31],"current_hp_per_floor":[83,86,89,87,87,87,87,58,58,67,67,57,57,67,67,17,107,85,108,108,108,108,71,71,23,23,23,23,13,13,13,61,0,0],"gold":15,"neow_bonus":"THREE_RARE_CARDS","is_daily":false,"chose_seed":false,"campfire_upgraded":4,"win_rate":0.0,"timestamp":1611876999,"path_taken":["M","?","M","M","?","R","?","E","T","?","R","E","$","M","R","BOSS","M","M","?","?","?","E","R","?","T","?","$","?","?","?","R","BOSS"],"items_purchased_type":["Card","Card","Potion","Potion","Relic"],"build_version":"2020-12-22","purchased_purges":0,"victory":false,"max_hp_per_floor":[83,86,89,92,92,92,92,92,92,95,95,99,99,103,103,107,107,111,111,111,111,111,111,111,111,111,111,111,111,111,111,111,111,111],"relic_stats":{"Dream Catcher":1,"Regal Pillow":15,"counters":[15,79],"Ornamental Fan":[4],"CeramicFish":27,"Pandora\u0027s Box":["Demon Form","Inflame","Disarm","Evolve","Perfected Strike","Sever Soul","Flame Barrier","Barricade","Clothesline"],"Pen Nib":[2],"obtain_stats":[{"Lantern":20,"Dream Catcher":21,"Regal Pillow":31,"HornCleat":8,"Ornamental Fan":30,"CeramicFish":26,"Oddly Smooth Stone":12,"Pandora\u0027s Box":17,"GremlinMask":22,"Pen Nib":23,"Burning Blood":0,"Pocketwatch":7},{"Lantern":11,"Dream Catcher":11,"Regal Pillow":14,"HornCleat":5,"Ornamental Fan":14,"CeramicFish":13,"Oddly Smooth Stone":7,"Pandora\u0027s Box":9,"GremlinMask":11,"Pen Nib":12,"Burning Blood":0,"Pocketwatch":4},{"Lantern":53,"Dream Catcher":53,"Regal Pillow":74,"HornCleat":19,"Ornamental Fan":74,"CeramicFish":68,"Oddly Smooth Stone":27,"Pandora\u0027s Box":41,"GremlinMask":53,"Pen Nib":61,"Burning Blood":0,"Pocketwatch":14}],"Burning Blood":81,"Pocketwatch":[93]},"card_choices":[{"not_picked":["Impervious","Fiend Fire"],"picked":"Feed","floor":0.0},{"not_picked":["Cleave","Perfected Strike"],"picked":"Thunderclap","floor":1.0},{"not_picked":["Sentinel","Clash"],"picked":"Rage","floor":2.0},{"not_picked":["Sword Boomerang","Entrench"],"picked":"Berserk","floor":3.0},{"not_picked":["True Grit","Intimidate"],"picked":"Heavy Blade","floor":4.0},{"not_picked":["Brutality","Uppercut"],"picked":"True Grit","floor":8.0},{"not_picked":["Second Wind","Headbutt"],"picked":"Twin Strike","floor":10.0},{"not_picked":["Searing Blow","Cleave"],"picked":"Twin Strike","floor":12.0},{"not_picked":["Heavy Blade","Perfected Strike"],"picked":"Flex","floor":14.0},{"not_picked":["Bludgeon","Corruption"],"picked":"Juggernaut","floor":16.0},{"not_picked":["Shrug It Off","Armaments+1"],"picked":"Flex","floor":18.0},{"not_picked":["Body Slam+1","Sever Soul+1"],"picked":"Spot Weakness","floor":19.0},{"not_picked":["Fire Breathing","Wild Strike"],"picked":"Entrench","floor":23},{"not_picked":["Body Slam+1","Searing Blow"],"picked":"Anger","floor":25},{"not_picked":["Rupture","Headbutt+1"],"picked":"Shrug It Off","floor":29},{"not_picked":["Pommel Strike","Armaments"],"picked":"Double Tap","floor":32}],"player_experience":185053,"relics_obtained":[{"floor":7.0,"key":"Pocketwatch"},{"floor":8.0,"key":"HornCleat"},{"floor":12.0,"key":"Oddly Smooth Stone"},{"floor":21.0,"key":"Dream Catcher"},{"floor":23,"key":"Pen Nib"},{"floor":26,"key":"CeramicFish"}],"event_choices":[{"damage_healed":0.0,"max_hp_gain":0.0,"max_hp_loss":0.0,"gold_gain":67.0,"event_name":"Golden Wing","player_choice":"Gained Gold","floor":5.0,"gold_loss":0.0,"damage_taken":0.0},{"damage_healed":0.0,"max_hp_gain":0.0,"max_hp_loss":0.0,"gold_gain":0.0,"event_name":"Wheel of Change","player_choice":"Relic","floor":7.0,"gold_loss":0.0,"damage_taken":0.0},{"damage_healed":0.0,"max_hp_gain":0.0,"max_hp_loss":0.0,"gold_gain":0.0,"event_name":"The Mausoleum","player_choice":"Opened","floor":20.0,"gold_loss":0.0,"damage_taken":0.0,"relics_obtained":["Lantern"],"cards_obtained":["Writhe"]},{"damage_healed":0.0,"max_hp_gain":0.0,"max_hp_loss":0.0,"gold_gain":0.0,"event_name":"FaceTrader","player_choice":"Trade","floor":22.0,"gold_loss":0.0,"damage_taken":0.0,"relics_obtained":["GremlinMask"]},{"cards_removed":["Writhe"],"damage_healed":0,"gold_gain":0,"player_choice":"Purged","damage_taken":0,"max_hp_gain":0,"max_hp_loss":0,"event_name":"Purifier","floor":27,"gold_loss":0},{"damage_healed":0,"gold_gain":0,"player_choice":"Obtained Relic","damage_taken":0,"relics_obtained":["Ornamental Fan"],"max_hp_gain":0,"max_hp_loss":0,"event_name":"Addict","floor":30,"gold_loss":85}],"is_beta":false,"boss_relics":[{"not_picked":["Black Blood","Sozu"],"picked":"Pandora\u0027s Box"}],"items_purged_floors":[],"is_endless":false,"potions_floor_spawned":[2,3,8,12,14,16,18,25],"killed_by":"Collector","ascension_level":4}}