{"host":"qrt7o4dq2qslzw13","time":1611862462,"event":{"mods":["BaseMod","Colored Map","Colored Powertips","Minty Spire (QoL Compilation)","Quick Restart","Replay The Spire","Shop Mod","StSLib","SuperFastMode"],"gold_per_floor":[117,117,136,154,173,200,200,235,285,285,285,285],"floor_reached":11,"language":"ENG","playtime":255,"items_purged":[],"score":129,"play_id":"64942ed0-3f21-4a81-8f1c-020a6dd6168b","local_time":"20210128143422","is_ascension_mode":true,"campfire_choices":[{"floor":7,"key":"REST"},{"floor":10,"key":"REST"}],"circlet_count":0,"master_deck":["AscendersBane","Strike_G","Strike_G","Strike_G","Strike_G+1","Strike_G","Defend_G","Defend_G","Defend_G","Defend_G","Defend_G","Survivor","Neutralize","Finisher","Cloak And Dagger","Distraction","Adrenaline","Flechettes","Endless Agony"],"relics":["HoveringKite","Tiny Chest","Garlic","Gremlin Food"],"acts_visited":["Exordium"],"potions_floor_usage":[5,6,8],"damage_taken":[{"damage":9.0,"enemies":"2 Louse","floor":1.0,"turns":3.0},{"damage":0.0,"enemies":"Cultist","floor":3.0,"turns":3.0},{"damage":1.0,"enemies":"Small Slimes","floor":4.0,"turns":3.0},{"damage":0,"enemies":"3 Louse","floor":5,"turns":4},{"damage":29,"enemies":"Lagavulin","floor":6,"turns":6},{"damage":34,"enemies":"3 Sentries","floor":8,"turns":11},{"damage":44,"enemies":"Gremlin Nob","floor":11,"turns":4}],"seed_played":"8108976850489375915","potions_obtained":[{"floor":2.0,"key":"Adrenaline Potion"},{"floor":2.0,"key":"Cursed Concoction"},{"floor":3.0,"key":"SkillPotion"},{"floor":4.0,"key":"LiquidMemories"},{"floor":6,"key":"PowerPotion"}],"is_trial":false,"path_per_floor":["M","?","M","M","M","E","R","E","T","R","E"],"character_chosen":"THE_SILENT","items_purchased":[],"campfire_rested":2,"item_purchase_floors":[],"current_hp_per_floor":[54,54,54,53,53,24,45,11,11,32,0,0],"gold":285,"neow_bonus":"BOSS_RELIC","is_daily":false,"chose_seed":false,"campfire_upgraded":0,"win_rate":0.0,"timestamp":1611862462,"path_taken":["M","?","M","M","?","E","R","E","T","R","E"],"items_purchased_type":[],"build_version":"2020-12-22","purchased_purges":0,"victory":false,"max_hp_per_floor":[70,70,70,70,70,70,70,70,70,70,70,70],"card_choices":[{"not_picked":["Slice","Escape Plan"],"picked":"Finisher","floor":1.0},{"not_picked":["Backstab","Dagger Spray"],"picked":"Cloak And Dagger","floor":3.0},{"not_picked":["Backflip","Dagger Throw"],"picked":"Distraction","floor":4.0},{"not_picked":["Dodge and Roll","Backflip"],"picked":"Adrenaline","floor":5},{"not_picked":["Draining Mist","ReplayTheSpireMod:Exploit Weakness"],"picked":"Flechettes","floor":6},{"not_picked":["Wraith Form v2","Slice"],"picked":"Endless Agony","floor":8}],"player_experience":604095,"relics_obtained":[{"floor":6,"key":"Tiny Chest"},{"floor":8,"key":"Garlic"},{"floor":9,"key":"Gremlin Food"}],"event_choices":[{"damage_healed":0.0,"max_hp_gain":0.0,"max_hp_loss":0.0,"gold_gain":0.0,"event_name":"Lab","player_choice":"Got Potions","floor":2.0,"gold_loss":0.0,"damage_taken":0.0}],"is_beta":false,"boss_relics":[],"items_purged_floors":[],"is_endless":false,"potions_floor_spawned":[3,4,6],"killed_by":"Gremlin Nob","ascension_level":11}}