{"host":"pdsyh71gl8fwuuoe","time":1611798282,"event":{"mods":["AchievementEnabler","Act Like it!","BaseMod","Bestiary","Colored Powertips","Curses Come First","Custom Start","Highlight Path","Minty Spire (QoL Compilation)","Quick Restart","Relic Stats","StSLib","TheSurvivalist"],"gold_per_floor":[114,114,13,13,26,26,41,41,41],"floor_reached":8,"language":"ENG","playtime":466,"items_purged":["survmod:Marksmanship"],"score":46,"play_id":"cc29fdc4-adec-43c5-94f2-e3a22b05b66e","local_time":"20210127204442","is_ascension_mode":false,"campfire_choices":[{"data":"survmod:FlareQuiver","floor":6,"key":"SMITH"}],"circlet_count":0,"master_deck":["survmod:VersatileOffense","survmod:Sprint","survmod:Camouflage","survmod:CloseCall","survmod:MutantForm","survmod:FocusedFire","survmod:FindCover","survmod:CloseCall","survmod:AcidTrap","survmod:SimpleMutation","survmod:PiercingShot","survmod:FlareQuiver+1","survmod:MarkTrap"],"relics":["Pandora\u0027s Box"],"acts_visited":["Exordium"],"potions_floor_usage":[],"damage_taken":[{"damage":3,"enemies":"Small Slimes","floor":1,"turns":5},{"damage":3,"enemies":"2 Louse","floor":5,"turns":2},{"damage":10,"enemies":"Cultist","floor":7,"turns":7},{"damage":35,"enemies":"3 Sentries","floor":8,"turns":6}],"seed_played":"4578537881418369683","potions_obtained":[{"floor":1,"key":"Swift Potion"}],"is_trial":false,"path_per_floor":["M","?","$","?","M","R","M","E"],"character_chosen":"THE_SURVIVOR","items_purchased":["survmod:SimpleMutation"],"campfire_rested":0,"item_purchase_floors":[3],"current_hp_per_floor":[47,47,47,47,44,44,34,0,0],"gold":41,"neow_bonus":"BOSS_RELIC","is_daily":false,"chose_seed":false,"campfire_upgraded":1,"win_rate":0.0,"timestamp":1611798282,"path_taken":["M","?","$","?","M","R","M","E"],"items_purchased_type":["Card"],"build_version":"2020-12-22","purchased_purges":1,"victory":false,"max_hp_per_floor":[50,50,50,50,50,50,50,50,50],"relic_stats":{"counters":[4,20],"Pandora\u0027s Box":["survmod:Camouflage","survmod:CloseCall","survmod:MutantForm","survmod:FocusedFire","survmod:Marksmanship","survmod:FindCover","survmod:CloseCall","survmod:AcidTrap"],"obtain_stats":[{"Pandora\u0027s Box":0,"survmod:InnateMutation":0},{"Pandora\u0027s Box":0,"survmod:InnateMutation":0},{"Pandora\u0027s Box":0,"survmod:InnateMutation":0}]},"card_choices":[{"not_picked":["survmod:TakeAim","survmod:TwinShot","survmod:FlashbangTrap"],"picked":"SKIP","floor":1},{"not_picked":["survmod:GoForFace","survmod:FlashbangTrap"],"picked":"survmod:FlareQuiver","floor":5},{"not_picked":["survmod:SwiftKick","survmod:RejectWeakness"],"picked":"survmod:MarkTrap","floor":7}],"player_experience":540056,"relics_obtained":[],"event_choices":[{"damage_healed":0,"gold_gain":0,"player_choice":"Ignored","damage_taken":0,"max_hp_gain":0,"max_hp_loss":0,"event_name":"Liars Game","floor":2,"gold_loss":0},{"damage_healed":0,"gold_gain":0,"player_choice":"1 cards matched","damage_taken":0,"max_hp_gain":0,"max_hp_loss":0,"event_name":"Match and Keep!","floor":4,"gold_loss":0,"cards_obtained":["survmod:PiercingShot"]}],"is_beta":false,"boss_relics":[],"items_purged_floors":[3],"is_endless":false,"potions_floor_spawned":[1],"killed_by":"3 Sentries","ascension_level":0}}