{"host":"hxmfoq77054plnuw","time":1611807474,"event":{"mods":["BaseMod","Colored Map","Colored Powertips","Downfall","Highlight Path","Minty Spire (QoL Compilation)","Quick Restart","Replay The Spire","Shop Mod","StSLib","SuperFastMode","[功能]功能增强和修复MOD","【遗物卡牌】REMEMod","篝火指南"],"gold_per_floor":[99,111,111,126,21,6,6,6,35,53,53,53,53],"floor_reached":11,"language":"ZHS","playtime":551,"items_purged":["Pain","Writhe","bronze:Strike","bronze:Strike","bronze:Strike","bronze:Strike"],"score":61,"play_id":"302f957c-83f6-422c-a216-2131dabaefbe","local_time":"20210128051754","is_ascension_mode":false,"campfire_choices":[{"floor":1,"key":"RECALL"},{"data":"bronze:HyperBeam","floor":8,"key":"SMITH"}],"circlet_count":0,"master_deck":["bronze:Defend","bronze:Defend","bronze:Defend","bronze:Defend","bronze:Replicate","bronze:Goto","bronze:HyperBeam+1","bronze:HardenedForm","bronze:Shell","bronze:DelayedSlice","bronze:Overheat","bronze:Boost","bronze:Boost","bronze:CloningBeam"],"relics":["bronze:BronzeCore","REME_ComplimentaryCards","WarpedTongs","Odd Mushroom"],"acts_visited":["Exordium"],"potions_floor_usage":[],"damage_taken":[{"damage":1,"enemies":"Cultist","floor":2,"turns":4},{"damage":16,"enemies":"Small Slimes","floor":4,"turns":5},{"damage":5,"enemies":"downfall:FleeingMerchant","floor":5,"turns":4},{"damage":0,"enemies":"downfall:FleeingMerchant","floor":6,"turns":4},{"damage":21,"enemies":"The Mushroom Lair","floor":9,"turns":4},{"damage":0,"enemies":"Jaw Worm","floor":10,"turns":3},{"damage":0,"enemies":"Lagavulin","floor":11,"turns":3}],"seed_played":"3416084677247373401","potions_obtained":[{"floor":2,"key":"SpeedPotion"},{"floor":9,"key":"Flashbang"}],"is_trial":false,"path_per_floor":["R","M","?","M","$","$","T","R","?","M","E"],"character_chosen":"THE_AUTOMATON","items_purchased":["bronze:Boost"],"campfire_rested":0,"item_purchase_floors":[5],"current_hp_per_floor":[70,69,69,53,48,48,48,48,27,27,27,27,27],"gold":53,"neow_bonus":"THREE_RARE_CARDS","is_daily":false,"chose_seed":false,"campfire_upgraded":1,"win_rate":0.0,"timestamp":1611807474,"path_taken":["R","M","?","?","?","$","T","R","?","M","E"],"items_purchased_type":["Card"],"build_version":"2020-12-22","purchased_purges":6,"victory":false,"max_hp_per_floor":[70,70,70,70,70,70,70,70,70,70,70,70,70],"card_choices":[{"not_picked":["bronze:BurnOut","bronze:Verify"],"picked":"bronze:HyperBeam","floor":0},{"not_picked":["bronze:CutThrough","bronze:Flail"],"picked":"bronze:Shell","floor":2},{"not_picked":["bronze:FineTuning","bronze:Turbo"],"picked":"bronze:DelayedSlice","floor":4},{"not_picked":["bronze:Deprecate","bronze:Frontload"],"picked":"bronze:Overheat","floor":5},{"not_picked":["bronze:CutThrough","bronze:WhirlingStrike","bronze:WildBeam"],"picked":"SKIP","floor":6},{"not_picked":["bronze:Return","bronze:BitShift"],"picked":"bronze:CloningBeam","floor":10}],"player_experience":334663,"relics_obtained":[{"floor":9,"key":"Odd Mushroom"}],"event_choices":[{"damage_healed":0,"gold_gain":0,"player_choice":"Fought Mushrooms","damage_taken":0,"max_hp_gain":0,"max_hp_loss":0,"event_name":"Mushrooms","floor":9,"gold_loss":0}],"is_beta":false,"boss_relics":[],"items_purged_floors":[5,5,5,5,5,5],"is_endless":false,"potions_floor_spawned":[2,9],"killed_by":"Lagavulin","ascension_level":0}}