{"host":"95ip98gf8c4vrv08","time":1611836089,"event":{"mods":["100% Spire Juice","ATMod(??Mod)","Arknights The Spire","BaseMod","Lobotomy","LobotomyExtend","Minty Spire (QoL Compilation)","Quick Restart","Reimu??????","Relic Stats","Reliquary","Replay The Spire","Spicy Shops","StSLib","The Bug Knight","??????REMEMod","????"],"gold_per_floor":[116,116,126,3,278,303,330,347,347,364,314,314,442,442,442,544,544,555,45,45,29,46,46,171,171,198,198,73,73,103,116,116,317,317,331,385,385,385,143,272,272,401,401,463,463,35,35,35,35,339,339,359,359,384,46,46,176,176,186,232,192,77,410,423,423,423,619,619,637,637,78,91,91,223,223,353,486,125,254,254,26,41,41,242,292,303,203,0,15,15,15,141,141,275,275,275,575,157,175,175,175,175],"floor_reached":101,"language":"ZHS","playtime":4724,"items_purged":["Regret","Regret","Regret","Forethought","REME_FirmDetermination+1","Shame","Decay"],"score":2379,"play_id":"8cdf46d7-5cee-44fa-b56f-92fdb919b504","local_time":"20210128201449","daily_mods":["Specialized","Colorless Cards","Heirloom","Time Dilation","Flight","Binary"],"is_ascension_mode":false,"campfire_choices":[{"data":"REME_FirmDetermination","floor":12.0,"key":"SMITH"},{"data":"AT_EmpoweredMortalDraw","floor":15.0,"key":"SMITH"},{"data":"ats:Part Time Job","floor":23.0,"key":"SMITH"},{"data":"Apotheosis","floor":25.0,"key":"SMITH"},{"data":"ats:Assault Order","floor":29.0,"key":"SMITH"},{"floor":32.0,"key":"DIG"},{"data":"ats:Composite Medical Shells","floor":41.0,"key":"SMITH"},{"data":"ats:Emotion Absorption","floor":45.0,"key":"SMITH"},{"data":"ats:Apocalypse","floor":49.0,"key":"SMITH"},{"data":"ats:Revitalization","floor":58.0,"key":"SMITH"},{"data":"ats:Sashimi Platter","floor":66.0,"key":"SMITH"},{"data":"Panacea","floor":80,"key":"SMITH"},{"data":"ats:Shell Defense","floor":83,"key":"SMITH"}],"circlet_count":0,"master_deck":["ats:Strike G+1","ats:Strike S+1","ats:Armor Crushing Shot","ats:Defend+1","ats:Defend+1","ats:Defend+1","ats:Defend+1","ats:Emotion Absorption+1","Forethought","Forethought","Forethought","Forethought+1","ats:Revitalization+1","ats:Blood Oath+1","Panacea+1","Apotheosis+1","ats:Assault Order+1","ats:Part Time Job+1","ats:Directed Diagnosis+1","ats:Absolute Focus","Madness+1","Madness","ats:Shell Defense+1","ats:Composite Medical Shells+1","ats:Apocalypse+1","ats:Apocalypse+1","ats:Very Hot Blade","Specialist+1","ats:Healing Drone","ats:Sashimi Platter+1","Writhe","ats:Composite Medical Shells+1","Iron Wave","ats:Revitalization+1","ats:Healing Strengthening+1","Madness","Madness"],"relics":["Unceasing Top","Busted Crown","REME_ComplimentaryCards","AT_ATBox","replay:Trail_Library","Pocketwatch","ats:Originium","Orichalcum","LetterFromLob","AT_TheCollector","Meat on the Bone","REME_HandOfSuture","ChewingGum","Bronze Scales","AT_SunfireAegis","ReplayTheSpireMod:CursedCoin","reliquary:TatteredRug","Pet Ghost","ats:Industrial Water Cannon","reliquary:PorcupineQuills","Ice Cream","PreservedInsect","SlaversCollar","Pondfish Scales","REME_LimitBreaker","Juzu Bracelet","ats:Hidden Killer","Prayer Wheel","Prayer Wheel","reliquary:QuartzCube","Akabeko","Blood Vial","Lee\u0027s Waffle","Oddly Smooth Stone","BargainBundle","LaetitiaHeart","REME_ChargedStone","replay:Trail_Library","Odd Mushroom","Shuriken","Lantern","PaintedHorse:ReiMu","Happy Flower","reliquary:Knoch","Kintsugi","DollysMirror","AT_ForceNature","reliquary:Stiletto","HollowMod:StagPassRelic","Replay:Wax Seal","REME_PuzzleBoxRelic","reliquary:ExpiredCoupon","Medical Kit","reliquary:BrokenClock","reliquary:Boomerang","Tiny House","reliquary:Buckler","AT_BellDemon","Cauldron","Red Mask","Chameleon Ring","Replay:Baseball","HollowMod:LifeEnderRelic","Chemical X","reliquary:IridiumChain","reliquary:Aerogel"],"acts_visited":["Exordium","TheCity","TheBeyond","Exordium","TheCity","TheBeyond"],"potions_floor_usage":[92,92,94,94,101,101],"damage_taken":[{"damage":0.0,"enemies":"Small Slimes","floor":1.0,"turns":2.0},{"damage":0.0,"enemies":"Cultist","floor":3.0,"turns":2.0},{"damage":28.0,"enemies":"Lagavulin","floor":6.0,"turns":4.0},{"damage":7.0,"enemies":"3 Sentries","floor":7.0,"turns":3.0},{"damage":1.0,"enemies":"2 Louse","floor":8.0,"turns":2.0},{"damage":17.0,"enemies":"Gremlin Gang","floor":10.0,"turns":3.0},{"damage":21.0,"enemies":"Lagavulin","floor":13.0,"turns":5.0},{"damage":16.0,"enemies":"Fading Forest","floor":16.0,"turns":11.0},{"damage":23.0,"enemies":"Shell Parasite","floor":18.0,"turns":5.0},{"damage":5.0,"enemies":"2 Thieves","floor":22.0,"turns":2.0},{"damage":39.0,"enemies":"Slavers","floor":24.0,"turns":4.0},{"damage":9.0,"enemies":"REME_1_Revenger","floor":30.0,"turns":3.0},{"damage":8.0,"enemies":"Cultist and Chosen","floor":31.0,"turns":1.0},{"damage":0.0,"enemies":"Pondfish","floor":33.0,"turns":5.0},{"damage":5.0,"enemies":"Orb Walker","floor":35.0,"turns":3.0},{"damage":33.0,"enemies":"2 Orb Walkers","floor":36.0,"turns":3.0},{"damage":0.0,"enemies":"Giant Head","floor":40.0,"turns":4.0},{"damage":17.0,"enemies":"Reptomancer","floor":42.0,"turns":3.0},{"damage":29.0,"enemies":"Replay:Hell Engine","floor":50.0,"turns":6.0},{"damage":0.0,"enemies":"Cultist","floor":52.0,"turns":1.0},{"damage":0.0,"enemies":"The Mushroom Lair","floor":54.0,"turns":2.0},{"damage":0.0,"enemies":"Lagavulin","floor":57.0,"turns":2.0},{"damage":0.0,"enemies":"Small Slimes","floor":59.0,"turns":2.0},{"damage":0.0,"enemies":"3 Sentries","floor":63.0,"turns":3.0},{"damage":0.0,"enemies":"2 Louse","floor":64.0,"turns":2.0},{"damage":48.0,"enemies":"Hexaghost","floor":67.0,"turns":4.0},{"damage":8,"enemies":"Chosen","floor":69,"turns":2},{"damage":0,"enemies":"Spheric Guardian","floor":72,"turns":1},{"damage":0,"enemies":"Gremlin Leader","floor":74,"turns":3},{"damage":7,"enemies":"Slavers","floor":76,"turns":2},{"damage":22,"enemies":"Book of Stabbing","floor":77,"turns":3},{"damage":0,"enemies":"HollowMod:Nosk","floor":79,"turns":2},{"damage":0,"enemies":"Shelled Parasite and Fungi","floor":82,"turns":3},{"damage":26,"enemies":"Automaton","floor":84,"turns":4},{"damage":0,"enemies":"3 Darklings","floor":86,"turns":2},{"damage":0,"enemies":"Orb Walker","floor":89,"turns":1},{"damage":68,"enemies":"Giant Head","floor":92,"turns":3},{"damage":0,"enemies":"Nemesis","floor":94,"turns":2},{"damage":0,"enemies":"Writhing Mass","floor":99,"turns":2},{"damage":116,"enemies":"Awakened One","floor":101,"turns":2}],"seed_played":"3311285715689703704","potions_obtained":[{"floor":3.0,"key":"Dexterity Potion"},{"floor":6.0,"key":"GrandPatriotsElixir:ReiMu"},{"floor":8.0,"key":"SkillPotion"},{"floor":10.0,"key":"Adrenaline Potion"},{"floor":13.0,"key":"SmokeBomb"},{"floor":24.0,"key":"ColorlessPotion"},{"floor":44.0,"key":"Regen Potion"},{"floor":44.0,"key":"GrandPatriotsElixir:ReiMu"},{"floor":44.0,"key":"MagicPotion:ReiMu"},{"floor":52.0,"key":"Block Potion"},{"floor":54.0,"key":"SkillPotion"},{"floor":59.0,"key":"ZuzhouPotion:ReiMu"},{"floor":69,"key":"MagicPotion:ReiMu"},{"floor":72,"key":"EssenceOfSteel"},{"floor":77,"key":"Explosive Potion"},{"floor":82,"key":"FearPotion"},{"floor":85,"key":"FearPotion"},{"floor":87,"key":"LifebloodPotion"},{"floor":87,"key":"EssenceOfSteel"},{"floor":87,"key":"EssenceOfSteel"},{"floor":87,"key":"DuplicationPotion"},{"floor":87,"key":"ColorlessPotion"},{"floor":91,"key":"LiquidBronze"},{"floor":91,"key":"Regen Potion"},{"floor":93,"key":"Regen Potion"},{"floor":93,"key":"ColorlessPotion"},{"floor":94,"key":"Explosive Potion"},{"floor":95,"key":"Death Potion"},{"floor":95,"key":"AttackPotion"},{"floor":100,"key":"Adrenaline Potion"},{"floor":100,"key":"Death Potion"}],"is_trial":true,"path_per_floor":["M","?","M","$","?","E","E","M","T","M","?","R","E","?","R","B",null,"M","$","M","$","M","R","E","R","T","?","R","R","E","M","R","B",null,"M","?","T","?","$","E","R","E","T","?","R","$","?","?","R","B",null,"M","?","?","$","?","E","R","M","T","?","$","E","M","?","R","B",null,"M","?","$","M","?","E","?","E","E","$","E","R","$","M","R","B",null,"M","$","?","M","?","R","E","R","E","R","E","?","$","M","R","B"],"character_chosen":"DOCTOR_CLASS","items_purchased":["ats:Revitalization","ats:Blood Oath+1","Bronze Scales","AT_SunfireAegis","ats:Assault Order","ats:Part Time Job","ReplayTheSpireMod:CursedCoin","reliquary:TatteredRug","Pet Ghost","ats:Directed Diagnosis+1","Juzu Bracelet","ats:Shell Defense","ats:Composite Medical Shells","Blood Vial","Lee\u0027s Waffle","Oddly Smooth Stone","BargainBundle","ats:Apocalypse","ats:Very Hot Blade","ats:Burning Ground","Specialist","ColorlessPotion","ZuzhouPotion:ReiMu","Flashbang","Block Potion","ats:Healing Drone","Shuriken","Happy Flower","ZuzhouPotion:ReiMu","DollysMirror","AT_ForceNature","reliquary:Stiletto","HollowMod:StagPassRelic","Replay:Wax Seal","REME_PuzzleBoxRelic","reliquary:ExpiredCoupon","ats:Revitalization","Medical Kit","reliquary:BrokenClock","reliquary:Buckler","AT_BellDemon","Cauldron","ats:Healing Strengthening","Chemical X","reliquary:IridiumChain"],"campfire_rested":0,"item_purchase_floors":[4,4,19,19,19,19,21,21,21,21,39,39,39,46,46,46,46,46,46,46,46,46,46,46,46,46,55,62,62,71,71,71,71,78,78,78,78,81,81,87,87,87,87,98,98],"current_hp_per_floor":[72,72,72,72,72,57,65,64,64,57,57,57,57,57,57,72,72,72,72,72,72,67,67,52,52,52,52,52,52,60,52,52,72,72,72,49,49,40,40,63,63,64,64,46,46,79,79,79,79,65,79,79,79,79,79,79,79,79,79,79,79,79,79,79,72,72,59,79,78,78,78,79,79,79,79,79,67,67,79,79,79,79,79,53,84,84,84,84,84,73,73,84,84,84,84,84,84,84,84,84,0,0],"gold":175,"neow_bonus":"","is_daily":false,"chose_seed":false,"campfire_upgraded":12,"win_rate":0.0,"timestamp":1611836089,"path_taken":["M","?","M","$","?","E","E","?","T","M","?","R","E","?","R","BOSS","M","$","?","?","?","R","E","R","T","?","R","R","E","M","R","BOSS","M","?","?","?","$","E","R","E","T","?","R","$","?","?","R","BOSS","M","?","?","$","?","E","R","M","T","?","?","E","M","?","R","BOSS","M","?","$","M","?","E","?","E","E","$","E","R","$","M","R","BOSS","M","$","?","M","?","R","E","R","E","R","E","?","$","M","R","BOSS"],"items_purchased_type":["Card","Card","Relic","Relic","Card","Card","Relic","Relic","Relic","Card","Relic","Card","Card","Relic","Relic","Relic","Relic","Card","Card","Card","Card","Potion","Potion","Potion","Potion","Card","Relic","Relic","Potion","Relic","Relic","Relic","Relic","Relic","Relic","Relic","Card","Relic","Relic","Relic","Relic","Relic","Card","Relic","Relic"],"build_version":"2020-12-22","purchased_purges":7,"victory":false,"max_hp_per_floor":[72,72,72,72,72,72,72,72,72,72,72,72,72,72,72,72,72,72,72,72,72,72,72,72,72,72,72,72,72,72,72,72,72,72,72,72,72,72,72,72,72,72,72,72,72,79,79,79,79,79,79,79,79,79,79,79,79,79,79,79,79,79,79,79,79,79,79,79,79,79,79,79,79,79,79,79,79,79,79,79,79,79,79,79,84,84,84,84,84,84,84,84,84,84,84,84,84,84,84,84,84,84],"relic_stats":{"Lee\u0027s Waffle":33,"Happy Flower":[13],"counters":[40,118],"PreservedInsect":734,"Juzu Bracelet":3,"Orichalcum":[60],"Medical Kit":[0],"Blood Vial":7,"Busted Crown":122,"Shuriken":[17],"Bronze Scales":[169],"Prayer Wheel":0,"Chemical X":[1],"obtain_stats":[{"Ice Cream":30,"AT_ATBox":0,"Tiny House":85,"reliquary:QuartzCube":42,"HollowMod:StagPassRelic":71,"Blood Vial":46,"LaetitiaHeart":47,"DollysMirror":71,"Prayer Wheel":42,"Replay:Wax Seal":78,"replay:Trail_Library":0,"Happy Flower":62,"ReplayTheSpireMod:CursedCoin":21,"Oddly Smooth Stone":46,"reliquary:TatteredRug":21,"REME_LimitBreaker":37,"Akabeko":43,"SlaversCollar":34,"Replay:Baseball":92,"reliquary:PorcupineQuills":26,"AT_TheCollector":7,"Shuriken":55,"PaintedHorse:ReiMu":61,"Bronze Scales":19,"reliquary:BrokenClock":81,"reliquary:Knoch":65,"Kintsugi":68,"Unceasing Top":0,"Pocketwatch":0,"Meat on the Bone":9,"AT_BellDemon":87,"Lantern":60,"reliquary:Boomerang":82,"reliquary:Aerogel":99,"REME_ChargedStone":51,"Juzu Bracelet":39,"Pet Ghost":21,"ats:Industrial Water Cannon":24,"Chameleon Ring":89,"reliquary:Buckler":87,"Red Mask":88,"Chemical X":98,"AT_ForceNature":71,"Lee\u0027s Waffle":46,"BargainBundle":46,"HollowMod:LifeEnderRelic":94,"ats:Hidden Killer":40,"PreservedInsect":32,"Orichalcum":6,"Odd Mushroom":54,"Medical Kit":81,"reliquary:IridiumChain":98,"reliquary:ExpiredCoupon":78,"Cauldron":87,"Pondfish Scales":36,"Busted Crown":0,"ats:Originium":6,"ChewingGum":17,"REME_HandOfSuture":13,"reliquary:Stiletto":71,"LetterFromLob":6,"AT_SunfireAegis":19,"REME_PuzzleBoxRelic":78,"REME_ComplimentaryCards":0},{"Ice Cream":12,"AT_ATBox":0,"Tiny House":34,"reliquary:QuartzCube":18,"HollowMod:StagPassRelic":27,"Blood Vial":18,"LaetitiaHeart":18,"DollysMirror":27,"Prayer Wheel":18,"Replay:Wax Seal":31,"replay:Trail_Library":0,"Happy Flower":23,"ReplayTheSpireMod:CursedCoin":9,"Oddly Smooth Stone":18,"reliquary:TatteredRug":9,"REME_LimitBreaker":16,"Akabeko":18,"SlaversCollar":14,"Replay:Baseball":37,"reliquary:PorcupineQuills":11,"AT_TheCollector":4,"Shuriken":21,"PaintedHorse:ReiMu":23,"Bronze Scales":9,"reliquary:BrokenClock":32,"reliquary:Knoch":25,"Kintsugi":26,"Unceasing Top":0,"Pocketwatch":0,"Meat on the Bone":5,"AT_BellDemon":35,"Lantern":23,"reliquary:Boomerang":33,"reliquary:Aerogel":39,"REME_ChargedStone":19,"Juzu Bracelet":16,"Pet Ghost":9,"ats:Industrial Water Cannon":11,"Chameleon Ring":36,"reliquary:Buckler":35,"Red Mask":35,"Chemical X":38,"AT_ForceNature":27,"Lee\u0027s Waffle":18,"BargainBundle":18,"HollowMod:LifeEnderRelic":38,"ats:Hidden Killer":17,"PreservedInsect":13,"Orichalcum":3,"Odd Mushroom":21,"Medical Kit":32,"reliquary:IridiumChain":38,"reliquary:ExpiredCoupon":31,"Cauldron":35,"Pondfish Scales":16,"Busted Crown":0,"ats:Originium":3,"ChewingGum":8,"REME_HandOfSuture":7,"reliquary:Stiletto":27,"LetterFromLob":3,"AT_SunfireAegis":9,"REME_PuzzleBoxRelic":31,"REME_ComplimentaryCards":0},{"Ice Cream":46,"AT_ATBox":0,"Tiny House":106,"reliquary:QuartzCube":65,"HollowMod:StagPassRelic":88,"Blood Vial":65,"LaetitiaHeart":65,"DollysMirror":88,"Prayer Wheel":63,"Replay:Wax Seal":97,"replay:Trail_Library":0,"Happy Flower":78,"ReplayTheSpireMod:CursedCoin":37,"Oddly Smooth Stone":65,"reliquary:TatteredRug":37,"REME_LimitBreaker":58,"Akabeko":65,"SlaversCollar":52,"Replay:Baseball":112,"reliquary:PorcupineQuills":43,"AT_TheCollector":11,"Shuriken":74,"PaintedHorse:ReiMu":78,"Bronze Scales":37,"reliquary:BrokenClock":99,"reliquary:Knoch":82,"Kintsugi":86,"Unceasing Top":0,"Pocketwatch":0,"Meat on the Bone":13,"AT_BellDemon":108,"Lantern":78,"reliquary:Boomerang":100,"reliquary:Aerogel":116,"REME_ChargedStone":71,"Juzu Bracelet":58,"Pet Ghost":37,"ats:Industrial Water Cannon":43,"Chameleon Ring":109,"reliquary:Buckler":108,"Red Mask":108,"Chemical X":114,"AT_ForceNature":88,"Lee\u0027s Waffle":65,"BargainBundle":65,"HollowMod:LifeEnderRelic":114,"ats:Hidden Killer":62,"PreservedInsect":47,"Orichalcum":8,"Odd Mushroom":74,"Medical Kit":99,"reliquary:IridiumChain":114,"reliquary:ExpiredCoupon":97,"Cauldron":108,"Pondfish Scales":58,"Busted Crown":0,"ats:Originium":8,"ChewingGum":32,"REME_HandOfSuture":21,"reliquary:Stiletto":88,"LetterFromLob":8,"AT_SunfireAegis":37,"REME_PuzzleBoxRelic":97,"REME_ComplimentaryCards":0}],"Unceasing Top":[270],"Pocketwatch":[21],"Meat on the Bone":0},"card_choices":[],"player_experience":234469,"relics_obtained":[{"floor":6.0,"key":"ats:Originium"},{"floor":6.0,"key":"Orichalcum"},{"floor":6.0,"key":"LetterFromLob"},{"floor":7.0,"key":"ats:Originium"},{"floor":7.0,"key":"AT_TheCollector"},{"floor":9.0,"key":"Meat on the Bone"},{"floor":13.0,"key":"ats:Originium"},{"floor":13.0,"key":"REME_HandOfSuture"},{"floor":24.0,"key":"ats:Originium"},{"floor":24.0,"key":"ats:Industrial Water Cannon"},{"floor":26.0,"key":"reliquary:PorcupineQuills"},{"floor":30.0,"key":"Ice Cream"},{"floor":32.0,"key":"PreservedInsect"},{"floor":36.0,"key":"Pondfish Scales"},{"floor":37.0,"key":"REME_LimitBreaker"},{"floor":40.0,"key":"ats:Hidden Killer"},{"floor":42.0,"key":"reliquary:QuartzCube"},{"floor":43.0,"key":"Akabeko"},{"floor":54.0,"key":"Odd Mushroom"},{"floor":60.0,"key":"Lantern"},{"floor":89,"key":"Chameleon Ring"},{"floor":92,"key":"Replay:Baseball"},{"floor":94,"key":"HollowMod:LifeEnderRelic"},{"floor":99,"key":"reliquary:Aerogel"}],"event_choices":[{"damage_healed":0.0,"max_hp_gain":0.0,"max_hp_loss":0.0,"gold_gain":275.0,"event_name":"Golden Shrine","player_choice":"Desecrate","floor":5.0,"gold_loss":0.0,"damage_taken":0.0,"cards_obtained":["Regret"]},{"damage_healed":0.0,"max_hp_gain":0.0,"max_hp_loss":0.0,"gold_gain":0.0,"event_name":"Match and Keep!","player_choice":"2 cards matched","floor":14.0,"gold_loss":0.0,"damage_taken":0.0,"cards_obtained":["Panacea","Apotheosis"]},{"damage_healed":0.0,"max_hp_gain":0.0,"max_hp_loss":0.0,"gold_gain":0.0,"event_name":"Ghosts","player_choice":"Ignored","floor":27.0,"gold_loss":0.0,"damage_taken":0.0},{"damage_healed":0.0,"max_hp_gain":0.0,"max_hp_loss":0.0,"gold_gain":0.0,"event_name":"Mysterious Sphere","player_choice":"Fight","floor":36.0,"gold_loss":0.0,"damage_taken":0.0},{"damage_healed":0.0,"max_hp_gain":0.0,"max_hp_loss":0.0,"gold_gain":0.0,"event_name":"Winding Halls","player_choice":"Embrace Madness","floor":38.0,"gold_loss":0.0,"damage_taken":9.0,"cards_obtained":["Madness","Madness"]},{"damage_healed":0.0,"max_hp_gain":0.0,"max_hp_loss":0.0,"gold_gain":0.0,"event_name":"Upgrade Shrine","player_choice":"Upgraded","floor":48.0,"gold_loss":0.0,"damage_taken":0.0,"cards_upgraded":["Specialist"]},{"damage_healed":0.0,"max_hp_gain":0.0,"max_hp_loss":0.0,"gold_gain":0.0,"event_name":"Mushrooms","player_choice":"Fought Mushrooms","floor":54.0,"gold_loss":0.0,"damage_taken":0.0},{"damage_healed":0.0,"max_hp_gain":0.0,"max_hp_loss":0.0,"gold_gain":0.0,"event_name":"The Cleric","player_choice":"Leave","floor":56.0,"gold_loss":0.0,"damage_taken":0.0},{"damage_healed":0.0,"max_hp_gain":0.0,"max_hp_loss":0.0,"gold_gain":0.0,"event_name":"yidonshenshe","player_choice":"??","floor":61.0,"gold_loss":40.0,"damage_taken":0.0,"relics_obtained":["PaintedHorse:ReiMu"]},{"damage_healed":0.0,"max_hp_gain":0.0,"max_hp_loss":0.0,"gold_gain":0.0,"event_name":"Scrap Ooze","player_choice":"Success","floor":65.0,"gold_loss":0.0,"damage_taken":7.0,"relics_obtained":["reliquary:Knoch"]},{"damage_healed":0,"gold_gain":0,"player_choice":"Ignored","damage_taken":0,"max_hp_gain":0,"max_hp_loss":0,"event_name":"The Mausoleum","floor":70,"gold_loss":0},{"damage_healed":0,"gold_gain":0,"player_choice":"Simplicity","damage_taken":0,"max_hp_gain":0,"max_hp_loss":0,"event_name":"Back to Basics","floor":73,"gold_loss":0,"cards_upgraded":["ats:Strike G","ats:Strike S","ats:Defend","ats:Defend","ats:Defend","ats:Defend"]},{"cards_removed":["AT_EmpoweredMortalDraw"],"damage_healed":0,"gold_gain":0,"player_choice":"Took Card","damage_taken":0,"max_hp_gain":0,"max_hp_loss":0,"event_name":"NoteForYourself","floor":75,"gold_loss":0,"cards_obtained":["Iron Wave"]},{"damage_healed":0,"gold_gain":0,"player_choice":"Paid","damage_taken":0,"relics_obtained":["Red Mask"],"max_hp_gain":0,"max_hp_loss":0,"event_name":"Tomb of Lord Red Mask","floor":88,"gold_loss":203},{"damage_healed":0,"gold_gain":0,"player_choice":"Embrace Madness","damage_taken":11,"max_hp_gain":0,"max_hp_loss":0,"event_name":"Winding Halls","floor":90,"gold_loss":0,"cards_obtained":["Madness","Madness"]},{"damage_healed":0,"gold_gain":300,"player_choice":"Gold","damage_taken":0,"max_hp_gain":0,"max_hp_loss":0,"event_name":"Wheel of Change","floor":97,"gold_loss":0}],"is_beta":false,"boss_relics":[{"not_picked":["ats:Omniscience","Coffee Dripper"],"picked":"ChewingGum"},{"not_picked":["SacredBark","Kintsugi"],"picked":"SlaversCollar"},{"not_picked":["Snecko Eye","reliquary:KinkedSpring"],"picked":"REME_ChargedStone"},{"not_picked":["Fusion Hammer","Empty Cage"],"picked":"Kintsugi"},{"not_picked":["reliquary:Ember","Velvet Choker"],"picked":"Tiny House"}],"items_purged_floors":[19,19,28,46,55,78,98],"is_endless":true,"potions_floor_spawned":[3,6,8,10,13,24,52,54,59,69,72,77,82,94],"killed_by":"Awakened One","ascension_level":0}}