{"host":"gaqyve1328ta0etl","time":1611820494,"event":{"mods":["BaseMod","Colored Map","Colored Powertips","Googly Eyes","Minty Spire (QoL Compilation)","Shop Mod","StSLib","SuperFastMode","The Hierophant","The Runesmith"],"gold_per_floor":[119,44,54,54,8,8,43,60,60,60,135,145,145,161,161,262,262,274,284,298,114,132,132,132,132,132,163,182,199,74,86,86,86,86],"floor_reached":33,"language":"ENG","playtime":1196,"items_purged":["Bash","Metallicize","Dropkick"],"score":430,"play_id":"f2f19796-d3c8-4e5f-9f97-bbd5b647a02d","local_time":"20210127235454","is_ascension_mode":true,"campfire_choices":[{"data":"Armaments","floor":6,"key":"SMITH"},{"data":"True Grit","floor":10,"key":"SMITH"},{"data":"Inflame","floor":15,"key":"SMITH"},{"data":"Limit Break","floor":23,"key":"SMITH"},{"data":"True Grit","floor":25,"key":"SMITH"},{"data":"Havoc","floor":32,"key":"SMITH"}],"circlet_count":0,"master_deck":["AscendersBane","Reaper","Shockwave","Uppercut","Impervious","Rampage","Cleave","Power Through","Havoc","Armaments+1","True Grit+1","Inflame+1","Limit Break+1","True Grit+1","Feel No Pain+1","Dark Embrace","Shrug It Off","Seeing Red+1","Bludgeon","Havoc+1"],"relics":["Pandora\u0027s Box","StrikeDummy","Eternal Feather","Coffee Dripper","Bag of Marbles","Lantern"],"acts_visited":["Exordium","TheCity"],"potions_floor_usage":[8,16,16],"damage_taken":[{"damage":0,"enemies":"Small Slimes","floor":1,"turns":3},{"damage":9,"enemies":"Jaw Worm","floor":3,"turns":3},{"damage":19,"enemies":"3 Sentries","floor":7,"turns":9},{"damage":0,"enemies":"2 Louse","floor":8,"turns":2},{"damage":0,"enemies":"Exordium Wildlife","floor":12,"turns":6},{"damage":0,"enemies":"Large Slime","floor":14,"turns":6},{"damage":30,"enemies":"Hexaghost","floor":16,"turns":9},{"damage":18,"enemies":"Spheric Guardian","floor":18,"turns":5},{"damage":5,"enemies":"Chosen","floor":19,"turns":4},{"damage":9,"enemies":"Snake Plant","floor":20,"turns":5},{"damage":0,"enemies":"Centurion and Healer","floor":22,"turns":7},{"damage":51,"enemies":"Book of Stabbing","floor":27,"turns":11},{"damage":35,"enemies":"3 Cultists","floor":28,"turns":6},{"damage":16,"enemies":"Shelled Parasite and Fungi","floor":29,"turns":5},{"damage":5,"enemies":"Snake Plant","floor":31,"turns":4},{"damage":3,"enemies":"Automaton","floor":33,"turns":9}],"seed_played":"5433176465973855125","potions_obtained":[{"floor":7,"key":"Explosive Potion"},{"floor":8,"key":"DistilledChaos"},{"floor":14,"key":"Swift Potion"},{"floor":18,"key":"Weak Potion"},{"floor":20,"key":"LiquidMemories"}],"is_trial":false,"path_per_floor":["M","$","M","?","$","R","E","M","T","R","?","M","?","M","R","B",null,"M","M","M","$","M","R","?","R","T","E","M","M","$","M","R","B"],"character_chosen":"IRONCLAD","items_purchased":["True Grit","Dark Embrace","Shrug It Off"],"campfire_rested":0,"item_purchase_floors":[5,21,21],"current_hp_per_floor":[72,72,63,68,68,68,66,66,66,72,61,68,68,82,85,67,81,63,58,53,53,85,85,85,85,85,37,32,28,28,30,42,67,67],"gold":86,"neow_bonus":"BOSS_RELIC","is_daily":false,"chose_seed":false,"campfire_upgraded":6,"win_rate":0.0,"timestamp":1611820494,"path_taken":["M","$","M","?","?","R","E","M","T","R","?","?","?","M","R","BOSS","M","M","M","$","M","R","?","R","T","E","M","M","$","M","R","BOSS"],"items_purchased_type":["Card","Card","Card"],"build_version":"2020-12-22","purchased_purges":3,"victory":false,"max_hp_per_floor":[80,80,80,85,85,85,85,85,85,85,85,85,85,85,85,85,85,85,85,85,85,85,85,85,85,85,85,85,85,85,85,85,85,85],"card_choices":[{"not_picked":["Wild Strike","Warcry"],"picked":"Havoc","floor":1},{"not_picked":["Heavy Blade","Infernal Blade"],"picked":"Armaments","floor":3},{"not_picked":["Rupture","Dual Wield"],"picked":"Inflame","floor":7},{"not_picked":["Wild Strike","Sword Boomerang","Power Through"],"picked":"SKIP","floor":8},{"not_picked":["Sword Boomerang","Double Tap","Clash"],"picked":"SKIP","floor":12},{"not_picked":["Anger","Warcry","Rage"],"picked":"SKIP","floor":14},{"not_picked":["Double Tap","Brutality"],"picked":"Limit Break","floor":16},{"not_picked":["Headbutt","Spot Weakness"],"picked":"True Grit","floor":18},{"not_picked":["Thunderclap","Twin Strike","Iron Wave"],"picked":"SKIP","floor":19},{"not_picked":["Pommel Strike","Thunderclap"],"picked":"Feel No Pain+1","floor":20},{"not_picked":["Armaments+1","Second Wind","Dark Embrace"],"picked":"SKIP","floor":22},{"not_picked":["Hemokinesis","Pommel Strike+1","Uppercut"],"picked":"SKIP","floor":27},{"not_picked":["Perfected Strike","Sword Boomerang"],"picked":"Seeing Red+1","floor":28},{"not_picked":["Sword Boomerang","Clothesline"],"picked":"Bludgeon","floor":29},{"not_picked":["Sever Soul","Thunderclap"],"picked":"Havoc","floor":31}],"player_experience":2046238,"relics_obtained":[{"floor":7,"key":"StrikeDummy"},{"floor":9,"key":"Eternal Feather"},{"floor":26,"key":"Bag of Marbles"},{"floor":27,"key":"Lantern"}],"event_choices":[{"damage_healed":0,"gold_gain":0,"player_choice":"Donut","damage_taken":0,"max_hp_gain":5,"max_hp_loss":0,"event_name":"Big Fish","floor":4,"gold_loss":0},{"damage_healed":0,"gold_gain":75,"player_choice":"Gather Gold","damage_taken":11,"max_hp_gain":0,"max_hp_loss":0,"event_name":"World of Goop","floor":11,"gold_loss":0},{"damage_healed":0,"gold_gain":0,"player_choice":"Ignored","damage_taken":0,"max_hp_gain":0,"max_hp_loss":0,"event_name":"Liars Game","floor":13,"gold_loss":0},{"damage_healed":0,"gold_gain":0,"player_choice":"Ignored","damage_taken":0,"max_hp_gain":0,"max_hp_loss":0,"event_name":"The Mausoleum","floor":24,"gold_loss":0}],"is_beta":false,"boss_relics":[{"not_picked":["Velvet Choker","Philosopher\u0027s Stone"],"picked":"Coffee Dripper"}],"items_purged_floors":[2,21,30],"is_endless":false,"potions_floor_spawned":[7,8,14,18,20,22,29],"killed_by":"Automaton","ascension_level":12}}