{"host":"Jinnai","time":1611807563,"event":{"mods":["BaseMod","Bestiary","Block Reminder","Colored Map","Colored Powertips","Highlight Path","Minty Spire (QoL Compilation)","Quick Restart","Relic Stats","StSLib"],"gold_per_floor":[117,117,22,35,53,81,81,113,160,191,203,220,92,104,104,178,178,193,206,156,173,185,185,185,185],"floor_reached":24,"language":"ENG","playtime":1491,"items_purged":["Strike_R"],"score":540,"play_id":"39c16a64-fe46-42b5-bf67-83146bae757c","local_time":"20210127231923","is_ascension_mode":true,"campfire_choices":[{"data":"Fire Breathing","floor":7,"key":"SMITH"},{"floor":15,"key":"REST"},{"data":"Uppercut","floor":23,"key":"SMITH"}],"circlet_count":0,"master_deck":["AscendersBane","Strike_R","Strike_R","Strike_R","Strike_R","Defend_R","Defend_R","Defend_R","Bash","True Grit","Rampage","Battle Trance","Pommel Strike","Headbutt","Fire Breathing+1","Second Wind","Offering","Cleave","Uppercut+1","Dropkick","Feed","Shockwave+1","Shrug It Off","Entrench+1"],"relics":["Burning Blood","Oddly Smooth Stone","The Courier","Tiny Chest","Centennial Puzzle","Sundial","Coffee Dripper"],"acts_visited":["Exordium","TheCity"],"potions_floor_usage":[8,10,12,16,19,21,24,24],"damage_taken":[{"damage":13,"enemies":"Jaw Worm","floor":1,"turns":4},{"damage":0,"enemies":"Cultist","floor":4,"turns":3},{"damage":2,"enemies":"2 Louse","floor":5,"turns":4},{"damage":32,"enemies":"Gremlin Nob","floor":6,"turns":4},{"damage":28,"enemies":"Lagavulin","floor":8,"turns":5},{"damage":8,"enemies":"Gremlin Nob","floor":10,"turns":3},{"damage":10,"enemies":"Large Slime","floor":11,"turns":3},{"damage":1,"enemies":"Blue Slaver","floor":12,"turns":4},{"damage":0,"enemies":"2 Fungi Beasts","floor":14,"turns":4},{"damage":6,"enemies":"Slime Boss","floor":16,"turns":5},{"damage":14,"enemies":"2 Thieves","floor":18,"turns":4},{"damage":0,"enemies":"Chosen","floor":19,"turns":3},{"damage":16,"enemies":"Centurion and Healer","floor":21,"turns":5},{"damage":40,"enemies":"Snake Plant","floor":22,"turns":5},{"damage":48,"enemies":"Slavers","floor":24,"turns":4}],"seed_played":"8309670010944356719","potions_obtained":[{"floor":5,"key":"Block Potion"},{"floor":10,"key":"SpeedPotion"},{"floor":11,"key":"DistilledChaos"},{"floor":16,"key":"AttackPotion"},{"floor":19,"key":"BlessingOfTheForge"},{"floor":22,"key":"ElixirPotion"}],"is_trial":false,"path_per_floor":["M","?","$","M","M","E","R","E","T","E","M","M","$","M","R","B",null,"M","M","?","M","M","R","E"],"character_chosen":"IRONCLAD","items_purchased":["Battle Trance","Energy Potion","Regen Potion"],"campfire_rested":1,"item_purchase_floors":[3,3,13],"current_hp_per_floor":[61,61,61,67,71,45,45,23,23,21,17,22,22,28,50,64,72,67,73,73,67,33,33,0,0],"gold":185,"neow_bonus":"RANDOM_COMMON_RELIC","is_daily":false,"chose_seed":false,"campfire_upgraded":2,"win_rate":0.0,"timestamp":1611807563,"path_taken":["M","?","$","M","M","E","R","E","T","E","M","M","$","M","R","BOSS","M","M","?","M","?","R","E"],"items_purchased_type":["Card","Potion","Potion"],"build_version":"2020-12-18","purchased_purges":1,"victory":false,"max_hp_per_floor":[75,75,75,75,75,75,75,75,75,75,75,75,75,75,75,75,75,78,78,78,82,82,82,82,82],"relic_stats":{"Centennial Puzzle":[21],"counters":[15,60],"Sundial":[4],"Tiny Chest":0,"obtain_stats":[{"Centennial Puzzle":9,"Sundial":10,"Oddly Smooth Stone":0,"Tiny Chest":8,"The Courier":6,"Coffee Dripper":17,"Burning Blood":0},{"Centennial Puzzle":5,"Sundial":6,"Oddly Smooth Stone":0,"Tiny Chest":5,"The Courier":4,"Coffee Dripper":10,"Burning Blood":0},{"Centennial Puzzle":20,"Sundial":23,"Oddly Smooth Stone":0,"Tiny Chest":20,"The Courier":15,"Coffee Dripper":39,"Burning Blood":0}],"Burning Blood":84},"card_choices":[{"not_picked":["Armaments","Clash"],"picked":"True Grit","floor":1},{"not_picked":["Intimidate","Clash"],"picked":"Pommel Strike","floor":4},{"not_picked":["Pommel Strike","Thunderclap"],"picked":"Headbutt","floor":5},{"not_picked":["Sever Soul","Pommel Strike"],"picked":"Fire Breathing","floor":6},{"not_picked":["Headbutt","Evolve"],"picked":"Second Wind","floor":8},{"not_picked":["Evolve","Clothesline"],"picked":"Offering","floor":10},{"not_picked":["Wild Strike","Iron Wave"],"picked":"Cleave","floor":11},{"not_picked":["Flex","Twin Strike"],"picked":"Uppercut","floor":12},{"not_picked":["Burning Pact","Armaments"],"picked":"Dropkick","floor":14},{"not_picked":["Berserk","Juggernaut"],"picked":"Feed","floor":16},{"not_picked":["Shrug It Off","Bloodletting"],"picked":"Shockwave+1","floor":18},{"not_picked":["Clothesline+1","Rampage"],"picked":"Shrug It Off","floor":19},{"not_picked":["Body Slam","Perfected Strike","Headbutt"],"picked":"SKIP","floor":21},{"not_picked":["Headbutt","Warcry"],"picked":"Entrench+1","floor":22}],"player_experience":1575558,"relics_obtained":[{"floor":6,"key":"The Courier"},{"floor":8,"key":"Tiny Chest"},{"floor":9,"key":"Centennial Puzzle"},{"floor":10,"key":"Sundial"}],"event_choices":[{"damage_healed":0,"gold_gain":0,"cards_transformed":["Defend_R"],"player_choice":"Change","damage_taken":0,"max_hp_gain":0,"max_hp_loss":0,"event_name":"Living Wall","floor":2,"gold_loss":0,"cards_obtained":["Rampage"]},{"damage_healed":0,"gold_gain":0,"player_choice":"Bet on Owner","damage_taken":0,"max_hp_gain":0,"max_hp_loss":0,"event_name":"The Joust","floor":20,"gold_loss":50}],"is_beta":true,"boss_relics":[{"not_picked":["Black Blood","Fusion Hammer"],"picked":"Coffee Dripper"}],"items_purged_floors":[13],"is_endless":false,"potions_floor_spawned":[5,6,10,11,16,19,22],"killed_by":"Slavers","ascension_level":20}}