{"host":"nwd160me4iqdtr8u","time":1611817928,"event":{"mods":["AchievementEnabler","Act Like it!","BaseMod","Colored Map","DeckTracker","Minty Spire (QoL Compilation)","Quick Restart","Rare Cards Sparkle","StSLib","SuperFastMode","everything is the same but u backflip on backflip"],"gold_per_floor":[114,39,314,332,332,365,378,397,397,397,422,422,461,479,479,609,609,609,71,71,71],"floor_reached":20,"language":"KOR","playtime":1008,"items_purged":["Strike_G","Regret"],"score":308,"play_id":"2da605d6-8fd1-48ee-abb4-a717b55a817a","local_time":"20210128161208","is_ascension_mode":true,"campfire_choices":[{"data":"Dagger Spray","floor":10.0,"key":"SMITH"},{"data":"Die Die Die","floor":12.0,"key":"SMITH"},{"floor":15.0,"key":"REST"},{"data":"Night Terror","floor":18.0,"key":"SMITH"}],"circlet_count":0,"master_deck":["AscendersBane","Strike_G","Strike_G","Strike_G","Strike_G","Defend_G","Defend_G","Defend_G","Defend_G","Defend_G","Survivor","Neutralize","Dagger Throw","Dagger Spray+1","Crippling Poison","Die Die Die+1","PiercingWail","Corpse Explosion","Deadly Poison","Night Terror+1","Catalyst","Backflip","Secret Technique","Footwork"],"relics":["Ring of the Snake","NeowsBlessing","Golden Idol","Toy Ornithopter","White Beast Statue","Odd Mushroom","Tingsha","SacredBark"],"acts_visited":["TheEnding"],"potions_floor_usage":[20],"damage_taken":[{"damage":0.0,"enemies":"Jaw Worm","floor":1.0,"turns":1.0},{"damage":0.0,"enemies":"Cultist","floor":4.0,"turns":1.0},{"damage":0.0,"enemies":"3 Sentries","floor":6.0,"turns":1.0},{"damage":3.0,"enemies":"2 Louse","floor":7.0,"turns":2.0},{"damage":7.0,"enemies":"2 Fungi Beasts","floor":8.0,"turns":4.0},{"damage":7.0,"enemies":"The Mushroom Lair","floor":11.0,"turns":2.0},{"damage":47.0,"enemies":"Lagavulin","floor":13.0,"turns":10.0},{"damage":0.0,"enemies":"3 Louse","floor":14.0,"turns":2.0},{"damage":24.0,"enemies":"Hexaghost","floor":16.0,"turns":11.0},{"damage":75,"enemies":"Shield and Spear","floor":20,"turns":3}],"seed_played":"4219856562344927889","potions_obtained":[{"floor":6.0,"key":"Explosive Potion"},{"floor":8.0,"key":"SmokeBomb"},{"floor":11.0,"key":"BlessingOfTheForge"},{"floor":13.0,"key":"Weak Potion"},{"floor":14.0,"key":"Strength Potion"},{"floor":16.0,"key":"SteroidPotion"}],"is_trial":false,"path_per_floor":["M","$","?","M","?","E","M","M","T","R","?","R","E","M","R","B",null,"R","$","E"],"character_chosen":"THE_SILENT","items_purchased":["Catalyst","Backflip","Secret Technique","Footwork","Explosive Potion"],"campfire_rested":1,"item_purchase_floors":[19,19,19,19,19],"current_hp_per_floor":[63,63,63,63,63,63,60,53,53,53,51,51,9,9,28,14,52,52,52,0,0],"gold":71,"neow_bonus":"THREE_ENEMY_KILL","is_daily":false,"chose_seed":false,"campfire_upgraded":3,"win_rate":0.0,"timestamp":1611817928,"path_taken":["M","$","?","?","?","E","M","M","T","R","?","R","E","M","R","BOSS","R","$","E"],"items_purchased_type":["Card","Card","Card","Card","Potion"],"build_version":"2020-12-22","purchased_purges":2,"victory":false,"max_hp_per_floor":[70,70,70,70,65,65,65,65,65,65,65,65,65,65,65,65,65,65,65,65,65],"card_choices":[{"not_picked":["Blade Dance","PiercingWail"],"picked":"Dagger Throw","floor":1.0},{"not_picked":["Blade Dance","Slice"],"picked":"Dagger Spray","floor":4.0},{"not_picked":["Dash","Footwork"],"picked":"Crippling Poison","floor":6.0},{"not_picked":["Masterful Stab","Outmaneuver","Deflect"],"picked":"SKIP","floor":7.0},{"not_picked":["Deadly Poison","Acrobatics"],"picked":"Die Die Die","floor":8.0},{"not_picked":["Slice","Deflect"],"picked":"PiercingWail","floor":11.0},{"not_picked":["Leg Sweep","Blur"],"picked":"Corpse Explosion","floor":13.0},{"not_picked":["Underhanded Strike","Outmaneuver"],"picked":"Deadly Poison","floor":14.0},{"not_picked":["Bullet Time","Doppelganger"],"picked":"Night Terror","floor":16.0}],"player_experience":263076,"relics_obtained":[{"floor":6.0,"key":"Toy Ornithopter"},{"floor":9.0,"key":"White Beast Statue"},{"floor":11.0,"key":"Odd Mushroom"},{"floor":13.0,"key":"Tingsha"}],"event_choices":[{"damage_healed":0.0,"max_hp_gain":0.0,"max_hp_loss":0.0,"gold_gain":275.0,"event_name":"Golden Shrine","player_choice":"Desecrate","floor":3.0,"gold_loss":0.0,"damage_taken":0.0,"cards_obtained":["Regret"]},{"damage_healed":0.0,"max_hp_gain":0.0,"max_hp_loss":5.0,"gold_gain":0.0,"event_name":"Golden Idol","player_choice":"Lose Max HP","floor":5.0,"gold_loss":0.0,"damage_taken":0.0,"relics_obtained":["Golden Idol"]},{"damage_healed":0.0,"max_hp_gain":0.0,"max_hp_loss":0.0,"gold_gain":0.0,"event_name":"Mushrooms","player_choice":"Fought Mushrooms","floor":11.0,"gold_loss":0.0,"damage_taken":0.0}],"is_beta":false,"boss_relics":[{"not_picked":["Ring of the Serpent","Fusion Hammer"],"picked":"SacredBark"}],"items_purged_floors":[2,19],"is_endless":false,"potions_floor_spawned":[6,8,11,13,14,16],"killed_by":"Shield and Spear","ascension_level":10}}