{"host":"p9t7qd83igtcp2bh","time":1611813240,"event":{"mods":["2.2 Compatiblity","AchievementEnabler","BaseMod","Colored Map","Colored Powertips","Custom Start","DeckTracker","Keyboard Shortcuts","Minty Spire (QoL Compilation)","Permanent Neow","Spicy Shops","StSLib","SuperFastMode","everything is the same but u backflip on backflip"],"gold_per_floor":[112,127,127,277,31,31,59,76,99,111,22,22,55,73,73,73,73],"floor_reached":16,"language":"KOR","playtime":397,"items_purged":["Doubt"],"score":245,"play_id":"40f1bdf1-951f-4406-ba51-25c8c33b3eb4","local_time":"20210128145400","is_ascension_mode":true,"campfire_choices":[{"data":"Dash","floor":6,"key":"SMITH"},{"floor":12,"key":"REST"},{"data":"Quick Slash","floor":15,"key":"SMITH"}],"circlet_count":0,"master_deck":["AscendersBane","Strike_G","Strike_G","Strike_G","Strike_G","Strike_G","Defend_G","Defend_G","Defend_G","Defend_G","Survivor","Neutralize","CurseOfTheBell","Acrobatics","Quick Slash+1","Dash+1"],"relics":["Calling Bell","Juzu Bracelet","Kunai","StoneCalendar","TheAbacus","White Beast Statue","Vajra","Singing Bowl","PreservedInsect","Anchor","Turnip","Torii","Bronze Scales","Tough Bandages"],"acts_visited":["Exordium"],"potions_floor_usage":[13,16,16],"damage_taken":[{"damage":5,"enemies":"Jaw Worm","floor":1,"turns":6},{"damage":7,"enemies":"2 Louse","floor":2,"turns":4},{"damage":22,"enemies":"3 Sentries","floor":7,"turns":7},{"damage":7,"enemies":"Small Slimes","floor":8,"turns":4},{"damage":0,"enemies":"Gremlin Gang","floor":10,"turns":7},{"damage":1,"enemies":"Gremlin Nob","floor":13,"turns":4},{"damage":0,"enemies":"Blue Slaver","floor":14,"turns":3},{"damage":44,"enemies":"Slime Boss","floor":16,"turns":9}],"seed_played":"1331452624609824671","potions_obtained":[{"floor":1,"key":"Block Potion"},{"floor":7,"key":"Strength Potion"},{"floor":13,"key":"Energy Potion"}],"is_trial":false,"path_per_floor":["M","M","?","?","$","R","E","M","T","M","$","R","E","M","R","B"],"character_chosen":"THE_SILENT","items_purchased":["TheAbacus","White Beast Statue","Vajra","Singing Bowl","Dash","Turnip","Torii","Bronze Scales"],"campfire_rested":1,"item_purchase_floors":[5,5,5,5,5,11,11,11],"current_hp_per_floor":[54,47,40,40,40,40,20,15,15,17,17,38,39,41,41,0,0],"gold":73,"neow_bonus":"BOSS_RELIC","is_daily":false,"chose_seed":false,"campfire_upgraded":2,"win_rate":0.0,"timestamp":1611813240,"path_taken":["M","M","?","?","$","R","E","M","T","M","$","R","E","M","R","BOSS"],"items_purchased_type":["Relic","Relic","Relic","Relic","Card","Relic","Relic","Relic"],"build_version":"2020-12-22","purchased_purges":1,"victory":false,"max_hp_per_floor":[66,66,66,66,66,66,68,70,70,72,72,72,74,76,76,76,76],"card_choices":[{"not_picked":["Catalyst","Underhanded Strike"],"picked":"Acrobatics","floor":1},{"not_picked":["Noxious Fumes","Deflect"],"picked":"Quick Slash","floor":2},{"not_picked":["Underhanded Strike","Quick Slash","Bane"],"picked":"Singing Bowl","floor":7},{"not_picked":["Prepared","Deflect","Distraction"],"picked":"Singing Bowl","floor":8},{"not_picked":["Deflect","Finisher","Flying Knee"],"picked":"Singing Bowl","floor":10},{"not_picked":["Deadly Poison","Doppelganger","Quick Slash"],"picked":"Singing Bowl","floor":13},{"not_picked":["PiercingWail","Dodge and Roll","Heel Hook"],"picked":"Singing Bowl","floor":14}],"player_experience":697981,"relics_obtained":[{"floor":0,"key":"Juzu Bracelet"},{"floor":0,"key":"Kunai"},{"floor":0,"key":"StoneCalendar"},{"floor":7,"key":"PreservedInsect"},{"floor":9,"key":"Anchor"},{"floor":13,"key":"Tough Bandages"}],"event_choices":[{"cards_removed":["Defend_G"],"damage_healed":0,"gold_gain":0,"player_choice":"Card Removal","damage_taken":7,"max_hp_gain":0,"max_hp_loss":0,"event_name":"Golden Wing","floor":3,"gold_loss":0},{"damage_healed":0,"gold_gain":150,"player_choice":"AGREE","damage_taken":0,"max_hp_gain":0,"max_hp_loss":0,"event_name":"Liars Game","floor":4,"gold_loss":0,"cards_obtained":["Doubt"]}],"is_beta":false,"boss_relics":[],"items_purged_floors":[5],"is_endless":false,"potions_floor_spawned":[1,7,8,10,13,14],"killed_by":"Slime Boss","ascension_level":20}}