{"host":"Qube","time":1611809108,"event":{"mods":["AchievementEnabler","BaseMod","Colored Map","Colored Powertips","Highlight Path","Minty Spire (QoL Compilation)","Permanent Neow","Quick Restart","Random Character Button","StSLib"],"gold_per_floor":[119,132,132,149,48,76,76,95,118,133,133,168,138,148,148,248,248,265,281,281,331,342,342,342],"floor_reached":23,"language":"ENG","playtime":1057,"items_purged":[],"score":213,"play_id":"782ceb13-a47e-4af2-ad37-8caf16ff640a","local_time":"20210127204508","is_ascension_mode":true,"campfire_choices":[{"data":"Zap","floor":7.0,"key":"SMITH"},{"data":"Doom and Gloom","floor":11.0,"key":"SMITH"},{"floor":15.0,"key":"REST"}],"circlet_count":0,"master_deck":["Strike_B+1","Strike_B+1","Strike_B+1","Strike_B+1","Defend_B+1","Defend_B+1","Defend_B+1","Zap+1","Dualcast","Static Discharge","Reinforced Body","Leap","Doom and Gloom+1","Go for the Eyes","Ball Lightning","Echo Form","Cold Snap","Streamline","Thunder Strike","Defragment","Hologram"],"relics":["SacredBark","Whetstone","Dream Catcher","Nunchaku","Philosopher\u0027s Stone"],"acts_visited":["Exordium","TheCity"],"potions_floor_usage":[23],"damage_taken":[{"damage":0.0,"enemies":"2 Louse","floor":1.0,"turns":4.0},{"damage":5.0,"enemies":"Jaw Worm","floor":2.0,"turns":4.0},{"damage":1.0,"enemies":"Cultist","floor":4.0,"turns":4.0},{"damage":16.0,"enemies":"Gremlin Nob","floor":6.0,"turns":3.0},{"damage":0.0,"enemies":"Exordium Wildlife","floor":8.0,"turns":2.0},{"damage":5.0,"enemies":"Gremlin Gang","floor":10.0,"turns":4.0},{"damage":13.0,"enemies":"3 Sentries","floor":12.0,"turns":7.0},{"damage":1.0,"enemies":"Exordium Thugs","floor":14.0,"turns":3.0},{"damage":10.0,"enemies":"Slime Boss","floor":16.0,"turns":6.0},{"damage":12.0,"enemies":"Shell Parasite","floor":18.0,"turns":5.0},{"damage":22.0,"enemies":"2 Thieves","floor":19.0,"turns":3.0},{"damage":11,"enemies":"Centurion and Healer","floor":22,"turns":6},{"damage":32,"enemies":"Slavers","floor":23,"turns":3}],"seed_played":"883696725729160600","potions_obtained":[{"floor":2.0,"key":"SteroidPotion"},{"floor":4.0,"key":"Energy Potion"},{"floor":6.0,"key":"Fire Potion"},{"floor":10.0,"key":"Regen Potion"},{"floor":13.0,"key":"DuplicationPotion"},{"floor":13.0,"key":"Explosive Potion"},{"floor":14.0,"key":"Ancient Potion"},{"floor":18.0,"key":"Block Potion"},{"floor":19.0,"key":"Explosive Potion"}],"is_trial":false,"path_per_floor":["M","M","?","M","$","E","R","M","T","M","R","E","?","M","R","B",null,"M","M","?","?","M","E"],"character_chosen":"DEFECT","items_purchased":["Doom and Gloom","Go for the Eyes"],"campfire_rested":1,"item_purchase_floors":[5,5],"current_hp_per_floor":[75,70,63,62,62,46,46,46,46,41,41,28,28,27,49,66,75,63,41,41,41,30,0,0],"gold":342,"neow_bonus":"BOSS_RELIC","is_daily":false,"chose_seed":false,"campfire_upgraded":2,"win_rate":0.0,"timestamp":1611809108,"path_taken":["M","M","?","M","?","E","R","?","T","M","R","E","?","M","R","BOSS","M","?","?","?","?","E"],"items_purchased_type":["Card","Card"],"build_version":"2020-12-18","purchased_purges":0,"victory":false,"max_hp_per_floor":[75,75,75,75,75,75,75,75,75,75,75,75,75,75,75,75,75,75,75,75,75,75,75,75],"card_choices":[{"not_picked":["Hologram","Lockon"],"picked":"Static Discharge","floor":1.0},{"not_picked":["Redo","Hello World"],"picked":"Reinforced Body","floor":2.0},{"not_picked":["Reinforced Body","Rebound"],"picked":"Leap","floor":4.0},{"not_picked":["Doom and Gloom","Go for the Eyes","Redo"],"picked":"SKIP","floor":6.0},{"not_picked":["Rebound","Streamline"],"picked":"Ball Lightning","floor":8.0},{"not_picked":["Streamline","Stack","Chaos"],"picked":"SKIP","floor":10.0},{"not_picked":["Coolheaded","Genetic Algorithm"],"picked":"Echo Form","floor":12.0},{"not_picked":["Compile Driver","Redo"],"picked":"Cold Snap","floor":14.0},{"not_picked":["Static Discharge","Stack"],"picked":"Streamline","floor":15.0},{"not_picked":["Reboot","All For One"],"picked":"Thunder Strike","floor":16.0},{"not_picked":["Leap","Sweeping Beam"],"picked":"Defragment","floor":18.0},{"not_picked":["Redo","Turbo"],"picked":"Hologram","floor":19.0},{"not_picked":["Go for the Eyes","Reprogram+1","Rebound"],"picked":"SKIP","floor":22}],"player_experience":1000935,"relics_obtained":[{"floor":6.0,"key":"Whetstone"},{"floor":9.0,"key":"Dream Catcher"},{"floor":12.0,"key":"Nunchaku"}],"event_choices":[{"cards_removed":["Defend_B"],"damage_healed":0.0,"max_hp_gain":0.0,"max_hp_loss":0.0,"gold_gain":0.0,"event_name":"Golden Wing","player_choice":"Card Removal","floor":3.0,"gold_loss":0.0,"damage_taken":7.0},{"damage_healed":0.0,"max_hp_gain":0.0,"max_hp_loss":0.0,"gold_gain":0.0,"event_name":"The Woman in Blue","player_choice":"Bought 2 Potions","floor":13.0,"gold_loss":0.0,"damage_taken":0.0},{"damage_healed":0.0,"max_hp_gain":0.0,"max_hp_loss":0.0,"gold_gain":0.0,"event_name":"Back to Basics","player_choice":"Simplicity","floor":20.0,"gold_loss":0.0,"damage_taken":0.0,"cards_upgraded":["Strike_B","Strike_B","Defend_B","Defend_B","Defend_B"]},{"damage_healed":0,"gold_gain":100,"player_choice":"Bet on Murderer","damage_taken":0,"max_hp_gain":0,"max_hp_loss":0,"event_name":"The Joust","floor":21,"gold_loss":50}],"is_beta":true,"boss_relics":[{"not_picked":["Busted Crown","Inserter"],"picked":"Philosopher\u0027s Stone"}],"items_purged_floors":[],"is_endless":false,"potions_floor_spawned":[2,4,6,10,14,18,19],"killed_by":"Slavers","ascension_level":1}}