{"host":"qsusua7l529r8z9k","time":1611837081,"event":{"mods":["BaseMod","Minty Spire (QoL Compilation)","Spicy Shops","StSLib"],"gold_per_floor":[17,17,167,182,107,107,124,124,124,124,147,180,180,199,499,597,597,622,397,397,190,214,249,249,288,288,288,288,303,303,327,327,418,418,431,452,121,135,135,166,166,206,260,293,309,309,342,71,71,71],"floor_reached":51,"language":"ZHS","playtime":3194,"items_purged":["Doubt","Zap","Dualcast","Defend_B","Doubt","Strike_B","Defend_B"],"score":1674,"play_id":"c525bbb4-3f5e-470e-b528-bc8139336817","local_time":"20210128203121","is_ascension_mode":true,"campfire_choices":[{"data":"Reprogram","floor":6.0,"key":"SMITH"},{"floor":8.0,"key":"DIG"},{"floor":13.0,"key":"DIG"},{"floor":15.0,"key":"DIG"},{"data":"Hologram","floor":24.0,"key":"SMITH"},{"data":"Recycle","floor":28.0,"key":"SMITH"},{"floor":30.0,"key":"DIG"},{"floor":32.0,"key":"DIG"},{"floor":41.0,"key":"DIG"},{"data":"Turbo","floor":46.0,"key":"SMITH"},{"data":"Scrape","floor":49.0,"key":"SMITH"}],"circlet_count":0,"master_deck":["AscendersBane","Defend_B","Reprogram+1","Reinforced Body","Steam","Hologram+1","Reboot","Conserve Battery+1","Buffer+1","Machine Learning+1","Go for the Eyes+1","Recycle+1","FTL+1","Gash","Reboot","Scrape+1","Madness","Madness","All For One","Turbo+1"],"relics":["Cracked Core","Shovel","Pantograph","Eternal Feather","Golden Idol","Calipers","HornCleat","Old Coin","Astrolabe","Smiling Mask","Orichalcum","Matryoshka","Blue Candle","Question Card","Runic Pyramid","Membership Card","Du-Vu Doll","Whetstone","Mummified Hand","Strawberry","StrikeDummy","Meat on the Bone","Toy Ornithopter","Letter Opener","Mercury Hourglass","Shuriken","Chemical X"],"acts_visited":["Exordium","TheCity","TheBeyond"],"potions_floor_usage":[50],"damage_taken":[{"damage":7.0,"enemies":"Small Slimes","floor":1.0,"turns":3.0},{"damage":11.0,"enemies":"Jaw Worm","floor":4.0,"turns":6.0},{"damage":0.0,"enemies":"Cultist","floor":7.0,"turns":5.0},{"damage":6.0,"enemies":"Looter","floor":11.0,"turns":5.0},{"damage":11.0,"enemies":"3 Sentries","floor":12.0,"turns":11.0},{"damage":0.0,"enemies":"Blue Slaver","floor":14.0,"turns":5.0},{"damage":15.0,"enemies":"Slime Boss","floor":16.0,"turns":13.0},{"damage":7.0,"enemies":"Shell Parasite","floor":18.0,"turns":20.0},{"damage":1.0,"enemies":"3 Byrds","floor":22.0,"turns":12.0},{"damage":0.0,"enemies":"Book of Stabbing","floor":23.0,"turns":10.0},{"damage":0.0,"enemies":"Gremlin Leader","floor":25.0,"turns":12.0},{"damage":3.0,"enemies":"Cultist and Chosen","floor":29.0,"turns":12.0},{"damage":7.0,"enemies":"Snake Plant","floor":31.0,"turns":8.0},{"damage":26.0,"enemies":"Collector","floor":33.0,"turns":12.0},{"damage":6.0,"enemies":"3 Darklings","floor":35.0,"turns":7.0},{"damage":18.0,"enemies":"3 Shapes","floor":36.0,"turns":7.0},{"damage":0.0,"enemies":"Transient","floor":38.0,"turns":6.0},{"damage":7.0,"enemies":"Reptomancer","floor":40.0,"turns":7.0},{"damage":0.0,"enemies":"Nemesis","floor":42.0,"turns":9.0},{"damage":0.0,"enemies":"Reptomancer","floor":44.0,"turns":5.0},{"damage":14.0,"enemies":"Jaw Worm Horde","floor":45.0,"turns":4.0},{"damage":9.0,"enemies":"Nemesis","floor":47.0,"turns":5.0},{"damage":49,"enemies":"Donu and Deca","floor":50,"turns":7}],"seed_played":"4333846511398467103","potions_obtained":[{"floor":1.0,"key":"SpeedPotion"},{"floor":14.0,"key":"Block Potion"},{"floor":16.0,"key":"Block Potion"},{"floor":23.0,"key":"LiquidMemories"},{"floor":31.0,"key":"Explosive Potion"},{"floor":35.0,"key":"Strength Potion"},{"floor":38.0,"key":"Dexterity Potion"},{"floor":44.0,"key":"BlessingOfTheForge"},{"floor":47.0,"key":"PowerPotion"}],"is_trial":false,"path_per_floor":["M","?","?","M","$","R","M","R","T","?","M","E","R","M","R","B",null,"M","$","?","$","M","E","R","E","T","?","R","M","R","M","R","B",null,"M","M","$","M","?","E","R","E","T","E","M","R","E","$","R","B",null],"character_chosen":"DEFECT","items_purchased":["Go for the Eyes","Membership Card","Scrape","Du-Vu Doll","Whetstone","Shuriken","Chemical X"],"campfire_rested":0,"item_purchase_floors":[21,37,37,37,37,48,48],"current_hp_per_floor":[57,57,57,46,46,46,46,46,46,46,40,29,35,35,44,49,60,53,53,53,53,52,52,58,58,58,37,46,43,52,45,54,38,58,52,34,34,34,22,15,31,31,31,43,41,53,44,44,56,34],"gold":71,"neow_bonus":"ONE_RARE_RELIC","is_daily":false,"chose_seed":false,"campfire_upgraded":5,"win_rate":0.0,"timestamp":1611837081,"path_taken":["M","?","?","M","$","R","M","R","T","?","M","E","R","M","R","BOSS","M","$","?","$","?","E","R","E","T","?","R","M","R","M","R","BOSS","M","M","$","M","?","E","R","E","T","E","M","R","E","$","R","BOSS"],"items_purchased_type":["Card","Relic","Card","Relic","Relic","Relic","Relic"],"build_version":"2020-12-22","purchased_purges":7,"victory":true,"max_hp_per_floor":[71,71,71,71,71,71,71,71,71,64,64,64,64,64,64,64,64,64,64,64,64,64,64,64,64,64,64,64,64,64,64,64,64,64,64,64,64,64,64,64,71,71,71,71,71,71,71,71,71,71],"card_choices":[{"not_picked":["Gash","Barrage"],"picked":"Reprogram","floor":1.0},{"not_picked":["Coolheaded","Redo"],"picked":"Reinforced Body","floor":4.0},{"not_picked":["Redo","Gash"],"picked":"Steam","floor":7.0},{"not_picked":["Streamline","Rip and Tear"],"picked":"Hello World","floor":11.0},{"not_picked":["Cold Snap","Ball Lightning","Chill"],"picked":"SKIP","floor":12.0},{"not_picked":["Go for the Eyes","Double Energy"],"picked":"Hologram","floor":14.0},{"not_picked":["Creative AI","Core Surge"],"picked":"Reboot","floor":16.0},{"not_picked":["Ball Lightning","Reinforced Body","Cold Snap"],"picked":"SKIP","floor":18.0},{"not_picked":["Leap","Steam","Chaos"],"picked":"SKIP","floor":22.0},{"not_picked":["Leap","Steam","Chaos"],"picked":"SKIP","floor":22.0},{"not_picked":["Barrage","Loop"],"picked":"Recycle","floor":23.0},{"not_picked":["Chill","Machine Learning"],"picked":"FTL","floor":25.0},{"not_picked":["Steam Power","Defragment","Stack"],"picked":"SKIP","floor":29.0},{"not_picked":["Rebound","Go for the Eyes+1"],"picked":"Gash","floor":31.0},{"not_picked":["Core Surge","Machine Learning","Fission"],"picked":"Reboot","floor":33.0},{"not_picked":["Compile Driver","Heatsinks","Glacier","BootSequence"],"picked":"SKIP","floor":35.0},{"not_picked":["Streamline","Ball Lightning","Glacier","Redo"],"picked":"SKIP","floor":36.0},{"not_picked":["Conserve Battery+1","Cold Snap+1","Rebound+1","Coolheaded"],"picked":"SKIP","floor":38.0},{"not_picked":["Consume+1","Fission","Ball Lightning","Leap"],"picked":"SKIP","floor":40.0},{"not_picked":["Compile Driver","Stack","Heatsinks"],"picked":"All For One","floor":42.0},{"not_picked":["Rainbow","Genetic Algorithm","Hologram+1","Redo"],"picked":"SKIP","floor":44.0},{"not_picked":["Rainbow","Genetic Algorithm","Hologram+1","Redo"],"picked":"SKIP","floor":44.0},{"not_picked":["Capacitor","Scrape+1","Consume"],"picked":"Turbo","floor":45.0},{"not_picked":["Aggregate","Rebound+1","Streamline","Leap"],"picked":"SKIP","floor":47.0},{"not_picked":["Aggregate","Rebound+1","Streamline","Leap"],"picked":"SKIP","floor":47.0}],"player_experience":525112,"relics_obtained":[{"floor":8.0,"key":"Pantograph"},{"floor":9.0,"key":"Eternal Feather"},{"floor":12.0,"key":"Calipers"},{"floor":13.0,"key":"HornCleat"},{"floor":15.0,"key":"Old Coin"},{"floor":23.0,"key":"Smiling Mask"},{"floor":25.0,"key":"Orichalcum"},{"floor":26.0,"key":"Matryoshka"},{"floor":30.0,"key":"Blue Candle"},{"floor":32.0,"key":"Question Card"},{"floor":40.0,"key":"Mummified Hand"},{"floor":41.0,"key":"Strawberry"},{"floor":42.0,"key":"StrikeDummy"},{"floor":43.0,"key":"Meat on the Bone"},{"floor":43.0,"key":"Toy Ornithopter"},{"floor":44.0,"key":"Letter Opener"},{"floor":47.0,"key":"Mercury Hourglass"}],"event_choices":[{"cards_removed":["Strike_B"],"damage_healed":0.0,"max_hp_gain":0.0,"max_hp_loss":0.0,"gold_gain":0.0,"event_name":"Living Wall","player_choice":"Forget","floor":2.0,"gold_loss":0.0,"damage_taken":0.0},{"damage_healed":0.0,"max_hp_gain":0.0,"max_hp_loss":0.0,"gold_gain":150.0,"event_name":"Liars Game","player_choice":"AGREE","floor":3.0,"gold_loss":0.0,"damage_taken":0.0,"cards_obtained":["Doubt"]},{"damage_healed":0.0,"max_hp_gain":0.0,"max_hp_loss":7.0,"gold_gain":0.0,"event_name":"Golden Idol","player_choice":"Lose Max HP","floor":10.0,"gold_loss":0.0,"damage_taken":0.0,"relics_obtained":["Golden Idol"]},{"cards_removed":["Defend_B"],"damage_healed":0.0,"max_hp_gain":0.0,"max_hp_loss":0.0,"gold_gain":0.0,"event_name":"Bonfire Elementals","player_choice":"Offered Basic","floor":20.0,"gold_loss":0.0,"damage_taken":0.0},{"damage_healed":0.0,"max_hp_gain":0.0,"max_hp_loss":0.0,"gold_gain":0.0,"event_name":"Cursed Tome","player_choice":"Obtained Book","floor":27.0,"gold_loss":0.0,"damage_taken":21.0},{"damage_healed":0.0,"max_hp_gain":0.0,"max_hp_loss":0.0,"gold_gain":0.0,"event_name":"Winding Halls","player_choice":"Embrace Madness","floor":39.0,"gold_loss":0.0,"damage_taken":12.0,"cards_obtained":["Madness","Madness"]}],"is_beta":false,"boss_relics":[{"not_picked":["Cursed Key","Philosopher\u0027s Stone"],"picked":"Astrolabe"},{"not_picked":["FrozenCore","Tiny House"],"picked":"Runic Pyramid"}],"items_purged_floors":[5,19,19,21,37,37,48],"is_endless":false,"potions_floor_spawned":[1,14,16,23,31,35,38,44,45,47],"ascension_level":17}}