{"host":"rm0ctv8qd8mnbkg1","time":1611836050,"event":{"mods":["Arknights The Spire","BaseMod","BetterRewards","Colored Map","DNKmod","Dark Map","Defuse TimeMaze Blight","Friendly Minions","Hubris","Infinite Spire","Minty Spire (QoL Compilation)","Permanent Neow","Quarter Circle Forward PUNCH!","RRrroohrrRGHHhhh!!","Rare Cards Sparkle","Relic Sorter","Reliquary","Replay The Spire","RumiaBox-????????","Shop Mod","Spicy Shops","Spire Arcade","StS++","StSLib","The Dragon Tamer","The Servant 0.9.4","Wandering Minibosses","[IsaacMod]????","??????REMEMod"],"gold_per_floor":[10018,10029,8406,8423,8435,8462,8462,8111,8111,8122,8152,8152,8209,8220,8220,8324,8324,8342,8354,8369,8388,8388,8416,8416,8441,8519,8116,8134,8097,8097,8097,8097,8196,8196,8209,8209,7733,7762,8062,8062,8062,7787,7787,7787,7817,7856,7880,7880,7880,7892],"floor_reached":51,"language":"ENG","playtime":2256,"items_purged":[],"score":1370,"play_id":"1a3314be-e50b-4d6f-8c38-d9d34b118450","local_time":"20210128121410","is_ascension_mode":true,"campfire_choices":[{"data":"Static Discharge","floor":7,"key":"SMITH"},{"data":"hubris:PowerSurge","floor":12,"key":"SMITH"},{"data":"Rainbow","floor":15,"key":"SMITH"},{"data":"BestPractice","floor":24,"key":"SMITH"},{"data":"Replay:BasicMightCard","floor":30,"key":"SMITH"},{"data":"Pulse","floor":32,"key":"SMITH"},{"data":"StSpp:Igniter","floor":40,"key":"SMITH"},{"data":"Loop","floor":44,"key":"SMITH"},{"data":"hubris:PowerSurge","floor":49,"key":"SMITH"}],"circlet_count":0,"master_deck":["Strike_B","Strike_B","Strike_B","Strike_B","Defend_B","Defend_B","Defend_B","Defend_B","Zap","Dualcast","BestPractice+1","hubris:PowerSurge+1","rorgmod:Steady Aim","Static Discharge+1","Consume","REME_BattleFury","Dramatic Entrance","Self Repair","Ball Lightning","Rainbow+1","Sweeping Beam","Ball Lightning","Core Surge","Loop+1","Distribution","StSpp:Igniter+1","Redo","StSpp:Igniter+1","Replay:BasicMightCard+1","Pulse+1","Madness","Madness","Specialist","hubris:PowerSurge+1","hubris:PowerSurge+1","ReplayRNGCard","Dark Shackles"],"relics":["Cracked Core","ZombieArmy","REME_ComplimentaryCards","HushsDoor","DoctorsRemote","NeowsBlessing","rorgmod:Data Disk","Chemical X","reliquary:BrokenClock","Garlic","reliquary:PartyBalloon","SteamSale","Raider\u0027s Mask","Blood Vial","GodSword1","hubris:MobiusCoin","EasyGame_NEW","GuppysTail","wanderingMiniBosses:OtherGremlinHorn","StSpp:BackupBattery","HornCleat","Gremlin Food","MerchantsRug","infinitespire:Broken Mirror","StSpp:PetrifiedCaterpillar","rorgmod:Decaying Core","reliquary:TuningFork","DeadEye","ReplayFunnel","DollysMirror","StSpp:GiftCard"],"acts_visited":["Exordium","TheCity","TheBeyond"],"potions_floor_usage":[20],"damage_taken":[{"damage":0,"enemies":"Cultist","floor":1,"turns":1},{"damage":0,"enemies":"2 Louse","floor":2,"turns":1},{"damage":0,"enemies":"Small Slimes","floor":4,"turns":1},{"damage":0,"enemies":"Blue Slaver","floor":5,"turns":1},{"damage":0,"enemies":"Gremlin Nob","floor":6,"turns":3},{"damage":0,"enemies":"2 Fungi Beasts","floor":10,"turns":2},{"damage":0,"enemies":"Replay:BlueRogue","floor":11,"turns":2},{"damage":0,"enemies":"Exordium Thugs","floor":14,"turns":2},{"damage":0,"enemies":"Hexaghost","floor":16,"turns":4},{"damage":0,"enemies":"2 Thieves","floor":18,"turns":3},{"damage":0,"enemies":"Shell Parasite","floor":19,"turns":2},{"damage":0,"enemies":"Shelled Parasite and Fungi","floor":20,"turns":5},{"damage":16,"enemies":"Snecko","floor":21,"turns":2},{"damage":0,"enemies":"Gremlin Leader","floor":23,"turns":3},{"damage":2,"enemies":"Replay:Snechameleon","floor":25,"turns":3},{"damage":0,"enemies":"Chosen and Byrds","floor":28,"turns":3},{"damage":0,"enemies":"Collector","floor":33,"turns":4},{"damage":0,"enemies":"3 Darklings","floor":35,"turns":2},{"damage":0,"enemies":"3 Shapes","floor":38,"turns":2},{"damage":0,"enemies":"Maw","floor":45,"turns":4},{"damage":0,"enemies":"R_Hoarder","floor":46,"turns":4},{"damage":0,"enemies":"Jaw Worm Horde","floor":47,"turns":2},{"damage":0,"enemies":"Awakened One","floor":50,"turns":5}],"seed_played":"-3194536935974511835","potions_obtained":[{"floor":5,"key":"Block Potion"},{"floor":6,"key":"AttackPotion"},{"floor":28,"key":"Fire Potion"},{"floor":38,"key":"Strength Potion"}],"is_trial":false,"path_per_floor":["M","M","$","M","M","E","R","$","T","M","E","R","?","M","R","B",null,"M","M","M","M","?","E","R","E","T","$","M","$","R","?","R","B",null,"M","?","$","M","?","R","?","$","T","R","M","E","M","?","R","B",null],"character_chosen":"DEFECT","items_purchased":["rorgmod:Data Disk","Chemical X","Static Discharge","Consume","reliquary:BrokenClock","REME_BattleFury","Garlic","Dramatic Entrance","SteamSale","Raider\u0027s Mask","Blood Vial","FairyPotion","GuppysTail","Loop","StSpp:Igniter","Replay:BasicMightCard","Gremlin Food","MerchantsRug","infinitespire:Broken Mirror","Pulse","StSpp:PetrifiedCaterpillar","ZombieArmy","rorgmod:Decaying Core","reliquary:TuningFork","Specialist","DeadEye","ReplayFunnel","DollysMirror"],"campfire_rested":0,"item_purchase_floors":[3,3,3,3,3,3,3,3,8,8,8,8,17,17,27,27,27,27,27,29,37,37,37,37,37,42,42,42],"current_hp_per_floor":[1000,1000,1000,1000,1000,1000,1000,1000,1000,1000,1000,1000,1000,1000,1000,1000,987,987,987,987,978,978,987,987,987,987,987,987,987,987,987,987,987,987,987,864,864,866,866,866,866,866,866,866,875,887,896,896,896,908],"gold":7892,"neow_bonus":"THREE_ENEMY_KILL","is_daily":false,"chose_seed":false,"campfire_upgraded":9,"win_rate":0.0,"timestamp":1611836050,"path_taken":["M","M","$","M","?","E","R","$","T","M","E","R","?","M","R","BOSS","M","M","M","M","?","E","R","E","T","$","M","$","R","?","R","BOSS","M","?","?","M","?","R","?","$","T","R","M","E","?","?","R","BOSS"],"items_purchased_type":["Relic","Relic","Card","Card","Relic","Card","Relic","Card","Relic","Relic","Relic","Potion","Relic","Card","Card","Card","Relic","Relic","Relic","Card","Relic","Relic","Relic","Relic","Card","Relic","Relic","Relic"],"build_version":"2020-12-22","purchased_purges":0,"victory":true,"max_hp_per_floor":[1000,1000,1000,1000,1000,1000,1000,1000,1000,1000,1000,1000,1000,1000,1000,1000,987,987,987,987,987,987,987,987,987,987,987,987,987,987,987,987,987,987,987,987,987,987,987,987,987,987,987,987,987,987,987,987,987,987],"card_choices":[{"not_picked":["Distribution","rorgmod:Fuse Blower"],"picked":"hubris:PowerSurge","floor":1},{"not_picked":["StSpp:Converter","Chill"],"picked":"rorgmod:Steady Aim","floor":2},{"not_picked":["Turbo","Reboot"],"picked":"Self Repair","floor":4},{"not_picked":["hubris:Ukulele","rorgmod:Leap"],"picked":"Ball Lightning","floor":5},{"not_picked":["Sweeping Beam","Hologram"],"picked":"Bomb","floor":6},{"not_picked":["StSpp:Mask","rorgmod:Overcurrent"],"picked":"Rainbow","floor":10},{"not_picked":["Force Field","ReplaySolidLightProjector"],"picked":"Sweeping Beam","floor":11},{"not_picked":["rorgmod:Leap","rorgmod:Refrigerate"],"picked":"Ball Lightning","floor":14},{"not_picked":["hubris:Prefetch","Hyperbeam"],"picked":"Core Surge","floor":16},{"not_picked":["Compile Driver","rorgmod:SQL Injection","Panic Button+1"],"picked":"SKIP","floor":18},{"not_picked":["rorgmod:Leap","Panic Button","Redo"],"picked":"SKIP","floor":19},{"not_picked":["Redo","Ball Lightning"],"picked":"Distribution","floor":20},{"not_picked":["Redo","rorgmod:LRU Cache+1","rorgmod:Overcurrent+1"],"picked":"SKIP","floor":21},{"not_picked":["Reinforced Body","Coolheaded"],"picked":"StSpp:Igniter+1","floor":23},{"not_picked":["rorgmod:Zing-Zap","Conserve Battery"],"picked":"Redo","floor":25},{"not_picked":["Reboot","Cold Snap","Sunder"],"picked":"SKIP","floor":28},{"not_picked":["rorgmod:Overcurrent","Stack","Panic Button+1"],"picked":"SKIP","floor":35},{"not_picked":["Panic Button","REME_Compress+1","Heatsinks"],"picked":"SKIP","floor":38},{"not_picked":["Undo","Reinforced Body"],"picked":"hubris:PowerSurge","floor":45},{"not_picked":["Cold Snap+1","rorgmod:Overcurrent+1"],"picked":"ReplayRNGCard","floor":46},{"not_picked":["Hologram","Heatsinks+1","ReplayTheSpireMod:System Scan+1"],"picked":"SKIP","floor":47},{"not_picked":["Deep Breath","PanicButton"],"picked":"Dark Shackles","floor":48}],"player_experience":188714,"relics_obtained":[{"floor":6,"key":"reliquary:PartyBalloon"},{"floor":9,"key":"GodSword1"},{"floor":11,"key":"hubris:MobiusCoin"},{"floor":20,"key":"wanderingMiniBosses:OtherGremlinHorn"},{"floor":23,"key":"StSpp:BackupBattery"},{"floor":25,"key":"HornCleat"},{"floor":26,"key":"TheBible"},{"floor":43,"key":"StSpp:GiftCard"}],"event_choices":[{"damage_healed":0,"gold_gain":57,"player_choice":"Gained Gold","damage_taken":0,"max_hp_gain":0,"max_hp_loss":0,"event_name":"Golden Wing","floor":13,"gold_loss":0},{"damage_healed":0,"gold_gain":0,"player_choice":"Ignored","damage_taken":0,"max_hp_gain":0,"max_hp_loss":0,"event_name":"Purifier","floor":31,"gold_loss":0},{"damage_healed":0,"gold_gain":0,"player_choice":"Embrace Madness","damage_taken":123,"max_hp_gain":0,"max_hp_loss":0,"event_name":"Winding Halls","floor":36,"gold_loss":0,"cards_obtained":["Madness","Madness"]},{"damage_healed":0,"gold_gain":0,"player_choice":"Memory 1","damage_taken":0,"max_hp_gain":0,"max_hp_loss":0,"event_name":"SensoryStone","floor":48,"gold_loss":0}],"is_beta":false,"boss_relics":[{"not_picked":["SoulBox","Runic Pyramid"],"picked":"EasyGame_NEW"},{"not_picked":[]},{"not_picked":["reliquary:KinkedSpring","hubris:Stopwatch","Abe\u0027s Treasure"]}],"items_purged_floors":[],"is_endless":false,"potions_floor_spawned":[5,6,10,11,19,25,28,35,38,46],"ascension_level":4}}