{"host":"7y3xcojbvgknqiob","time":1611827387,"event":{"mods":["Aspiration","BaseMod","Best Route Mod","Clockwork Mod","Downfall","Hermit","Magitek Elite","Minty Spire (QoL Compilation)","Potionbrewer","Quick Restart","StSLib","The Bug Knight"],"gold_per_floor":[116,134,147,158,173,173,190,190,190,190,190,84,100,129,129,227,227,244,244,130,143,143,143,143,143],"floor_reached":24,"language":"ENG","playtime":1815,"items_purged":[],"score":298,"play_id":"9db4d5d8-a849-491d-971e-595756f43527","local_time":"20210128014947","daily_mods":["Draft","Heirloom","DeadlyEvents"],"is_ascension_mode":false,"campfire_choices":[{"floor":6,"key":"REST"},{"data":"Clockwork:ZeroPointEnergy","floor":8,"key":"SMITH"},{"data":"Clockwork:PerfectedShield","floor":10,"key":"SMITH"},{"floor":15,"key":"REST"},{"floor":23,"key":"REST"}],"circlet_count":0,"master_deck":["Clockwork:TestingEnvironment","Clockwork:Friction","Clockwork:AdaptiveCannon","Clockwork:CogShield","Clockwork:ChargingShield","Clockwork:CogToss","Clockwork:ForgeStrike","Clockwork:CogBarrier","Clockwork:SnapKeep","Clockwork:PerfectedShield+1","Clockwork:AssemblyLine","Clockwork:ForgeStrike","Clockwork:Roundhouse","Clockwork:SpringShield","Clockwork:SearchingStrike","Clockwork:SystemHardening","Clockwork:CogShield","Clockwork:ZeroPointEnergy+1","Clockwork:LogisticRegression","Clockwork:MechanicalMass+1","Clockwork:SystemScan","Clockwork:TimeWalk","Clockwork:Redundancy","Clockwork:PerfectedShield+1","Clockwork:Roundhouse+1","Clockwork:ElasticNanites+1","Writhe"],"relics":["Clockwork:MomentumEngine","Clockwork:BreathingRoom","Clockwork:CopperScales","Frozen Egg 2","HollowMod:StagPassRelic","Clockwork:BloodPhial","Tiny Chest","Golden_Hairpin","champ:DuelingGlove","Clockwork:Varja"],"acts_visited":["Exordium","TheCity"],"potions_floor_usage":[5,14,14],"damage_taken":[{"damage":4,"enemies":"Cultist","floor":1,"turns":8},{"damage":1,"enemies":"Jaw Worm","floor":2,"turns":6},{"damage":22,"enemies":"Small Slimes","floor":3,"turns":6},{"damage":12,"enemies":"Blue Slaver","floor":4,"turns":5},{"damage":20,"enemies":"Red Slaver","floor":5,"turns":7},{"damage":9,"enemies":"3 Louse","floor":7,"turns":2},{"damage":9,"enemies":"2 Fungi Beasts","floor":13,"turns":4},{"damage":37,"enemies":"Gremlin Nob","floor":14,"turns":4},{"damage":34,"enemies":"The Guardian","floor":16,"turns":15},{"damage":36,"enemies":"2 Thieves","floor":18,"turns":4},{"damage":19,"enemies":"Spheric Guardian","floor":21,"turns":4},{"damage":54,"enemies":"Gremlin Leader","floor":24,"turns":9}],"seed_played":"-3489059672685963887","potions_obtained":[{"floor":3,"key":"Fire Potion"},{"floor":4,"key":"LiquidMemories"},{"floor":5,"key":"Fruit Juice"},{"floor":13,"key":"DuplicationPotion"}],"is_trial":true,"path_per_floor":["M","M","M","M","M","R","M","R","T","R","T","$","M","E","R","B",null,"M","?","$","M","?","R","E"],"character_chosen":"CLOCKWORK","items_purchased":["Clockwork:CraftBloodPhial","Clockwork:MechanicalMass","Clockwork:PerfectedShield","Clockwork:Roundhouse"],"campfire_rested":3,"item_purchase_floors":[12,12,20,20],"current_hp_per_floor":[81,80,60,48,35,62,53,53,53,53,53,53,46,11,38,10,90,54,36,36,21,21,49,0,0],"gold":143,"neow_bonus":"","is_daily":false,"chose_seed":false,"campfire_upgraded":2,"win_rate":0.0,"timestamp":1611827387,"path_taken":["M","M","?","M","M","R","M","R","T","R","?","$","M","E","R","BOSS","M","?","$","M","?","R","E"],"items_purchased_type":["Card","Card","Card","Card"],"build_version":"2020-12-22","purchased_purges":0,"victory":false,"max_hp_per_floor":[85,85,85,85,90,90,90,90,90,90,90,90,90,90,90,90,90,90,95,95,95,95,95,95,95],"card_choices":[{"not_picked":["Clockwork:ChargingBlade","Clockwork:ForgeStrike"],"picked":"Clockwork:CraftBloodPhial","floor":0},{"not_picked":["Clockwork:ReserveSystems","Clockwork:PerfectedStrike"],"picked":"Clockwork:TestingEnvironment","floor":0},{"not_picked":["Clockwork:Minimalism","Clockwork:ChargingBlade"],"picked":"Clockwork:Friction","floor":0},{"not_picked":["Clockwork:SnapKeep","Clockwork:Pluck"],"picked":"Clockwork:AdaptiveCannon","floor":0},{"not_picked":["Clockwork:Minimalism","Clockwork:LiteraryArmor"],"picked":"Clockwork:CraftCopperScales","floor":0},{"not_picked":["Clockwork:TiltAWhirl","Clockwork:Pluck"],"picked":"Clockwork:CogShield","floor":0},{"not_picked":["Clockwork:CogToss","Clockwork:Pluck"],"picked":"Clockwork:ChargingShield","floor":0},{"not_picked":["Clockwork:CraftVarja","Clockwork:TestingEnvironment"],"picked":"Clockwork:CogToss","floor":0},{"not_picked":["Clockwork:SystemScan","Clockwork:Redundancy"],"picked":"Clockwork:ForgeStrike","floor":0},{"not_picked":["Clockwork:CogShield","Clockwork:CraftBloodPhial"],"picked":"Clockwork:CogBarrier","floor":0},{"not_picked":["Clockwork:ChargingShield","Clockwork:SystemScan"],"picked":"Clockwork:SnapKeep","floor":0},{"not_picked":["Clockwork:FalseStart","Clockwork:Redundancy"],"picked":"Clockwork:PerfectedShield","floor":0},{"not_picked":["Clockwork:ChargingBlade","Clockwork:CogBarrier"],"picked":"Clockwork:AssemblyLine","floor":0},{"not_picked":["Clockwork:CraftBloodPhial","Clockwork:ChargingBlade"],"picked":"Clockwork:ForgeStrike","floor":0},{"not_picked":["Clockwork:InertialShield","Clockwork:Improve"],"picked":"Clockwork:Roundhouse","floor":0},{"not_picked":["Clockwork:SnapKeep","Clockwork:AdaptiveShield"],"picked":"Clockwork:SpringShield","floor":1},{"not_picked":["Clockwork:ChargingBlade","Clockwork:CogToss"],"picked":"Clockwork:SearchingStrike","floor":2},{"not_picked":["Clockwork:Clone","Clockwork:CogToss"],"picked":"Clockwork:SystemHardening","floor":3},{"not_picked":["Clockwork:HoardingStrike","Clockwork:MechanicalBulk"],"picked":"Clockwork:CogShield","floor":4},{"not_picked":["Clockwork:Improve","Clockwork:Enhance"],"picked":"Clockwork:ZeroPointEnergy","floor":5},{"not_picked":["Clockwork:ChargingBlade","Clockwork:Improve"],"picked":"Clockwork:LogisticRegression","floor":7},{"not_picked":["Clockwork:Clone","Clockwork:ChargingBlade"],"picked":"Clockwork:CraftVarja","floor":13},{"not_picked":["Clockwork:Redundancy","Clockwork:HoardingStrike"],"picked":"Clockwork:SystemScan","floor":14},{"not_picked":["Clockwork:Randomization","Clockwork:ReactiveNanites+1"],"picked":"Clockwork:TimeWalk","floor":16},{"not_picked":["Clockwork:SearingStrike","Clockwork:CogToss+1"],"picked":"Clockwork:Redundancy","floor":18},{"not_picked":["Clockwork:Redundancy","Clockwork:TestingEnvironment+1"],"picked":"Clockwork:ElasticNanites+1","floor":21}],"player_experience":487144,"relics_obtained":[{"floor":9,"key":"Frozen Egg 2"},{"floor":11,"key":"HollowMod:StagPassRelic"},{"floor":14,"key":"Tiny Chest"}],"event_choices":[{"damage_healed":0,"gold_gain":0,"player_choice":"Shed Blood","damage_taken":23,"max_hp_gain":5,"max_hp_loss":0,"event_name":"Forgotten Altar","floor":19,"gold_loss":0},{"damage_healed":0,"gold_gain":0,"player_choice":"Opened","damage_taken":0,"relics_obtained":["champ:DuelingGlove"],"max_hp_gain":0,"max_hp_loss":0,"event_name":"The Mausoleum","floor":22,"gold_loss":0,"cards_obtained":["Writhe"]}],"is_beta":false,"boss_relics":[{"not_picked":["Black Star","Tiny House"],"picked":"Golden_Hairpin"}],"items_purged_floors":[],"is_endless":true,"potions_floor_spawned":[3,4,5,13],"killed_by":"Gremlin Leader","ascension_level":0}}