{"host":"yecadp3kwkksam5a","time":1611836511,"event":{"mods":["BaseMod","Minty Spire (QoL Compilation)","StSLib","SuperFastMode","The Cursed"],"gold_per_floor":[110,126,140,150,150,161,161,174,199,199,217,284,344,30,30,30,30],"floor_reached":16,"language":"KOR","playtime":696,"items_purged":["TheCursedMod:Strike_TheCursed"],"score":108,"play_id":"b7e3dcf2-f1e9-425a-9c23-1501a6182c55","local_time":"20210128212151","is_ascension_mode":true,"campfire_choices":[{"data":"TheCursedMod:CleanUpWorkshop","floor":7.0,"key":"SMITH"},{"data":"TheCursedMod:CursedWand","floor":10.0,"key":"SMITH"},{"data":"TheCursedMod:Stigma","floor":15.0,"key":"SMITH"}],"circlet_count":0,"master_deck":["TheCursedMod:Strike_TheCursed","TheCursedMod:Strike_TheCursed","TheCursedMod:Strike_TheCursed","TheCursedMod:Defend_TheCursed","TheCursedMod:Defend_TheCursed","TheCursedMod:Defend_TheCursed","TheCursedMod:Defend_TheCursed","TheCursedMod:CursedWand+1","TheCursedMod:CleanUpWorkshop+1","TheCursedMod:Dregs","TheCursedMod:Stigma+1","TheCursedMod:Obscuration","TheCursedMod:ManaCirculation","TheCursedMod:Stigma","TheCursedMod:CursedBlade","TheCursedMod:FleshFromBone","TheCursedMod:UltimatePain"],"relics":["TheCursedMod:BlackMagic101","SsserpentHead","Nunchaku","Chemical X"],"acts_visited":["Exordium"],"potions_floor_usage":[16],"damage_taken":[{"damage":4.0,"enemies":"Jaw Worm","floor":1.0,"turns":4.0},{"damage":0.0,"enemies":"Cultist","floor":2.0,"turns":3.0},{"damage":3.0,"enemies":"2 Louse","floor":3.0,"turns":4.0},{"damage":14.0,"enemies":"Exordium Thugs","floor":4.0,"turns":8.0},{"damage":6.0,"enemies":"Looter","floor":6.0,"turns":3.0},{"damage":0.0,"enemies":"Blue Slaver","floor":8.0,"turns":5.0},{"damage":12.0,"enemies":"Exordium Thugs","floor":11.0,"turns":6.0},{"damage":8.0,"enemies":"Large Slime","floor":12.0,"turns":6.0},{"damage":6.0,"enemies":"Looter","floor":13.0,"turns":2.0},{"damage":22,"enemies":"Slime Boss","floor":16,"turns":8}],"seed_played":"-3137128043034823102","potions_obtained":[{"floor":2.0,"key":"FairyPotion"},{"floor":3.0,"key":"AttackPotion"},{"floor":6.0,"key":"Strength Potion"},{"floor":11.0,"key":"PowerPotion"}],"is_trial":false,"path_per_floor":["M","M","M","M","?","M","R","M","T","R","M","M","M","$","R","B"],"character_chosen":"THE_CURSED","items_purchased":["TheCursedMod:UltimatePain","Chemical X"],"campfire_rested":0,"item_purchase_floors":[14,14],"current_hp_per_floor":[78,78,75,61,61,55,55,55,55,55,43,35,29,29,29,7,7],"gold":30,"neow_bonus":"TEN_PERCENT_HP_BONUS","is_daily":false,"chose_seed":false,"campfire_upgraded":3,"win_rate":0.0,"timestamp":1611836511,"path_taken":["M","M","M","M","?","M","R","M","T","R","M","?","?","?","R","BOSS"],"items_purchased_type":["Card","Relic"],"build_version":"2020-12-22","purchased_purges":1,"victory":false,"max_hp_per_floor":[82,82,82,82,82,82,82,82,82,82,82,82,82,82,82,82,82],"card_choices":[{"not_picked":["TheCursedMod:WearCloak","TheCursedMod:TacticalStrike","TheCursedMod:Wield"],"picked":"SKIP","floor":1.0},{"not_picked":["TheCursedMod:WearCloak","TheCursedMod:CursedMace"],"picked":"TheCursedMod:Stigma","floor":2.0},{"not_picked":["TheCursedMod:RavingStaff","TheCursedMod:SoulCrush"],"picked":"TheCursedMod:Obscuration","floor":3.0},{"not_picked":["TheCursedMod:SpitefulStrike","TheCursedMod:Stretching","TheCursedMod:ManaBullet"],"picked":"SKIP","floor":4.0},{"not_picked":["TheCursedMod:EmpowerCircles","TheCursedMod:DoubleShield","TheCursedMod:CursedShiv"],"picked":"SKIP","floor":6.0},{"not_picked":["TheCursedMod:CircleOfCorruption","TheCursedMod:BlessingInDisguise"],"picked":"TheCursedMod:ManaCirculation","floor":8.0},{"not_picked":["TheCursedMod:CircleOfCorruption","TheCursedMod:AshesToAshes"],"picked":"TheCursedMod:Stigma","floor":11.0},{"not_picked":["TheCursedMod:Wield","TheCursedMod:VitalStrike"],"picked":"TheCursedMod:CursedBlade","floor":12.0},{"not_picked":["TheCursedMod:Evocation","TheCursedMod:SmokeScreen"],"picked":"TheCursedMod:FleshFromBone","floor":13.0}],"player_experience":512864,"relics_obtained":[{"floor":9.0,"key":"Nunchaku"}],"event_choices":[{"damage_healed":0.0,"max_hp_gain":0.0,"max_hp_loss":0.0,"gold_gain":0.0,"event_name":"FaceTrader","player_choice":"Trade","floor":5.0,"gold_loss":0.0,"damage_taken":0.0,"relics_obtained":["SsserpentHead"]}],"is_beta":false,"boss_relics":[],"items_purged_floors":[14],"is_endless":false,"potions_floor_spawned":[2,3,6,11],"killed_by":"Slime Boss","ascension_level":2}}