{"host":"bq4pt811tk9yrmjl","time":1611858302,"event":{"mods":["AchievementEnabler","BaseMod","Colored Map","Colored Powertips","Defuse TimeMaze Blight","Hermit","Minty Spire (QoL Compilation)","StSLib","SuperFastMode"],"gold_per_floor":[112,112,112,125,50,80,80,80,80,80,100,0,15,30,30,128,128,144,19,35,35,64,64,92,108,179,29,29,29,29,49,49,150,150,168,168,185,10,28,28,28,28,96,96,110,120,120,16,16,16,16,16,16,16,16],"floor_reached":54,"language":"ENG","playtime":740,"items_purged":["Choke","Finisher","Survivor","Infinite Blades","Acrobatics"],"score":841,"play_id":"8e6e96b9-dafd-42c7-b151-daba994829ed","local_time":"20210128162502","is_ascension_mode":true,"campfire_choices":[{"data":"After Image","floor":7.0,"key":"SMITH"},{"data":"Terror","floor":10.0,"key":"SMITH"},{"data":"Grand Finale","floor":15.0,"key":"SMITH"},{"floor":23.0,"key":"RECALL"},{"data":"Neutralize","floor":30.0,"key":"SMITH"},{"floor":32.0,"key":"REST"},{"floor":40,"key":"REST"},{"data":"Calculated Gamble","floor":42,"key":"SMITH"},{"floor":44,"key":"REST"},{"floor":49,"key":"REST"},{"data":"Panacea","floor":52,"key":"SMITH"}],"circlet_count":0,"master_deck":["Neutralize+1","After Image+1","Terror+1","Calculated Gamble+1","Grand Finale+1","Escape Plan+1","After Image+1","Panacea+1"],"relics":["Pandora\u0027s Box","Singing Bowl","Sundial","Bird Faced Urn","Runic Pyramid","Red Mask","Pen Nib","Mummified Hand","MutagenicStrength","Busted Crown"],"acts_visited":["Exordium","TheCity","TheBeyond","TheEnding"],"potions_floor_usage":[45,46,54],"damage_taken":[{"damage":5.0,"enemies":"Small Slimes","floor":1.0,"turns":2.0},{"damage":4.0,"enemies":"2 Louse","floor":4.0,"turns":3.0},{"damage":0.0,"enemies":"Gremlin Nob","floor":6.0,"turns":2.0},{"damage":0.0,"enemies":"Jaw Worm","floor":11.0,"turns":2.0},{"damage":0.0,"enemies":"Looter","floor":13.0,"turns":2.0},{"damage":8.0,"enemies":"Red Slaver","floor":14.0,"turns":2.0},{"damage":4.0,"enemies":"Hexaghost","floor":16.0,"turns":4.0},{"damage":0.0,"enemies":"Spheric Guardian","floor":18.0,"turns":3.0},{"damage":10.0,"enemies":"2 Thieves","floor":20.0,"turns":2.0},{"damage":0.0,"enemies":"Masked Bandits","floor":22.0,"turns":1.0},{"damage":0.0,"enemies":"Slavers","floor":24.0,"turns":1.0},{"damage":0.0,"enemies":"Chosen and Byrds","floor":25.0,"turns":2.0},{"damage":0.0,"enemies":"Centurion and Healer","floor":31.0,"turns":1.0},{"damage":0.0,"enemies":"Collector","floor":33.0,"turns":2.0},{"damage":0,"enemies":"3 Darklings","floor":35,"turns":1},{"damage":0,"enemies":"3 Shapes","floor":37,"turns":1},{"damage":4,"enemies":"Writhing Mass","floor":39,"turns":3},{"damage":24,"enemies":"4 Shapes","floor":45,"turns":3},{"damage":0,"enemies":"Sphere and 2 Shapes","floor":46,"turns":1},{"damage":57,"enemies":"Awakened One","floor":50,"turns":6},{"damage":115,"enemies":"Shield and Spear","floor":54,"turns":6}],"seed_played":"2928371654923018258","potions_obtained":[{"floor":4.0,"key":"SkillPotion"},{"floor":6.0,"key":"LiquidMemories"},{"floor":24.0,"key":"Swift Potion"},{"floor":46,"key":"Regen Potion"}],"is_trial":false,"path_per_floor":["M","?","?","M","$","E","R","?","T","R","M","$","M","M","R","B",null,"M","$","M","$","?","R","E","M","T","$","?","?","R","M","R","B",null,"M","?","M","$","M","R","$","R","T","R","M","M","?","$","R","B",null,"R","$","E"],"character_chosen":"THE_SILENT","items_purchased":["FairyPotion"],"campfire_rested":4,"item_purchase_floors":[48],"current_hp_per_floor":[65,51,44,42,42,44,44,44,44,44,52,52,60,60,60,64,82,84,84,76,76,82,82,88,92,92,92,92,92,92,94,94,96,96,98,93,95,95,93,97,97,97,97,97,75,81,81,81,101,44,101,101,101,30,30],"gold":16,"neow_bonus":"BOSS_RELIC","is_daily":false,"chose_seed":false,"campfire_upgraded":6,"win_rate":0.0,"timestamp":1611858302,"path_taken":["M","?","?","M","?","E","R","?","T","R","?","$","M","M","R","BOSS","M","$","M","?","?","R","E","M","T","$","?","?","R","M","R","BOSS","M","?","M","$","M","R","$","R","T","R","M","M","?","$","R","BOSS","R","$","E"],"items_purchased_type":["Potion"],"build_version":"2020-12-22","purchased_purges":5,"victory":false,"max_hp_per_floor":[70,70,70,72,72,74,74,74,74,74,76,76,78,80,80,82,82,84,84,86,86,88,88,90,92,92,92,92,92,92,94,94,96,96,98,93,95,95,97,97,97,97,97,97,99,101,101,101,101,101,101,101,101,101,101],"card_choices":[{"not_picked":["Slice","Finisher","Outmaneuver"],"picked":"SKIP","floor":1.0},{"not_picked":["Flying Knee","Distraction","Quick Slash"],"picked":"Singing Bowl","floor":4.0},{"not_picked":["Tactician","Backflip","PiercingWail"],"picked":"Singing Bowl","floor":6.0},{"not_picked":["Sucker Punch","Poisoned Stab","Deadly Poison"],"picked":"Singing Bowl","floor":11.0},{"not_picked":["Deflect","Cloak And Dagger","Flechettes"],"picked":"Singing Bowl","floor":13.0},{"not_picked":["Concentrate","Blade Dance","Caltrops"],"picked":"Singing Bowl","floor":14.0},{"not_picked":["Night Terror","Envenom","Wraith Form v2"],"picked":"Singing Bowl","floor":16.0},{"not_picked":["Deflect+1","Deadly Poison","Dodge and Roll"],"picked":"Singing Bowl","floor":18.0},{"not_picked":["Cloak And Dagger+1","PiercingWail","Expertise"],"picked":"Singing Bowl","floor":20.0},{"not_picked":["Quick Slash","Heel Hook","Bane"],"picked":"Singing Bowl","floor":22.0},{"not_picked":["Riddle With Holes","Well Laid Plans","Cloak And Dagger"],"picked":"Singing Bowl","floor":24.0},{"not_picked":["Reflex","Storm of Steel","Bouncing Flask+1"],"picked":"Singing Bowl","floor":25.0},{"not_picked":["Crippling Poison+1","Outmaneuver","Slice"],"picked":"Singing Bowl","floor":31.0},{"not_picked":["Doppelganger","Corpse Explosion","Storm of Steel"],"picked":"Singing Bowl","floor":33.0},{"not_picked":["Flying Knee+1"],"picked":"Singing Bowl","floor":35},{"not_picked":["Quick Slash"],"picked":"Singing Bowl","floor":37},{"not_picked":["Sucker Punch+1"],"picked":"Singing Bowl","floor":39},{"not_picked":["Blur"],"picked":"Singing Bowl","floor":45},{"not_picked":["Underhanded Strike"],"picked":"Singing Bowl","floor":46}],"player_experience":279777,"relics_obtained":[{"floor":6.0,"key":"Sundial"},{"floor":9.0,"key":"Bird Faced Urn"},{"floor":22.0,"key":"Red Mask"},{"floor":24.0,"key":"Pen Nib"},{"floor":26.0,"key":"Mummified Hand"}],"event_choices":[{"damage_healed":0.0,"max_hp_gain":0.0,"max_hp_loss":0.0,"gold_gain":0.0,"event_name":"Shining Light","player_choice":"Entered Light","floor":2.0,"gold_loss":0.0,"damage_taken":14.0,"cards_upgraded":["After Image","Escape Plan"]},{"damage_healed":0.0,"max_hp_gain":0.0,"max_hp_loss":0.0,"gold_gain":0.0,"event_name":"Scrap Ooze","player_choice":"Success","floor":3.0,"gold_loss":0.0,"damage_taken":7.0,"relics_obtained":["Singing Bowl"]},{"damage_healed":0.0,"max_hp_gain":0.0,"max_hp_loss":0.0,"gold_gain":0.0,"event_name":"FaceTrader","player_choice":"Leave","floor":8.0,"gold_loss":0.0,"damage_taken":0.0},{"damage_healed":0.0,"max_hp_gain":0.0,"max_hp_loss":0.0,"gold_gain":0.0,"event_name":"Masked Bandits","player_choice":"Fought Bandits","floor":22.0,"gold_loss":0.0,"damage_taken":0.0},{"damage_healed":0.0,"max_hp_gain":0.0,"max_hp_loss":0.0,"gold_gain":0.0,"event_name":"Ghosts","player_choice":"Ignored","floor":28.0,"gold_loss":0.0,"damage_taken":0.0},{"damage_healed":0.0,"max_hp_gain":0.0,"max_hp_loss":0.0,"gold_gain":0.0,"event_name":"Drug Dealer","player_choice":"Inject Mutagens","floor":29.0,"gold_loss":0.0,"damage_taken":0.0,"relics_obtained":["MutagenicStrength"]},{"damage_healed":0,"gold_gain":0,"player_choice":"Max HP","damage_taken":0,"max_hp_gain":0,"max_hp_loss":5,"event_name":"Winding Halls","floor":36,"gold_loss":0},{"damage_healed":0,"gold_gain":0,"player_choice":"1 cards matched","damage_taken":0,"max_hp_gain":0,"max_hp_loss":0,"event_name":"Match and Keep!","floor":47,"gold_loss":0,"cards_obtained":["Panacea"]}],"is_beta":false,"boss_relics":[{"not_picked":["HoveringKite","Coffee Dripper"],"picked":"Runic Pyramid"},{"not_picked":["Cursed Key","SacredBark"],"picked":"Busted Crown"}],"items_purged_floors":[5,12,19,27,38],"is_endless":false,"potions_floor_spawned":[4,6,24,25,37,46],"killed_by":"Shield and Spear","ascension_level":1}}