{"host":"8fuipfsvjht9cgcs","time":1611817945,"event":{"mods":["AchievementEnabler","BaseMod","Colored Map","Colored Powertips","DeckTracker","Friendly Minions","Kiyohime£¨?ýï£©","Marisa£¨Ùöéë¡¡Øª×âÞÞ£©","Minty Spire (QoL Compilation)","Prisma Mod","StSLib","SuperFastMode","The Cursed","The Gatherer"],"gold_per_floor":[117,117,131,150,1,1,15,31,31,31,66,66,86,113,113,113,113],"floor_reached":16,"language":"KOR","playtime":568,"items_purged":["Strike_R"],"score":185,"play_id":"f4236add-63b5-457b-a90c-cc714aac195f","local_time":"20210128201225","is_ascension_mode":true,"campfire_choices":[{"data":"Seeing Red","floor":6.0,"key":"SMITH"},{"data":"True Grit","floor":10.0,"key":"SMITH"},{"data":"Ghostly Armor","floor":12,"key":"SMITH"},{"data":"Heavy Blade","floor":15,"key":"SMITH"}],"circlet_count":0,"master_deck":["AscendersBane","Strike_R","Strike_R","Strike_R","Strike_R","Defend_R","Defend_R","Defend_R","Defend_R","Bash","Violence","Spot Weakness","Evolve","Heavy Blade+1","Seeing Red+1","True Grit+1","Ghostly Armor+1","Battle Trance"],"relics":["Burning Blood","CultistMask","Mummified Hand","Pocketwatch","StrikeDummy"],"acts_visited":["Exordium"],"potions_floor_usage":[14,16],"damage_taken":[{"damage":4.0,"enemies":"2 Louse","floor":1.0,"turns":3.0},{"damage":6.0,"enemies":"Cultist","floor":3.0,"turns":3.0},{"damage":4.0,"enemies":"Small Slimes","floor":4.0,"turns":4.0},{"damage":16.0,"enemies":"Blue Slaver","floor":7.0,"turns":4.0},{"damage":17.0,"enemies":"Looter","floor":8.0,"turns":4.0},{"damage":29,"enemies":"Lagavulin","floor":11,"turns":7},{"damage":1,"enemies":"Exordium Wildlife","floor":13,"turns":3},{"damage":11,"enemies":"3 Sentries","floor":14,"turns":7},{"damage":0,"enemies":"The Guardian","floor":16,"turns":2}],"seed_played":"6652480498783461539","potions_obtained":[{"floor":11,"key":"BloodPotion"},{"floor":13,"key":"Fire Potion"},{"floor":14,"key":"Weak Potion"}],"is_trial":false,"path_per_floor":["M","?","M","M","$","R","M","M","T","R","E","R","M","E","R","B"],"character_chosen":"IRONCLAD","items_purchased":["Seeing Red"],"campfire_rested":0,"item_purchase_floors":[5],"current_hp_per_floor":[72,72,72,72,72,72,62,51,51,51,28,28,33,28,28,28,28],"gold":113,"neow_bonus":"RANDOM_COLORLESS_2","is_daily":false,"chose_seed":false,"campfire_upgraded":4,"win_rate":0.0,"timestamp":1611817945,"path_taken":["M","?","M","M","$","R","?","M","T","R","E","R","M","E","R","BOSS"],"items_purchased_type":["Card"],"build_version":"2020-12-22","purchased_purges":1,"victory":false,"max_hp_per_floor":[72,72,72,72,72,72,72,72,72,72,72,72,72,72,72,72,72],"card_choices":[{"not_picked":["Magnetism","The Bomb"],"picked":"Violence","floor":0.0},{"not_picked":["Thunderclap","Clothesline"],"picked":"Spot Weakness","floor":1.0},{"not_picked":["Clash","Havoc"],"picked":"Evolve","floor":3.0},{"not_picked":["Bloodletting","Dual Wield"],"picked":"Heavy Blade","floor":4.0},{"not_picked":["Havoc","Pommel Strike"],"picked":"True Grit","floor":7.0},{"not_picked":["True Grit","Exhume","Perfected Strike"],"picked":"SKIP","floor":8.0},{"not_picked":["Rage","Cleave"],"picked":"Ghostly Armor","floor":11},{"not_picked":["Iron Wave","Thunderclap"],"picked":"Battle Trance","floor":13},{"not_picked":["Anger","Bludgeon","Wild Strike"],"picked":"SKIP","floor":14}],"player_experience":459486,"relics_obtained":[{"floor":9.0,"key":"Mummified Hand"},{"floor":11,"key":"Pocketwatch"},{"floor":14,"key":"StrikeDummy"}],"event_choices":[{"damage_healed":0.0,"max_hp_gain":0.0,"max_hp_loss":0.0,"gold_gain":0.0,"event_name":"FaceTrader","player_choice":"Trade","floor":2.0,"gold_loss":0.0,"damage_taken":0.0,"relics_obtained":["CultistMask"]}],"is_beta":false,"boss_relics":[],"items_purged_floors":[5],"is_endless":false,"potions_floor_spawned":[11,13,14],"killed_by":"The Guardian","ascension_level":13}}