{"host":"h5acbxt0wmjo1kpm","time":1611794556,"event":{"mods":["2.2 Compatiblity","Act Like it!","AlwaysNeverKeys","Aspiration","Bard","Bartender","BaseMod","Better Third Choice","Colored Map","Elementarium","Gensokyo","GifTheSpireLib","Hallownest","Marisa????????","Menagerie","Minty Spire (QoL Compilation)","Permanent Neow","Potionbrewer","Quick Restart","Relic Filter","Reliquary","Replay The Spire","Robot Space Explorer","RumiaBox-????????","Shade Mod","Spicy Shops","StSLib","Strawberry Spire","The Blackbeard","The Dragon Tamer","The Gatherer","The Hayseed","The Problem Sleuth","The Servant 0.9.4","Wandering Minibosses","Wide Potions"],"gold_per_floor":[13,13,13,73,73,102,102],"floor_reached":6,"language":"ENG","playtime":228,"items_purged":[],"score":89,"play_id":"5afd61b4-051a-40dc-81c2-f6177a1815a3","local_time":"20210127164236","is_ascension_mode":true,"campfire_choices":[],"circlet_count":0,"master_deck":["AscendersBane","Strike_R","Strike_R","Strike_R","Strike_R","Bash","Cleave","Hallownest:skillLeafShield","Hallownest:skillLeafShield","Hallownest:skillLeafShield","Hallownest:skillLeafShield","Hallownest:skillLeafShield","Sword Boomerang"],"relics":["Burning Blood","Dream Catcher"],"acts_visited":["Hallownest:Greenpath"],"potions_floor_usage":[6],"damage_taken":[{"damage":16,"enemies":"Hallownest:2_MossCreeps","floor":1,"turns":8},{"damage":18,"enemies":"Hallownest:eliteMossKnight","floor":6,"turns":5}],"seed_played":"4855454230485660065","potions_obtained":[{"floor":4,"key":"BlessingOfTheForge"}],"is_trial":false,"path_per_floor":["M","?","$","?","?","E"],"character_chosen":"IRONCLAD","items_purchased":[],"campfire_rested":0,"item_purchase_floors":[],"current_hp_per_floor":[58,58,58,40,40,28,28],"gold":102,"neow_bonus":"REMOVE_TWO","is_daily":false,"chose_seed":false,"campfire_upgraded":0,"win_rate":0.0,"timestamp":1611794556,"path_taken":["M","?","$","?","?","E"],"items_purchased_type":[],"build_version":"2020-12-22","purchased_purges":0,"victory":false,"max_hp_per_floor":[75,75,75,75,75,75,75],"card_choices":[{"not_picked":["Body Slam","Intimidate"],"picked":"Cleave","floor":1},{"not_picked":["Clash","strawberrySpire:Conflagrate"],"picked":"Sword Boomerang","floor":4},{"not_picked":["Second Wind","strawberrySpire:Conflagrate","Sword Boomerang"],"picked":"SKIP","floor":6}],"player_experience":2239876,"relics_obtained":[{"floor":6,"key":"Dream Catcher"}],"event_choices":[],"is_beta":false,"boss_relics":[],"items_purged_floors":[],"is_endless":false,"potions_floor_spawned":[],"killed_by":"Hallownest:eliteMossKnight","ascension_level":14}}