{"host":"gtrx90x5hc2p0luo","time":1611792975,"event":{"mods":["BaseMod","BetterRewards","Colored Map","Downfall","Googly Eyes","Highlight Path","Minty Spire (QoL Compilation)","Shop Mod","StSLib","The Animator"],"gold_per_floor":[112,132,142,142,169,196,121,121,121,121,148,323,333,367,367,467,467,484,484,399,410,410,439,456,483,483,483,483,111,111,124,124,229,229,246,596,658,668,142,209,209,209,284,300,353,373,410,426,438,463,463,463,823,873,873,873],"floor_reached":55,"language":"ENG","playtime":5062,"items_purged":["Doubt","Writhe"],"score":862,"play_id":"75db33e3-bfc1-4efd-a3e8-840dfb0adb1e","local_time":"20210128011615","is_ascension_mode":false,"campfire_choices":[{"floor":8,"key":"RECALL"},{"floor":10,"key":"REST"},{"floor":15,"key":"REST"},{"data":"animator:Aqua","floor":30,"key":"SMITH"},{"data":"animator:Kazuma","floor":32,"key":"SMITH"},{"floor":49,"key":"REST"},{"floor":52,"key":"REST"}],"circlet_count":0,"master_deck":["animator:Strike_Konosuba","animator:Defend_Konosuba","animator:Strike","animator:Strike","animator:Strike","animator:Defend","animator:Defend","animator:Defend","animator:Kazuma","animator:Aqua","animator:Alexander","animator:Kuribayashi","animator:MaesHughes","animator:WinryRockbell","animator:TukaLunaMarceau","animator:Bozes","animator:Alexander","animator:Darkness","animator:Bozes","animator:Sonic","animator:Berserker","animator:Sloth","animator:YaoHaDucy","animator:Envy","animator:MumenRider","animator:Verdia","animator:Archer","animator:Darkness","animator:Lancer","animator:EmiyaShirou","animator:Lancer","animator:Sloth","animator:Kuribayashi","animator:Archer","animator:Vanir","animator:Gilgamesh+1","animator:PandorasActor","animator:Vanir","animator:Eris","animator:Archer","animator:Raven","Parasite","animator:Assassin","animator:Hans","animator:Berserker","animator:Megumin","animator:Vanir","animator:Shalltear","animator:Alexander"],"relics":["animator:TheEruzaStone","animator:LivingPicture","animator:TheMissingPiece"],"acts_visited":["Exordium","TheCity","TheBeyond","TheEnding","EYB:TheUnnamedReign"],"potions_floor_usage":[16,16,16,23,23,31,38,45,47,48,50,50],"damage_taken":[{"damage":21,"enemies":"Jaw Worm","floor":1,"turns":5},{"damage":2,"enemies":"2 Louse","floor":2,"turns":2},{"damage":0,"enemies":"Small Slimes","floor":3,"turns":4},{"damage":11,"enemies":"Exordium Thugs","floor":5,"turns":3},{"damage":18,"enemies":"Lagavulin","floor":6,"turns":9},{"damage":21,"enemies":"3 Sentries","floor":11,"turns":7},{"damage":16,"enemies":"3 Louse","floor":13,"turns":5},{"damage":5,"enemies":"Lagavulin","floor":14,"turns":6},{"damage":23,"enemies":"Hexaghost","floor":16,"turns":7},{"damage":16,"enemies":"Shell Parasite","floor":18,"turns":6},{"damage":0,"enemies":"Spheric Guardian","floor":21,"turns":4},{"damage":6,"enemies":"animator:HornedBat","floor":23,"turns":6},{"damage":0,"enemies":"Centurion and Healer","floor":24,"turns":3},{"damage":6,"enemies":"Book of Stabbing","floor":25,"turns":4},{"damage":9,"enemies":"3 Cultists","floor":31,"turns":4},{"damage":56,"enemies":"Champ","floor":33,"turns":8},{"damage":5,"enemies":"3 Shapes","floor":35,"turns":2},{"damage":14,"enemies":"Mind Bloom Boss Battle","floor":36,"turns":4},{"damage":0,"enemies":"2 Orb Walkers","floor":37,"turns":3},{"damage":13,"enemies":"3 Darklings","floor":38,"turns":3},{"damage":4,"enemies":"Giant Head","floor":40,"turns":4},{"damage":0,"enemies":"Writhing Mass","floor":44,"turns":3},{"damage":0,"enemies":"Nemesis","floor":45,"turns":3},{"damage":0,"enemies":"4 Shapes","floor":46,"turns":2},{"damage":0,"enemies":"Jaw Worm Horde","floor":47,"turns":2},{"damage":0,"enemies":"Maw","floor":48,"turns":4},{"damage":58,"enemies":"Time Eater","floor":50,"turns":6},{"damage":87,"enemies":"animator:UNNAMED_CULTIST_1","floor":54,"turns":10},{"damage":8,"enemies":"animator:TRIPLE_SHAPES_WEAK","floor":55,"turns":1}],"seed_played":"557634900453721233","potions_obtained":[{"floor":2,"key":"Energy Potion"},{"floor":5,"key":"EssenceOfSteel"},{"floor":11,"key":"SteroidPotion"},{"floor":16,"key":"hexamod:SoulburnPotion"},{"floor":21,"key":"Slimebound:ThreeZeroPotion"},{"floor":23,"key":"Fruit Juice"},{"floor":24,"key":"sneckomod:MuddlingPotion"},{"floor":25,"key":"Weak Potion"},{"floor":31,"key":"LiquidBronze"},{"floor":35,"key":"SteroidPotion"},{"floor":38,"key":"FearPotion"},{"floor":45,"key":"BlessingOfTheForge"},{"floor":46,"key":"champ:CounterPotion"},{"floor":47,"key":"LiquidMemories"},{"floor":48,"key":"CultistPotion"},{"floor":54,"key":"animator:FalseLifePotion"}],"is_trial":false,"path_per_floor":["M","M","M","?","M","E","$","R","T","R","E","?","M","E","R","B",null,"M","?","?","M","?","E","M","E","T","?","?","$","R","M","R","B",null,"M","?","?","M","$","E","?","$","T","M","E","M","M","M","R","B",null,"R","??","M","M"],"character_chosen":"THE_ANIMATOR","items_purchased":["animator:CerealBox","Toy Ornithopter","animator:Alexander","animator:Kuribayashi","animator:MaesHughes","animator:WinryRockbell","animator:Sonic+1","HandDrill","animator:EmiyaShirou+1","animator:Lancer+1","animator:Sloth+1","ClockworkSouvenir","animator:PandorasActor+1","animator:Vanir+1","animator:Eris+1","animator:Archer+1"],"campfire_rested":4,"item_purchase_floors":[0,0,0,0,0,0,7,29,29,29,29,39,39,39,39,39],"current_hp_per_floor":[47,47,49,54,45,29,44,44,44,65,46,46,32,29,50,44,71,57,57,57,60,51,62,62,56,56,56,56,71,71,70,70,19,77,44,30,33,25,40,36,36,44,44,44,45,45,45,45,45,26,52,52,86,1,0,0],"gold":873,"neow_bonus":"","is_daily":false,"chose_seed":false,"campfire_upgraded":2,"win_rate":0.0,"timestamp":1611792975,"path_taken":["M","M","M","?","M","E","$","R","T","R","E","?","M","E","R","BOSS","M","?","?","M","?","E","M","E","T","?","?","$","R","M","R","BOSS","M","?","?","M","$","E","?","$","T","M","E","M","?","M","R","BOSS","R","??","M","M"],"items_purchased_type":["Relic","Relic","Card","Card","Card","Card","Card","Relic","Card","Card","Card","Relic","Card","Card","Card","Card"],"build_version":"2020-12-22","purchased_purges":2,"victory":false,"max_hp_per_floor":[66,66,66,71,71,71,71,71,71,71,71,71,71,71,71,71,71,71,71,71,72,72,77,77,77,77,77,77,77,77,77,77,77,77,44,44,44,44,44,44,44,44,44,44,45,45,45,45,45,52,52,52,86,86,86,86],"card_choices":[{"not_picked":["animator:Lu+1","animator:Tyuule+1"],"picked":"animator:TukaLunaMarceau+1","floor":1},{"not_picked":["animator:Tatsumaki+1","animator:RoryMercury+1"],"picked":"animator:Bozes+1","floor":2},{"not_picked":["animator:Aisha+1","animator:Boros+1"],"picked":"animator:Alexander+1","floor":3},{"not_picked":["animator:Megumin+1","animator:Verdia+1"],"picked":"animator:Darkness+1","floor":5},{"not_picked":["animator:Tyuule+1","animator:Gluttony+1"],"picked":"animator:Bozes+1","floor":6},{"not_picked":["animator:Raven+1","animator:RoryMercury+1"],"picked":"animator:Berserker+1","floor":11},{"not_picked":["animator:Aqua+1","animator:Demiurge+1"],"picked":"animator:Sloth+1","floor":13},{"not_picked":["animator:LeleiLaLalena+1","animator:Kuribayashi+1"],"picked":"animator:YaoHaDucy+1","floor":14},{"not_picked":["animator:Wiz+1","animator:Eve+1"],"picked":"animator:Envy+1","floor":16},{"not_picked":["animator:Kuribayashi+1","animator:SakuraMatou+1"],"picked":"animator:MumenRider+1","floor":18},{"not_picked":["animator:NarberalGamma+1","animator:MaesHughes+1"],"picked":"animator:Verdia+1","floor":21},{"not_picked":["animator:NarberalGamma+1","animator:RoyMustang+1"],"picked":"animator:Archer+1","floor":23},{"not_picked":["animator:Vanir+1","animator:Aqua+1"],"picked":"animator:Darkness+1","floor":24},{"not_picked":["animator:Add+1","animator:LeleiLaLalena+1"],"picked":"animator:Lancer+1","floor":25},{"not_picked":["animator:Assassin+1","animator:Tatsumaki+1","animator:ShinjiMatou+1","animator:Add+1"],"picked":"SKIP","floor":31},{"not_picked":["animator:Saitama+1","animator:Eris+1","animator:Envy+1"],"picked":"animator:Father+1","floor":33},{"not_picked":["animator:Lu+1","animator:Scar+1","animator:Rider+1"],"picked":"animator:Kuribayashi+1","floor":35},{"not_picked":["animator:Entoma+1","animator:SilverFang+1","animator:TukaLunaMarceau+1"],"picked":"animator:Archer+1","floor":36},{"not_picked":["animator:Ciel+1","animator:Chung+1","animator:LeleiLaLalena+1"],"picked":"animator:Vanir+1","floor":37},{"not_picked":["animator:Berserker+1","animator:RinTohsaka+1","animator:Alexander+1"],"picked":"animator:Gilgamesh+1","floor":38},{"not_picked":["animator:Tatsumaki+1","animator:ShinjiMatou+1","animator:Envy+1"],"picked":"animator:Raven+1","floor":40},{"not_picked":["animator:Pride+1","animator:Ciel+1","animator:ElricEdward+1"],"picked":"animator:Assassin+1","floor":44},{"not_picked":["animator:Add+1","animator:Sebas+1","animator:EmiyaShirou+1"],"picked":"animator:Hans+1","floor":45},{"not_picked":["animator:Caster+1","animator:SakuraMatou+1","animator:RinTohsaka+1"],"picked":"animator:Berserker+1","floor":46},{"not_picked":["animator:Melzalgald+1","animator:Chris+1","animator:Assassin+1"],"picked":"animator:Megumin+1","floor":47},{"not_picked":["animator:PinaCoLada+1","animator:Rider+1","animator:NarberalGamma+1"],"picked":"animator:Vanir+1","floor":48},{"not_picked":["animator:Megumin+1","animator:Archer+1","animator:Elsword+1"],"picked":"animator:Shalltear+1","floor":49},{"not_picked":["animator:YunYun+1","animator:Add+1","animator:Cocytus+1"],"picked":"animator:Alexander+1","floor":52},{"not_picked":["animator:Ara+1","animator:ElricEdward+1","animator:Evileye"],"picked":"SKIP","floor":54}],"player_experience":71538,"relics_obtained":[{"floor":6,"key":"MealTicket"},{"floor":11,"key":"Sundial"},{"floor":14,"key":"Letter Opener"},{"floor":23,"key":"Smiling Mask"},{"floor":25,"key":"animator:WornHelmet"},{"floor":26,"key":"Question Card"},{"floor":36,"key":"Old Coin"},{"floor":37,"key":"Ginger"},{"floor":40,"key":"Matryoshka"},{"floor":43,"key":"PreservedInsect"},{"floor":43,"key":"Dream Catcher"},{"floor":45,"key":"Gremlin Horn"},{"floor":53,"key":"animator:TheEruzaStone"}],"event_choices":[{"damage_healed":0,"gold_gain":0,"player_choice":"Donut","damage_taken":0,"max_hp_gain":5,"max_hp_loss":0,"event_name":"Big Fish","floor":4,"gold_loss":0},{"damage_healed":0,"gold_gain":175,"player_choice":"AGREE","damage_taken":0,"max_hp_gain":0,"max_hp_loss":0,"event_name":"Liars Game","floor":12,"gold_loss":0,"cards_obtained":["Doubt"]},{"damage_healed":0,"gold_gain":0,"player_choice":"Opened","damage_taken":0,"relics_obtained":["Toxic Egg 2"],"max_hp_gain":0,"max_hp_loss":0,"event_name":"The Mausoleum","floor":19,"gold_loss":0,"cards_obtained":["Writhe"]},{"damage_healed":0,"gold_gain":0,"player_choice":"Obtained Relic","damage_taken":0,"relics_obtained":["Bronze Scales"],"max_hp_gain":0,"max_hp_loss":0,"event_name":"Addict","floor":20,"gold_loss":85},{"damage_healed":0,"gold_gain":0,"player_choice":"Stopped","damage_taken":9,"max_hp_gain":0,"max_hp_loss":0,"event_name":"Cursed Tome","floor":22,"gold_loss":0},{"damage_healed":0,"gold_gain":0,"player_choice":"Simplicity","damage_taken":0,"max_hp_gain":0,"max_hp_loss":0,"event_name":"Back to Basics","floor":27,"gold_loss":0,"cards_upgraded":["animator:Strike_Konosuba","animator:Defend_Konosuba","animator:Strike","animator:Strike","animator:Strike","animator:Defend","animator:Defend","animator:Defend"]},{"damage_healed":0,"gold_gain":0,"player_choice":"Fight","damage_taken":0,"max_hp_gain":0,"max_hp_loss":0,"event_name":"MindBloom","floor":36,"gold_loss":0},{"damage_healed":0,"gold_gain":0,"player_choice":"Fight","damage_taken":0,"max_hp_gain":0,"max_hp_loss":0,"event_name":"Mysterious Sphere","floor":37,"gold_loss":0},{"damage_healed":0,"gold_gain":0,"player_choice":"Memory 1","damage_taken":0,"max_hp_gain":0,"max_hp_loss":0,"event_name":"SensoryStone","floor":41,"gold_loss":0}],"is_beta":false,"boss_relics":[{"not_picked":["Velvet Choker","animator:RacePiece"],"picked":"animator:VividPicture"},{"not_picked":["Astrolabe","Black Star"],"picked":"Fusion Hammer"}],"items_purged_floors":[29,39],"is_endless":false,"potions_floor_spawned":[2,5,11,16,21,23,24,25,31,33,35,36,37,38,40,44,45,46,47,48],"killed_by":"animator:TRIPLE_SHAPES_WEAK","ascension_level":0}}