{"host":"04hh9gplt9wkfmr1","time":1611861716,"event":{"mods":["AchievementEnabler","BaseMod","Colored Map","KOR Keyword Fix","Minty Spire (QoL Compilation)","Rare Cards Sparkle","SuperFastMode"],"gold_per_floor":[118,137,137,151,151,180,180,210,233,246,246,51,51,91,91,217,217,237,187,200,299,299,299],"floor_reached":22,"language":"KOR","playtime":516,"items_purged":["Strike_R","Strike_R"],"score":242,"play_id":"e5a399d0-6f50-4aa7-b276-cdfda2e3a041","local_time":"20210129042156","is_ascension_mode":true,"campfire_choices":[{"data":"Heavy Blade","floor":7.0,"key":"SMITH"},{"data":"Heavy Blade","floor":11.0,"key":"SMITH"},{"floor":15.0,"key":"REST"}],"circlet_count":0,"master_deck":["Strike_R","Strike_R","Strike_R","Defend_R","Defend_R","Bash","Inflame","Ghostly Armor","Heavy Blade+1","Heavy Blade+1","Demon Form","Impervious","Battle Trance"],"relics":["Burning Blood","Boot","Anchor","Smiling Mask","ClockworkSouvenir","Golden Idol","Molten Egg 2","Black Star"],"acts_visited":["Exordium","TheCity"],"potions_floor_usage":[22],"damage_taken":[{"damage":0.0,"enemies":"Small Slimes","floor":1.0,"turns":3.0},{"damage":1.0,"enemies":"Cultist","floor":2.0,"turns":4.0},{"damage":12.0,"enemies":"Jaw Worm","floor":4.0,"turns":3.0},{"damage":25.0,"enemies":"Lagavulin","floor":6.0,"turns":7.0},{"damage":10.0,"enemies":"3 Sentries","floor":8.0,"turns":7.0},{"damage":2.0,"enemies":"Exordium Thugs","floor":10.0,"turns":4.0},{"damage":30.0,"enemies":"Lagavulin","floor":14.0,"turns":5.0},{"damage":18.0,"enemies":"Hexaghost","floor":16.0,"turns":7.0},{"damage":46.0,"enemies":"2 Thieves","floor":18.0,"turns":5.0},{"damage":32.0,"enemies":"Shell Parasite","floor":20.0,"turns":5.0},{"damage":24,"enemies":"Snake Plant","floor":22,"turns":2}],"seed_played":"1963992556848969403","potions_obtained":[{"floor":4.0,"key":"Strength Potion"},{"floor":6.0,"key":"DistilledChaos"},{"floor":14.0,"key":"AttackPotion"},{"floor":16.0,"key":"EssenceOfSteel"}],"is_trial":false,"path_per_floor":["M","M","?","M","?","E","R","E","T","M","R","$","?","E","R","B",null,"M","$","M","?","M"],"character_chosen":"IRONCLAD","items_purchased":["ClockworkSouvenir"],"campfire_rested":1,"item_purchase_floors":[12],"current_hp_per_floor":[88,88,81,75,75,56,56,52,52,56,56,56,34,10,36,24,88,48,48,22,22,0,0],"gold":299,"neow_bonus":"TEN_PERCENT_HP_BONUS","is_daily":false,"chose_seed":false,"campfire_upgraded":2,"win_rate":0.0,"timestamp":1611861716,"path_taken":["M","M","?","M","?","E","R","E","T","M","R","$","?","E","R","BOSS","M","$","M","?","M"],"items_purchased_type":["Relic"],"build_version":"2020-12-22","purchased_purges":2,"victory":false,"max_hp_per_floor":[88,88,88,88,88,88,88,88,88,88,88,88,88,88,88,88,88,88,88,88,88,88,88],"card_choices":[{"not_picked":["Pommel Strike","Fire Breathing"],"picked":"Inflame","floor":1.0},{"not_picked":["Flex","Second Wind","Warcry"],"picked":"SKIP","floor":2.0},{"not_picked":["Infernal Blade","Blood for Blood","True Grit"],"picked":"SKIP","floor":4.0},{"not_picked":["Bloodletting","Clothesline"],"picked":"Heavy Blade","floor":6.0},{"not_picked":["Body Slam","Wild Strike"],"picked":"Heavy Blade","floor":8.0},{"not_picked":["Dropkick","Shrug It Off","Iron Wave"],"picked":"SKIP","floor":10.0},{"not_picked":["Cleave+1","Ghostly Armor"],"picked":"Demon Form","floor":14.0},{"not_picked":["Barricade","Juggernaut"],"picked":"Impervious","floor":16.0},{"not_picked":["Warcry","True Grit","Uppercut+1"],"picked":"SKIP","floor":18.0},{"not_picked":["Cleave+1","Sword Boomerang+1"],"picked":"Battle Trance","floor":20.0}],"player_experience":98817,"relics_obtained":[{"floor":6.0,"key":"Boot"},{"floor":8.0,"key":"Anchor"},{"floor":9.0,"key":"Smiling Mask"},{"floor":14.0,"key":"Molten Egg 2"}],"event_choices":[{"cards_removed":["Defend_R"],"damage_healed":0.0,"max_hp_gain":0.0,"max_hp_loss":0.0,"gold_gain":0.0,"event_name":"Golden Wing","player_choice":"Card Removal","floor":3.0,"gold_loss":0.0,"damage_taken":7.0},{"damage_healed":0.0,"max_hp_gain":0.0,"max_hp_loss":0.0,"gold_gain":0.0,"cards_transformed":["Defend_R"],"event_name":"Living Wall","player_choice":"Change","floor":5.0,"gold_loss":0.0,"damage_taken":0.0,"cards_obtained":["Ghostly Armor"]},{"damage_healed":0.0,"max_hp_gain":0.0,"max_hp_loss":0.0,"gold_gain":0.0,"event_name":"Golden Idol","player_choice":"Take Damage","floor":13.0,"gold_loss":0.0,"damage_taken":22.0,"relics_obtained":["Golden Idol"]},{"damage_healed":0.0,"max_hp_gain":0.0,"max_hp_loss":0.0,"gold_gain":99.0,"event_name":"Nest","player_choice":"Stole From Cult","floor":21.0,"gold_loss":0.0,"damage_taken":0.0}],"is_beta":false,"boss_relics":[{"not_picked":["Tiny House","Philosopher\u0027s Stone"],"picked":"Black Star"}],"items_purged_floors":[12,19],"is_endless":false,"potions_floor_spawned":[4,6,14,16],"killed_by":"Snake Plant","ascension_level":4}}