{"host":"2q4p6kdcvpgo6z81","time":1611871781,"event":{"mods":["BaseMod","Colored Map","Downfall","Minty Spire (QoL Compilation)","StSLib"],"gold_per_floor":[99,109,165,615,633,633,633,653,653,663,663,677,677,691,707,707,707,707],"floor_reached":16,"language":"ENG","playtime":1276,"items_purged":[],"score":108,"play_id":"1d824d51-18a9-4305-b095-1db9082c30e1","local_time":"20210128170941","is_ascension_mode":true,"campfire_choices":[{"data":"bronze:Goto","floor":1,"key":"SMITH"},{"floor":9,"key":"REST"},{"floor":11,"key":"REST"},{"floor":13,"key":"REST"}],"circlet_count":0,"master_deck":["bronze:Strike","bronze:Strike","bronze:Strike","bronze:Defend","bronze:Defend","bronze:Defend","bronze:Defend","bronze:Replicate","bronze:Goto+1","bronze:Fortify","bronze:DigitalCarnage","downfall:Icky","downfall:Icky","downfall:Icky","bronze:BitShift","bronze:Deprecate","bronze:Fortify","bronze:Fortify","bronze:ForLoop","bronze:Constructor","bronze:Virus","bronze:Refactor","bronze:FollowUp","bronze:Terminator","bronze:BronzeOrb","bronze:Turbo","bronze:Repulsor"],"relics":["bronze:BronzeCore","Dream Catcher","Prayer Wheel","Letter Opener"],"acts_visited":["Exordium"],"potions_floor_usage":[3,8,16],"damage_taken":[{"damage":9,"enemies":"2 Louse","floor":2,"turns":3},{"damage":48,"enemies":"Lagavulin Event","floor":3,"turns":9},{"damage":7,"enemies":"Jaw Worm","floor":5,"turns":2},{"damage":0,"enemies":"Cultist","floor":8,"turns":1},{"damage":15,"enemies":"3 Louse","floor":10,"turns":3},{"damage":3,"enemies":"Blue Slaver","floor":12,"turns":3},{"damage":0,"enemies":"Large Slime","floor":14,"turns":6},{"damage":9,"enemies":"Exordium Wildlife","floor":15,"turns":3},{"damage":45,"enemies":"DF_ARCHETYPE_STREAMLINE","floor":16,"turns":9}],"seed_played":"6690185740446090838","potions_obtained":[{"floor":2,"key":"BlessingOfTheForge"},{"floor":5,"key":"Slimebound:ThreeZeroPotion"},{"floor":12,"key":"Fruit Juice"}],"is_trial":false,"path_per_floor":["R","M","?","?","M","?","T","M","R","M","R","M","R","M","M","B"],"character_chosen":"THE_AUTOMATON","items_purchased":[],"campfire_rested":3,"item_purchase_floors":[],"current_hp_per_floor":[70,61,13,13,6,3,3,3,24,9,30,27,48,48,39,0,0,0],"gold":707,"neow_bonus":"TRANSFORM_CARD","is_daily":false,"chose_seed":false,"campfire_upgraded":1,"win_rate":0.0,"timestamp":1611871781,"path_taken":["R","M","?","?","M","?","T","?","R","M","R","M","R","M","M","BOSS"],"items_purchased_type":[],"build_version":"2020-12-22","purchased_purges":0,"victory":false,"max_hp_per_floor":[70,70,70,70,70,70,70,70,70,70,70,70,70,70,70,75,75,75],"card_choices":[{"not_picked":["bronze:BronzeArmor","bronze:Deprecate","bronze:WhirlingStrike"],"picked":"SKIP","floor":2},{"not_picked":["bronze:Shield","bronze:BitShift"],"picked":"bronze:DigitalCarnage","floor":3},{"not_picked":["bronze:Overload","bronze:Deprecate"],"picked":"bronze:BitShift","floor":5},{"not_picked":["bronze:ShipIt","bronze:WhirlingStrike"],"picked":"bronze:Deprecate","floor":8},{"not_picked":["bronze:Separator","bronze:WhirlingStrike","bronze:OilSpill"],"picked":"SKIP","floor":8},{"not_picked":["bronze:Branch","bronze:Invalidate"],"picked":"bronze:Fortify","floor":9},{"not_picked":["bronze:Safeguard","bronze:CutThrough"],"picked":"bronze:Fortify","floor":10},{"not_picked":["bronze:Boost","bronze:Separator"],"picked":"bronze:ForLoop","floor":10},{"not_picked":["bronze:CutThrough","bronze:BitShift"],"picked":"bronze:Constructor","floor":11},{"not_picked":["bronze:Iterate","bronze:Deprecate"],"picked":"bronze:Virus","floor":12},{"not_picked":["bronze:WildBeam","bronze:BuggyMess"],"picked":"bronze:Refactor","floor":12},{"not_picked":["bronze:Safeguard","bronze:Separator"],"picked":"bronze:FollowUp","floor":13},{"not_picked":["bronze:OilSpill","bronze:BugBarrage"],"picked":"bronze:Terminator","floor":14},{"not_picked":["bronze:BuggyMess","bronze:Invalidate"],"picked":"bronze:BronzeOrb","floor":14},{"not_picked":["bronze:WhirlingStrike","bronze:Iterate"],"picked":"bronze:Turbo","floor":15},{"not_picked":["bronze:BronzeArmor","bronze:Overheat"],"picked":"bronze:Repulsor","floor":15}],"player_experience":1574087,"relics_obtained":[{"floor":3,"key":"Dream Catcher"},{"floor":7,"key":"Letter Opener"}],"event_choices":[{"damage_healed":0,"gold_gain":0,"player_choice":"Success","damage_taken":3,"relics_obtained":["Prayer Wheel"],"max_hp_gain":0,"max_hp_loss":0,"event_name":"Scrap Ooze","floor":6,"gold_loss":0}],"is_beta":false,"boss_relics":[],"items_purged_floors":[],"is_endless":false,"potions_floor_spawned":[2,5,12],"killed_by":"DF_ARCHETYPE_STREAMLINE","ascension_level":3}}