{"host":"4jkyggjfmxcpengt","time":1611849779,"event":{"mods":["AchievementEnabler","BaseMod","Better Note","Block Reminder","Colored Powertips","Fiend Mod","Hermit","Minty Spire (QoL Compilation)","Quick Restart","Replay The Spire","SacredBarkPlus","StSLib","The Animator","Transform Curses","Unceasing Turn Reminder"],"gold_per_floor":[115,133,146,162,176,176,206,206,206,103,103,17,37,54,54,54,54],"floor_reached":16,"language":"SPA","playtime":1232,"items_purged":[],"score":161,"play_id":"88dc3aa7-51c2-4923-817d-6d33a1ad28d7","local_time":"20210128170259","is_ascension_mode":true,"campfire_choices":[{"floor":6,"key":"REST"},{"floor":8,"key":"REST"},{"floor":15,"key":"REST"}],"circlet_count":0,"master_deck":["AscendersBane","Strike_B","Strike_B","Strike_B","Strike_B","Defend_B","Defend_B","Defend_B","Defend_B","Zap","Dualcast","Amplify","Ball Lightning","Steam","Aggregate","Hologram","Auto Shields","Coolheaded","Go for the Eyes","ReplayTheSpireMod:Private Reserves","Glacier","Sunder"],"relics":["Cracked Core","Nunchaku","Quantum Egg"],"acts_visited":["Exordium"],"potions_floor_usage":[5,16],"damage_taken":[{"damage":15,"enemies":"Cultist","floor":1,"turns":5},{"damage":7,"enemies":"2 Louse","floor":2,"turns":2},{"damage":5,"enemies":"Small Slimes","floor":3,"turns":2},{"damage":5,"enemies":"Looter","floor":4,"turns":2},{"damage":10,"enemies":"2 Fungi Beasts","floor":5,"turns":4},{"damage":46,"enemies":"3 Sentries","floor":7,"turns":8},{"damage":0,"enemies":"3 Louse","floor":13,"turns":3},{"damage":9,"enemies":"Red Slaver","floor":14,"turns":3},{"damage":43,"enemies":"Hexaghost","floor":16,"turns":16}],"seed_played":"8874335247499969510","potions_obtained":[{"floor":2,"key":"Dexterity Potion"},{"floor":3,"key":"SpeedPotion"},{"floor":7,"key":"Block Potion"}],"is_trial":false,"path_per_floor":["M","M","M","M","M","R","E","R","T","$","?","$","M","M","R","B"],"character_chosen":"DEFECT","items_purchased":["Coolheaded","Go for the Eyes","ReplayTheSpireMod:Private Reserves"],"campfire_rested":3,"item_purchase_floors":[10,10,12],"current_hp_per_floor":[53,46,41,36,26,48,2,24,24,24,24,24,24,15,37,0,0],"gold":54,"neow_bonus":"ONE_RANDOM_RARE_CARD","is_daily":false,"chose_seed":false,"campfire_upgraded":0,"win_rate":0.0,"timestamp":1611849779,"path_taken":["M","M","?","M","M","R","E","R","T","$","?","$","M","M","R","BOSS"],"items_purchased_type":["Card","Card","Card"],"build_version":"2020-12-22","purchased_purges":0,"victory":false,"max_hp_per_floor":[75,75,75,75,75,75,75,75,75,75,75,75,75,75,75,75,75],"card_choices":[{"not_picked":["Chaos","Undo"],"picked":"Ball Lightning","floor":1},{"not_picked":["Hello World","Stack"],"picked":"Steam","floor":2},{"not_picked":["Leap","Stack","Crystallizer"],"picked":"SKIP","floor":3},{"not_picked":["ReplayTheSpireMod:Repulse","Genetic Algorithm"],"picked":"Aggregate","floor":4},{"not_picked":["Sweeping Beam","Leap"],"picked":"Hologram","floor":5},{"not_picked":["Time Bomb","Compile Driver"],"picked":"Auto Shields","floor":7},{"not_picked":["Darkness","Beam Cell"],"picked":"Glacier","floor":13},{"not_picked":["Barrage","Ball Lightning"],"picked":"Sunder","floor":14}],"player_experience":1024007,"relics_obtained":[{"floor":7,"key":"Nunchaku"},{"floor":9,"key":"Quantum Egg"}],"event_choices":[{"damage_healed":0,"gold_gain":0,"player_choice":"Ignored","damage_taken":0,"max_hp_gain":0,"max_hp_loss":0,"event_name":"Golden Wing","floor":11,"gold_loss":0}],"is_beta":false,"boss_relics":[],"items_purged_floors":[],"is_endless":false,"potions_floor_spawned":[2,3,7,13],"killed_by":"Hexaghost","ascension_level":11}}