{"host":"vyjryxuuuxkt43k4","time":1611834484,"event":{"mods":["AchievementEnabler","BaseMod","Colored Map","DeckTracker","Keyboard Shortcuts","Minty Spire (QoL Compilation)","Permanent Neow","Quick Restart","Rare Cards Sparkle","StSLib","SuperFastMode","everything is the same but u backflip on backflip"],"gold_per_floor":[366,384,4,4,24,24,40,67,67,99,99,133,133,133,133,237,237,250,250,267,299,311,311,65,65,65,28,47,47,65,96,96,195,195,212,262,116,136,136,136,166,181,258,258,293,347,58,72,72,72,72,72,22,54,54],"floor_reached":56,"language":"KOR","playtime":3027,"items_purged":["Strike_B","Strike_B"],"score":1747,"play_id":"0e530e19-614a-4a76-adc0-250b1774a502","local_time":"20210128204804","is_ascension_mode":true,"campfire_choices":[{"data":"Chaos","floor":6.0,"key":"SMITH"},{"data":"Dualcast","floor":11.0,"key":"SMITH"},{"data":"Defragment","floor":13.0,"key":"SMITH"},{"floor":15.0,"key":"REST"},{"data":"Turbo","floor":23.0,"key":"SMITH"},{"floor":29.0,"key":"REST"},{"floor":32.0,"key":"REST"},{"data":"Defragment","floor":40.0,"key":"SMITH"},{"data":"Meteor Strike","floor":44.0,"key":"SMITH"},{"floor":49,"key":"RECALL"},{"data":"Chill","floor":52,"key":"SMITH"}],"circlet_count":0,"master_deck":["Strike_B","Strike_B","Defend_B","Defend_B","Defend_B","Defend_B","Zap","Dualcast+1","Cold Snap","Chaos+1","Defragment+1","Core Surge","Turbo+1","Chill+1","White Noise+1","Hologram","Double Energy+1","Meteor Strike+1","Conserve Battery+1","Necronomicurse","Steam Power+1","All For One","Skim+1","Defragment+1","Recycle+1","Hologram+1","Electrodynamics","Multi-Cast+1","Turbo+1","Coolheaded+1","Genetic Algorithm+1","Creative AI","Coolheaded+1","Fusion+1","Steam Power+1"],"relics":["FrozenCore","Medical Kit","Pen Nib","Question Card","Unceasing Top","Toxic Egg 2","Nuclear Battery","Necronomicon","Red Mask","ClockworkSouvenir","Pantograph","Pocketwatch","Du-Vu Doll","Strange Spoon","Ice Cream","Blood Vial","TungstenRod","Torii","Happy Flower"],"acts_visited":["Exordium","TheCity","TheBeyond","TheEnding"],"potions_floor_usage":[50,55,55],"damage_taken":[{"damage":1.0,"enemies":"Cultist","floor":1.0,"turns":3.0},{"damage":2.0,"enemies":"Jaw Worm","floor":2.0,"turns":3.0},{"damage":6.0,"enemies":"Small Slimes","floor":5.0,"turns":3.0},{"damage":11.0,"enemies":"2 Fungi Beasts","floor":7.0,"turns":3.0},{"damage":15.0,"enemies":"Lagavulin","floor":8.0,"turns":9.0},{"damage":2.0,"enemies":"3 Sentries","floor":10.0,"turns":7.0},{"damage":14.0,"enemies":"Lagavulin","floor":12.0,"turns":5.0},{"damage":13.0,"enemies":"Hexaghost","floor":16.0,"turns":9.0},{"damage":0.0,"enemies":"Chosen","floor":18.0,"turns":3.0},{"damage":5.0,"enemies":"Shell Parasite","floor":20.0,"turns":3.0},{"damage":0.0,"enemies":"Masked Bandits","floor":21.0,"turns":4.0},{"damage":10.0,"enemies":"Centurion and Healer","floor":22.0,"turns":6.0},{"damage":6.0,"enemies":"Cultist and Chosen","floor":28.0,"turns":5.0},{"damage":0.0,"enemies":"Snake Plant","floor":30.0,"turns":2.0},{"damage":25.0,"enemies":"Slavers","floor":31.0,"turns":5.0},{"damage":10.0,"enemies":"Automaton","floor":33.0,"turns":6.0},{"damage":0.0,"enemies":"3 Shapes","floor":35.0,"turns":5.0},{"damage":3.0,"enemies":"Mind Bloom Boss Battle","floor":36.0,"turns":6.0},{"damage":0.0,"enemies":"Orb Walker","floor":38.0,"turns":2.0},{"damage":0.0,"enemies":"Giant Head","floor":41.0,"turns":6.0},{"damage":0.0,"enemies":"4 Shapes","floor":42.0,"turns":3.0},{"damage":0.0,"enemies":"Reptomancer","floor":45.0,"turns":2.0},{"damage":0.0,"enemies":"2 Orb Walkers","floor":46.0,"turns":2.0},{"damage":11.0,"enemies":"Transient","floor":48.0,"turns":5.0},{"damage":63,"enemies":"Awakened One","floor":50,"turns":14},{"damage":0,"enemies":"Shield and Spear","floor":54,"turns":4},{"damage":19,"enemies":"The Heart","floor":55,"turns":6}],"seed_played":"-7354477478241843019","potions_obtained":[{"floor":5.0,"key":"DistilledChaos"},{"floor":7.0,"key":"Weak Potion"},{"floor":8.0,"key":"AttackPotion"},{"floor":10.0,"key":"FocusPotion"},{"floor":18.0,"key":"Energy Potion"},{"floor":33.0,"key":"EssenceOfSteel"},{"floor":35.0,"key":"AttackPotion"},{"floor":36.0,"key":"ColorlessPotion"},{"floor":54,"key":"LiquidBronze"}],"is_trial":false,"path_per_floor":["M","M","$","$","M","R","M","E","T","E","R","E","R","?","R","B",null,"M","?","M","?","M","R","$","?","T","$","M","R","M","E","R","B",null,"M","?","$","M","?","R","E","M","T","R","E","?","$","M","R","B",null,"R","$","E","B",null],"character_chosen":"DEFECT","items_purchased":["Defragment","Core Surge","Medical Kit","ClockworkSouvenir","Defragment","Strange Spoon","Torii","SteroidPotion"],"campfire_rested":3,"item_purchase_floors":[3,3,3,24,27,37,47,53],"current_hp_per_floor":[67,65,65,65,59,59,48,33,33,31,31,17,17,17,37,24,57,57,41,36,36,26,26,26,26,26,26,20,40,40,15,35,50,64,64,65,65,65,65,65,65,65,65,65,65,67,67,57,57,5,52,52,52,54,49],"gold":54,"neow_bonus":"TWO_FIFTY_GOLD","is_daily":false,"chose_seed":false,"campfire_upgraded":7,"win_rate":0.0,"timestamp":1611834484,"path_taken":["M","M","?","$","M","R","M","E","T","E","R","E","R","?","R","BOSS","M","?","M","?","M","R","$","?","T","?","M","R","?","E","R","BOSS","M","?","$","M","?","R","E","?","T","R","E","?","$","M","R","BOSS","R","$","E","BOSS"],"items_purchased_type":["Card","Card","Relic","Relic","Card","Relic","Relic","Potion"],"build_version":"2020-12-22","purchased_purges":2,"victory":true,"max_hp_per_floor":[68,68,68,68,68,68,68,68,68,68,68,68,68,68,68,68,68,68,68,68,68,68,68,68,68,68,68,68,68,68,68,68,68,68,68,68,68,68,68,68,68,68,68,68,68,68,68,68,68,68,68,68,68,68,68],"card_choices":[{"not_picked":["Stack","Gash"],"picked":"Cold Snap","floor":1.0},{"not_picked":["Force Field","Hello World"],"picked":"Chaos","floor":2.0},{"not_picked":["Barrage","White Noise"],"picked":"Turbo","floor":5.0},{"not_picked":["Go for the Eyes","Darkness"],"picked":"Chill","floor":7.0},{"not_picked":["Reprogram","Go for the Eyes"],"picked":"White Noise","floor":8.0},{"not_picked":["Steam","Streamline","Amplify"],"picked":"Hologram","floor":10.0},{"not_picked":["Leap+1","Genetic Algorithm+1","Streamline"],"picked":"Double Energy+1","floor":12.0},{"not_picked":["Hyperbeam","Core Surge","Seek+1"],"picked":"Meteor Strike","floor":16.0},{"not_picked":["Cold Snap","Barrage","Leap+1"],"picked":"Conserve Battery+1","floor":18.0},{"not_picked":["Streamline","Sweeping Beam","Hologram+1"],"picked":"Steam Power+1","floor":20.0},{"not_picked":["Steam+1","Conserve Battery+1","Gash"],"picked":"All For One","floor":21.0},{"not_picked":["Barrage","Turbo+1","Coolheaded+1"],"picked":"Skim+1","floor":22.0},{"not_picked":["Turbo+1","Leap+1","Go for the Eyes"],"picked":"Recycle+1","floor":28.0},{"not_picked":["Ball Lightning+1","FTL","Streamline"],"picked":"Hologram+1","floor":30.0},{"not_picked":["Leap+1","Gash","Compile Driver"],"picked":"Electrodynamics","floor":31.0},{"not_picked":["Core Surge","Reboot+1","Meteor Strike"],"picked":"Multi-Cast+1","floor":33.0},{"not_picked":["Stack+1","Beam Cell+1","Static Discharge","Go for the Eyes+1"],"picked":"SKIP","floor":35.0},{"not_picked":["Steam+1","Go for the Eyes+1","Auto Shields+1"],"picked":"Turbo+1","floor":36.0},{"not_picked":["Loop+1","Streamline+1","Sunder"],"picked":"Coolheaded+1","floor":38.0},{"not_picked":["Chill+1","Conserve Battery+1","Compile Driver"],"picked":"Genetic Algorithm+1","floor":41.0},{"not_picked":["Rebound","Go for the Eyes+1","Turbo+1","Leap+1"],"picked":"SKIP","floor":42.0},{"not_picked":["Leap+1","Compile Driver+1","Hello World+1"],"picked":"Creative AI","floor":45.0},{"not_picked":["Redo+1","Steam+1","Cold Snap+1"],"picked":"Coolheaded+1","floor":46.0},{"not_picked":["Compile Driver","Turbo+1","Consume+1"],"picked":"Fusion+1","floor":48.0},{"not_picked":["Ball Lightning","Recycle+1","Turbo+1"],"picked":"Steam Power+1","floor":54}],"player_experience":460856,"relics_obtained":[{"floor":8.0,"key":"Pen Nib"},{"floor":9.0,"key":"Question Card"},{"floor":10.0,"key":"Unceasing Top"},{"floor":12.0,"key":"Toxic Egg 2"},{"floor":19.0,"key":"Necronomicon"},{"floor":21.0,"key":"Red Mask"},{"floor":26.0,"key":"Pantograph"},{"floor":31.0,"key":"Pocketwatch"},{"floor":36.0,"key":"Du-Vu Doll"},{"floor":41.0,"key":"Ice Cream"},{"floor":45.0,"key":"Blood Vial"},{"floor":46.0,"key":"TungstenRod"},{"floor":54,"key":"Happy Flower"}],"event_choices":[{"damage_healed":0.0,"max_hp_gain":0.0,"max_hp_loss":0.0,"gold_gain":0.0,"event_name":"Liars Game","player_choice":"Ignored","floor":14.0,"gold_loss":0.0,"damage_taken":0.0},{"damage_healed":0.0,"max_hp_gain":0.0,"max_hp_loss":0.0,"gold_gain":0.0,"event_name":"Cursed Tome","player_choice":"Obtained Book","floor":19.0,"gold_loss":0.0,"damage_taken":16.0},{"damage_healed":0.0,"max_hp_gain":0.0,"max_hp_loss":0.0,"gold_gain":0.0,"event_name":"Masked Bandits","player_choice":"Fought Bandits","floor":21.0,"gold_loss":0.0,"damage_taken":0.0},{"damage_healed":0.0,"max_hp_gain":0.0,"max_hp_loss":0.0,"gold_gain":0.0,"event_name":"Vampires","player_choice":"Ignored","floor":25.0,"gold_loss":0.0,"damage_taken":0.0},{"damage_healed":0.0,"max_hp_gain":0.0,"max_hp_loss":0.0,"gold_gain":0.0,"event_name":"MindBloom","player_choice":"Fight","floor":36.0,"gold_loss":0.0,"damage_taken":0.0},{"damage_healed":0.0,"max_hp_gain":0.0,"max_hp_loss":0.0,"gold_gain":0.0,"event_name":"Upgrade Shrine","player_choice":"Upgraded","floor":39.0,"gold_loss":0.0,"damage_taken":0.0,"cards_upgraded":["White Noise"]},{"damage_healed":0.0,"max_hp_gain":0.0,"max_hp_loss":0.0,"gold_gain":0.0,"event_name":"Mysterious Sphere","player_choice":"Fight","floor":46.0,"gold_loss":0.0,"damage_taken":0.0}],"is_beta":false,"boss_relics":[{"not_picked":["Coffee Dripper","Empty Cage"],"picked":"Nuclear Battery"},{"not_picked":["Runic Dome","Calling Bell"],"picked":"FrozenCore"}],"items_purged_floors":[3,24],"is_endless":false,"potions_floor_spawned":[5,7,8,10,18,33,35,36,41,42,54],"ascension_level":8}}