{"host":"vx9g5eyuglzorf3u","time":1611865301,"event":{"mods":["2.2 Compatiblity","BaseMod","DeckTracker","Keyboard Shortcuts","Minty Spire (QoL Compilation)","Relic Stats","StSLib","SuperFastMode","everything is the same but u backflip on backflip"],"gold_per_floor":[114,39,39,58,77,77,102,102,151,169,181,209,209,109,109,183,183,199,199,33,33,33,33,49,99,99,110,110,125,137,154,154,233,233,248,265,285,160,160,193,204,237,237,237,87,105,105,52,52,52,52,52,52,52,77,77],"floor_reached":57,"language":"KOR","playtime":2579,"items_purged":["Strike_P","Defend_P","Strike_P","Strike_P"],"score":3269,"play_id":"97d9fee6-c794-4de8-bd67-6cd9e350e5c4","local_time":"20210129052140","is_ascension_mode":true,"campfire_choices":[{"data":"Eruption","floor":6.0,"key":"SMITH"},{"data":"MentalFortress","floor":8.0,"key":"SMITH"},{"data":"CrushJoints","floor":15.0,"key":"SMITH"},{"floor":23.0,"key":"REST"},{"data":"Scrawl","floor":28.0,"key":"SMITH"},{"data":"Adaptation","floor":32.0,"key":"SMITH"},{"floor":44.0,"key":"RECALL"},{"floor":49.0,"key":"REST"},{"data":"InnerPeace","floor":53.0,"key":"SMITH"}],"circlet_count":0,"master_deck":["AscendersBane","Defend_P","Eruption+1","Vigilance","DeusExMachina+1","SpiritShield+1","Meditate+1","EmptyFist","TalkToTheHand","MentalFortress+1","CrushJoints+1","Establishment","InnerPeace+1","Scrawl+1","Adaptation+1"],"relics":["Astrolabe","Anchor","Regal Pillow","Potion Belt","SacredBark","Enchiridion","ClockworkSouvenir","Singing Bowl","Yang","Ornamental Fan","Pen Nib"],"acts_visited":["Exordium","TheCity","TheBeyond","TheEnding"],"potions_floor_usage":[56],"damage_taken":[{"damage":0.0,"enemies":"Small Slimes","floor":1.0,"turns":2.0},{"damage":0.0,"enemies":"Cultist","floor":4.0,"turns":3.0},{"damage":0.0,"enemies":"2 Louse","floor":5.0,"turns":3.0},{"damage":9.0,"enemies":"Lagavulin","floor":7.0,"turns":5.0},{"damage":0.0,"enemies":"Looter","floor":10.0,"turns":3.0},{"damage":8.0,"enemies":"3 Louse","floor":11.0,"turns":5.0},{"damage":0.0,"enemies":"3 Sentries","floor":12.0,"turns":9.0},{"damage":0.0,"enemies":"Hexaghost","floor":16.0,"turns":7.0},{"damage":22.0,"enemies":"2 Thieves","floor":18.0,"turns":4.0},{"damage":11.0,"enemies":"Shell Parasite","floor":24.0,"turns":5.0},{"damage":0.0,"enemies":"Cultist and Chosen","floor":27.0,"turns":5.0},{"damage":0.0,"enemies":"3 Cultists","floor":29.0,"turns":5.0},{"damage":0.0,"enemies":"Snake Plant","floor":30.0,"turns":3.0},{"damage":3.0,"enemies":"Sentry and Sphere","floor":31.0,"turns":4.0},{"damage":0.0,"enemies":"Champ","floor":33.0,"turns":5.0},{"damage":0.0,"enemies":"3 Shapes","floor":35.0,"turns":5.0},{"damage":9.0,"enemies":"3 Darklings","floor":36.0,"turns":3.0},{"damage":0.0,"enemies":"Spire Growth","floor":37.0,"turns":3.0},{"damage":5.0,"enemies":"Reptomancer","floor":40.0,"turns":4.0},{"damage":2.0,"enemies":"Writhing Mass","floor":41.0,"turns":4.0},{"damage":0.0,"enemies":"Nemesis","floor":42.0,"turns":3.0},{"damage":19.0,"enemies":"Jaw Worm Horde","floor":46.0,"turns":3.0},{"damage":8.0,"enemies":"Time Eater","floor":50.0,"turns":12.0},{"damage":0.0,"enemies":"Donu and Deca","floor":51.0,"turns":4.0},{"damage":13,"enemies":"Shield and Spear","floor":55,"turns":8},{"damage":40,"enemies":"The Heart","floor":56,"turns":10}],"seed_played":"5345254218690597338","potions_obtained":[{"floor":3.0,"key":"Explosive Potion"},{"floor":3.0,"key":"Fire Potion"},{"floor":10.0,"key":"Strength Potion"},{"floor":12.0,"key":"EssenceOfSteel"},{"floor":18.0,"key":"GamblersBrew"},{"floor":29.0,"key":"BlessingOfTheForge"},{"floor":36.0,"key":"Weak Potion"},{"floor":41.0,"key":"Swift Potion"},{"floor":42.0,"key":"Weak Potion"}],"is_trial":false,"path_per_floor":["M","$","?","M","M","R","E","R","T","M","M","E","?","$","R","B",null,"M","?","$","?","?","R","M","?","T","M","R","M","M","M","R","B",null,"M","M","M","$","?","E","M","E","T","R","$","M","?","$","R","B","B",null,"R","$","E","B",null],"character_chosen":"WATCHER","items_purchased":["ClockworkSouvenir","SpeedPotion"],"campfire_rested":2,"item_purchase_floors":[20,48],"current_hp_per_floor":[61,61,61,61,61,61,52,52,52,52,44,44,44,44,44,44,62,40,19,19,19,19,54,43,43,43,45,45,47,49,48,48,50,71,73,66,68,68,64,61,61,63,63,63,63,46,46,46,88,80,80,90,90,90,79,39],"gold":77,"neow_bonus":"BOSS_RELIC","is_daily":false,"chose_seed":false,"campfire_upgraded":6,"win_rate":0.0,"timestamp":1611865300,"path_taken":["M","$","?","M","M","R","E","R","T","M","M","E","?","$","R","BOSS","M","?","$","?","?","R","M","?","T","M","R","M","M","?","R","BOSS","M","M","M","$","?","E","M","E","T","R","$","M","?","?","R","BOSS","BOSS","R","$","E","BOSS"],"items_purchased_type":["Relic","Potion"],"build_version":"2020-12-22","purchased_purges":4,"victory":true,"max_hp_per_floor":[68,68,68,68,68,68,68,68,68,68,68,68,68,68,68,68,68,68,68,68,68,68,68,68,68,68,70,70,72,74,76,76,78,78,80,82,84,84,90,92,94,96,96,96,96,98,93,93,93,93,93,93,93,93,95,95],"relic_stats":{"Regal Pillow":30,"Singing Bowl":32,"counters":[26,127],"Ornamental Fan":[204],"Astrolabe":["DeusExMachina","SpiritShield","Meditate"],"Yang":[239],"Pen Nib":[6],"obtain_stats":[{"Potion Belt":12,"Anchor":7,"Regal Pillow":9,"Singing Bowl":26,"Ornamental Fan":42,"Astrolabe":0,"SacredBark":17,"Enchiridion":19,"Yang":40,"Pen Nib":55,"PureWater":0,"ClockworkSouvenir":20},{"Potion Belt":7,"Anchor":4,"Regal Pillow":4,"Singing Bowl":10,"Ornamental Fan":21,"Astrolabe":0,"SacredBark":8,"Enchiridion":9,"Yang":19,"Pen Nib":25,"PureWater":0,"ClockworkSouvenir":9},{"Potion Belt":30,"Anchor":13,"Regal Pillow":13,"Singing Bowl":46,"Ornamental Fan":90,"Astrolabe":0,"SacredBark":37,"Enchiridion":41,"Yang":83,"Pen Nib":117,"PureWater":0,"ClockworkSouvenir":41}]},"card_choices":[{"not_picked":["ClearTheMind","JustLucky"],"picked":"EmptyFist","floor":1.0},{"not_picked":["DeceiveReality","Prostrate"],"picked":"TalkToTheHand","floor":4.0},{"not_picked":["Protect","EmptyFist","FlyingSleeves"],"picked":"SKIP","floor":5.0},{"not_picked":["ThirdEye","Pray"],"picked":"MentalFortress","floor":7.0},{"not_picked":["Crescendo","SashWhip"],"picked":"CrushJoints","floor":10.0},{"not_picked":["Nirvana","TalkToTheHand","BowlingBash"],"picked":"SKIP","floor":11.0},{"not_picked":["BowlingBash","Consecrate"],"picked":"Establishment","floor":12.0},{"not_picked":["Omniscience","ConjureBlade"],"picked":"Scrawl","floor":16.0},{"not_picked":["Protect","Halt+1","ForeignInfluence"],"picked":"SKIP","floor":18.0},{"not_picked":["WreathOfFlame","Prostrate","FollowUp"],"picked":"SKIP","floor":24.0},{"not_picked":["Halt","PathToVictory","FlyingSleeves"],"picked":"Singing Bowl","floor":27.0},{"not_picked":["CrushJoints","ThirdEye","ForeignInfluence"],"picked":"Singing Bowl","floor":29.0},{"not_picked":["Judgement","FollowUp","SignatureMove"],"picked":"Singing Bowl","floor":30.0},{"not_picked":["FollowUp","Swivel","SandsOfTime"],"picked":"Singing Bowl","floor":31.0},{"not_picked":["Blasphemy","SpiritShield","Alpha"],"picked":"Singing Bowl","floor":33.0},{"not_picked":["CrushJoints","EmptyFist","Halt"],"picked":"Singing Bowl","floor":35.0},{"not_picked":["EmptyFist","SignatureMove+1","PathToVictory"],"picked":"Singing Bowl","floor":36.0},{"not_picked":["Vengeance","Meditate","Consecrate"],"picked":"Singing Bowl","floor":37.0},{"not_picked":["Discovery","Good Instincts","Secret Weapon"],"picked":"Singing Bowl","floor":39.0},{"not_picked":["Chrysalis","Enlightenment","Secret Weapon"],"picked":"Singing Bowl","floor":39.0},{"not_picked":["Apotheosis","Deep Breath","Jack Of All Trades"],"picked":"Singing Bowl","floor":39.0},{"not_picked":["Crescendo","CrushJoints+1","Protect"],"picked":"Singing Bowl","floor":40.0},{"not_picked":["EmptyBody","JustLucky","FollowUp"],"picked":"Singing Bowl","floor":41.0},{"not_picked":["Protect","Prostrate","BowlingBash"],"picked":"Singing Bowl","floor":42.0},{"not_picked":["Swivel","Consecrate","WaveOfTheHand"],"picked":"Singing Bowl","floor":46.0},{"not_picked":["WreathOfFlame","DeusExMachina","Worship+1"],"picked":"Singing Bowl","floor":55}],"player_experience":1502224,"relics_obtained":[{"floor":7.0,"key":"Anchor"},{"floor":9.0,"key":"Regal Pillow"},{"floor":12.0,"key":"Potion Belt"},{"floor":19.0,"key":"Enchiridion"},{"floor":26.0,"key":"Singing Bowl"},{"floor":40.0,"key":"Yang"},{"floor":42.0,"key":"Ornamental Fan"},{"floor":55,"key":"Pen Nib"}],"event_choices":[{"damage_healed":0.0,"max_hp_gain":0.0,"max_hp_loss":0.0,"gold_gain":0.0,"event_name":"Lab","player_choice":"Got Potions","floor":3.0,"gold_loss":0.0,"damage_taken":0.0},{"damage_healed":0.0,"max_hp_gain":0.0,"max_hp_loss":0.0,"gold_gain":0.0,"event_name":"Match and Keep!","player_choice":"1 cards matched","floor":13.0,"gold_loss":0.0,"damage_taken":0.0,"cards_obtained":["InnerPeace"]},{"damage_healed":0.0,"max_hp_gain":0.0,"max_hp_loss":0.0,"gold_gain":0.0,"event_name":"Match and Keep!","player_choice":"1 cards matched","floor":13.0,"gold_loss":0.0,"damage_taken":0.0,"cards_obtained":["InnerPeace"]},{"damage_healed":0.0,"max_hp_gain":0.0,"max_hp_loss":0.0,"gold_gain":0.0,"event_name":"Cursed Tome","player_choice":"Obtained Book","floor":19.0,"gold_loss":0.0,"damage_taken":21.0},{"damage_healed":0.0,"max_hp_gain":0.0,"max_hp_loss":0.0,"gold_gain":0.0,"event_name":"The Library","player_choice":"Read","floor":21.0,"gold_loss":0.0,"damage_taken":0.0,"cards_obtained":["Adaptation"]},{"damage_healed":0.0,"max_hp_gain":0.0,"max_hp_loss":0.0,"gold_gain":0.0,"event_name":"The Mausoleum","player_choice":"Ignored","floor":22.0,"gold_loss":0.0,"damage_taken":0.0},{"damage_healed":0.0,"max_hp_gain":0.0,"max_hp_loss":0.0,"gold_gain":50.0,"event_name":"Nest","player_choice":"Stole From Cult","floor":25.0,"gold_loss":0.0,"damage_taken":0.0},{"damage_healed":0.0,"max_hp_gain":0.0,"max_hp_loss":0.0,"gold_gain":0.0,"event_name":"SensoryStone","player_choice":"Memory 3","floor":39.0,"gold_loss":0.0,"damage_taken":10.0},{"damage_healed":0.0,"max_hp_gain":0.0,"max_hp_loss":5.0,"gold_gain":0.0,"event_name":"Winding Halls","player_choice":"Max HP","floor":47.0,"gold_loss":0.0,"damage_taken":0.0}],"is_beta":false,"boss_relics":[{"not_picked":["Sozu","Runic Dome"],"picked":"SacredBark"},{"not_picked":["Cursed Key","Calling Bell","Snecko Eye"]}],"items_purged_floors":[2,14,38,45],"is_endless":false,"potions_floor_spawned":[5,10,12,18,24,29,36,41,42],"ascension_level":20}}