{"host":"vyiqbz5w606ur92t","time":1611820188,"event":{"mods":["BaseMod","Downfall","Minty Spire (QoL Compilation)","StSLib"],"gold_per_floor":[99,118,174,84,84,84,137,171,171,4,4,36,36,21,32,134,134,34,54,54,54,71,99,99,111,131,216,243,255,55,54,68,167,167,167,167,167,186,136,153,153,178,193,221,235,235,255,286,299,299,299,331,9,9,9,9,9,9],"floor_reached":56,"language":"ENG","playtime":7931,"items_purged":["Injury","champ:Strike","champ:ShieldThrow"],"score":958,"play_id":"17328e77-5b4e-4b21-beed-992f705a9e1b","local_time":"20210128074948","is_ascension_mode":false,"campfire_choices":[{"data":"champ:Improvising","floor":1,"key":"SMITH"},{"data":"champ:Taunt","floor":6,"key":"SMITH"},{"data":"champ:FanOfKnives","floor":11,"key":"SMITH"},{"floor":18,"key":"RECALL"},{"floor":30,"key":"REST"},{"floor":35,"key":"REST"},{"floor":46,"key":"REST"},{"floor":54,"key":"REST"}],"circlet_count":0,"master_deck":["champ:Execute","champ:Taunt+1","champ:Improvising+1","champ:Haymaker","champ:BringItOn","champ:FanOfKnives+1","champ:AdrenalArmor","champ:VampiricStrike","champ:UltimateStance","champ:Backstep+1","champ:GladiatorForm","champ:FocusedBerserking","champ:AdrenalArmor+1","champ:CalledShot","champ:ArenaPreparation+1","champ:CalledShot","champ:StanceDance","champ:StanceDance+1","champ:ShieldThrow","champ:FlashCut","champ:EnGarde","champ:CrownThrow","champ:SkillfulDodge","champ:FalseCounter","expansioncontent:Chronoboost","expansioncontent:DashGenerateEvil","champ:PreemptiveStrike+1","champ:IronFortress+1","champ:TornadoPunch+1","Parasite","champ:Endure+1","champ:StanceDance+1","champ:DeathBlow+1","champ:EndlessRage+1","champ:ShieldWall+1"],"relics":["champ:ChampionCrown","Blood Vial","Smiling Mask","champ:LiftRelic","Toolbox","Akabeko","Fusion Hammer","downfall:HeartBlessingGreen","Regal Pillow","Bottled Lightning","PreservedInsect","downfall:HeartBlessingBlue","downfall:HeartBlessingRed","Mummified Hand","Pandora\u0027s Box","Frozen Egg 2","Juzu Bracelet","FossilizedHelix","Ancient Tea Set","champ:FightingForDummies","Slimebound:PreparedRelic"],"acts_visited":["Exordium","TheCity","TheBeyond","TheEnding"],"potions_floor_usage":[16,25,33,42,56],"damage_taken":[{"damage":12,"enemies":"Jaw Worm","floor":2,"turns":5},{"damage":36,"enemies":"Gremlin Nob","floor":3,"turns":4},{"damage":20,"enemies":"downfall:FleeingMerchant","floor":4,"turns":4},{"damage":29,"enemies":"3 Sentries","floor":8,"turns":6},{"damage":20,"enemies":"downfall:FleeingMerchant","floor":10,"turns":4},{"damage":20,"enemies":"Lagavulin","floor":12,"turns":4},{"damage":10,"enemies":"downfall:FleeingMerchant","floor":14,"turns":4},{"damage":10,"enemies":"Small Slimes","floor":15,"turns":3},{"damage":35,"enemies":"IC_STATUS_ARCHETYPE","floor":16,"turns":4},{"damage":20,"enemies":"3 Byrds","floor":19,"turns":2},{"damage":15,"enemies":"Chosen","floor":22,"turns":3},{"damage":20,"enemies":"Book of Stabbing","floor":23,"turns":4},{"damage":9,"enemies":"Snake Plant","floor":25,"turns":4},{"damage":19,"enemies":"3 Cultists","floor":26,"turns":5},{"damage":61,"enemies":"Slavers","floor":28,"turns":6},{"damage":30,"enemies":"Centurion and Healer","floor":29,"turns":4},{"damage":20,"enemies":"downfall:FleeingMerchant","floor":31,"turns":2},{"damage":35,"enemies":"Snake Plant","floor":32,"turns":2},{"damage":109,"enemies":"DF_ARCHETYPE_CLAW","floor":33,"turns":7},{"damage":45,"enemies":"3 Darklings","floor":38,"turns":3},{"damage":35,"enemies":"Orb Walker","floor":40,"turns":3},{"damage":71,"enemies":"Nemesis","floor":42,"turns":3},{"damage":35,"enemies":"Jaw Worm Horde","floor":43,"turns":2},{"damage":25,"enemies":"Reptomancer","floor":44,"turns":5},{"damage":30,"enemies":"Writhing Mass","floor":45,"turns":5},{"damage":40,"enemies":"Transient","floor":47,"turns":5},{"damage":45,"enemies":"Nemesis","floor":48,"turns":5},{"damage":19,"enemies":"3 Darklings","floor":49,"turns":4},{"damage":113,"enemies":"SI_POISON_ARCHETYPE","floor":50,"turns":10},{"damage":124,"enemies":"downfall:CharBossMerchant","floor":52,"turns":8},{"damage":156,"enemies":"downfall:NeowBoss","floor":55,"turns":12},{"damage":113,"enemies":"downfall:NeowBossFinal","floor":56,"turns":6}],"seed_played":"-7647060596211904767","potions_obtained":[{"floor":8,"key":"SpeedPotion"},{"floor":12,"key":"AttackPotion"},{"floor":15,"key":"LiquidBronze"},{"floor":16,"key":"Guardian:BlockOnCardUsePotion"},{"floor":22,"key":"BlessingOfTheForge"},{"floor":33,"key":"CultistPotion"},{"floor":38,"key":"Swift Potion"},{"floor":43,"key":"FairyPotion"},{"floor":44,"key":"sneckomod:MuddlingPotion"}],"is_trial":false,"path_per_floor":["R","M","?","$","?","R","T","E","?","$","R","E","?","$","M","B",null,"R","M","?","?","M","E","T","M","M","?","E","M","R","$","M","B",null,"R","?","?","M","$","M","T","E","M","E","M","R","M","E","M","B",null,"E","$","R","B","B"],"character_chosen":"THE_CHAMP","items_purchased":["Toolbox","Mummified Hand","champ:StanceDance","Slimebound:PreparedRelic","champ:ShieldWall+1"],"campfire_rested":4,"item_purchase_floors":[10,31,31,53,53],"current_hp_per_floor":[90,88,64,66,66,66,66,59,59,61,61,63,63,65,67,49,90,90,90,90,90,90,90,90,81,79,61,37,39,94,96,98,76,100,100,95,95,97,97,89,89,70,72,74,66,100,100,75,68,72,100,31,31,76,72,0,0,0],"gold":9,"neow_bonus":"THREE_RARE_CARDS","is_daily":false,"chose_seed":false,"campfire_upgraded":3,"win_rate":0.0,"timestamp":1611820188,"path_taken":["R","M","?","$","?","R","T","E","?","$","R","E","?","?","M","BOSS","R","M","?","?","M","E","T","M","M","?","E","M","R","?","M","BOSS","R","?","?","M","$","M","T","E","M","E","M","R","M","E","M","BOSS","E","$","R","BOSS","BOSS"],"items_purchased_type":["Relic","Relic","Card","Relic","Card"],"build_version":"2020-12-22","purchased_purges":3,"victory":false,"max_hp_per_floor":[90,90,90,90,90,90,90,90,90,90,90,90,90,90,90,90,90,90,90,90,90,90,90,90,90,90,90,90,90,100,100,100,100,100,100,100,100,100,100,100,100,100,100,100,100,100,100,100,100,100,100,100,100,100,100,100,100,100],"card_choices":[{"not_picked":["champ:VampiricStrike","champ:SteelEdge"],"picked":"champ:Improvising","floor":0},{"not_picked":["champ:AdrenalArmor","champ:Lariat"],"picked":"champ:Haymaker","floor":2},{"not_picked":["champ:ShieldSigil","champ:Haymaker"],"picked":"champ:BringItOn","floor":3},{"not_picked":["champ:ShieldThrow","champ:PreciseThrust"],"picked":"champ:FanOfKnives","floor":4},{"not_picked":["champ:Circumvent","champ:PerfectedStrike"],"picked":"champ:AdrenalArmor","floor":8},{"not_picked":["champ:PreciseThrust","champ:Circumvent","champ:GutPunch"],"picked":"SKIP","floor":10},{"not_picked":["champ:ShieldWall","champ:PerfectedStrike"],"picked":"champ:VampiricStrike","floor":12},{"not_picked":["champ:SkillfulDodge","champ:FanOfKnives","champ:CrownThrow"],"picked":"SKIP","floor":14},{"not_picked":["champ:Haymaker","champ:BringItOn","champ:DefensiveShout"],"picked":"SKIP","floor":15},{"not_picked":["champ:DancingMaster","champ:CheapShot"],"picked":"champ:UltimateStance","floor":16},{"not_picked":["champ:FanOfKnives+1","champ:PerfectedStrike+1"],"picked":"champ:Backstep+1","floor":19},{"not_picked":["champ:FanOfKnives","champ:TornadoPunch","champ:PerfectedStrike"],"picked":"SKIP","floor":22},{"not_picked":["champ:BerserkersShout","champ:CalledShot"],"picked":"champ:GladiatorForm","floor":23},{"not_picked":["champ:Shatter","champ:FaceSlap"],"picked":"champ:FocusedBerserking","floor":25},{"not_picked":["champ:EnGarde","champ:GladiatorStyle"],"picked":"champ:AdrenalArmor+1","floor":26},{"not_picked":["champ:BladeFlurry+1","champ:TornadoPunch"],"picked":"champ:CalledShot","floor":28},{"not_picked":["champ:RecklessLeap+1","champ:BerserkersShout+1"],"picked":"champ:ArenaPreparation+1","floor":29},{"not_picked":["champ:Backstep","champ:Shatter"],"picked":"champ:CalledShot","floor":31},{"not_picked":["champ:PreciseThrust+1","champ:RageSigil"],"picked":"champ:StanceDance+1","floor":32},{"not_picked":["champ:HeavySlash","champ:TripleStrike"],"picked":"champ:ShieldThrow","floor":33},{"not_picked":["expansioncontent:Hexaburn","expansioncontent:GuardianWhirl"],"picked":"expansioncontent:Chronoboost","floor":36},{"not_picked":["expansioncontent:QuickStudy","expansioncontent:GuardianWhirl"],"picked":"expansioncontent:DashGenerateEvil","floor":36},{"not_picked":["champ:Circumvent+1","champ:Backstep","champ:DefensiveShout"],"picked":"SKIP","floor":38},{"not_picked":["champ:FlashCut","champ:CrownThrow+1"],"picked":"champ:PreemptiveStrike+1","floor":40},{"not_picked":["champ:CalledShot","champ:BringItOn+1"],"picked":"champ:IronFortress+1","floor":42},{"not_picked":["champ:Circumvent","champ:RecklessLeap","champ:Backstep"],"picked":"SKIP","floor":43},{"not_picked":["champ:RageSigil","champ:FocusedBerserking+1"],"picked":"champ:TornadoPunch+1","floor":44},{"not_picked":["champ:BladeFlurry+1","champ:Haymaker+1"],"picked":"champ:Endure+1","floor":45},{"not_picked":["champ:PreciseThrust+1","champ:RageSigil","champ:SetATrap"],"picked":"SKIP","floor":47},{"not_picked":["champ:ShieldThrow","champ:BerserkerStyle+1"],"picked":"champ:StanceDance+1","floor":48},{"not_picked":["champ:Haymaker","champ:SetATrap+1"],"picked":"champ:DeathBlow+1","floor":49},{"not_picked":["champ:DefensiveStyle+1","champ:Lariat"],"picked":"champ:EndlessRage+1","floor":52}],"player_experience":1153830,"relics_obtained":[{"floor":8,"key":"Smiling Mask"},{"floor":12,"key":"Akabeko"},{"floor":23,"key":"Regal Pillow"},{"floor":24,"key":"Bottled Lightning"},{"floor":28,"key":"PreservedInsect"},{"floor":41,"key":"Frozen Egg 2"},{"floor":42,"key":"Juzu Bracelet"},{"floor":44,"key":"FossilizedHelix"},{"floor":48,"key":"Ancient Tea Set"},{"floor":52,"key":"champ:FightingForDummies"}],"event_choices":[{"damage_healed":0,"gold_gain":0,"player_choice":"Ignored","damage_taken":0,"max_hp_gain":0,"max_hp_loss":0,"event_name":"Ghosts","floor":21,"gold_loss":0}],"is_beta":false,"boss_relics":[{"not_picked":["Calling Bell","Empty Cage"],"picked":"Fusion Hammer"},{"not_picked":["bronze:MakeshiftBattery","Velvet Choker"],"picked":"Pandora\u0027s Box"}],"items_purged_floors":[4,31,39],"is_endless":false,"potions_floor_spawned":[8,12,15,16,22,23,33,38,43,44],"killed_by":"downfall:NeowBossFinal","ascension_level":0}}