{"host":"8pcehwtvb3b6plng","time":1611820261,"event":{"mods":["BaseMod","Minty Spire (QoL Compilation)","Replay The Spire","StSLib"],"gold_per_floor":[116,66,120,45,61,61,75,75,124,149,149,149,149,149,149,247,247,266,266,286,304,56,81,81,81,129,4,4,20,51,145,157,270,382,410,472,495,518,543,590,612,624,636,681,703,725,737,749,761,773],"floor_reached":51,"language":"ZHS","playtime":1829,"items_purged":["Strike_R","Decay","Defend_R"],"score":1073,"play_id":"8d266752-58cd-4acb-8961-cecf5eb36031","local_time":"20210128155101","is_ascension_mode":true,"campfire_choices":[{"data":"Searing Blow","floor":6,"key":"SMITH"},{"data":"Searing Blow+1","floor":8,"key":"SMITH"},{"data":"Searing Blow+2","floor":12,"key":"SMITH"},{"floor":15,"key":"DIG"},{"data":"Searing Blow+3","floor":24,"key":"SMITH"},{"data":"Searing Blow+4","floor":28,"key":"SMITH"},{"data":"Searing Blow+6","floor":32,"key":"SMITH"},{"data":"Searing Blow+7","floor":42,"key":"SMITH"},{"data":"Searing Blow+8","floor":47,"key":"SMITH"},{"data":"Searing Blow+9","floor":49,"key":"SMITH"}],"circlet_count":0,"master_deck":["Strike_R","Defend_R+1","Bash","Searing Blow+10","Armaments+1","Replay:Undeath\u0027s Touch","Headbutt","Replay:Undeath\u0027s Touch","Offering+1","Disarm+1","Warcry+1","Defy Death+1","Dual Wield+1","Hemogenesis","True Grit+1","Pummel+1","Seeing Red+1","Limit Break+1","Dropkick+1","Dropkick"],"relics":["Burning Blood","Tiny Chest","Juzu Bracelet","Torii","Ring of Fury","Ring of Hypnosis","Counterbalance","Toxic Egg 2","Coffee Dripper","Replay:Baseball","War Paint","Enchiridion","MawBank","Replay:Bottled Eggs","Replay:Wanted Poster","Champion Belt","Replay:Multitool","Lizard Tail","Iron Hammer"],"acts_visited":["Exordium","TheCity","TheBeyond"],"potions_floor_usage":[23,23,23],"damage_taken":[{"damage":0,"enemies":"2 Louse","floor":1,"turns":2},{"damage":7,"enemies":"Jaw Worm","floor":5,"turns":3},{"damage":1,"enemies":"Cultist","floor":7,"turns":3},{"damage":32,"enemies":"Gremlin Nob","floor":10,"turns":4},{"damage":48,"enemies":"Fading Forest","floor":16,"turns":11},{"damage":4,"enemies":"3 Byrds","floor":18,"turns":6},{"damage":6,"enemies":"Spheric Guardian","floor":20,"turns":1},{"damage":7,"enemies":"Centurion and Healer","floor":21,"turns":4},{"damage":26,"enemies":"Gremlin Leader","floor":23,"turns":2},{"damage":3,"enemies":"3 Cultists","floor":29,"turns":3},{"damage":11,"enemies":"Slavers","floor":30,"turns":4},{"damage":6,"enemies":"Collector","floor":33,"turns":2},{"damage":7,"enemies":"3 Darklings","floor":35,"turns":2},{"damage":7,"enemies":"Mind Bloom Boss Battle","floor":36,"turns":4},{"damage":13,"enemies":"3 Shapes","floor":37,"turns":2},{"damage":8,"enemies":"Maw","floor":38,"turns":3},{"damage":6,"enemies":"3 Darklings","floor":39,"turns":1},{"damage":16,"enemies":"Reptomancer","floor":40,"turns":2},{"damage":18,"enemies":"Transient","floor":41,"turns":5},{"damage":7,"enemies":"Giant Head","floor":44,"turns":2},{"damage":12,"enemies":"Maw","floor":45,"turns":3},{"damage":12,"enemies":"3 Darklings","floor":46,"turns":2},{"damage":51,"enemies":"Time Eater","floor":50,"turns":5}],"seed_played":"-8606451995558754326","potions_obtained":[{"floor":5,"key":"FearPotion"},{"floor":16,"key":"Dexterity Potion"},{"floor":18,"key":"Swift Potion"},{"floor":21,"key":"PowerPotion"},{"floor":30,"key":"Energy Potion"},{"floor":33,"key":"Energy Potion"},{"floor":35,"key":"Adrenaline Potion"},{"floor":39,"key":"AttackPotion"},{"floor":46,"key":"LiquidMemories"}],"is_trial":false,"path_per_floor":["M","?","T","$","M","R","M","R","T","E","?","R","?","T","R","B",null,"M","?","M","M","$","E","R","?","T","$","R","M","E","T","R","B",null,"M","?","M","M","M","E","M","R","T","E","M","M","R","$","R","B",null],"character_chosen":"IRONCLAD","items_purchased":["Replay:Baseball"],"campfire_rested":0,"item_purchase_floors":[22],"current_hp_per_floor":[57,57,57,57,56,56,61,61,61,35,35,35,35,35,35,11,63,65,65,65,64,64,44,44,28,28,28,28,31,26,26,26,26,67,73,80,79,80,80,70,63,63,63,62,77,71,71,71,71,31],"gold":785,"neow_bonus":"REMOVE_TWO","is_daily":false,"chose_seed":false,"campfire_upgraded":9,"win_rate":0.0,"timestamp":1611820261,"path_taken":["M","?","?","$","?","R","M","R","T","E","?","R","?","?","R","BOSS","M","?","M","M","$","E","R","?","T","?","R","M","E","?","R","BOSS","M","?","M","M","M","E","M","R","T","E","M","M","R","$","R","BOSS"],"items_purchased_type":["Relic"],"build_version":"2020-12-22","purchased_purges":3,"victory":true,"max_hp_per_floor":[80,80,80,80,80,80,80,80,80,80,80,80,80,80,80,80,80,80,80,80,80,80,80,80,80,80,80,80,80,80,80,80,80,80,80,80,80,80,80,80,80,80,80,80,80,80,80,80,80,80],"card_choices":[{"not_picked":["Cleave","Blood for Blood"],"picked":"Searing Blow","floor":1},{"not_picked":["ReplayTheSpireMod:Strike From Hell","Dropkick","Heavy Blade"],"picked":"SKIP","floor":5},{"not_picked":["Perfected Strike","Havoc"],"picked":"Armaments","floor":7},{"not_picked":["Spot Weakness","Second Wind"],"picked":"Replay:Undeath\u0027s Touch","floor":10},{"not_picked":["Cleave+1","ReplayTheSpireMod:Strike From Hell"],"picked":"Headbutt","floor":18},{"not_picked":["Rampage","Blood for Blood"],"picked":"Disarm+1","floor":20},{"not_picked":["Pommel Strike","Uppercut"],"picked":"Warcry+1","floor":21},{"not_picked":["Ghostly Armor+1","Evolve"],"picked":"Defy Death+1","floor":23},{"not_picked":["Whirlwind+1","ReplayTheSpireMod:Limb From Limb","Rage+1"],"picked":"SKIP","floor":29},{"not_picked":["Rupture","Hemokinesis+1"],"picked":"Dual Wield+1","floor":30},{"not_picked":["Demon Form","Offering+1"],"picked":"Hemogenesis","floor":33},{"not_picked":["Burning Pact+1","Blood for Blood"],"picked":"True Grit+1","floor":35},{"not_picked":["True Grit+1","Power Through+1"],"picked":"Pummel+1","floor":36},{"not_picked":["Iron Wave","Havoc+1","Run Through+1"],"picked":"SKIP","floor":37},{"not_picked":["Replay:Undeath\u0027s Touch+1","Clash"],"picked":"Seeing Red+1","floor":38},{"not_picked":["Seeing Red+1","True Grit+1"],"picked":"Limit Break+1","floor":39},{"not_picked":["Run Through+1","Body Slam+1","Fire Breathing"],"picked":"SKIP","floor":40},{"not_picked":["Feel No Pain","Pommel Strike"],"picked":"Dropkick+1","floor":41},{"not_picked":["Shockwave+1","Warcry+1","Entrench+1"],"picked":"SKIP","floor":44},{"not_picked":["Heavy Blade","Clothesline+1"],"picked":"Dropkick","floor":45},{"not_picked":["Combust","ReplayReversal+1","Heavy Blade"],"picked":"SKIP","floor":46}],"player_experience":154940,"relics_obtained":[{"floor":3,"key":"Tiny Chest"},{"floor":9,"key":"Juzu Bracelet"},{"floor":10,"key":"Torii"},{"floor":11,"key":"Ring of Fury"},{"floor":11,"key":"Ring of Hypnosis"},{"floor":14,"key":"Counterbalance"},{"floor":15,"key":"Toxic Egg 2"},{"floor":23,"key":"War Paint"},{"floor":25,"key":"Enchiridion"},{"floor":30,"key":"MawBank"},{"floor":31,"key":"Replay:Bottled Eggs"},{"floor":36,"key":"Champion Belt"},{"floor":40,"key":"Replay:Multitool"},{"floor":43,"key":"Lizard Tail"},{"floor":44,"key":"Iron Hammer"}],"event_choices":[{"cards_removed":["Strike_R"],"damage_healed":0,"gold_gain":0,"player_choice":"Card Removal","damage_taken":0,"max_hp_gain":0,"max_hp_loss":0,"event_name":"The Cleric","floor":2,"gold_loss":50},{"damage_healed":0,"gold_gain":0,"player_choice":"Cursed","damage_taken":0,"max_hp_gain":0,"max_hp_loss":0,"event_name":"Wheel of Change","floor":13,"gold_loss":0,"cards_obtained":["Decay"]},{"damage_healed":0,"gold_gain":0,"cards_transformed":["Defend_R","Strike_R"],"player_choice":"Became Test Subject","damage_taken":0,"max_hp_gain":0,"max_hp_loss":0,"event_name":"Drug Dealer","floor":19,"gold_loss":0,"cards_obtained":["Replay:Undeath\u0027s Touch","Offering"]},{"damage_healed":0,"gold_gain":0,"player_choice":"Obtained Book","damage_taken":16,"max_hp_gain":0,"max_hp_loss":0,"event_name":"Cursed Tome","floor":25,"gold_loss":0},{"damage_healed":0,"gold_gain":0,"player_choice":"Fight","damage_taken":0,"max_hp_gain":0,"max_hp_loss":0,"event_name":"MindBloom","floor":36,"gold_loss":0}],"is_beta":false,"boss_relics":[{"not_picked":["SacredBark","Busted Crown"],"picked":"Coffee Dripper"},{"not_picked":["Replay:Ancient Bell","Black Star"],"picked":"Replay:Wanted Poster"}],"items_purged_floors":[4,22,27],"is_endless":false,"potions_floor_spawned":[5,16,18,21,30,33,35,39,40,41,45,46],"ascension_level":6}}