{"host":"bxn2em57qlx5u4i0","time":1611799830,"event":{"mods":["BaseMod","Colored Map","Colored Powertips","Highlight Path","Minty Spire (QoL Compilation)","Random Character Button","Relic Sorter","Relic Stats","StSLib","SuperFastMode"],"gold_per_floor":[118,43,43,62,62,62,97,110,110,11,44,44,56,91,91,167,167,177,194,194,205,222,222,222],"floor_reached":23,"language":"ENG","playtime":686,"items_purged":["Strike_G"],"score":572,"play_id":"1b8be1eb-6574-4b16-8fab-c3dede38cf74","local_time":"20210127211030","is_ascension_mode":true,"campfire_choices":[{"data":"Deadly Poison","floor":6.0,"key":"SMITH"},{"data":"All Out Attack","floor":12.0,"key":"SMITH"},{"data":"Well Laid Plans","floor":15.0,"key":"SMITH"}],"circlet_count":0,"master_deck":["AscendersBane","Strike_G","Strike_G","Defend_G","Defend_G","Defend_G","Defend_G","Defend_G","Survivor","Neutralize","Deadly Poison+1","Escape Plan","Sucker Punch","All Out Attack+1","Dagger Spray","Backflip","Well Laid Plans+1","Escape Plan","Envenom","Ghostly","Ghostly","Ghostly","All Out Attack","PiercingWail"],"relics":["Ring of the Snake","NeowsBlessing","Pantograph","Centennial Puzzle","Pocketwatch","Strawberry","Sozu"],"acts_visited":["Exordium","TheCity"],"potions_floor_usage":[],"damage_taken":[{"damage":0.0,"enemies":"Small Slimes","floor":1.0,"turns":1.0},{"damage":0.0,"enemies":"Jaw Worm","floor":4.0,"turns":1.0},{"damage":0.0,"enemies":"Lagavulin","floor":7.0,"turns":1.0},{"damage":0.0,"enemies":"Cultist","floor":8.0,"turns":3.0},{"damage":22.0,"enemies":"3 Sentries","floor":11.0,"turns":7.0},{"damage":1.0,"enemies":"Red Slaver","floor":13.0,"turns":3.0},{"damage":11.0,"enemies":"Lagavulin","floor":14.0,"turns":7.0},{"damage":0.0,"enemies":"The Guardian","floor":16.0,"turns":10.0},{"damage":1.0,"enemies":"3 Byrds","floor":18.0,"turns":3.0},{"damage":17.0,"enemies":"Spheric Guardian","floor":19.0,"turns":6.0},{"damage":15.0,"enemies":"Shelled Parasite and Fungi","floor":21.0,"turns":6.0},{"damage":6,"enemies":"Centurion and Healer","floor":22,"turns":7},{"damage":15,"enemies":"Gremlin Leader","floor":23,"turns":3}],"seed_played":"2786924261547418677","potions_obtained":[{"floor":4.0,"key":"SmokeBomb"},{"floor":7.0,"key":"LiquidBronze"},{"floor":8.0,"key":"LiquidMemories"}],"is_trial":false,"path_per_floor":["M","?","?","M","$","R","E","M","T","$","E","R","M","E","R","B",null,"M","M","?","M","M","E"],"character_chosen":"THE_SILENT","items_purchased":["Dagger Spray"],"campfire_rested":0,"item_purchase_floors":[10],"current_hp_per_floor":[59,59,59,59,59,59,59,59,59,59,37,37,36,32,32,57,69,68,51,36,21,15,0,0],"gold":222,"neow_bonus":"THREE_ENEMY_KILL","is_daily":false,"chose_seed":false,"campfire_upgraded":3,"win_rate":0.0,"timestamp":1611799830,"path_taken":["M","?","?","M","$","R","E","?","T","?","E","R","M","E","R","BOSS","M","M","?","M","M","E"],"items_purchased_type":["Card"],"build_version":"2020-12-22","purchased_purges":1,"victory":false,"max_hp_per_floor":[66,66,66,66,66,66,66,66,66,66,66,66,66,73,73,73,73,73,73,36,36,36,36,36],"relic_stats":{"Sozu":2,"Centennial Puzzle":[24],"counters":[13,58],"Pantograph":25,"obtain_stats":[{"Sozu":17,"Centennial Puzzle":9,"NeowsBlessing":0,"Pantograph":7,"Strawberry":14,"Ring of the Snake":0,"Pocketwatch":11},{"Sozu":8,"Centennial Puzzle":4,"NeowsBlessing":0,"Pantograph":3,"Strawberry":7,"Ring of the Snake":0,"Pocketwatch":5},{"Sozu":33,"Centennial Puzzle":6,"NeowsBlessing":0,"Pantograph":3,"Strawberry":23,"Ring of the Snake":0,"Pocketwatch":13}],"Ring of the Snake":[26],"Pocketwatch":[36]},"card_choices":[{"not_picked":["PiercingWail","Reflex"],"picked":"Deadly Poison","floor":1.0},{"not_picked":["PiercingWail","Acrobatics"],"picked":"Escape Plan","floor":4.0},{"not_picked":["Expertise","Dodge and Roll"],"picked":"Sucker Punch","floor":7.0},{"not_picked":["Infinite Blades","Eviscerate"],"picked":"All Out Attack","floor":8.0},{"not_picked":["Poisoned Stab","Dodge and Roll"],"picked":"Backflip","floor":11.0},{"not_picked":["Flechettes","Acrobatics"],"picked":"Well Laid Plans","floor":13.0},{"not_picked":["Predator","Slice"],"picked":"Escape Plan","floor":14.0},{"not_picked":["Tools of the Trade","Unload"],"picked":"Envenom","floor":16.0},{"not_picked":["Dagger Throw","Outmaneuver","Backflip"],"picked":"SKIP","floor":18.0},{"not_picked":["Backflip","Acrobatics+1","Dagger Throw+1"],"picked":"SKIP","floor":19.0},{"not_picked":["Eviscerate","Bane"],"picked":"All Out Attack","floor":21.0},{"not_picked":["Flying Knee","Outmaneuver+1"],"picked":"PiercingWail","floor":22}],"player_experience":2957194,"relics_obtained":[{"floor":7.0,"key":"Pantograph"},{"floor":9.0,"key":"Centennial Puzzle"},{"floor":11.0,"key":"Pocketwatch"},{"floor":14.0,"key":"Strawberry"}],"event_choices":[{"cards_removed":["Strike_G"],"damage_healed":0.0,"max_hp_gain":0.0,"max_hp_loss":0.0,"gold_gain":0.0,"event_name":"The Cleric","player_choice":"Card Removal","floor":2.0,"gold_loss":75.0,"damage_taken":0.0},{"cards_removed":["Strike_G"],"damage_healed":0.0,"max_hp_gain":0.0,"max_hp_loss":0.0,"gold_gain":0.0,"event_name":"Purifier","player_choice":"Purged","floor":3.0,"gold_loss":0.0,"damage_taken":0.0},{"damage_healed":0.0,"max_hp_gain":0.0,"max_hp_loss":37.0,"gold_gain":0.0,"event_name":"Ghosts","player_choice":"Became a Ghost","floor":20.0,"gold_loss":0.0,"damage_taken":0.0,"cards_obtained":["Ghostly","Ghostly","Ghostly"]}],"is_beta":false,"boss_relics":[{"not_picked":["Empty Cage","Tiny House"],"picked":"Sozu"}],"items_purged_floors":[10],"is_endless":false,"potions_floor_spawned":[4,7,8,21,22],"killed_by":"Gremlin Leader","ascension_level":20}}