{"host":"mg3e76uznu9x14du","time":1611795384,"event":{"mods":["BaseMod","Colored Map","Downfall","Minty Spire (QoL Compilation)","Permanent Neow","Relic Stats","StSLib","Waifu the Spire","everything is the same but u backflip on backflip"],"gold_per_floor":[99,113,126,146,138,181,231,231,18,51,72,88,88,125,149,259,259,59,78,178,193,203,215,215,249,149,167,193,34,34,48,71,182,232,232,244,256,364,378,363,363,396,396,524,524,323,350,383,398,398,398,398,398,398],"floor_reached":52,"language":"ENG","playtime":4113,"items_purged":["hexamod:Strike","hexamod:Strike"],"score":1050,"play_id":"fad16fbe-8ef9-493a-8dee-b4daa02f5822","local_time":"20210127195623","is_ascension_mode":true,"campfire_choices":[{"data":"hexamod:Float","floor":1,"key":"SMITH"},{"floor":13,"key":"RECALL"},{"data":"hexamod:FlameSwitch","floor":18,"key":"SMITH"},{"data":"hexamod:TimeOfNeed","floor":26,"key":"SMITH"},{"data":"hexamod:GiftsFromTheDead","floor":35,"key":"SMITH"},{"data":"hexamod:EtherealExpedition","floor":43,"key":"SMITH"},{"data":"hexamod:UnlimitedPower","floor":45,"key":"SMITH"}],"circlet_count":0,"master_deck":["hexamod:Strike","hexamod:Strike","hexamod:Defend","hexamod:Defend","hexamod:Defend","hexamod:Defend","hexamod:Sear","hexamod:Float+1","hexamod:FastForward","hexamod:FourthSeal","hexamod:FirstSeal","hexamod:SecondSeal","hexamod:ThirdSeal","hexamod:FourthSeal","hexamod:SwordOfDarkness","hexamod:WildfireWeapon","hexamod:HexaLevel","hexamod:SwordOfDarkness","hexamod:RainOfEmbers","hexamod:RadiantFlame","hexamod:GhostLash+1","hexamod:GhostLash","hexamod:AdvancingGuard","hexamod:GiftsFromTheDead+1","hexamod:SoulSteal","hexamod:SpectersWail","hexamod:ApocalypseNow","hexamod:FlameSwitch+1","hexamod:StepThrough","hexamod:EmpoweredFlame+1","hexamod:GhostflameBarrier","hexamod:EtherealExpedition+1","hexamod:HauntingEcho+1","hexamod:FourthSeal","hexamod:GhostShield+1","hexamod:TimeOfNeed+1","hexamod:Firestarter+1","hexamod:NightmareGuise+1","hexamod:Incineration+1","hexamod:FirstSeal","hexamod:FastForward","hexamod:Rewind+1","hexamod:Hexaguard","hexamod:UnlimitedPower+1","hexamod:Hexaguard","hexamod:WildfireWeapon","hexamod:UnleashSpirits","hexamod:SwordOfDarkness+1","hexamod:NightmareStrike+1","hexamod:NightmareStrike+1","hexamod:ExtraCrispy+1","hexamod:NecessarySacrifice+1","hexamod:ExtraCrispy","hexamod:TimeWarp","hexamod:PhantomCloak","hexamod:NightmareStrike+1","hexamod:SpectersWail+1","hexamod:FastForward+1"],"relics":["hexamod:UnbrokenSoul","Potion Belt","Boot","Regal Pillow","hexamod:BolsterEngine","hexamod:MatchstickCase","Toy Ornithopter","sneckomod:BlankCard","downfall:HeartBlessingRed","downfall:HeartBlessingGreen","StrikeDummy","downfall:HeartBlessingBlue","Happy Flower","Tiny House","White Beast Statue","Bottled Flame","hexamod:CandleOfCauterizing","PreservedInsect","Omamori","Whetstone"],"acts_visited":["Exordium","TheCity","TheBeyond","TheEnding"],"potions_floor_usage":[10,10,10,11,11,11,12,12,12,16,16,16,16,19,21,22,23,23,25,25,25,25,27,27,27,28,28,29,29,29,29,31,31,32,33,33,33,33,36,36,37,38,38,38,39,39,40,40,42,42,44,44,44,48,49,49,49,50,50,50,50,50,52,52,52],"damage_taken":[{"damage":0,"enemies":"2 Louse","floor":2,"turns":3},{"damage":2,"enemies":"Jaw Worm","floor":3,"turns":3},{"damage":0,"enemies":"Cultist","floor":4,"turns":3},{"damage":38,"enemies":"Lagavulin","floor":6,"turns":8},{"damage":0,"enemies":"downfall:FleeingMerchant","floor":9,"turns":4},{"damage":17,"enemies":"3 Sentries","floor":10,"turns":8},{"damage":4,"enemies":"2 Fungi Beasts","floor":11,"turns":3},{"damage":3,"enemies":"Exordium Thugs","floor":12,"turns":3},{"damage":44,"enemies":"Lagavulin","floor":14,"turns":6},{"damage":5,"enemies":"Exordium Wildlife","floor":15,"turns":3},{"damage":26,"enemies":"IC_STATUS_ARCHETYPE","floor":16,"turns":5},{"damage":8,"enemies":"Shell Parasite","floor":19,"turns":5},{"damage":26,"enemies":"3 Cultists","floor":21,"turns":4},{"damage":21,"enemies":"Cultist and Chosen","floor":22,"turns":7},{"damage":16,"enemies":"Centurion and Healer","floor":23,"turns":4},{"damage":5,"enemies":"Gremlin Leader","floor":25,"turns":6},{"damage":16,"enemies":"Shelled Parasite and Fungi","floor":27,"turns":5},{"damage":27,"enemies":"Cultist and Chosen","floor":28,"turns":6},{"damage":7,"enemies":"downfall:FleeingMerchant","floor":29,"turns":4},{"damage":11,"enemies":"Centurion and Healer","floor":31,"turns":4},{"damage":6,"enemies":"Snake Plant","floor":32,"turns":4},{"damage":38,"enemies":"WA_ARCHETYPE_CALM","floor":33,"turns":11},{"damage":31,"enemies":"3 Darklings","floor":36,"turns":4},{"damage":11,"enemies":"Orb Walker","floor":37,"turns":4},{"damage":22,"enemies":"downfall:LadyInBlue","floor":38,"turns":8},{"damage":35,"enemies":"Sphere and 2 Shapes","floor":39,"turns":5},{"damage":0,"enemies":"downfall:FleeingMerchant","floor":40,"turns":4},{"damage":26,"enemies":"Nemesis","floor":42,"turns":5},{"damage":3,"enemies":"downfall:FleeingMerchant","floor":44,"turns":3},{"damage":33,"enemies":"Giant Head","floor":48,"turns":7},{"damage":53,"enemies":"4 Shapes","floor":49,"turns":4},{"damage":52,"enemies":"DF_ARCHETYPE_ORBS","floor":50,"turns":6},{"damage":127,"enemies":"downfall:CharBossMerchant","floor":52,"turns":6}],"seed_played":"2340352041789544722","potions_obtained":[{"floor":2,"key":"Swift Potion"},{"floor":4,"key":"Fire Potion"},{"floor":6,"key":"Block Potion"},{"floor":9,"key":"Guardian:BlockOnCardUsePotion"},{"floor":10,"key":"Guardian:BlockOnCardUsePotion"},{"floor":10,"key":"Energy Potion"},{"floor":10,"key":"hexamod:InfernoChargePotion"},{"floor":11,"key":"FairyPotion"},{"floor":11,"key":"SpeedPotion"},{"floor":11,"key":"FearPotion"},{"floor":12,"key":"LiquidBronze"},{"floor":14,"key":"FearPotion"},{"floor":14,"key":"Fire Potion"},{"floor":15,"key":"PowerPotion"},{"floor":16,"key":"SkillPotion"},{"floor":16,"key":"SteroidPotion"},{"floor":19,"key":"sneckomod:MuddlingPotion"},{"floor":19,"key":"PowerPotion"},{"floor":21,"key":"SmokeBomb"},{"floor":22,"key":"EssenceOfSteel"},{"floor":22,"key":"DuplicationPotion"},{"floor":22,"key":"AttackPotion"},{"floor":23,"key":"Fire Potion"},{"floor":23,"key":"sneckomod:MuddlingPotion"},{"floor":25,"key":"LiquidMemories"},{"floor":25,"key":"FearPotion"},{"floor":25,"key":"SneckoOil"},{"floor":27,"key":"EntropicBrew"},{"floor":27,"key":"GamblersBrew"},{"floor":27,"key":"SkillPotion"},{"floor":28,"key":"Strength Potion"},{"floor":28,"key":"Dexterity Potion"},{"floor":29,"key":"Block Potion"},{"floor":29,"key":"BlessingOfTheForge"},{"floor":31,"key":"Guardian:BlockOnCardUsePotion"},{"floor":31,"key":"CultistPotion"},{"floor":32,"key":"Slimebound:ThreeZeroPotion"},{"floor":33,"key":"Swift Potion"},{"floor":33,"key":"Fruit Juice"},{"floor":33,"key":"Guardian:BlockOnCardUsePotion"},{"floor":34,"key":"Swift Potion"},{"floor":36,"key":"Weak Potion"},{"floor":36,"key":"LiquidMemories"},{"floor":38,"key":"champ:CounterPotion"},{"floor":38,"key":"Dexterity Potion"},{"floor":38,"key":"DuplicationPotion"},{"floor":38,"key":"DistilledChaos"},{"floor":39,"key":"sneckomod:MuddlingPotion"},{"floor":39,"key":"Regen Potion"},{"floor":39,"key":"ColorlessPotion"},{"floor":40,"key":"Weak Potion"},{"floor":40,"key":"PowerPotion"},{"floor":42,"key":"GamblersBrew"},{"floor":44,"key":"champ:CounterPotion"},{"floor":48,"key":"hexamod:DoubleChargePotion"},{"floor":48,"key":"Strength Potion"},{"floor":48,"key":"SneckoOil"},{"floor":49,"key":"Explosive Potion"},{"floor":49,"key":"Block Potion"}],"is_trial":false,"path_per_floor":["R","M","M","M","?","E","T","?","$","E","M","M","R","E","M","B",null,"R","M","?","M","M","M","T","E","R","M","M","$","?","M","M","B",null,"R","M","M","?","M","$","T","E","R","$","R","$","T","E","M","B",null,"E"],"character_chosen":"THE_SPIRIT","items_purchased":["hexamod:MatchstickCase","champ:CounterPotion","Happy Flower","PreservedInsect","EntropicBrew"],"campfire_rested":0,"item_purchase_floors":[9,9,29,44,46],"current_hp_per_floor":[63,63,61,61,54,23,23,16,23,13,31,50,50,13,8,9,55,55,52,52,38,29,30,30,52,62,68,51,71,71,70,80,68,82,82,75,76,75,57,81,81,64,64,76,76,76,76,48,17,27,74,0,0,0],"gold":398,"neow_bonus":"RANDOM_COMMON_RELIC","is_daily":false,"chose_seed":false,"campfire_upgraded":6,"win_rate":0.0,"timestamp":1611795383,"path_taken":["R","M","M","M","?","E","T","?","$","E","M","?","R","E","M","BOSS","R","M","?","M","?","M","T","E","R","M","M","$","?","M","M","BOSS","R","M","M","?","M","?","T","E","R","$","R","$","?","E","M","BOSS","E"],"items_purchased_type":["Relic","Potion","Relic","Relic","Potion"],"build_version":"2020-12-22","purchased_purges":2,"victory":false,"max_hp_per_floor":[70,70,70,70,70,70,70,70,70,70,70,70,70,70,70,70,70,70,70,70,70,70,70,70,70,80,80,80,80,80,80,80,80,85,85,85,85,90,90,90,90,90,90,90,90,90,90,90,90,90,90,90,90,90],"relic_stats":{"Regal Pillow":0,"Happy Flower":[25],"counters":[33,165],"PreservedInsect":225,"Whetstone":["hexamod:SpectersWail","hexamod:SwordOfDarkness"],"Boot":[43],"obtain_stats":[{"Potion Belt":0,"Regal Pillow":7,"hexamod:CandleOfCauterizing":42,"Tiny House":34,"downfall:HeartBlessingRed":18,"Happy Flower":29,"sneckomod:BlankCard":14,"downfall:HeartBlessingGreen":18,"PreservedInsect":44,"Omamori":47,"Whetstone":48,"Boot":6,"White Beast Statue":38,"hexamod:MatchstickCase":9,"Bottled Flame":41,"hexamod:UnbrokenSoul":17,"downfall:HeartBlessingBlue":26,"hexamod:BolsterEngine":8,"StrikeDummy":25,"hexamod:SpiritBrand":0,"Toy Ornithopter":10},{"Potion Belt":0,"Regal Pillow":4,"hexamod:CandleOfCauterizing":28,"Tiny House":22,"downfall:HeartBlessingRed":11,"Happy Flower":19,"sneckomod:BlankCard":9,"downfall:HeartBlessingGreen":11,"PreservedInsect":29,"Omamori":29,"Whetstone":30,"Boot":4,"White Beast Statue":25,"hexamod:MatchstickCase":5,"Bottled Flame":27,"hexamod:UnbrokenSoul":11,"downfall:HeartBlessingBlue":16,"hexamod:BolsterEngine":4,"StrikeDummy":16,"hexamod:SpiritBrand":0,"Toy Ornithopter":6},{"Potion Belt":0,"Regal Pillow":17,"hexamod:CandleOfCauterizing":139,"Tiny House":109,"downfall:HeartBlessingRed":49,"Happy Flower":90,"sneckomod:BlankCard":41,"downfall:HeartBlessingGreen":49,"PreservedInsect":142,"Omamori":142,"Whetstone":149,"Boot":17,"White Beast Statue":125,"hexamod:MatchstickCase":21,"Bottled Flame":134,"hexamod:UnbrokenSoul":49,"downfall:HeartBlessingBlue":75,"hexamod:BolsterEngine":17,"StrikeDummy":75,"hexamod:SpiritBrand":0,"Toy Ornithopter":29}],"Toy Ornithopter":288},"card_choices":[{"not_picked":["hexamod:GhostOfSpirePast","hexamod:ShieldOfDarkness"],"picked":"hexamod:HauntingEcho","floor":2},{"not_picked":["hexamod:FlamesFromBeyond","hexamod:NightmareStrike"],"picked":"hexamod:FastForward","floor":3},{"not_picked":["hexamod:SpectralAdrenaline","hexamod:SuperheatedStrike"],"picked":"hexamod:FourthSeal","floor":4},{"not_picked":["hexamod:BacktrackSmack","hexamod:SpectralSpark"],"picked":"hexamod:SwordOfDarkness","floor":6},{"not_picked":["hexamod:Haunt","hexamod:ChargedBarrage"],"picked":"hexamod:WildfireWeapon","floor":6},{"not_picked":["hexamod:BurningTouch","hexamod:NightmareGuise"],"picked":"hexamod:HexaLevel","floor":9},{"not_picked":["hexamod:BacktrackSmack","hexamod:SoulSteal"],"picked":"hexamod:SwordOfDarkness","floor":9},{"not_picked":["hexamod:HauntingEcho","hexamod:HeatMetal"],"picked":"hexamod:RainOfEmbers","floor":10},{"not_picked":["hexamod:SuperheatedStrike","hexamod:SpectralAdrenaline"],"picked":"hexamod:RadiantFlame","floor":10},{"not_picked":["hexamod:ExtraCrispy","hexamod:EmpoweredFlame"],"picked":"hexamod:GhostLash","floor":11},{"not_picked":["hexamod:FastForward","hexamod:HeatMetal"],"picked":"hexamod:GhostLash","floor":11},{"not_picked":["hexamod:HeatCrush","hexamod:CatchUp"],"picked":"hexamod:AdvancingGuard","floor":12},{"not_picked":["hexamod:ThermalTransfer","hexamod:AdvancingGuard"],"picked":"hexamod:GiftsFromTheDead","floor":14},{"not_picked":["hexamod:SpectralAdrenaline","hexamod:AdvancingGuard"],"picked":"hexamod:SoulSteal","floor":14},{"not_picked":["hexamod:CatchUp","hexamod:NightmareStrike"],"picked":"hexamod:SpectersWail","floor":15},{"not_picked":["hexamod:TimeOfNeed","hexamod:Toasty"],"picked":"hexamod:ApocalypseNow","floor":16},{"not_picked":["hexamod:ApocalypseNow","hexamod:TimeWarp"],"picked":"hexamod:FlameSwitch","floor":16},{"not_picked":["hexamod:EtherealExpedition","hexamod:NightmareStrike"],"picked":"hexamod:StepThrough","floor":19},{"not_picked":["hexamod:SecondSeal","hexamod:PowerFromBeyond"],"picked":"hexamod:EmpoweredFlame+1","floor":19},{"not_picked":["hexamod:PhantomCloak","hexamod:GhostOfSpirePast"],"picked":"hexamod:GhostflameBarrier","floor":21},{"not_picked":["hexamod:SpectralSpark","hexamod:FastForward"],"picked":"hexamod:EtherealExpedition","floor":21},{"not_picked":["hexamod:PhantomFireball","hexamod:PhantomCloak"],"picked":"hexamod:HauntingEcho+1","floor":22},{"not_picked":["hexamod:GhostOfSpirePast","hexamod:Firestarter","hexamod:CatchUp"],"picked":"SKIP","floor":22},{"not_picked":["hexamod:Again","hexamod:TimeWarp"],"picked":"hexamod:FourthSeal","floor":23},{"not_picked":["hexamod:BacktrackSmack","hexamod:ChargedBarrage"],"picked":"hexamod:GhostShield+1","floor":23},{"not_picked":["hexamod:FirstSeal","hexamod:Haunt"],"picked":"hexamod:TimeOfNeed","floor":25},{"not_picked":["hexamod:SuperheatedStrike","hexamod:RadiantFlame"],"picked":"hexamod:Firestarter+1","floor":25},{"not_picked":["hexamod:SuperheatedStrike+1","hexamod:FastForward"],"picked":"hexamod:NightmareGuise+1","floor":27},{"not_picked":["hexamod:RadiantFlame","hexamod:SuperheatedStrike","hexamod:HauntingEcho"],"picked":"SKIP","floor":27},{"not_picked":["hexamod:HauntingEcho","hexamod:NecessarySacrifice+1"],"picked":"hexamod:Incineration+1","floor":28},{"not_picked":["hexamod:SpectralSpark","hexamod:SecondSeal"],"picked":"hexamod:FirstSeal","floor":28},{"not_picked":["hexamod:NightmareStrike","hexamod:GhostOfSpirePast"],"picked":"hexamod:FastForward","floor":29},{"not_picked":["hexamod:Haunt","hexamod:ThermalTransfer+1"],"picked":"hexamod:Rewind+1","floor":29},{"not_picked":["hexamod:Hexaguard","hexamod:SpectersWail"],"picked":"hexamod:UnlimitedPower","floor":31},{"not_picked":["hexamod:SkipABeat","hexamod:BacktrackSmack+1"],"picked":"hexamod:Hexaguard","floor":32},{"not_picked":["hexamod:HeatMetal","hexamod:BacktrackSmack","hexamod:GhostflameBarrier"],"picked":"SKIP","floor":32},{"not_picked":["hexamod:HexaLevel","hexamod:VolcanoVisage"],"picked":"hexamod:WildfireWeapon","floor":33},{"not_picked":["hexamod:Toasty","hexamod:TimeWarp"],"picked":"hexamod:UnleashSpirits","floor":33},{"not_picked":["hexamod:GhostShield","hexamod:GhostOfSpireFuture"],"picked":"hexamod:SwordOfDarkness","floor":34},{"not_picked":["hexamod:SuperheatedStrike","hexamod:CatchUp"],"picked":"hexamod:NightmareStrike+1","floor":36},{"not_picked":["hexamod:BurningTouch","hexamod:BacktrackSmack"],"picked":"hexamod:NightmareStrike+1","floor":37},{"not_picked":["hexamod:InspiringFlames+1","hexamod:SuperheatedStrike+1"],"picked":"hexamod:ExtraCrispy+1","floor":38},{"not_picked":["hexamod:HauntingEcho+1","hexamod:CatchUp+1"],"picked":"hexamod:NecessarySacrifice+1","floor":39},{"not_picked":["hexamod:HeatCrush","hexamod:HauntingEcho+1"],"picked":"hexamod:ExtraCrispy","floor":40},{"not_picked":["hexamod:HauntingEcho","hexamod:RecurringNightmare","hexamod:ShieldOfDarkness"],"picked":"SKIP","floor":42},{"not_picked":["hexamod:NightmareStrike+1","hexamod:SoulSteal+1"],"picked":"hexamod:TimeWarp","floor":44},{"not_picked":["hexamod:RainOfEmbers+1","hexamod:HeatMetal"],"picked":"hexamod:PhantomCloak","floor":44},{"not_picked":["hexamod:SpectralAdrenaline+1","hexamod:SpectersWail"],"picked":"hexamod:NightmareStrike+1","floor":48},{"not_picked":["hexamod:GhostLash+1","hexamod:GhostShield+1"],"picked":"hexamod:SpectersWail","floor":48},{"not_picked":["hexamod:NightmareGuise+1","hexamod:TimeOfNeed"],"picked":"hexamod:FastForward+1","floor":49},{"not_picked":["hexamod:ThermalTransfer","hexamod:InspiringFlames","hexamod:GhostShield+1"],"picked":"SKIP","floor":49}],"player_experience":506801,"relics_obtained":[{"floor":6,"key":"Boot"},{"floor":7,"key":"Regal Pillow"},{"floor":10,"key":"Toy Ornithopter"},{"floor":14,"key":"sneckomod:BlankCard"},{"floor":25,"key":"StrikeDummy"},{"floor":38,"key":"White Beast Statue"},{"floor":41,"key":"Bottled Flame"},{"floor":42,"key":"hexamod:CandleOfCauterizing"},{"floor":47,"key":"Omamori"},{"floor":48,"key":"Whetstone"}],"event_choices":[{"damage_healed":0,"gold_gain":0,"player_choice":"Success","damage_taken":7,"relics_obtained":["hexamod:BolsterEngine"],"max_hp_gain":0,"max_hp_loss":0,"event_name":"Scrap Ooze","floor":8,"gold_loss":0},{"damage_healed":0,"gold_gain":0,"player_choice":"Read","damage_taken":0,"max_hp_gain":0,"max_hp_loss":0,"event_name":"The Library","floor":30,"gold_loss":0,"cards_obtained":["hexamod:Hexaguard"]}],"is_beta":false,"boss_relics":[{"not_picked":["sneckomod:SneckoTalon","Sozu"],"picked":"hexamod:UnbrokenSoul"},{"not_picked":["Empty Cage","Astrolabe"],"picked":"Tiny House"}],"items_purged_floors":[44,46],"is_endless":false,"potions_floor_spawned":[2,4,10,11,22,23,27,31,32,36,38,39,40,42,44,48,49],"killed_by":"downfall:CharBossMerchant","ascension_level":6}}