{"host":"36nosutyzulbwemu","time":1611842905,"event":{"mods":["BaseMod","Downfall","Minty Spire (QoL Compilation)","Reliquary","Replay The Spire","StSLib"],"gold_per_floor":[199,199,199,199,199,199,217,217,217,233,243,265,65,80,80,180,200,295,295,295,308,328,344,344,344,367,381,391,411,439,439,439,465,465,6,23,23,23],"floor_reached":37,"language":"ZHS","playtime":2403,"items_purged":[],"score":279,"play_id":"0927bfad-7ca8-4ef5-b302-8a2b80edd83a","local_time":"20210128220825","is_ascension_mode":false,"campfire_choices":[{"floor":8,"key":"RECALL"},{"data":"Slimebound:Split","floor":13,"key":"SMITH"},{"data":"Slimebound:SlimeBrawl","floor":15,"key":"SMITH"},{"data":"Shame","floor":20,"key":"PURGE"},{"floor":34,"key":"REST"}],"circlet_count":0,"master_deck":["Slimebound:Tackle","Slimebound:Defend_Slimebound","Slimebound:Defend_Slimebound","Slimebound:Defend_Slimebound+1","Slimebound:Defend_Slimebound+1","Slimebound:Split+1","Slimebound:CorrosiveSpit","Slimebound:SplitLeeching","Slimebound:SplitBruiser","Slimebound:SplitLeeching","Slimebound:RallyTheTroops","Slimebound:ForwardTackle","Slimebound:LeechEnergy","Slimebound:Prepare","Slimebound:SlimeBrawl+1","Slimebound:SlimeBrawl","Slimebound:MinionMaster","Clumsy","Writhe","Slimebound:MegaLick+1","Slimebound:SlimeTap+1","Slimebound:Prepare","Slimebound:Tackle+1","Slimebound:Tackle+1","Slimebound:Tackle+1","Slimebound:SelfFormingGoo","Slimebound:Replication+1","Slimebound:SlimeBarrage","Slimebound:Overexert","Slimebound:LevelUp+1","Specialist","Slimebound:HauntingLick+1"],"relics":["Slimebound:AbsorbEndCombat","downfall:HeartsMalice","Du-Vu Doll","downfall:HeartBlessingRed","downfall:HeartBlessingBlue","Replay:Ancient Bell","Replay:Rubber Ducky","reliquary:Firecrackers","Replay:Kaleidoscope","Nilry\u0027s Codex","reliquary:Buckler","Replay:Accelerometer","reliquary:WeakTea","Nunchaku","Lantern"],"acts_visited":["Exordium","TheCity"],"potions_floor_usage":[17,17,23,23,23,29,29,30,30,37,37],"damage_taken":[{"damage":0,"enemies":"Jaw Worm","floor":2,"turns":1},{"damage":0,"enemies":"Cultist","floor":3,"turns":1},{"damage":0,"enemies":"Small Slimes","floor":6,"turns":1},{"damage":0,"enemies":"3 Louse","floor":7,"turns":3},{"damage":0,"enemies":"Exordium Wildlife","floor":10,"turns":3},{"damage":7,"enemies":"2 Fungi Beasts","floor":11,"turns":3},{"damage":0,"enemies":"Blue Slaver","floor":14,"turns":3},{"damage":0,"enemies":"3 Louse","floor":17,"turns":2},{"damage":8,"enemies":"SI_SHIV_ARCHETYPE","floor":18,"turns":8},{"damage":4,"enemies":"Spheric Guardian","floor":21,"turns":5},{"damage":18,"enemies":"Snake Plant","floor":22,"turns":5},{"damage":25,"enemies":"Shelled Parasite and Fungi","floor":23,"turns":7},{"damage":13,"enemies":"Cultist and Chosen","floor":27,"turns":8},{"damage":15,"enemies":"Snecko","floor":28,"turns":2},{"damage":11,"enemies":"Snake Plant","floor":29,"turns":3},{"damage":9,"enemies":"Replay:Snechameleon","floor":30,"turns":5},{"damage":10,"enemies":"downfall:FleeingMerchant","floor":35,"turns":4},{"damage":0,"enemies":"Chosen and Byrds","floor":36,"turns":6},{"damage":25,"enemies":"DF_ARCHETYPE_CLAW","floor":37,"turns":3}],"seed_played":"-1200092350913263328","potions_obtained":[{"floor":7,"key":"champ:CounterPotion"},{"floor":10,"key":"Swift Potion"},{"floor":11,"key":"Fire Potion"},{"floor":17,"key":"SteroidPotion"},{"floor":22,"key":"EntropicBrew"},{"floor":28,"key":"PowerPotion"},{"floor":29,"key":"PowerPotion"},{"floor":30,"key":"Elixir"},{"floor":36,"key":"Elixir"}],"is_trial":false,"path_per_floor":["R","M","M","PTL","PTL","M","M","R","T","M","M","?","R","M","R","?","M","B",null,"R","M","M","M","?","?","T","M","M","M","E","PTL","PTL","T","R","$","M","B"],"character_chosen":"SLIMEBOUND","items_purchased":["Nunchaku","Specialist","Lantern","Fire Potion"],"campfire_rested":1,"item_purchase_floors":[35,35,35,35],"current_hp_per_floor":[65,65,65,65,65,65,65,65,65,65,60,44,54,54,54,54,56,56,75,75,71,61,40,40,24,24,15,19,10,7,7,7,7,29,19,21,0,0,0],"gold":23,"neow_bonus":"THREE_ENEMY_KILL","is_daily":false,"chose_seed":false,"campfire_upgraded":2,"win_rate":0.0,"timestamp":1611842905,"path_taken":["R","M","M","PTL","PTL","M","M","R","T","M","M","?","R","M","R","?","M","BOSS","R","M","M","M","?","?","T","M","M","M","E","PTL","PTL","?","R","$","M","BOSS"],"items_purchased_type":["Relic","Card","Relic","Potion"],"build_version":"2020-12-22","purchased_purges":0,"victory":false,"max_hp_per_floor":[65,65,65,65,65,65,65,65,65,65,65,65,75,75,75,75,75,75,75,75,75,75,75,75,75,75,75,75,75,75,75,75,75,75,75,75,75,75,75],"card_choices":[{"not_picked":["Slimebound:GoopSpray","Slimebound:LeechingTouch"],"picked":"Slimebound:SplitLeeching","floor":2},{"not_picked":["Slimebound:Chomp","Slimebound:RainOfGoop"],"picked":"Slimebound:SplitBruiser","floor":3},{"not_picked":["Slimebound:PressTheAttack","Slimebound:SamplingLick"],"picked":"Slimebound:SplitLeeching","floor":6},{"not_picked":["Slimebound:GoopSpray","Slimebound:GrowthPunch"],"picked":"Slimebound:RallyTheTroops","floor":7},{"not_picked":["Slimebound:Dissolve","Slimebound:RollThrough"],"picked":"Slimebound:ForwardTackle","floor":10},{"not_picked":["Slimebound:FlameTackle","Slimebound:DisruptingSlam"],"picked":"Slimebound:LeechEnergy","floor":11},{"not_picked":["Slimebound:TongueLash","Slimebound:Chomp"],"picked":"Slimebound:Prepare","floor":12},{"not_picked":["Slimebound:TongueLash","Slimebound:SamplingLick"],"picked":"Slimebound:SlimeBrawl","floor":14},{"not_picked":["Slimebound:RainOfGoop","Slimebound:Dissolve"],"picked":"Slimebound:SlimeBrawl","floor":17},{"not_picked":["Slimebound:DuplicatedForm","Slimebound:DouseInSlime"],"picked":"Slimebound:MinionMaster","floor":18},{"not_picked":["ReplayTheSpireMod:Restless Dread","Spreading Infection"],"picked":"Shame","floor":19},{"not_picked":["downfall:Bewildered","Writhe"],"picked":"Clumsy","floor":19},{"not_picked":["downfall:Bewildered","Hallucinations"],"picked":"Writhe","floor":19},{"not_picked":["Slimebound:SplitLeeching","Slimebound:RejuvenatingLick"],"picked":"Slimebound:MegaLick+1","floor":21},{"not_picked":["Slimebound:ItLooksTasty+1","Slimebound:PressTheAttack"],"picked":"Slimebound:SlimeTap+1","floor":22},{"not_picked":["Slimebound:GoopTackle+1","Slimebound:SlimeBrawl"],"picked":"Slimebound:Prepare","floor":23},{"not_picked":["Slimebound:LeechingTouch+1","Slimebound:SamplingLick+1"],"picked":"Slimebound:SelfFormingGoo","floor":27},{"not_picked":["Slimebound:GoopSpray","Slimebound:ItLooksTasty"],"picked":"Slimebound:Replication+1","floor":28},{"not_picked":["Slimebound:FinishingTackle","Slimebound:FlameTackle"],"picked":"Slimebound:SlimeBarrage","floor":29},{"not_picked":["Slimebound:DisruptingSlam","Slimebound:FlameTackle"],"picked":"Slimebound:Overexert","floor":30},{"not_picked":["Slimebound:ComboTackle","Slimebound:SamplingLick"],"picked":"Slimebound:LevelUp+1","floor":35},{"not_picked":["Slimebound:FlameTackle+1","Slimebound:Equalize"],"picked":"Slimebound:HauntingLick+1","floor":36}],"player_experience":474543,"relics_obtained":[{"floor":12,"key":"Du-Vu Doll"},{"floor":25,"key":"Nilry\u0027s Codex"},{"floor":26,"key":"reliquary:Buckler"},{"floor":30,"key":"Replay:Accelerometer"},{"floor":33,"key":"reliquary:WeakTea"}],"event_choices":[],"is_beta":false,"boss_relics":[{"not_picked":["Pandora\u0027s Box","Painkiller Herb"],"picked":"Replay:Ancient Bell"},{"not_picked":["Replay:Mystery Machine","ReplayTheSpireMod:TigerMarble"],"picked":"Replay:Rubber Ducky"},{"not_picked":["reliquary:PurpleTingedLeaf","reliquary:BallBearing"],"picked":"reliquary:Firecrackers"},{"not_picked":["CaptainsWheel","reliquary:OuijaBoard"],"picked":"Replay:Kaleidoscope"}],"items_purged_floors":[],"is_endless":false,"potions_floor_spawned":[7,10,11,17,22,28,29,30,36],"killed_by":"DF_ARCHETYPE_CLAW","ascension_level":0}}