{"host":"5h6e4l6hpn0p5lap","time":1611803270,"event":{"mods":["AchievementEnabler","BaseMod","Better Altar","Better Match","Better Sensory Stone","Better Skull","Better Third Choice","Filter the Spire","Highlight Path","Minty Spire (QoL Compilation)","StSLib"],"gold_per_floor":[116,116,13,29,45,45,85,115,127,139,176,188,55,74,74,195,195,213,238,337,360,360,360],"floor_reached":22,"language":"ENG","playtime":924,"items_purged":[],"score":188,"play_id":"a9098815-e8e0-43a5-bc31-444da5db0ce8","local_time":"20210127220750","is_ascension_mode":false,"campfire_choices":[{"data":"Consecrate","floor":6,"key":"SMITH"},{"floor":12,"key":"REST"},{"floor":15,"key":"REST"}],"circlet_count":0,"master_deck":["Strike_P","Strike_P","Strike_P","Strike_P","Defend_P","Defend_P","Defend_P","Defend_P","Eruption+1","Vigilance","WreathOfFlame","EmptyFist","ThirdEye","Consecrate+1","FlurryOfBlows","BattleHymn","FollowUp","Parasite","Prostrate","Crescendo","FlurryOfBlows","FlurryOfBlows","EmptyBody","BowlingBash","Weave","Blasphemy","Tantrum+1","WheelKick","Fasting2"],"relics":["PureWater","Golden Idol","MawBank","Letter Opener","Orrery","Cursed Key"],"acts_visited":["Exordium","TheCity"],"potions_floor_usage":[7,16,19,22,22],"damage_taken":[{"damage":6,"enemies":"Jaw Worm","floor":1,"turns":3},{"damage":0,"enemies":"Small Slimes","floor":4,"turns":2},{"damage":0,"enemies":"2 Louse","floor":5,"turns":2},{"damage":57,"enemies":"Gremlin Nob","floor":7,"turns":6},{"damage":0,"enemies":"2 Fungi Beasts","floor":8,"turns":2},{"damage":10,"enemies":"Looter","floor":11,"turns":2},{"damage":0,"enemies":"3 Louse","floor":14,"turns":1},{"damage":34,"enemies":"Hexaghost","floor":16,"turns":9},{"damage":6,"enemies":"3 Byrds","floor":18,"turns":5},{"damage":11,"enemies":"2 Thieves","floor":19,"turns":4},{"damage":16,"enemies":"Sentry and Sphere","floor":21,"turns":3},{"damage":31,"enemies":"Centurion and Healer","floor":22,"turns":3}],"seed_played":"7740847721282806404","potions_obtained":[{"floor":1,"key":"PowerPotion"},{"floor":7,"key":"PowerPotion"},{"floor":8,"key":"Fire Potion"},{"floor":16,"key":"SmokeBomb"},{"floor":19,"key":"ColorlessPotion"},{"floor":21,"key":"PowerPotion"}],"is_trial":false,"path_per_floor":["M","?","$","M","M","R","E","M","T","?","M","R","$","M","R","B",null,"M","M","?","M","M"],"character_chosen":"WATCHER","items_purchased":["EmptyFist","ThirdEye","Orrery"],"campfire_rested":2,"item_purchase_floors":[3,3,13],"current_hp_per_floor":[66,66,66,66,66,66,9,9,9,25,15,35,35,35,55,21,67,61,50,50,34,3,3],"gold":360,"neow_bonus":"UPGRADE_CARD","is_daily":false,"chose_seed":false,"campfire_upgraded":1,"win_rate":0.0,"timestamp":1611803270,"path_taken":["M","?","$","M","M","R","E","M","T","?","M","R","?","M","R","BOSS","M","M","?","M","M"],"items_purchased_type":["Card","Card","Relic"],"build_version":"2020-12-22","purchased_purges":0,"victory":false,"max_hp_per_floor":[72,67,67,67,67,67,67,67,67,67,67,67,67,67,67,67,67,67,67,67,67,67,67],"card_choices":[{"not_picked":["Evaluate","WaveOfTheHand"],"picked":"WreathOfFlame","floor":1},{"not_picked":["ThirdEye","Crescendo"],"picked":"Consecrate","floor":4},{"not_picked":["Establishment","FollowUp"],"picked":"FlurryOfBlows","floor":5},{"not_picked":["EmptyFist","SignatureMove"],"picked":"BattleHymn","floor":7},{"not_picked":["Worship","ReachHeaven"],"picked":"FollowUp","floor":8},{"not_picked":["Perseverance","Nirvana"],"picked":"Prostrate","floor":11},{"not_picked":["CrushJoints","WaveOfTheHand"],"picked":"Crescendo","floor":13},{"not_picked":["InnerPeace","Vengeance"],"picked":"FlurryOfBlows","floor":13},{"not_picked":["Establishment","CrushJoints"],"picked":"FlurryOfBlows","floor":13},{"not_picked":["CrushJoints","EmptyFist"],"picked":"EmptyBody","floor":13},{"not_picked":["WindmillStrike","ReachHeaven"],"picked":"BowlingBash","floor":13},{"not_picked":["SashWhip","Study"],"picked":"Weave","floor":14},{"not_picked":["Establishment","ConjureBlade"],"picked":"Blasphemy","floor":16},{"not_picked":["Evaluate","EmptyBody+1"],"picked":"Tantrum+1","floor":18},{"not_picked":["WreathOfFlame","SashWhip"],"picked":"WheelKick","floor":19},{"not_picked":["JustLucky+1","EmptyFist+1"],"picked":"Fasting2","floor":21}],"player_experience":1003293,"relics_obtained":[{"floor":7,"key":"MawBank"},{"floor":9,"key":"Letter Opener"}],"event_choices":[{"damage_healed":0,"gold_gain":0,"player_choice":"Lose Max HP","damage_taken":0,"relics_obtained":["Golden Idol"],"max_hp_gain":0,"max_hp_loss":5,"event_name":"Golden Idol","floor":2,"gold_loss":0},{"damage_healed":16,"gold_gain":0,"player_choice":"Healed and dodged fight","damage_taken":0,"max_hp_gain":0,"max_hp_loss":0,"event_name":"Mushrooms","floor":10,"gold_loss":0,"cards_obtained":["Parasite"]},{"damage_healed":0,"gold_gain":99,"player_choice":"Steal","damage_taken":0,"max_hp_gain":0,"max_hp_loss":0,"event_name":"betterThird:BetterNest","floor":20,"gold_loss":0}],"is_beta":false,"boss_relics":[{"not_picked":["Fusion Hammer","Calling Bell"],"picked":"Cursed Key"}],"items_purged_floors":[],"is_endless":false,"potions_floor_spawned":[1,7,8,16,19,21],"killed_by":"Centurion and Healer","ascension_level":0}}