{"host":"nuu0xlk1bpqu5s2n","time":1611803368,"event":{"mods":["AchievementEnabler","BaseMod","Minty Spire (QoL Compilation)","StSLib"],"gold_per_floor":[114,39,114,130,150,150,150,182,182,182,202,202,219,245,245,245,245],"floor_reached":16,"language":"ENG","playtime":554,"items_purged":["Injury"],"score":215,"play_id":"df6ab9cc-396a-4224-b03e-eb44b6e9a168","local_time":"20210128050928","is_ascension_mode":true,"campfire_choices":[{"data":"Predator","floor":6,"key":"SMITH"},{"floor":12,"key":"REST"},{"floor":15,"key":"REST"}],"circlet_count":0,"master_deck":["AscendersBane","Strike_G","Strike_G","Strike_G","Strike_G","Strike_G","Defend_G","Defend_G","Defend_G","Defend_G","Defend_G","Survivor","Neutralize","Predator+1","Slice","Corpse Explosion","Blade Dance","Blade Dance","All Out Attack"],"relics":["Ring of the Snake","Peace Pipe","Ornamental Fan","Art of War","Tingsha","HornCleat"],"acts_visited":["Exordium"],"potions_floor_usage":[8,8],"damage_taken":[{"damage":6,"enemies":"Cultist","floor":1,"turns":4},{"damage":8,"enemies":"Small Slimes","floor":4,"turns":4},{"damage":0,"enemies":"Jaw Worm","floor":5,"turns":4},{"damage":25,"enemies":"Lagavulin","floor":8,"turns":8},{"damage":2,"enemies":"2 Fungi Beasts","floor":11,"turns":2},{"damage":3,"enemies":"3 Louse","floor":13,"turns":3},{"damage":12,"enemies":"3 Sentries","floor":14,"turns":3},{"damage":24,"enemies":"The Guardian","floor":16,"turns":7}],"seed_played":"-932217150643746728","potions_obtained":[{"floor":4,"key":"SkillPotion"},{"floor":5,"key":"Dexterity Potion"},{"floor":14,"key":"BlessingOfTheForge"}],"is_trial":false,"path_per_floor":["M","$","?","M","M","R","$","E","T","T","M","R","M","E","R","B"],"character_chosen":"THE_SILENT","items_purchased":[],"campfire_rested":2,"item_purchase_floors":[],"current_hp_per_floor":[53,53,42,34,34,34,34,9,9,9,7,26,23,11,30,6,6],"gold":245,"neow_bonus":"ONE_RARE_RELIC","is_daily":false,"chose_seed":false,"campfire_upgraded":1,"win_rate":0.0,"timestamp":1611803368,"path_taken":["M","?","?","M","M","R","$","E","T","?","M","R","M","E","R","BOSS"],"items_purchased_type":[],"build_version":"2020-12-22","purchased_purges":1,"victory":false,"max_hp_per_floor":[66,66,66,66,66,66,66,66,66,66,66,66,66,66,66,66,66],"card_choices":[{"not_picked":["Prepared","Backflip"],"picked":"Predator","floor":1},{"not_picked":["Accuracy","Well Laid Plans"],"picked":"Slice","floor":4},{"not_picked":["Dodge and Roll","Deadly Poison"],"picked":"Corpse Explosion","floor":5},{"not_picked":["Dagger Throw","Outmaneuver"],"picked":"Blade Dance","floor":8},{"not_picked":["Reflex","Flying Knee","Quick Slash"],"picked":"SKIP","floor":11},{"not_picked":["Outmaneuver","Deadly Poison"],"picked":"Blade Dance","floor":13},{"not_picked":["Cloak And Dagger","Venomology"],"picked":"All Out Attack","floor":14}],"player_experience":540523,"relics_obtained":[{"floor":8,"key":"Ornamental Fan"},{"floor":9,"key":"Art of War"},{"floor":10,"key":"Tingsha"},{"floor":14,"key":"HornCleat"}],"event_choices":[{"damage_healed":0,"gold_gain":75,"player_choice":"Gather Gold","damage_taken":11,"max_hp_gain":0,"max_hp_loss":0,"event_name":"World of Goop","floor":3,"gold_loss":0}],"is_beta":false,"boss_relics":[],"items_purged_floors":[2],"is_endless":false,"potions_floor_spawned":[4,5,14],"killed_by":"The Guardian","ascension_level":19}}