{"host":"qekv59dthhdg54sz","time":1611821592,"event":{"mods":["AchievementEnabler","BaseMod","Colored Map","DeckTracker","KOR Keyword Fix","Minty Spire (QoL Compilation)","Rare Cards Sparkle","StSLib","SuperFastMode"],"gold_per_floor":[109,109,34,54,68,68,68,143,213,4,4,21,50,65,65,138,138,150,150,75,90,140,140,140],"floor_reached":23,"language":"KOR","playtime":437,"items_purged":["Defend_R"],"score":350,"play_id":"c50658ab-5f9b-424a-9523-56036e16c749","local_time":"20210128171312","is_ascension_mode":true,"campfire_choices":[{"data":"Blood for Blood","floor":6.0,"key":"SMITH"},{"data":"Apotheosis","floor":11.0,"key":"SMITH"},{"data":"True Grit","floor":15.0,"key":"SMITH"}],"circlet_count":0,"master_deck":["AscendersBane","Strike_R","Defend_R","Defend_R","Bash","Bloodletting","Pommel Strike","Blood for Blood+1","Inflame","Apotheosis+1","True Grit+1","Flame Barrier","Pommel Strike+1","Brutality","Shrug It Off","Blood for Blood+1"],"relics":["Burning Blood","Molten Egg 2","Prayer Wheel","Empty Cage"],"acts_visited":["Exordium","TheCity"],"potions_floor_usage":[23],"damage_taken":[{"damage":13.0,"enemies":"Small Slimes","floor":1.0,"turns":3.0},{"damage":7.0,"enemies":"Jaw Worm","floor":4.0,"turns":3.0},{"damage":6.0,"enemies":"2 Louse","floor":5.0,"turns":2.0},{"damage":6.0,"enemies":"2 Fungi Beasts","floor":12.0,"turns":3.0},{"damage":10.0,"enemies":"Lagavulin","floor":13.0,"turns":6.0},{"damage":2.0,"enemies":"Looter","floor":14.0,"turns":3.0},{"damage":20.0,"enemies":"The Guardian","floor":16.0,"turns":12.0},{"damage":15.0,"enemies":"2 Thieves","floor":18.0,"turns":5.0},{"damage":19,"enemies":"Shell Parasite","floor":21,"turns":4},{"damage":18,"enemies":"Slavers","floor":23,"turns":3}],"seed_played":"-5949316808672098638","potions_obtained":[{"floor":1.0,"key":"ColorlessPotion"},{"floor":5.0,"key":"HeartOfIron"}],"is_trial":false,"path_per_floor":["M","?","?","M","M","R","?","?","T","$","R","M","E","M","R","B",null,"M","T","$","M","?","E"],"character_chosen":"IRONCLAD","items_purchased":["Apotheosis"],"campfire_rested":0,"item_purchase_floors":[10],"current_hp_per_floor":[61,66,66,65,65,65,58,47,47,47,47,47,43,47,47,33,68,59,59,59,46,46,28,28],"gold":140,"neow_bonus":"TRANSFORM_CARD","is_daily":false,"chose_seed":false,"campfire_upgraded":3,"win_rate":0.0,"timestamp":1611821592,"path_taken":["M","?","?","M","M","R","?","?","T","?","R","M","E","M","R","BOSS","M","?","$","M","?","E"],"items_purchased_type":["Card"],"build_version":"2020-12-22","purchased_purges":1,"victory":false,"max_hp_per_floor":[75,80,80,80,80,80,80,80,80,80,80,80,80,80,80,80,80,80,80,80,80,80,80,80],"card_choices":[{"not_picked":["Disarm","Infernal Blade"],"picked":"Pommel Strike","floor":1.0},{"not_picked":["Combust","Flex"],"picked":"Blood for Blood","floor":4.0},{"not_picked":["Intimidate","Cleave"],"picked":"Inflame","floor":5.0},{"not_picked":["Pommel Strike+1","Combust"],"picked":"True Grit","floor":12.0},{"not_picked":["Ghostly Armor","Combust"],"picked":"Flame Barrier","floor":13.0},{"not_picked":["Rage","Blood for Blood+1"],"picked":"Pommel Strike+1","floor":14.0},{"not_picked":["Twin Strike+1","Sword Boomerang+1","Cleave+1"],"picked":"SKIP","floor":14.0},{"not_picked":["Berserk","Corruption"],"picked":"Brutality","floor":16.0},{"not_picked":["Sever Soul+1","Clothesline+1"],"picked":"Shrug It Off","floor":18.0},{"not_picked":["Havoc","Seeing Red","Heavy Blade+1"],"picked":"SKIP","floor":18.0},{"not_picked":["Sentinel+1","Carnage+1"],"picked":"Blood for Blood+1","floor":21},{"not_picked":["Twin Strike+1","Pommel Strike+1","Anger+1"],"picked":"SKIP","floor":21}],"player_experience":865868,"relics_obtained":[{"floor":9.0,"key":"Molten Egg 2"},{"floor":13.0,"key":"Prayer Wheel"}],"event_choices":[{"damage_healed":0.0,"max_hp_gain":5.0,"max_hp_loss":0.0,"gold_gain":0.0,"event_name":"Big Fish","player_choice":"Donut","floor":2.0,"gold_loss":0.0,"damage_taken":0.0},{"cards_removed":["Strike_R"],"damage_healed":0.0,"max_hp_gain":0.0,"max_hp_loss":0.0,"gold_gain":0.0,"event_name":"The Cleric","player_choice":"Card Removal","floor":3.0,"gold_loss":75.0,"damage_taken":0.0},{"cards_removed":["Strike_R"],"damage_healed":0.0,"max_hp_gain":0.0,"max_hp_loss":0.0,"gold_gain":0.0,"event_name":"Golden Wing","player_choice":"Card Removal","floor":7.0,"gold_loss":0.0,"damage_taken":7.0},{"damage_healed":0.0,"max_hp_gain":0.0,"max_hp_loss":0.0,"gold_gain":75.0,"event_name":"World of Goop","player_choice":"Gather Gold","floor":8.0,"gold_loss":0.0,"damage_taken":11.0},{"damage_healed":0,"gold_gain":50,"player_choice":"Stole From Cult","damage_taken":0,"max_hp_gain":0,"max_hp_loss":0,"event_name":"Nest","floor":22,"gold_loss":0}],"is_beta":false,"boss_relics":[{"not_picked":["Black Star","SacredBark"],"picked":"Empty Cage"}],"items_purged_floors":[20],"is_endless":false,"potions_floor_spawned":[1,5,12,16,21],"killed_by":"Slavers","ascension_level":17}}