{"host":"fv4u04bzswzfg5qa","time":1611824563,"event":{"mods":["BaseMod","Colored Map","Colored Powertips","Highlight Path","Minty Spire (QoL Compilation)","StSLib","Synergy Search"],"gold_per_floor":[113,62,62,74,74,74,106,117,185,246,246,257,307,0,0,95,95,114,129,129,379,429,429],"floor_reached":22,"language":"ENG","playtime":3042,"items_purged":["Strike_P"],"score":193,"play_id":"f44a43b0-dcae-4e52-b2cf-a00ce5f7276d","local_time":"20210128040243","is_ascension_mode":true,"campfire_choices":[{"data":"Eruption","floor":6,"key":"SMITH"},{"floor":11,"key":"REST"},{"data":"Crescendo","floor":15,"key":"SMITH"}],"circlet_count":0,"master_deck":["Strike_P","Strike_P","Strike_P","Defend_P","Defend_P","Defend_P","Defend_P","Eruption+1","Vigilance","Blasphemy","Consecrate","Crescendo+1","Worship","Consecrate","EmptyBody","LessonLearned","EmptyFist","Dramatic Entrance","Adaptation","Ragnarok","ClearTheMind+1"],"relics":["HolyWater","SsserpentHead","Happy Flower","Darkstone Periapt","Centennial Puzzle"],"acts_visited":["Exordium","TheCity"],"potions_floor_usage":[10,12,16,16,18],"damage_taken":[{"damage":6.0,"enemies":"2 Louse","floor":1.0,"turns":3.0},{"damage":0.0,"enemies":"Cultist","floor":4.0,"turns":3.0},{"damage":41,"enemies":"3 Sentries","floor":7,"turns":9},{"damage":6,"enemies":"Small Slimes","floor":8,"turns":4},{"damage":1,"enemies":"Red Slaver","floor":10,"turns":3},{"damage":0,"enemies":"Gremlin Gang","floor":12,"turns":3},{"damage":27,"enemies":"The Guardian","floor":16,"turns":12},{"damage":19,"enemies":"Shell Parasite","floor":18,"turns":2},{"damage":29,"enemies":"3 Byrds","floor":19,"turns":4},{"damage":28,"enemies":"Snake Plant","floor":22,"turns":3}],"seed_played":"-7088180985936897816","potions_obtained":[{"floor":4,"key":"Ambrosia"},{"floor":8,"key":"Block Potion"},{"floor":10,"key":"GamblersBrew"},{"floor":19,"key":"StancePotion"}],"is_trial":false,"path_per_floor":["M","$","?","M","?","R","E","M","T","M","R","M","?","$","R","B",null,"M","M","$","?","M"],"character_chosen":"WATCHER","items_purchased":["Crescendo","Dramatic Entrance","Adaptation","Dexterity Potion","BottledMiracle"],"campfire_rested":1,"item_purchase_floors":[2,14,14,14,14],"current_hp_per_floor":[66,66,66,66,66,66,25,19,19,18,39,39,39,39,39,12,72,53,24,24,24,0,0],"gold":429,"neow_bonus":"ONE_RANDOM_RARE_CARD","is_daily":false,"chose_seed":false,"campfire_upgraded":2,"win_rate":0.0,"timestamp":1611824563,"path_taken":["M","$","?","?","?","R","E","M","T","?","R","M","?","$","R","BOSS","M","M","$","?","?"],"items_purchased_type":["Card","Card","Card","Potion","Potion"],"build_version":"2020-12-22","purchased_purges":1,"victory":false,"max_hp_per_floor":[72,72,72,72,72,72,72,72,72,72,72,72,72,72,72,72,72,72,72,72,72,72,72],"card_choices":[{"not_picked":["JustLucky","Halt"],"picked":"Consecrate","floor":1.0},{"not_picked":["SashWhip","InnerPeace"],"picked":"Consecrate","floor":4},{"not_picked":["Meditate","FlyingSleeves"],"picked":"EmptyBody","floor":7},{"not_picked":["Weave","Nirvana"],"picked":"LessonLearned","floor":8},{"not_picked":["Study","ThirdEye","Pray"],"picked":"SKIP","floor":10},{"not_picked":["ClearTheMind","Study"],"picked":"EmptyFist","floor":12},{"not_picked":["Omniscience","LessonLearned"],"picked":"Ragnarok","floor":16},{"not_picked":["BowlingBash","InnerPeace","Evaluate"],"picked":"SKIP","floor":18},{"not_picked":["WreathOfFlame","FollowUp+1"],"picked":"ClearTheMind+1","floor":19}],"player_experience":210680,"relics_obtained":[{"floor":7,"key":"Happy Flower"},{"floor":9,"key":"Darkstone Periapt"},{"floor":13,"key":"Centennial Puzzle"}],"event_choices":[{"damage_healed":0.0,"max_hp_gain":0.0,"max_hp_loss":0.0,"gold_gain":0.0,"event_name":"Match and Keep!","player_choice":"1 cards matched","floor":3.0,"gold_loss":0.0,"damage_taken":0.0,"cards_obtained":["Worship"]},{"damage_healed":0,"gold_gain":0,"player_choice":"Trade","damage_taken":0,"relics_obtained":["SsserpentHead"],"max_hp_gain":0,"max_hp_loss":0,"event_name":"FaceTrader","floor":5,"gold_loss":0},{"damage_healed":0,"gold_gain":0,"player_choice":"Relic","damage_taken":0,"max_hp_gain":0,"max_hp_loss":0,"event_name":"Wheel of Change","floor":13,"gold_loss":0},{"damage_healed":0,"gold_gain":200,"player_choice":"Gold","damage_taken":0,"max_hp_gain":0,"max_hp_loss":0,"event_name":"Wheel of Change","floor":21,"gold_loss":0}],"is_beta":false,"boss_relics":[{"not_picked":["Empty Cage","SacredBark"],"picked":"HolyWater"}],"items_purged_floors":[14],"is_endless":false,"potions_floor_spawned":[4,8,10,19],"killed_by":"Snake Plant","ascension_level":1}}