{"host":"95ip98gf8c4vrv08","time":1611831244,"event":{"mods":["100% Spire Juice","ATMod(??Mod)","Arknights The Spire","BaseMod","Lobotomy","LobotomyExtend","Minty Spire (QoL Compilation)","Quick Restart","Reimu??????","Relic Stats","Reliquary","Replay The Spire","Spicy Shops","StSLib","The Bug Knight","??????REMEMod","????"],"gold_per_floor":[110,171,171,186,202,230,0,0,0,65,65,65,65,97,97,192,192,209,209,134,134,150,183,183,209,236,196,228,240,240,33,33,135,135,154,166,11,26,50,85,105,105,105,131,131,131,131,28,28,28],"floor_reached":51,"language":"ZHS","playtime":2499,"items_purged":[],"score":825,"play_id":"ba0ce0f8-90ad-457d-8a4f-08ab1fc12b9b","local_time":"20210128185404","daily_mods":["Specialized","Vintage","Allstar","Heirloom","Time Dilation","Flight","Binary"],"is_ascension_mode":false,"campfire_choices":[{"data":"ats:Emotion Absorption","floor":8,"key":"SMITH"},{"data":"Survey Options","floor":11,"key":"SMITH"},{"data":"Replay:Bootleg Shield Generator","floor":13,"key":"SMITH"},{"data":"AT_FamilyPortrait","floor":15,"key":"SMITH"},{"data":"Mayhem","floor":24,"key":"SMITH"},{"floor":32,"key":"REST"},{"data":"ats:Serious Mode","floor":42,"key":"SMITH"},{"floor":45,"key":"REST"}],"circlet_count":0,"master_deck":["ats:Strike C+1","ats:Strike G+1","ats:Strike S+1","ats:Strike V+1","ats:Armor Crushing Shot","ats:Defend+1","ats:Defend+1","ats:Defend+1","ats:Defend+1","ats:Emotion Absorption+1","ats:Healing Drone","ats:Healing Drone","ats:Healing Drone","ats:Healing Drone","ats:Healing Drone","Dramatic Entrance","Survey Options+1","Mayhem+1","Replay:Bootleg Shield Generator+1","AT_FamilyPortrait+1","AT_ChampionKick+1","ats:Consecutive Shot Auto","AT_EmpoweredMortalDraw","ats:Serious Mode+1","ats:Closed Bolt Burst Fire","Writhe"],"relics":["ats:Sanity","Busted Crown","REME_ComplimentaryCards","AT_ATBox","Torii","The Courier","LetterFromLob","Meat on the Bone","WarpedTongs","Replay:Bottled Flurry","reliquary:RosewoodLute","ats:Originium","Bottled Flame","reliquary:Bookmark","PrismaticShard","REME_PuzzleBoxRelic","Darkstone Periapt","CrazyTorch:ReiMu","Replay:Towering Pillar of Hats","REME_DuelDisc","Unceasing Top","Iron Hammer","AT_GuinsooRageblade","reliquary:RoseTintedGlasses","reliquary:Knoch","Dream Catcher","ZunR:ReiMu","StrikeDummy","Nunchaku","reliquary:Firecrackers","AT_MortalBlade","Garlic","AT_SunfireAegis","TungstenRod","ReplayTheSpireMod:Ninjato","reliquary:PartyBalloon","Prayer Wheel","ats:Spiritual Recovery","reliquary:IridiumChain","ats:Ability Aura","Regal Pillow"],"acts_visited":["Exordium","TheCity","TheBeyond"],"potions_floor_usage":[12,18,23,40,50,50,50],"damage_taken":[{"damage":17,"enemies":"Small Slimes","floor":1,"turns":8},{"damage":14,"enemies":"Jaw Worm","floor":4,"turns":4},{"damage":6,"enemies":"Cultist","floor":5,"turns":4},{"damage":29,"enemies":"3 Sentries","floor":6,"turns":11},{"damage":38,"enemies":"3 Sentries","floor":10,"turns":3},{"damage":30,"enemies":"Gremlin Nob","floor":12,"turns":4},{"damage":7,"enemies":"Replay:BlueRogue","floor":14,"turns":4},{"damage":26,"enemies":"Slime Boss","floor":16,"turns":7},{"damage":70,"enemies":"Spheric Guardian","floor":18,"turns":6},{"damage":0,"enemies":"Chosen","floor":22,"turns":2},{"damage":38,"enemies":"REME_1_Revenger","floor":23,"turns":6},{"damage":22,"enemies":"Slavers","floor":25,"turns":5},{"damage":28,"enemies":"Book of Stabbing","floor":28,"turns":4},{"damage":1,"enemies":"Centurion and Healer","floor":29,"turns":3},{"damage":63,"enemies":"Automaton","floor":33,"turns":7},{"damage":3,"enemies":"3 Shapes","floor":35,"turns":1},{"damage":0,"enemies":"Orb Walker","floor":36,"turns":1},{"damage":0,"enemies":"Jaw Worm Horde","floor":38,"turns":1},{"damage":0,"enemies":"R_Hoarder","floor":40,"turns":3},{"damage":0,"enemies":"Spire Growth","floor":41,"turns":2},{"damage":0,"enemies":"Reptomancer","floor":44,"turns":4},{"damage":34,"enemies":"Replay:Hell Engine","floor":50,"turns":6}],"seed_played":"5304332428708457397","potions_obtained":[{"floor":1,"key":"AttackPotion"},{"floor":2,"key":"GamblersBrew"},{"floor":16,"key":"ZuzhouPotion:ReiMu"},{"floor":22,"key":"AttackPotion"},{"floor":25,"key":"Energy Potion"},{"floor":38,"key":"Dexterity Potion"},{"floor":40,"key":"Fruit Juice"},{"floor":41,"key":"Toxic Potion"}],"is_trial":true,"path_per_floor":["M","?","?","M","M","E","$","R","T","?","R","E","R","E","R","B",null,"M","?","?","T","M","E","R","E","T","?","E","M","?","$","R","B",null,"M","M","$","M","T","E","M","R","T","E","R","?","?","$","R","B",null],"character_chosen":"DOCTOR_CLASS","items_purchased":["reliquary:Bookmark","PrismaticShard","REME_PuzzleBoxRelic","reliquary:Firecrackers","TungstenRod","ats:Serious Mode","Regal Pillow","ats:Closed Bolt Burst Fire"],"campfire_rested":2,"item_purchase_floors":[7,7,7,31,37,37,48,48],"current_hp_per_floor":[72,54,54,72,72,72,72,72,72,47,47,47,47,70,70,72,72,38,38,38,38,46,62,62,72,72,72,62,71,71,71,72,41,72,69,69,75,75,75,83,83,83,83,83,83,34,34,34,40,78],"gold":28,"neow_bonus":"","is_daily":false,"chose_seed":false,"campfire_upgraded":6,"win_rate":0.0,"timestamp":1611831244,"path_taken":["M","?","?","?","?","E","?","R","T","?","R","E","E","E","R","BOSS","M","?","?","?","?","E","R","E","T","?","E","M","?","$","R","BOSS","M","M","?","M","?","E","M","R","T","E","R","?","?","$","R","BOSS"],"items_purchased_type":["Relic","Relic","Relic","Relic","Relic","Card","Relic","Card"],"build_version":"2020-12-22","purchased_purges":0,"victory":true,"max_hp_per_floor":[72,72,72,72,72,72,72,72,72,72,72,72,72,72,72,72,72,72,72,72,72,72,72,72,72,72,72,72,72,72,72,72,72,72,72,72,78,78,78,83,83,83,83,83,83,83,83,83,89,89],"relic_stats":{"Darkstone Periapt":12,"Regal Pillow":0,"Torii":41,"counters":[22,96],"WarpedTongs":[62],"Dream Catcher":2,"Nunchaku":[6],"Busted Crown":26,"Prayer Wheel":0,"obtain_stats":[{"Darkstone Periapt":9,"ats:Spiritual Recovery":41,"ats:Ability Aura":44,"Regal Pillow":48,"AT_ATBox":0,"Torii":0,"reliquary:PartyBalloon":39,"reliquary:Firecrackers":31,"ZunR:ReiMu":27,"REME_DuelDisc":17,"PrismaticShard":7,"Dream Catcher":26,"Nunchaku":29,"Prayer Wheel":40,"Iron Hammer":21,"reliquary:RoseTintedGlasses":23,"Replay:Bottled Flurry":4,"ats:Sanity":0,"AT_GuinsooRageblade":22,"ReplayTheSpireMod:Ninjato":38,"Replay:Towering Pillar of Hats":14,"AT_MortalBlade":34,"The Courier":1,"reliquary:RosewoodLute":5,"reliquary:IridiumChain":43,"WarpedTongs":3,"reliquary:Bookmark":7,"Bottled Flame":6,"Busted Crown":0,"ats:Originium":6,"CrazyTorch:ReiMu":10,"LetterFromLob":1,"Garlic":35,"reliquary:Knoch":25,"REME_PuzzleBoxRelic":7,"AT_SunfireAegis":36,"StrikeDummy":28,"Unceasing Top":18,"TungstenRod":37,"REME_ComplimentaryCards":0,"Meat on the Bone":2},{"Darkstone Periapt":4,"ats:Spiritual Recovery":20,"ats:Ability Aura":21,"Regal Pillow":21,"AT_ATBox":0,"Torii":0,"reliquary:PartyBalloon":18,"reliquary:Firecrackers":14,"ZunR:ReiMu":12,"REME_DuelDisc":8,"PrismaticShard":4,"Dream Catcher":12,"Nunchaku":14,"Prayer Wheel":19,"Iron Hammer":9,"reliquary:RoseTintedGlasses":11,"Replay:Bottled Flurry":2,"ats:Sanity":0,"AT_GuinsooRageblade":10,"ReplayTheSpireMod:Ninjato":18,"Replay:Towering Pillar of Hats":7,"AT_MortalBlade":15,"The Courier":1,"reliquary:RosewoodLute":3,"reliquary:IridiumChain":20,"WarpedTongs":1,"reliquary:Bookmark":4,"Bottled Flame":4,"Busted Crown":0,"ats:Originium":4,"CrazyTorch:ReiMu":4,"LetterFromLob":1,"Garlic":16,"reliquary:Knoch":12,"REME_PuzzleBoxRelic":4,"AT_SunfireAegis":17,"StrikeDummy":13,"Unceasing Top":9,"TungstenRod":17,"REME_ComplimentaryCards":0,"Meat on the Bone":1},{"Darkstone Periapt":27,"ats:Spiritual Recovery":86,"ats:Ability Aura":90,"Regal Pillow":90,"AT_ATBox":0,"Torii":0,"reliquary:PartyBalloon":81,"reliquary:Firecrackers":71,"ZunR:ReiMu":64,"REME_DuelDisc":45,"PrismaticShard":27,"Dream Catcher":64,"Nunchaku":71,"Prayer Wheel":84,"Iron Hammer":51,"reliquary:RoseTintedGlasses":59,"Replay:Bottled Flurry":12,"ats:Sanity":0,"AT_GuinsooRageblade":53,"ReplayTheSpireMod:Ninjato":81,"Replay:Towering Pillar of Hats":38,"AT_MortalBlade":78,"The Courier":8,"reliquary:RosewoodLute":16,"reliquary:IridiumChain":86,"WarpedTongs":8,"reliquary:Bookmark":27,"Bottled Flame":27,"Busted Crown":0,"ats:Originium":27,"CrazyTorch:ReiMu":27,"LetterFromLob":8,"Garlic":79,"reliquary:Knoch":64,"REME_PuzzleBoxRelic":27,"AT_SunfireAegis":80,"StrikeDummy":68,"Unceasing Top":51,"TungstenRod":80,"REME_ComplimentaryCards":0,"Meat on the Bone":8}],"Unceasing Top":[0],"TungstenRod":56,"Meat on the Bone":36},"card_choices":[{"not_picked":[],"picked":"ats:Consecutive Shot Auto","floor":25}],"player_experience":231970,"relics_obtained":[{"floor":1,"key":"The Courier"},{"floor":1,"key":"LetterFromLob"},{"floor":2,"key":"Meat on the Bone"},{"floor":4,"key":"Replay:Bottled Flurry"},{"floor":5,"key":"reliquary:RosewoodLute"},{"floor":6,"key":"ats:Originium"},{"floor":6,"key":"Bottled Flame"},{"floor":9,"key":"Darkstone Periapt"},{"floor":14,"key":"ats:Originium"},{"floor":14,"key":"Replay:Towering Pillar of Hats"},{"floor":18,"key":"Unceasing Top"},{"floor":21,"key":"Iron Hammer"},{"floor":22,"key":"AT_GuinsooRageblade"},{"floor":23,"key":"reliquary:RoseTintedGlasses"},{"floor":23,"key":"ats:Originium"},{"floor":25,"key":"ats:Originium"},{"floor":25,"key":"reliquary:Knoch"},{"floor":26,"key":"Dream Catcher"},{"floor":28,"key":"StrikeDummy"},{"floor":29,"key":"Nunchaku"},{"floor":35,"key":"Garlic"},{"floor":36,"key":"AT_SunfireAegis"},{"floor":38,"key":"ReplayTheSpireMod:Ninjato"},{"floor":39,"key":"reliquary:PartyBalloon"},{"floor":40,"key":"Prayer Wheel"},{"floor":41,"key":"ats:Spiritual Recovery"},{"floor":43,"key":"reliquary:IridiumChain"},{"floor":44,"key":"ats:Ability Aura"}],"event_choices":[{"damage_healed":0,"gold_gain":0,"player_choice":"Rummage","damage_taken":0,"relics_obtained":["WarpedTongs"],"max_hp_gain":0,"max_hp_loss":0,"event_name":"Accursed Blacksmith","floor":3,"gold_loss":0,"cards_obtained":["Pain"]},{"damage_healed":0,"gold_gain":0,"player_choice":"Searched \u00272\u0027 times","damage_taken":0,"relics_obtained":["CrazyTorch:ReiMu"],"max_hp_gain":0,"max_hp_loss":0,"event_name":"Dead Adventurer","floor":10,"gold_loss":0},{"damage_healed":0,"gold_gain":0,"player_choice":"Simplicity","damage_taken":0,"max_hp_gain":0,"max_hp_loss":0,"event_name":"Back to Basics","floor":19,"gold_loss":0,"cards_upgraded":["ats:Strike C","ats:Strike G","ats:Strike S","ats:Strike V","ats:Defend","ats:Defend","ats:Defend","ats:Defend"]},{"cards_removed":["Pain"],"damage_healed":0,"gold_gain":0,"player_choice":"Gave Gold","damage_taken":0,"max_hp_gain":0,"max_hp_loss":0,"event_name":"Beggar","floor":20,"gold_loss":75},{"damage_healed":0,"gold_gain":0,"player_choice":"????","damage_taken":0,"relics_obtained":["ZunR:ReiMu"],"max_hp_gain":0,"max_hp_loss":0,"event_name":"ZunEvent","floor":27,"gold_loss":40},{"cards_removed":["Writhe"],"damage_healed":0,"gold_gain":0,"player_choice":"Removed Curses","damage_taken":0,"max_hp_gain":0,"max_hp_loss":0,"event_name":"Fountain of Cleansing","floor":30,"gold_loss":0},{"damage_healed":0,"gold_gain":0,"player_choice":"Upgraded","damage_taken":0,"max_hp_gain":0,"max_hp_loss":0,"event_name":"Upgrade Shrine","floor":47,"gold_loss":0,"cards_upgraded":["AT_ChampionKick"]}],"is_beta":false,"boss_relics":[{"not_picked":["Sozu","Runic Pyramid"],"picked":"REME_DuelDisc"},{"not_picked":["REME_DemonsWealth","reliquary:RedPaperclip"],"picked":"AT_MortalBlade"}],"items_purged_floors":[],"is_endless":false,"potions_floor_spawned":[1,12,16,22,25,38,40,41],"ascension_level":0}}