{"host":"j49z5jz0n7e8vjox","time":1611871656,"event":{"mods":["AchievementEnabler","BaseMod","Bestiary","Colored Map","Colored Powertips","DeckTracker","Minty Spire (QoL Compilation)","Permanent Neow","UnlockEverythingMod"],"gold_per_floor":[111,122,122,140,150,150,163,163,163,188,30,55,66,83,83,83,83],"floor_reached":16,"language":"ENG","playtime":4590,"items_purged":["Strike_B"],"score":228,"play_id":"2e80a225-e540-4e49-a5d1-f7daad82d6d7","local_time":"20210128160736","is_ascension_mode":true,"campfire_choices":[{"floor":6,"key":"REST"},{"floor":8,"key":"REST"},{"floor":15,"key":"REST"}],"circlet_count":0,"master_deck":["AscendersBane","Strike_B","Strike_B","Defend_B","Defend_B","Defend_B","Defend_B","Zap","Dualcast","Secret Technique","Auto Shields","Undo","Sweeping Beam","Cold Snap","Go for the Eyes","Steam","FTL","Glacier","Ball Lightning"],"relics":["Cracked Core","Letter Opener","Pear","Question Card"],"acts_visited":["Exordium"],"potions_floor_usage":[10,10,12,12],"damage_taken":[{"damage":9,"enemies":"Small Slimes","floor":1,"turns":4},{"damage":1,"enemies":"Cultist","floor":2,"turns":3},{"damage":1,"enemies":"2 Louse","floor":4,"turns":3},{"damage":24,"enemies":"Gremlin Gang","floor":5,"turns":4},{"damage":11,"enemies":"Lots of Slimes","floor":7,"turns":4},{"damage":42,"enemies":"Gremlin Nob","floor":10,"turns":5},{"damage":10,"enemies":"3 Sentries","floor":12,"turns":7},{"damage":4,"enemies":"Exordium Wildlife","floor":13,"turns":5},{"damage":0,"enemies":"2 Fungi Beasts","floor":14,"turns":3},{"damage":28,"enemies":"The Guardian","floor":16,"turns":8}],"seed_played":"8289552727760193737","potions_obtained":[{"floor":2,"key":"PotionOfCapacity"},{"floor":4,"key":"PowerPotion"},{"floor":10,"key":"PowerPotion"}],"is_trial":false,"path_per_floor":["M","M","?","M","M","R","M","R","T","E","$","E","M","M","R","B"],"character_chosen":"DEFECT","items_purchased":["Steam","AttackPotion"],"campfire_rested":3,"item_purchase_floors":[11,11],"current_hp_per_floor":[55,54,47,46,22,41,30,49,49,17,17,7,3,3,25,0,0],"gold":83,"neow_bonus":"RANDOM_COLORLESS_2","is_daily":false,"chose_seed":false,"campfire_upgraded":0,"win_rate":0.0,"timestamp":1611871656,"path_taken":["M","M","?","M","M","R","M","R","T","E","$","E","M","M","R","BOSS"],"items_purchased_type":["Card","Potion"],"build_version":"2020-12-22","purchased_purges":1,"victory":false,"max_hp_per_floor":[64,64,64,64,64,64,64,64,64,74,74,74,74,74,74,74,74],"card_choices":[{"not_picked":["Panache","Magnetism"],"picked":"Secret Technique","floor":0},{"not_picked":["Stack","Streamline"],"picked":"Auto Shields","floor":1},{"not_picked":["Leap","White Noise"],"picked":"Undo","floor":2},{"not_picked":["Rip and Tear","Blizzard"],"picked":"Sweeping Beam","floor":4},{"not_picked":["Redo","Hello World"],"picked":"Cold Snap","floor":5},{"not_picked":["Scrape","Chaos"],"picked":"Go for the Eyes","floor":7},{"not_picked":["Hyperbeam","Stack","Barrage"],"picked":"SKIP","floor":10},{"not_picked":["Gash","Genetic Algorithm"],"picked":"FTL","floor":12},{"not_picked":["Redo","Steam Power","Reinforced Body"],"picked":"Glacier","floor":13},{"not_picked":["Double Energy","Auto Shields","Stack"],"picked":"Ball Lightning","floor":14}],"player_experience":795285,"relics_obtained":[{"floor":9,"key":"Letter Opener"},{"floor":10,"key":"Pear"},{"floor":12,"key":"Question Card"}],"event_choices":[{"cards_removed":["Strike_B"],"damage_healed":0,"gold_gain":0,"player_choice":"Card Removal","damage_taken":7,"max_hp_gain":0,"max_hp_loss":0,"event_name":"Golden Wing","floor":3,"gold_loss":0}],"is_beta":false,"boss_relics":[],"items_purged_floors":[11],"is_endless":false,"potions_floor_spawned":[2,4,10],"killed_by":"The Guardian","ascension_level":20}}