{"host":"g01l53quoe6lrer0","time":1611828550,"event":{"mods":["2.2 Compatiblity","AchievementEnabler","BaseMod","Colored Map","Highlight Path","Keyboard Shortcuts","Minty Spire (QoL Compilation)","Permanent Neow","StSLib","SuperFastMode","everything is the same but u backflip on backflip"],"gold_per_floor":[110,110,36,56,71,71,100,100,123,223,235,254,273,290,290,392,392,410,218,218,235,235,235,235],"floor_reached":23,"language":"KOR","playtime":472,"items_purged":[],"score":299,"play_id":"50e5aaa8-5229-4d44-a079-0ed112c3bd4e","local_time":"20210128190910","is_ascension_mode":true,"campfire_choices":[{"data":"Eruption","floor":6.0,"key":"SMITH"},{"floor":8.0,"key":"REST"},{"floor":15.0,"key":"REST"}],"circlet_count":0,"master_deck":["AscendersBane","Strike_P","Strike_P","Strike_P","Eruption+1","Vigilance","MentalFortress"],"relics":["PureWater","Omamori","Orichalcum","Empty Cage","Orrery"],"acts_visited":["Exordium","TheCity"],"potions_floor_usage":[16,21],"damage_taken":[{"damage":4.0,"enemies":"2 Louse","floor":1.0,"turns":3.0},{"damage":12.0,"enemies":"Small Slimes","floor":4.0,"turns":3.0},{"damage":0.0,"enemies":"Cultist","floor":5.0,"turns":3.0},{"damage":8.0,"enemies":"Gremlin Nob","floor":7.0,"turns":3.0},{"damage":10.0,"enemies":"3 Louse","floor":11.0,"turns":3.0},{"damage":0.0,"enemies":"Blue Slaver","floor":12.0,"turns":3.0},{"damage":7.0,"enemies":"2 Fungi Beasts","floor":13.0,"turns":3.0},{"damage":0.0,"enemies":"Lots of Slimes","floor":14.0,"turns":3.0},{"damage":32,"enemies":"Slime Boss","floor":16,"turns":7},{"damage":8,"enemies":"Spheric Guardian","floor":18,"turns":4},{"damage":4,"enemies":"Chosen","floor":21,"turns":3},{"damage":4,"enemies":"Slavers","floor":23,"turns":1}],"seed_played":"3843984038656059037","potions_obtained":[{"floor":5.0,"key":"EntropicBrew"},{"floor":11.0,"key":"BlessingOfTheForge"},{"floor":13.0,"key":"AttackPotion"}],"is_trial":false,"path_per_floor":["M","?","$","M","M","R","E","R","T","?","M","M","M","M","R","B",null,"M","$","?","M","?","E"],"character_chosen":"WATCHER","items_purchased":["MentalFortress","Orrery","Fire Potion"],"campfire_rested":2,"item_purchase_floors":[3,19,19],"current_hp_per_floor":[61,54,54,42,42,42,34,53,53,53,43,43,36,36,55,23,55,47,47,47,43,32,28,28],"gold":235,"neow_bonus":"REMOVE_TWO","is_daily":false,"chose_seed":false,"campfire_upgraded":1,"win_rate":0.0,"timestamp":1611828550,"path_taken":["M","?","$","M","M","R","E","R","T","?","M","M","M","M","R","BOSS","M","$","?","M","?","E"],"items_purchased_type":["Card","Relic","Potion"],"build_version":"2020-12-22","purchased_purges":0,"victory":false,"max_hp_per_floor":[65,65,65,65,65,65,65,65,65,65,65,65,65,65,65,65,65,65,65,65,65,70,70,70],"card_choices":[{"not_picked":["JustLucky","Protect","DeceiveReality"],"picked":"SKIP","floor":1.0},{"not_picked":["Pray","ReachHeaven","BattleHymn"],"picked":"SKIP","floor":4.0},{"not_picked":["Pray","ClearTheMind","MentalFortress"],"picked":"SKIP","floor":5.0},{"not_picked":["Prostrate","Consecrate","FlyingSleeves"],"picked":"SKIP","floor":7.0},{"not_picked":["Prostrate","ThirdEye","CrushJoints"],"picked":"SKIP","floor":11.0},{"not_picked":["SashWhip","CrushJoints","Tantrum"],"picked":"SKIP","floor":12.0},{"not_picked":["LessonLearned","SashWhip","CrushJoints"],"picked":"SKIP","floor":13.0},{"not_picked":["WaveOfTheHand","InnerPeace","CutThroughFate"],"picked":"SKIP","floor":14.0},{"not_picked":["Indignation","Collect","ClearTheMind"],"picked":"SKIP","floor":18},{"not_picked":["EmptyBody","FollowUp","BattleHymn"],"picked":"SKIP","floor":21}],"player_experience":319273,"relics_obtained":[{"floor":7.0,"key":"Omamori"},{"floor":9.0,"key":"Orichalcum"}],"event_choices":[{"cards_removed":["Defend_P"],"damage_healed":0.0,"max_hp_gain":0.0,"max_hp_loss":0.0,"gold_gain":0.0,"event_name":"Golden Wing","player_choice":"Card Removal","floor":2.0,"gold_loss":0.0,"damage_taken":7.0},{"damage_healed":0.0,"max_hp_gain":0.0,"max_hp_loss":0.0,"gold_gain":100.0,"event_name":"Golden Shrine","player_choice":"Pray","floor":10.0,"gold_loss":0.0,"damage_taken":0.0},{"damage_healed":0,"gold_gain":0,"player_choice":"Ignored","damage_taken":0,"max_hp_gain":0,"max_hp_loss":0,"event_name":"Cursed Tome","floor":20,"gold_loss":0},{"damage_healed":0,"gold_gain":0,"player_choice":"Shed Blood","damage_taken":16,"max_hp_gain":5,"max_hp_loss":0,"event_name":"Forgotten Altar","floor":22,"gold_loss":0}],"is_beta":false,"boss_relics":[{"not_picked":["Ectoplasm","Pandora\u0027s Box"],"picked":"Empty Cage"}],"items_purged_floors":[],"is_endless":false,"potions_floor_spawned":[5,11,13],"killed_by":"Slavers","ascension_level":11}}