{"host":"g01l53quoe6lrer0","time":1611806976,"event":{"mods":["2.2 Compatiblity","AchievementEnabler","BaseMod","Colored Map","Highlight Path","Keyboard Shortcuts","Minty Spire (QoL Compilation)","Permanent Neow","StSLib","SuperFastMode","everything is the same but u backflip on backflip"],"gold_per_floor":[360,372,372,22,172,172,187,187,262,262,319,335,335,345,345,419,419,429,429,62,75,75,104,104,136,136,136,148,162,193,205,205,282,282,300,319,331,606,624,659,659,679,679,308,328,347,347,40,40,40],"floor_reached":51,"language":"KOR","playtime":1438,"items_purged":["Strike_G","Doubt","Strike_G","Strike_G"],"score":1473,"play_id":"94d0140a-92d7-4153-b40e-ea03e7e61c07","local_time":"20210128130935","is_ascension_mode":true,"campfire_choices":[{"floor":6.0,"key":"REST"},{"data":"Neutralize","floor":8.0,"key":"SMITH"},{"data":"Deadly Poison","floor":10.0,"key":"SMITH"},{"data":"Footwork","floor":15.0,"key":"SMITH"},{"data":"Survivor","floor":24.0,"key":"SMITH"},{"floor":27.0,"key":"REST"},{"floor":32.0,"key":"REST"},{"floor":41.0,"key":"REST"},{"floor":49.0,"key":"REST"}],"circlet_count":0,"master_deck":["AscendersBane","Strike_G+1","Strike_G","Defend_G","Defend_G+1","Defend_G","Defend_G","Defend_G+1","Survivor+1","Neutralize+1","Deadly Poison+1","Bane+1","Deadly Poison+1","Caltrops+1","Setup+1","Footwork+1","Phantasmal Killer+1","Blade Dance+1","Calculated Gamble+1","Acrobatics+1","PiercingWail+1","Deflect+1","Accuracy+1","Blade Dance+1","Adrenaline+1","Acrobatics+1","Distraction+1","Night Terror+1","CurseOfTheBell","Deflect+1","Terror+1","Blade Dance+1","Regret","Catalyst+1","Parasite","Tactician+1","Infinite Blades","Riddle With Holes"],"relics":["Ring of the Snake","Toxic Egg 2","White Beast Statue","Du-Vu Doll","WristBlade","MutagenicStrength","Lee\u0027s Waffle","Paper Crane","Akabeko","Shuriken","Ninja Scroll","Calling Bell","Calipers","Strawberry","Sundial","StrikeDummy","Lantern","War Paint","Vajra"],"acts_visited":["Exordium","TheCity","TheBeyond"],"potions_floor_usage":[50,50],"damage_taken":[{"damage":0.0,"enemies":"Small Slimes","floor":1.0,"turns":5.0},{"damage":0.0,"enemies":"2 Louse","floor":2.0,"turns":3.0},{"damage":1.0,"enemies":"Cultist","floor":7.0,"turns":3.0},{"damage":0.0,"enemies":"Gremlin Nob","floor":11.0,"turns":3.0},{"damage":1.0,"enemies":"Looter","floor":12.0,"turns":3.0},{"damage":0.0,"enemies":"2 Fungi Beasts","floor":14.0,"turns":3.0},{"damage":35.0,"enemies":"The Guardian","floor":16.0,"turns":10.0},{"damage":14.0,"enemies":"Shell Parasite","floor":18.0,"turns":7.0},{"damage":4.0,"enemies":"3 Byrds","floor":21.0,"turns":4.0},{"damage":10.0,"enemies":"Slavers","floor":23.0,"turns":5.0},{"damage":6.0,"enemies":"Book of Stabbing","floor":25.0,"turns":4.0},{"damage":8.0,"enemies":"Centurion and Healer","floor":28.0,"turns":5.0},{"damage":20.0,"enemies":"Snecko","floor":29.0,"turns":4.0},{"damage":0.0,"enemies":"Gremlin Leader","floor":30.0,"turns":5.0},{"damage":0.0,"enemies":"Shelled Parasite and Fungi","floor":31.0,"turns":1.0},{"damage":15.0,"enemies":"Collector","floor":33.0,"turns":7.0},{"damage":0.0,"enemies":"Orb Walker","floor":35.0,"turns":2.0},{"damage":0.0,"enemies":"3 Darklings","floor":36.0,"turns":3.0},{"damage":0.0,"enemies":"Transient","floor":37.0,"turns":6.0},{"damage":0.0,"enemies":"Sphere and 2 Shapes","floor":39.0,"turns":3.0},{"damage":45.0,"enemies":"Reptomancer","floor":40.0,"turns":4.0},{"damage":0.0,"enemies":"Writhing Mass","floor":42.0,"turns":3.0},{"damage":0.0,"enemies":"Spire Growth","floor":45.0,"turns":1.0},{"damage":11.0,"enemies":"3 Darklings","floor":46.0,"turns":3.0},{"damage":52,"enemies":"Awakened One","floor":50,"turns":6}],"seed_played":"1801261485458402479","potions_obtained":[{"floor":2.0,"key":"LiquidBronze"},{"floor":11.0,"key":"DuplicationPotion"},{"floor":23.0,"key":"SteroidPotion"},{"floor":25.0,"key":"Weak Potion"},{"floor":30.0,"key":"CunningPotion"},{"floor":36.0,"key":"Fire Potion"},{"floor":37.0,"key":"Strength Potion"},{"floor":40.0,"key":"FearPotion"}],"is_trial":false,"path_per_floor":["M","M","?","$","?","R","M","R","T","R","?","M","?","M","R","B",null,"M","?","$","M","?","E","R","E","T","R","M","M","E","M","R","B",null,"M","M","M","?","M","E","R","M","T","$","M","M","$","$","R","B",null],"character_chosen":"THE_SILENT","items_purchased":["Toxic Egg 2","Calculated Gamble+1","Lee\u0027s Waffle","Acrobatics+1","War Paint","DuplicationPotion","Vajra"],"campfire_rested":5,"item_purchase_floors":[4,20,20,20,44,44,48],"current_hp_per_floor":[44,44,24,24,24,43,42,42,42,42,42,41,41,41,41,6,51,37,37,73,69,69,59,59,53,53,73,65,45,45,45,66,51,75,75,75,75,75,75,30,54,54,54,54,54,43,43,43,67,15],"gold":40,"neow_bonus":"TWO_FIFTY_GOLD","is_daily":false,"chose_seed":false,"campfire_upgraded":4,"win_rate":0.0,"timestamp":1611806975,"path_taken":["M","M","?","$","?","R","M","R","T","R","?","M","?","M","R","BOSS","M","?","$","M","?","E","R","E","T","R","M","M","E","M","R","BOSS","M","M","M","?","M","E","R","M","T","$","M","M","?","$","R","BOSS"],"items_purchased_type":["Relic","Card","Relic","Card","Relic","Potion","Relic"],"build_version":"2020-12-22","purchased_purges":4,"victory":true,"max_hp_per_floor":[66,66,66,66,66,66,66,66,66,66,66,66,66,66,66,66,66,66,66,73,73,73,73,73,73,73,73,73,73,73,73,73,73,80,80,80,80,80,80,80,80,80,80,80,80,80,80,80,80,80],"card_choices":[{"not_picked":["Slice","Underhanded Strike"],"picked":"Deadly Poison","floor":1.0},{"not_picked":["Cloak And Dagger","Acrobatics"],"picked":"Bane","floor":2.0},{"not_picked":["Choke","Infinite Blades"],"picked":"Deadly Poison+1","floor":7.0},{"not_picked":["Slice","Underhanded Strike"],"picked":"Caltrops","floor":11.0},{"not_picked":["Cloak And Dagger+1","Poisoned Stab"],"picked":"Setup+1","floor":12.0},{"not_picked":["Bane","Deflect+1"],"picked":"Footwork","floor":14.0},{"not_picked":["After Image","Glass Knife"],"picked":"Phantasmal Killer+1","floor":16.0},{"not_picked":["Acrobatics+1","Distraction+1"],"picked":"Blade Dance+1","floor":18.0},{"not_picked":["Bouncing Flask+1","Prepared+1"],"picked":"PiercingWail+1","floor":21.0},{"not_picked":["Bane","Endless Agony"],"picked":"Deflect+1","floor":23.0},{"not_picked":["Slice+1","Poisoned Stab"],"picked":"Accuracy+1","floor":25.0},{"not_picked":["Dodge and Roll+1","Finisher"],"picked":"Blade Dance+1","floor":28.0},{"not_picked":["Blur+1","PiercingWail+1"],"picked":"Adrenaline+1","floor":29.0},{"not_picked":["All Out Attack","Crippling Poison+1"],"picked":"Acrobatics+1","floor":30.0},{"not_picked":["Crippling Poison+1","Concentrate+1"],"picked":"Distraction+1","floor":31.0},{"not_picked":["Storm of Steel+1","Grand Finale"],"picked":"Night Terror+1","floor":33.0},{"not_picked":["Choke","Dodge and Roll+1"],"picked":"Deflect+1","floor":35.0},{"not_picked":["Catalyst+1","Dodge and Roll+1"],"picked":"Terror+1","floor":36.0},{"not_picked":["Deflect+1","Leg Sweep+1"],"picked":"Blade Dance+1","floor":37.0},{"not_picked":["Underhanded Strike","Heel Hook"],"picked":"Catalyst+1","floor":39.0},{"not_picked":["Poisoned Stab","Predator","Venomology+1"],"picked":"SKIP","floor":40.0},{"not_picked":["Concentrate+1","Eviscerate"],"picked":"Tactician+1","floor":42.0},{"not_picked":["Riddle With Holes","Backflip+1"],"picked":"Infinite Blades","floor":45.0},{"not_picked":["Quick Slash","Sucker Punch"],"picked":"Riddle With Holes","floor":46.0}],"player_experience":314091,"relics_obtained":[{"floor":9.0,"key":"White Beast Statue"},{"floor":23.0,"key":"Paper Crane"},{"floor":25.0,"key":"Akabeko"},{"floor":26.0,"key":"Shuriken"},{"floor":30.0,"key":"Ninja Scroll"},{"floor":34.0,"key":"Calipers"},{"floor":34.0,"key":"Strawberry"},{"floor":34.0,"key":"Sundial"},{"floor":40.0,"key":"StrikeDummy"},{"floor":43.0,"key":"Lantern"}],"event_choices":[{"damage_healed":0.0,"max_hp_gain":0.0,"max_hp_loss":0.0,"gold_gain":0.0,"event_name":"Shining Light","player_choice":"Entered Light","floor":3.0,"gold_loss":0.0,"damage_taken":20.0,"cards_upgraded":["Bane","Strike_G"]},{"damage_healed":0.0,"max_hp_gain":0.0,"max_hp_loss":0.0,"gold_gain":150.0,"event_name":"Liars Game","player_choice":"AGREE","floor":5.0,"gold_loss":0.0,"damage_taken":0.0,"cards_obtained":["Doubt"]},{"damage_healed":0.0,"max_hp_gain":0.0,"max_hp_loss":0.0,"gold_gain":0.0,"event_name":"Dead Adventurer","player_choice":"Searched \u00272\u0027 times","floor":11.0,"gold_loss":0.0,"damage_taken":0.0,"relics_obtained":["Du-Vu Doll"]},{"damage_healed":0.0,"max_hp_gain":0.0,"max_hp_loss":0.0,"gold_gain":0.0,"event_name":"Accursed Blacksmith","player_choice":"Forge","floor":13.0,"gold_loss":0.0,"damage_taken":0.0,"cards_upgraded":["Caltrops"]},{"damage_healed":0.0,"max_hp_gain":0.0,"max_hp_loss":0.0,"gold_gain":0.0,"event_name":"Drug Dealer","player_choice":"Inject Mutagens","floor":19.0,"gold_loss":0.0,"damage_taken":0.0,"relics_obtained":["MutagenicStrength"]},{"damage_healed":0.0,"max_hp_gain":0.0,"max_hp_loss":0.0,"gold_gain":275.0,"event_name":"Golden Shrine","player_choice":"Desecrate","floor":38.0,"gold_loss":0.0,"damage_taken":0.0,"cards_obtained":["Regret"]}],"is_beta":false,"boss_relics":[{"not_picked":["Sozu","Tiny House"],"picked":"WristBlade"},{"not_picked":["Black Star","Runic Pyramid"],"picked":"Calling Bell"}],"items_purged_floors":[4,20,44,48],"is_endless":false,"potions_floor_spawned":[2,11,12,14,16,18,21,23,25,28,29,30,31,33,35,36,37,39,40,42,45,46],"ascension_level":19}}