{"host":"19r1ww88x2tc73i0","time":1611833514,"event":{"mods":["BaseMod","BetterRewards","Colored Map","Minty Spire (QoL Compilation)","Relic Stats","StSLib","SuperFastMode","slay the spire mod where everything is the same but ironclad has a cowboy hat"],"gold_per_floor":[114,133,133,153,153,153,153,184,208,236,311,326,326,352,352,425,425,435,193,205,105,105,105,135,135,182,182,198,198,227,240,240,316,316,333,160,185,29,42,74,88,108,131,146,146,180,180,194,194,194,194,194,194,29,63,63],"floor_reached":57,"language":"ENG","playtime":1916,"items_purged":["Strike_R","Strike_R","Normality"],"score":2786,"play_id":"f8540be8-350c-48cd-af17-bda48de7c30f","local_time":"25640128183154","is_ascension_mode":true,"campfire_choices":[{"data":"Pommel Strike","floor":6.0,"key":"SMITH"},{"data":"Flex","floor":13.0,"key":"SMITH"},{"data":"Limit Break","floor":15.0,"key":"SMITH"},{"data":"Offering","floor":23.0,"key":"SMITH"},{"data":"Sword Boomerang","floor":25.0,"key":"SMITH"},{"data":"Cleave","floor":32.0,"key":"SMITH"},{"data":"Offering","floor":45.0,"key":"SMITH"},{"floor":49.0,"key":"RECALL"},{"data":"Limit Break","floor":53.0,"key":"SMITH"}],"circlet_count":0,"master_deck":["AscendersBane","Strike_R+1","Strike_R+1","Strike_R+1","Defend_R+1","Defend_R+1","Defend_R+1","Defend_R+1","Bash+1","Sword Boomerang+1","Pommel Strike+1","Thunderclap","Limit Break+1","Flex+1","Pummel","Offering+1","Disarm","Impervious","Cleave+1","Flex+1","Reaper","Clothesline+1","Spot Weakness","Limit Break+1","Whirlwind","Offering+1","Disarm","Dark Embrace+1","Feel No Pain","Twin Strike+1","Impervious","Evolve"],"relics":["Burning Blood","Red Skull","Happy Flower","HornCleat","Blood Vial","Coffee Dripper","Medical Kit","Toy Ornithopter","Pen Nib","FaceOfCleric","Question Card","Cursed Key","Bird Faced Urn","Vajra","Bag of Marbles","Oddly Smooth Stone"],"acts_visited":["Exordium","TheCity","TheBeyond","TheEnding"],"potions_floor_usage":[56,56],"damage_taken":[{"damage":14.0,"enemies":"Jaw Worm","floor":1.0,"turns":4.0},{"damage":0.0,"enemies":"2 Louse","floor":2.0,"turns":3.0},{"damage":1.0,"enemies":"Small Slimes","floor":4.0,"turns":3.0},{"damage":40.0,"enemies":"3 Sentries","floor":8.0,"turns":8.0},{"damage":0.0,"enemies":"Gremlin Nob","floor":10.0,"turns":2.0},{"damage":3.0,"enemies":"3 Louse","floor":12.0,"turns":2.0},{"damage":21.0,"enemies":"Lagavulin","floor":14.0,"turns":4.0},{"damage":7.0,"enemies":"The Guardian","floor":16.0,"turns":6.0},{"damage":35.0,"enemies":"3 Byrds","floor":18.0,"turns":5.0},{"damage":12.0,"enemies":"Shell Parasite","floor":20.0,"turns":2.0},{"damage":16.0,"enemies":"Book of Stabbing","floor":24.0,"turns":3.0},{"damage":1.0,"enemies":"3 Cultists","floor":28.0,"turns":4.0},{"damage":14.0,"enemies":"Slavers","floor":30.0,"turns":2.0},{"damage":20.0,"enemies":"Centurion and Healer","floor":31.0,"turns":3.0},{"damage":19.0,"enemies":"Champ","floor":33.0,"turns":4.0},{"damage":6.0,"enemies":"Orb Walker","floor":35.0,"turns":1.0},{"damage":6.0,"enemies":"Mind Bloom Boss Battle","floor":37.0,"turns":2.0},{"damage":7.0,"enemies":"3 Shapes","floor":39.0,"turns":2.0},{"damage":16.0,"enemies":"Reptomancer","floor":40.0,"turns":3.0},{"damage":12.0,"enemies":"Writhing Mass","floor":41.0,"turns":3.0},{"damage":12.0,"enemies":"Maw","floor":42.0,"turns":4.0},{"damage":23.0,"enemies":"3 Darklings","floor":44.0,"turns":2.0},{"damage":19.0,"enemies":"Nemesis","floor":46.0,"turns":3.0},{"damage":20.0,"enemies":"Spire Growth","floor":48.0,"turns":3.0},{"damage":78.0,"enemies":"Donu and Deca","floor":50.0,"turns":7.0},{"damage":14.0,"enemies":"Time Eater","floor":51.0,"turns":5.0},{"damage":57.0,"enemies":"Shield and Spear","floor":55.0,"turns":5.0},{"damage":99,"enemies":"The Heart","floor":56,"turns":8}],"seed_played":"5380088613769576193","potions_obtained":[{"floor":2.0,"key":"HeartOfIron"},{"floor":4.0,"key":"SteroidPotion"},{"floor":8.0,"key":"Energy Potion"},{"floor":14.0,"key":"AttackPotion"},{"floor":18.0,"key":"GamblersBrew"},{"floor":30.0,"key":"LiquidBronze"},{"floor":40.0,"key":"AttackPotion"},{"floor":41.0,"key":"EntropicBrew"},{"floor":44.0,"key":"Ancient Potion"},{"floor":55.0,"key":"BlessingOfTheForge"}],"is_trial":false,"path_per_floor":["M","M","?","M","$","R","$","E","T","E","?","M","R","E","R","B",null,"M","$","M","$","?","R","E","R","T","?","M","?","E","M","R","B",null,"M","$","?","$","M","E","M","M","T","M","R","E","?","M","R","B","B",null,"R","$","E","B",null],"character_chosen":"IRONCLAD","items_purchased":["Medical Kit","Spot Weakness","Limit Break","Offering","Evolve"],"campfire_rested":0,"item_purchase_floors":[19,36,36,38,54],"current_hp_per_floor":[60,66,66,71,71,71,71,37,37,43,32,35,35,20,20,21,62,35,35,31,31,31,31,23,23,23,23,36,36,36,25,25,15,63,80,80,81,81,82,73,84,85,85,71,71,87,87,74,74,19,50,80,80,80,59,14],"gold":63,"neow_bonus":"UPGRADE_CARD","is_daily":false,"chose_seed":false,"campfire_upgraded":8,"win_rate":0.0,"timestamp":1611833514,"path_taken":["M","M","?","M","$","R","$","E","T","E","?","M","R","E","R","BOSS","M","$","M","$","?","R","E","R","T","?","?","?","E","M","R","BOSS","M","$","?","?","M","E","M","M","T","?","R","E","?","?","R","BOSS","BOSS","R","$","E","BOSS"],"items_purchased_type":["Relic","Card","Card","Card","Card"],"build_version":"2020-12-22","purchased_purges":3,"victory":true,"max_hp_per_floor":[75,75,75,75,75,75,75,75,75,75,75,75,75,75,75,75,75,75,75,75,75,75,75,75,75,75,75,76,76,77,78,78,79,79,80,80,81,81,82,83,84,85,85,86,86,87,87,88,88,89,90,90,90,90,91,92],"relic_stats":{"Blood Vial":30,"Happy Flower":[28],"FaceOfCleric":17,"counters":[28,103],"Bird Faced Urn":[30],"Pen Nib":[12],"Medical Kit":[13],"Question Card":12,"Cursed Key":1,"obtain_stats":[{"Happy Flower":9,"Vajra":40,"Oddly Smooth Stone":55,"Pen Nib":26,"Medical Kit":19,"Question Card":30,"Cursed Key":34,"Burning Blood":0,"Blood Vial":14,"HornCleat":10,"FaceOfCleric":27,"Bird Faced Urn":37,"Coffee Dripper":17,"Bag of Marbles":46,"Red Skull":8,"Toy Ornithopter":24},{"Happy Flower":4,"Vajra":19,"Oddly Smooth Stone":27,"Pen Nib":11,"Medical Kit":9,"Question Card":13,"Cursed Key":15,"Burning Blood":0,"Blood Vial":7,"HornCleat":5,"FaceOfCleric":11,"Bird Faced Urn":17,"Coffee Dripper":8,"Bag of Marbles":23,"Red Skull":4,"Toy Ornithopter":11},{"Happy Flower":18,"Vajra":63,"Oddly Smooth Stone":95,"Pen Nib":42,"Medical Kit":37,"Question Card":48,"Cursed Key":55,"Burning Blood":0,"Blood Vial":26,"HornCleat":20,"FaceOfCleric":42,"Bird Faced Urn":58,"Coffee Dripper":32,"Bag of Marbles":75,"Red Skull":18,"Toy Ornithopter":42}],"Burning Blood":138,"Toy Ornithopter":34},"card_choices":[{"not_picked":["Iron Wave","Burning Pact"],"picked":"Sword Boomerang","floor":1.0},{"not_picked":["Headbutt","Searing Blow"],"picked":"Pommel Strike","floor":2.0},{"not_picked":["Armaments","Iron Wave"],"picked":"Thunderclap","floor":4.0},{"not_picked":["Perfected Strike","Infernal Blade","Clash"],"picked":"SKIP","floor":8.0},{"not_picked":["Disarm","Sever Soul"],"picked":"Limit Break","floor":10.0},{"not_picked":["Sword Boomerang","Bloodletting"],"picked":"Flex","floor":12.0},{"not_picked":["Havoc","Iron Wave"],"picked":"Pummel","floor":14.0},{"not_picked":["Impervious","Limit Break"],"picked":"Offering","floor":16.0},{"not_picked":["Armaments","Perfected Strike"],"picked":"Disarm","floor":18.0},{"not_picked":["Thunderclap","Twin Strike","Dual Wield"],"picked":"SKIP","floor":20.0},{"not_picked":["Twin Strike","Flame Barrier"],"picked":"Impervious","floor":24.0},{"not_picked":["Disarm","Headbutt"],"picked":"Cleave","floor":28.0},{"not_picked":["Thunderclap","Perfected Strike"],"picked":"Flex+1","floor":30.0},{"not_picked":["Pommel Strike","Heavy Blade","Rage","Power Through"],"picked":"SKIP","floor":31.0},{"not_picked":["Feed","Exhume","Corruption"],"picked":"Reaper","floor":33.0},{"not_picked":["Havoc","Sever Soul","Twin Strike"],"picked":"Clothesline+1","floor":35.0},{"not_picked":["Reckless Charge","Iron Wave","Havoc"],"picked":"Whirlwind","floor":37.0},{"not_picked":["Flex","Iron Wave","Clothesline+1"],"picked":"Disarm","floor":39.0},{"not_picked":["Flame Barrier","Iron Wave+1","Anger"],"picked":"Dark Embrace+1","floor":40.0},{"not_picked":["Warcry","Carnage","Cleave"],"picked":"Feel No Pain","floor":41.0},{"not_picked":["True Grit","Sword Boomerang","Havoc"],"picked":"Twin Strike+1","floor":42.0},{"not_picked":["Twin Strike","Immolate","Thunderclap","True Grit"],"picked":"SKIP","floor":44.0},{"not_picked":["Twin Strike","Pommel Strike","Havoc","Headbutt"],"picked":"SKIP","floor":46.0},{"not_picked":["Anger","Pommel Strike","True Grit+1"],"picked":"Impervious","floor":48.0},{"not_picked":["Body Slam","Clash","Clothesline","Rage"],"picked":"SKIP","floor":55.0}],"player_experience":962807,"relics_obtained":[{"floor":8.0,"key":"Red Skull"},{"floor":9.0,"key":"Happy Flower"},{"floor":10.0,"key":"HornCleat"},{"floor":14.0,"key":"Blood Vial"},{"floor":24.0,"key":"Toy Ornithopter"},{"floor":26.0,"key":"Pen Nib"},{"floor":30.0,"key":"Question Card"},{"floor":37.0,"key":"Bird Faced Urn"},{"floor":40.0,"key":"Vajra"},{"floor":46.0,"key":"Bag of Marbles"},{"floor":55.0,"key":"Oddly Smooth Stone"}],"event_choices":[{"damage_healed":0.0,"max_hp_gain":0.0,"max_hp_loss":0.0,"gold_gain":0.0,"event_name":"The Cleric","player_choice":"Leave","floor":3.0,"gold_loss":0.0,"damage_taken":0.0},{"damage_healed":0.0,"max_hp_gain":0.0,"max_hp_loss":0.0,"gold_gain":75.0,"event_name":"World of Goop","player_choice":"Gather Gold","floor":11.0,"gold_loss":0.0,"damage_taken":11.0},{"damage_healed":0.0,"max_hp_gain":0.0,"max_hp_loss":0.0,"gold_gain":0.0,"event_name":"Vampires","player_choice":"Ignored","floor":22.0,"gold_loss":0.0,"damage_taken":0.0},{"damage_healed":0.0,"max_hp_gain":0.0,"max_hp_loss":0.0,"gold_gain":0.0,"event_name":"FaceTrader","player_choice":"Trade","floor":27.0,"gold_loss":0.0,"damage_taken":0.0,"relics_obtained":["FaceOfCleric"]},{"damage_healed":0.0,"max_hp_gain":0.0,"max_hp_loss":0.0,"gold_gain":0.0,"event_name":"Back to Basics","player_choice":"Simplicity","floor":29.0,"gold_loss":0.0,"damage_taken":0.0,"cards_upgraded":["Strike_R","Strike_R","Strike_R","Defend_R","Defend_R","Defend_R","Defend_R"]},{"damage_healed":0.0,"max_hp_gain":0.0,"max_hp_loss":0.0,"gold_gain":0.0,"event_name":"MindBloom","player_choice":"Fight","floor":37.0,"gold_loss":0.0,"damage_taken":0.0},{"damage_healed":0.0,"max_hp_gain":0.0,"max_hp_loss":0.0,"gold_gain":0.0,"event_name":"SecretPortal","player_choice":"Ignored","floor":47.0,"gold_loss":0.0,"damage_taken":0.0}],"is_beta":false,"boss_relics":[{"not_picked":["SacredBark","Calling Bell"],"picked":"Coffee Dripper"},{"not_picked":["Runic Dome","Sozu"],"picked":"Cursed Key"}],"items_purged_floors":[19,21,54],"is_endless":false,"potions_floor_spawned":[2,4,8,14,18,30,40,41,44,55],"ascension_level":20}}