{"host":"gfxjwtol062e9znw","time":1611836041,"event":{"mods":["BaseMod","Colored Map","Minty Spire (QoL Compilation)"],"gold_per_floor":[116,116,128,128,13,42,114,114,141,43,76,88,58,88,88,189,189,173,173,173,47,65,65,91,91,91,106,6,17,47,47,47,47,47],"floor_reached":33,"language":"ENG","playtime":1414,"items_purged":["Defend_B","Strike_B"],"score":389,"play_id":"cea98b0b-bb7a-4121-82a6-c3c37f0488d2","local_time":"20210128231401","is_ascension_mode":true,"campfire_choices":[{"data":"Dualcast","floor":8,"key":"SMITH"},{"data":"Buffer","floor":15,"key":"SMITH"},{"data":"Loop","floor":23,"key":"SMITH"},{"floor":25,"key":"REST"},{"floor":32,"key":"REST"}],"circlet_count":0,"master_deck":["Strike_B+1","Strike_B","Strike_B","Defend_B","Defend_B","Defend_B","Zap","Dualcast+1","Melter+1","Turbo","Glacier","Cold Snap","Hologram","BootSequence","Buffer+1","Amplify","Doom and Gloom+1","Ball Lightning","Loop+1","Aggregate","Tempest+1","Biased Cognition+1"],"relics":["Cracked Core","NeowsBlessing","Nunchaku","Shuriken","Boot","Orichalcum","Oddly Smooth Stone","Black Star","Peace Pipe","Kunai","Juzu Bracelet","Frozen Egg 2","Prayer Wheel","Torii"],"acts_visited":["Exordium","TheCity"],"potions_floor_usage":[13,14,22,24,24,30],"damage_taken":[{"damage":0,"enemies":"Jaw Worm","floor":1,"turns":1},{"damage":0,"enemies":"Small Slimes","floor":3,"turns":1},{"damage":0,"enemies":"Gremlin Nob","floor":6,"turns":1},{"damage":6,"enemies":"Lagavulin","floor":11,"turns":6},{"damage":0,"enemies":"Cultist","floor":12,"turns":2},{"damage":4,"enemies":"Gremlin Nob","floor":14,"turns":5},{"damage":23,"enemies":"The Guardian","floor":16,"turns":12},{"damage":3,"enemies":"2 Thieves","floor":18,"turns":4},{"damage":17,"enemies":"3 Byrds","floor":22,"turns":4},{"damage":39,"enemies":"Gremlin Leader","floor":24,"turns":6},{"damage":6,"enemies":"Centurion and Healer","floor":27,"turns":6},{"damage":7,"enemies":"Cultist and Chosen","floor":29,"turns":6},{"damage":42,"enemies":"Slavers","floor":30,"turns":7},{"damage":0,"enemies":"Colosseum Slavers","floor":31,"turns":3},{"damage":38,"enemies":"Automaton","floor":33,"turns":6}],"seed_played":"-8974865988358215199","potions_obtained":[{"floor":12,"key":"SkillPotion"},{"floor":13,"key":"Fruit Juice"},{"floor":13,"key":"Regen Potion"},{"floor":14,"key":"Fire Potion"},{"floor":24,"key":"LiquidBronze"},{"floor":30,"key":"GamblersBrew"}],"is_trial":false,"path_per_floor":["M","?","M","?","$","E","T","R","T","$","E","M","?","E","R","B",null,"M","?","T","$","M","R","E","R","T","M","$","M","E","?","R","B"],"character_chosen":"DEFECT","items_purchased":["Glacier","Hologram","Regen Potion","Ball Lightning","Loop"],"campfire_rested":2,"item_purchase_floors":[5,10,10,21,21],"current_hp_per_floor":[75,80,80,64,64,64,64,64,64,64,58,58,63,71,71,48,85,82,82,82,82,65,65,41,66,66,60,60,53,11,11,36,0,0],"gold":47,"neow_bonus":"THREE_ENEMY_KILL","is_daily":false,"chose_seed":false,"campfire_upgraded":3,"win_rate":0.0,"timestamp":1611836041,"path_taken":["M","?","M","?","$","E","?","R","T","$","E","M","?","E","R","BOSS","M","?","?","$","?","R","E","R","T","M","?","M","E","?","R","BOSS"],"items_purchased_type":["Card","Card","Potion","Card","Card"],"build_version":"2020-12-22","purchased_purges":2,"victory":false,"max_hp_per_floor":[75,80,80,80,80,80,80,80,80,80,80,80,85,85,85,85,85,85,85,85,85,85,85,85,85,85,85,85,85,85,85,85,85,85],"card_choices":[{"not_picked":["Cold Snap","Coolheaded"],"picked":"Melter","floor":1},{"not_picked":["Fusion","Redo"],"picked":"Turbo","floor":3},{"not_picked":["Hologram","Beam Cell"],"picked":"Cold Snap","floor":6},{"not_picked":["Leap","Barrage"],"picked":"BootSequence","floor":11},{"not_picked":["Turbo","Reinforced Body"],"picked":"Buffer","floor":12},{"not_picked":["Streamline","Rip and Tear","Cold Snap"],"picked":"SKIP","floor":14},{"not_picked":["Hyperbeam","Rainbow"],"picked":"Amplify","floor":16},{"not_picked":["Sunder","Leap"],"picked":"Doom and Gloom+1","floor":18},{"not_picked":["Leap","Turbo","Reprogram"],"picked":"SKIP","floor":22},{"not_picked":["Leap","Turbo"],"picked":"Aggregate","floor":24},{"not_picked":["Rebound","Sunder"],"picked":"Tempest+1","floor":27},{"not_picked":["Stack","Force Field","Sunder"],"picked":"SKIP","floor":29},{"not_picked":["Streamline+1","Hologram"],"picked":"Biased Cognition+1","floor":30}],"player_experience":15764,"relics_obtained":[{"floor":6,"key":"Nunchaku"},{"floor":7,"key":"Shuriken"},{"floor":9,"key":"Boot"},{"floor":11,"key":"Orichalcum"},{"floor":14,"key":"Oddly Smooth Stone"},{"floor":20,"key":"Peace Pipe"},{"floor":24,"key":"Kunai"},{"floor":24,"key":"Juzu Bracelet"},{"floor":26,"key":"Frozen Egg 2"},{"floor":30,"key":"Prayer Wheel"},{"floor":30,"key":"Torii"}],"event_choices":[{"damage_healed":0,"gold_gain":0,"player_choice":"Donut","damage_taken":0,"max_hp_gain":5,"max_hp_loss":0,"event_name":"Big Fish","floor":2,"gold_loss":0},{"damage_healed":0,"gold_gain":0,"player_choice":"Entered Light","damage_taken":16,"max_hp_gain":0,"max_hp_loss":0,"event_name":"Shining Light","floor":4,"gold_loss":0,"cards_upgraded":["Melter","Strike_B"]},{"damage_healed":0,"gold_gain":0,"player_choice":"Bought 2 Potions","damage_taken":0,"max_hp_gain":0,"max_hp_loss":0,"event_name":"The Woman in Blue","floor":13,"gold_loss":0},{"damage_healed":0,"gold_gain":0,"player_choice":"Ignored","damage_taken":0,"max_hp_gain":0,"max_hp_loss":0,"event_name":"Ghosts","floor":19,"gold_loss":0},{"damage_healed":0,"gold_gain":0,"player_choice":"Fight","damage_taken":0,"max_hp_gain":0,"max_hp_loss":0,"event_name":"Colosseum","floor":31,"gold_loss":0},{"damage_healed":0,"gold_gain":0,"player_choice":"Fled From Nobs","damage_taken":0,"max_hp_gain":0,"max_hp_loss":0,"event_name":"Colosseum","floor":31,"gold_loss":0}],"is_beta":false,"boss_relics":[{"not_picked":["Coffee Dripper","Astrolabe"],"picked":"Black Star"}],"items_purged_floors":[5,28],"is_endless":false,"potions_floor_spawned":[12,14,16,24,30,31],"killed_by":"Automaton","ascension_level":4}}