{"host":"0wg06g56pkevom5o","time":1611857647,"event":{"mods":["BaseMod","Bestiary","Minty Spire (QoL Compilation)","Relic Stats"],"gold_per_floor":[116,96,110,121,132,132,161,161,231,231,257,277,307,323,323,425,425,436,436,446,463,476,476,490,490,572,283,283,313,166,166,166,269,269,280,330,20,32,32,32,63,81,108,134,144,164,192,209,209,209],"floor_reached":51,"language":"ENG","playtime":2486,"items_purged":["Strike_B","Strike_B"],"score":929,"play_id":"023aef7f-1f10-4ca5-a1c0-0784554ec427","local_time":"20210128131407","is_ascension_mode":false,"campfire_choices":[{"data":"Loop","floor":6,"key":"SMITH"},{"data":"Buffer","floor":8,"key":"SMITH"},{"data":"Consume","floor":15,"key":"SMITH"},{"data":"Rainbow","floor":23,"key":"SMITH"},{"data":"Redo","floor":25,"key":"SMITH"},{"data":"Loop","floor":32,"key":"SMITH"},{"data":"Creative AI","floor":40,"key":"SMITH"},{"data":"Loop","floor":49,"key":"SMITH"}],"circlet_count":0,"master_deck":["Defend_B","Defend_B","Zap","Dualcast","Loop+1","Cold Snap","Ball Lightning","Buffer+1","Glacier","Consume+1","Compile Driver","Doom and Gloom","Rainbow+1","Lockon","Redo+1","Hologram+1","Amplify+1","Loop+1","Doom and Gloom","Heatsinks","Self Repair","Biased Cognition","Go for the Eyes","FTL+1","Creative AI+1","Loop+1","Hologram+1","Redo+1","Darkness+1"],"relics":["Cracked Core","Incense Burner","Matryoshka","Regal Pillow","Toy Ornithopter","Nuclear Battery","Mercury Hourglass","Mummified Hand","FossilizedHelix","Orrery","Busted Crown","StoneCalendar","Membership Card","Potion Belt","Peace Pipe","Centennial Puzzle","Omamori","Pear","InkBottle"],"acts_visited":["Exordium","TheCity","TheBeyond"],"potions_floor_usage":[29,29,29,29,33,47],"damage_taken":[{"damage":3,"enemies":"2 Louse","floor":1,"turns":2},{"damage":0,"enemies":"Cultist","floor":3,"turns":3},{"damage":1,"enemies":"Jaw Worm","floor":4,"turns":4},{"damage":4,"enemies":"Exordium Wildlife","floor":5,"turns":3},{"damage":10,"enemies":"Lagavulin","floor":7,"turns":10},{"damage":4,"enemies":"3 Sentries","floor":11,"turns":7},{"damage":4,"enemies":"Gremlin Gang","floor":12,"turns":5},{"damage":0,"enemies":"Gremlin Nob","floor":13,"turns":7},{"damage":0,"enemies":"Blue Slaver","floor":14,"turns":3},{"damage":10,"enemies":"The Guardian","floor":16,"turns":9},{"damage":0,"enemies":"Spheric Guardian","floor":18,"turns":3},{"damage":3,"enemies":"Chosen","floor":20,"turns":3},{"damage":0,"enemies":"Centurion and Healer","floor":21,"turns":7},{"damage":11,"enemies":"Snake Plant","floor":22,"turns":5},{"damage":0,"enemies":"Chosen and Byrds","floor":24,"turns":5},{"damage":10,"enemies":"Slavers","floor":29,"turns":5},{"damage":0,"enemies":"Automaton","floor":33,"turns":10},{"damage":0,"enemies":"3 Shapes","floor":35,"turns":4},{"damage":0,"enemies":"Mind Bloom Boss Battle","floor":36,"turns":4},{"damage":0,"enemies":"Orb Walker","floor":38,"turns":4},{"damage":6,"enemies":"Nemesis","floor":41,"turns":5},{"damage":0,"enemies":"Sphere and 2 Shapes","floor":42,"turns":4},{"damage":0,"enemies":"Giant Head","floor":44,"turns":8},{"damage":0,"enemies":"Writhing Mass","floor":45,"turns":5},{"damage":0,"enemies":"Transient","floor":46,"turns":5},{"damage":22,"enemies":"Reptomancer","floor":47,"turns":6},{"damage":8,"enemies":"3 Darklings","floor":48,"turns":4},{"damage":43,"enemies":"Time Eater","floor":50,"turns":6}],"seed_played":"3621314607915931061","potions_obtained":[{"floor":2,"key":"LiquidMemories"},{"floor":3,"key":"Weak Potion"},{"floor":5,"key":"FocusPotion"},{"floor":7,"key":"EntropicBrew"},{"floor":29,"key":"BlessingOfTheForge"},{"floor":33,"key":"Weak Potion"},{"floor":35,"key":"Strength Potion"},{"floor":41,"key":"Regen Potion"},{"floor":45,"key":"SteroidPotion"},{"floor":47,"key":"ColorlessPotion"}],"is_trial":false,"path_per_floor":["M","?","M","M","M","R","E","R","T","?","E","M","E","M","R","B",null,"M","?","M","M","M","R","M","R","T","$","?","E","$","?","R","B",null,"M","?","$","M","?","R","E","M","T","E","M","M","E","M","R","B",null],"character_chosen":"DEFECT","items_purchased":["Amplify","Loop","Orrery","Membership Card","Loop","Potion Belt"],"campfire_rested":0,"item_purchase_floors":[27,27,30,37,37,37],"current_hp_per_floor":[79,79,79,78,74,74,64,64,64,57,53,49,49,49,49,39,82,82,82,79,79,68,68,68,68,68,68,68,72,72,72,72,82,82,82,82,82,82,82,82,82,82,82,92,92,92,87,79,79,43],"gold":209,"neow_bonus":"TEN_PERCENT_HP_BONUS","is_daily":false,"chose_seed":false,"campfire_upgraded":8,"win_rate":0.0,"timestamp":1611857647,"path_taken":["M","?","M","M","?","R","E","R","T","?","E","M","E","M","R","BOSS","M","?","M","?","M","R","M","R","T","$","?","E","$","?","R","BOSS","M","?","$","M","?","R","E","M","T","E","M","?","E","M","R","BOSS"],"items_purchased_type":["Card","Card","Relic","Relic","Card","Relic"],"build_version":"2020-12-22","purchased_purges":2,"victory":true,"max_hp_per_floor":[82,82,82,82,82,82,82,82,82,82,82,82,82,82,82,82,82,82,82,82,82,82,82,82,82,82,82,82,82,82,82,82,82,82,82,82,82,82,82,82,82,82,82,92,92,92,92,92,92,92],"relic_stats":{"Peace Pipe":0,"Regal Pillow":0,"Centennial Puzzle":[9],"Busted Crown":20,"counters":[28,143],"Mummified Hand":[120],"StoneCalendar":[52],"obtain_stats":[{"Potion Belt":37,"Regal Pillow":11,"Pear":44,"StoneCalendar":36,"Incense Burner":7,"Omamori":43,"Nuclear Battery":17,"Mercury Hourglass":26,"Peace Pipe":41,"Centennial Puzzle":43,"Matryoshka":9,"Busted Crown":34,"Mummified Hand":26,"Orrery":30,"Membership Card":37,"Cracked Core":0,"Toy Ornithopter":13,"FossilizedHelix":29,"InkBottle":47},{"Potion Belt":19,"Regal Pillow":6,"Pear":23,"StoneCalendar":19,"Incense Burner":5,"Omamori":22,"Nuclear Battery":10,"Mercury Hourglass":15,"Peace Pipe":21,"Centennial Puzzle":22,"Matryoshka":5,"Busted Crown":17,"Mummified Hand":15,"Orrery":16,"Membership Card":19,"Cracked Core":0,"Toy Ornithopter":8,"FossilizedHelix":16,"InkBottle":26},{"Potion Belt":98,"Regal Pillow":28,"Pear":118,"StoneCalendar":98,"Incense Burner":21,"Omamori":110,"Nuclear Battery":52,"Mercury Hourglass":75,"Peace Pipe":106,"Centennial Puzzle":110,"Matryoshka":21,"Busted Crown":90,"Mummified Hand":75,"Orrery":80,"Membership Card":98,"Cracked Core":0,"Toy Ornithopter":40,"FossilizedHelix":80,"InkBottle":133}],"Toy Ornithopter":24,"InkBottle":[5],"Mercury Hourglass":[275]},"card_choices":[{"not_picked":["Compile Driver","Redo"],"picked":"Loop","floor":1},{"not_picked":["Beam Cell","Loop"],"picked":"Cold Snap","floor":3},{"not_picked":["Leap","Steam"],"picked":"Ball Lightning","floor":4},{"not_picked":["Barrage","Gash","Aggregate"],"picked":"SKIP","floor":5},{"not_picked":["Leap","Static Discharge"],"picked":"Buffer","floor":7},{"not_picked":["Beam Cell","Barrage"],"picked":"Glacier","floor":11},{"not_picked":["Aggregate","Steam"],"picked":"Consume","floor":12},{"not_picked":["Glacier","Reprogram"],"picked":"Compile Driver","floor":13},{"not_picked":["Coolheaded","Melter"],"picked":"Doom and Gloom","floor":14},{"not_picked":["Buffer","Machine Learning"],"picked":"Rainbow","floor":16},{"not_picked":["Storm+1","Conserve Battery"],"picked":"Lockon","floor":18},{"not_picked":["Darkness","FTL"],"picked":"Redo","floor":20},{"not_picked":["Static Discharge","Ball Lightning"],"picked":"Hologram+1","floor":21},{"not_picked":["BootSequence+1","Leap","Glacier"],"picked":"SKIP","floor":22},{"not_picked":["Steam","Gash","Cold Snap"],"picked":"SKIP","floor":24},{"not_picked":["Barrage+1","Sweeping Beam+1"],"picked":"Self Repair","floor":29},{"not_picked":["Streamline","Redo"],"picked":"Biased Cognition","floor":30},{"not_picked":["Cold Snap+1","Beam Cell"],"picked":"Go for the Eyes","floor":30},{"not_picked":["Double Energy","Reboot"],"picked":"FTL+1","floor":30},{"not_picked":["All For One","Multi-Cast"],"picked":"Creative AI","floor":33},{"not_picked":["Scrape+1"],"picked":"SKIP","floor":35},{"not_picked":[],"picked":"Hologram+1","floor":38},{"not_picked":["Leap+1"],"picked":"SKIP","floor":41},{"not_picked":[],"picked":"Redo+1","floor":42},{"not_picked":[],"picked":"Darkness+1","floor":44},{"not_picked":["Beam Cell"],"picked":"SKIP","floor":45},{"not_picked":["Steam"],"picked":"SKIP","floor":46},{"not_picked":["Beam Cell"],"picked":"SKIP","floor":47},{"not_picked":["Streamline+1"],"picked":"SKIP","floor":48}],"player_experience":8326,"relics_obtained":[{"floor":7,"key":"Incense Burner"},{"floor":9,"key":"Matryoshka"},{"floor":11,"key":"Regal Pillow"},{"floor":13,"key":"Toy Ornithopter"},{"floor":26,"key":"Mercury Hourglass"},{"floor":26,"key":"Mummified Hand"},{"floor":29,"key":"FossilizedHelix"},{"floor":36,"key":"StoneCalendar"},{"floor":41,"key":"Peace Pipe"},{"floor":43,"key":"Centennial Puzzle"},{"floor":43,"key":"Omamori"},{"floor":44,"key":"Pear"},{"floor":47,"key":"InkBottle"}],"event_choices":[{"damage_healed":0,"gold_gain":0,"player_choice":"Bought 1 Potion","damage_taken":0,"max_hp_gain":0,"max_hp_loss":0,"event_name":"The Woman in Blue","floor":2,"gold_loss":0},{"cards_removed":["Strike_B"],"damage_healed":0,"gold_gain":0,"player_choice":"Card Removal","damage_taken":7,"max_hp_gain":0,"max_hp_loss":0,"event_name":"Golden Wing","floor":10,"gold_loss":0},{"cards_removed":["Iron Wave"],"damage_healed":0,"gold_gain":0,"player_choice":"Took Card","damage_taken":0,"max_hp_gain":0,"max_hp_loss":0,"event_name":"NoteForYourself","floor":19,"gold_loss":0,"cards_obtained":["Iron Wave"]},{"damage_healed":0,"gold_gain":0,"cards_transformed":["Defend_B","Strike_B"],"player_choice":"Became Test Subject","damage_taken":0,"max_hp_gain":0,"max_hp_loss":0,"event_name":"Drug Dealer","floor":28,"gold_loss":0,"cards_obtained":["Doom and Gloom","Heatsinks"]},{"damage_healed":0,"gold_gain":0,"player_choice":"Upgraded","damage_taken":0,"max_hp_gain":0,"max_hp_loss":0,"event_name":"Upgrade Shrine","floor":31,"gold_loss":0,"cards_upgraded":["Amplify"]},{"damage_healed":0,"gold_gain":0,"player_choice":"Fight","damage_taken":0,"max_hp_gain":0,"max_hp_loss":0,"event_name":"MindBloom","floor":36,"gold_loss":0},{"cards_removed":["Defend_B"],"damage_healed":0,"gold_gain":0,"player_choice":"Purged","damage_taken":0,"max_hp_gain":0,"max_hp_loss":0,"event_name":"Purifier","floor":39,"gold_loss":0}],"is_beta":false,"boss_relics":[{"not_picked":["SlaversCollar","Snecko Eye"],"picked":"Nuclear Battery"},{"not_picked":["Empty Cage","Runic Dome"],"picked":"Busted Crown"}],"items_purged_floors":[27,37],"is_endless":false,"potions_floor_spawned":[3,5,7,12,14,21,22,29,33,35,41,45,46,47],"ascension_level":0}}