{"host":"nwd160me4iqdtr8u","time":1611838554,"event":{"mods":["AchievementEnabler","Act Like it!","BaseMod","Colored Map","DeckTracker","Minty Spire (QoL Compilation)","Quick Restart","Rare Cards Sparkle","StSLib","SuperFastMode","everything is the same but u backflip on backflip"],"gold_per_floor":[109,35,35,53,67,101,118,128,128,53,64,79,79,79,79,182,182,195,43,53,53,53,88,88,120,120,0,0,0,10,10,10,111,111,122,122,140,140,156,156,84,95,95,95,95],"floor_reached":44,"language":"KOR","playtime":2300,"items_purged":["Strike_B","Strike_B"],"score":515,"play_id":"00ae1457-92ed-48cb-bae5-11e55a679415","local_time":"20210128215554","is_ascension_mode":true,"campfire_choices":[{"floor":13.0,"key":"REST"},{"data":"Defragment","floor":15.0,"key":"SMITH"},{"floor":24.0,"key":"REST"},{"floor":28.0,"key":"REST"},{"floor":32.0,"key":"REST"},{"data":"Coolheaded","floor":40.0,"key":"SMITH"}],"circlet_count":0,"master_deck":["Strike_B","Defend_B","Zap+1","Dualcast","Steam","Defragment+1","Redo","Hologram+1","Sweeping Beam","Glacier","Chill","BootSequence","Hyperbeam","Coolheaded+1","Compile Driver","Skim","Cold Snap","Blizzard+1","Self Repair","Reboot","Redo+1","FTL+1","Blizzard"],"relics":["SlaversCollar","Question Card","Bottled Lightning","Cursed Key","Juzu Bracelet","Du-Vu Doll","FossilizedHelix","Tiny Chest","Empty Cage"],"acts_visited":["Exordium","TheCity","TheBeyond"],"potions_floor_usage":[],"damage_taken":[{"damage":6.0,"enemies":"2 Louse","floor":1.0,"turns":2.0},{"damage":0.0,"enemies":"Cultist","floor":4.0,"turns":4.0},{"damage":0.0,"enemies":"Small Slimes","floor":5.0,"turns":3.0},{"damage":45.0,"enemies":"3 Sentries","floor":6.0,"turns":10.0},{"damage":13.0,"enemies":"Blue Slaver","floor":7.0,"turns":3.0},{"damage":9.0,"enemies":"Large Slime","floor":8.0,"turns":6.0},{"damage":1.0,"enemies":"Red Slaver","floor":11.0,"turns":3.0},{"damage":0.0,"enemies":"Looter","floor":12.0,"turns":4.0},{"damage":13.0,"enemies":"Slime Boss","floor":16.0,"turns":15.0},{"damage":19.0,"enemies":"Shell Parasite","floor":18.0,"turns":9.0},{"damage":10.0,"enemies":"3 Byrds","floor":20.0,"turns":6.0},{"damage":22.0,"enemies":"Gremlin Leader","floor":23.0,"turns":6.0},{"damage":43.0,"enemies":"Slavers","floor":25.0,"turns":5.0},{"damage":0.0,"enemies":"Snecko","floor":30.0,"turns":5.0},{"damage":28.0,"enemies":"Collector","floor":33.0,"turns":14.0},{"damage":9.0,"enemies":"3 Darklings","floor":35.0,"turns":3.0},{"damage":0.0,"enemies":"Orb Walker","floor":37.0,"turns":5.0},{"damage":2.0,"enemies":"Spire Growth","floor":39.0,"turns":6.0},{"damage":27.0,"enemies":"Writhing Mass","floor":42.0,"turns":9.0},{"damage":58,"enemies":"Transient","floor":44,"turns":4}],"seed_played":"3190550263093862776","potions_obtained":[{"floor":1.0,"key":"Ancient Potion"},{"floor":11.0,"key":"Dexterity Potion"},{"floor":16.0,"key":"LiquidBronze"},{"floor":18.0,"key":"PowerPotion"},{"floor":25.0,"key":"EssenceOfDarkness"},{"floor":33.0,"key":"Fire Potion"},{"floor":39.0,"key":"Strength Potion"},{"floor":42.0,"key":"Swift Potion"}],"is_trial":false,"path_per_floor":["M","$","?","M","M","E","M","M","T","$","M","M","R","?","R","B",null,"M","$","M","?","?","E","R","E","T","?","R","?","M","?","R","B",null,"M","?","M","?","M","R","$","M","T","M"],"character_chosen":"DEFECT","items_purchased":["Defragment","Compile Driver","Blizzard"],"campfire_rested":4,"item_purchase_floors":[2,19,41],"current_hp_per_floor":[69,69,69,69,69,24,11,2,2,2,1,1,23,23,23,10,75,56,56,46,46,46,24,46,3,3,3,25,25,25,25,47,26,75,66,66,73,73,75,75,75,55,55,0,0],"gold":95,"neow_bonus":"BOSS_RELIC","is_daily":false,"chose_seed":false,"campfire_upgraded":2,"win_rate":0.0,"timestamp":1611838554,"path_taken":["M","$","?","M","M","E","M","?","T","$","M","M","R","?","R","BOSS","M","?","M","?","?","E","R","E","T","?","R","?","M","?","R","BOSS","M","?","M","?","M","R","$","M","T","M"],"items_purchased_type":["Card","Card","Card"],"build_version":"2020-12-22","purchased_purges":2,"victory":false,"max_hp_per_floor":[75,75,75,75,75,75,75,75,75,75,75,75,75,75,75,75,75,75,75,75,75,75,75,75,75,75,75,75,75,75,75,75,75,75,75,75,75,75,75,75,75,75,75,75,75],"card_choices":[{"not_picked":["Force Field","Aggregate"],"picked":"Steam","floor":1.0},{"not_picked":["Hello World","Undo","Leap"],"picked":"SKIP","floor":4.0},{"not_picked":["Heatsinks","Rebound"],"picked":"Redo","floor":5.0},{"not_picked":["Rebound","Barrage"],"picked":"Hologram","floor":6.0},{"not_picked":["Fusion","Stack","Rip and Tear"],"picked":"Sweeping Beam","floor":7.0},{"not_picked":["Tempest","Ball Lightning","Static Discharge"],"picked":"Glacier","floor":8.0},{"not_picked":["Cold Snap","Beam Cell","Ball Lightning"],"picked":"Chill","floor":11.0},{"not_picked":["Recycle","Hologram","Fusion"],"picked":"BootSequence","floor":12.0},{"not_picked":["Meteor Strike","Seek","Rainbow"],"picked":"Hyperbeam","floor":16.0},{"not_picked":["Go for the Eyes+1","Rebound","Compile Driver"],"picked":"Coolheaded","floor":18.0},{"not_picked":["Sweeping Beam+1","Reprogram","Compile Driver+1","Hologram"],"picked":"SKIP","floor":20.0},{"not_picked":["Gash","Chaos+1","Multi-Cast"],"picked":"Skim","floor":23.0},{"not_picked":["Redo","Leap","Chaos"],"picked":"Cold Snap","floor":25.0},{"not_picked":["White Noise","Steam","Reinforced Body+1"],"picked":"Blizzard+1","floor":30.0},{"not_picked":["Hyperbeam","Machine Learning","Multi-Cast"],"picked":"Reboot","floor":33.0},{"not_picked":["Chaos","Hello World+1","Rip and Tear"],"picked":"Redo+1","floor":35.0},{"not_picked":["Leap+1","Genetic Algorithm","Redo"],"picked":"FTL+1","floor":37.0},{"not_picked":["Gash+1","Melter","Sweeping Beam+1","Redo"],"picked":"SKIP","floor":39.0},{"not_picked":["Hello World+1","Steam","Ball Lightning","Cold Snap"],"picked":"SKIP","floor":42.0}],"player_experience":276236,"relics_obtained":[{"floor":6.0,"key":"Question Card"},{"floor":9.0,"key":"Bottled Lightning"},{"floor":23.0,"key":"Juzu Bracelet"},{"floor":25.0,"key":"Du-Vu Doll"},{"floor":26.0,"key":"FossilizedHelix"}],"event_choices":[{"damage_healed":0.0,"max_hp_gain":0.0,"max_hp_loss":0.0,"gold_gain":0.0,"event_name":"Upgrade Shrine","player_choice":"Upgraded","floor":3.0,"gold_loss":0.0,"damage_taken":0.0,"cards_upgraded":["Zap"]},{"cards_removed":["Defend_B"],"damage_healed":0.0,"max_hp_gain":0.0,"max_hp_loss":0.0,"gold_gain":0.0,"event_name":"Bonfire Elementals","player_choice":"Offered Basic","floor":14.0,"gold_loss":0.0,"damage_taken":0.0},{"cards_removed":["Defend_B"],"damage_healed":0.0,"max_hp_gain":0.0,"max_hp_loss":0.0,"gold_gain":0.0,"event_name":"Back to Basics","player_choice":"Elegance","floor":21.0,"gold_loss":0.0,"damage_taken":0.0},{"damage_healed":0.0,"max_hp_gain":0.0,"max_hp_loss":0.0,"gold_gain":0.0,"cards_transformed":["Strike_B"],"event_name":"Transmorgrifier","player_choice":"Transformed","floor":22.0,"gold_loss":0.0,"damage_taken":0.0,"cards_obtained":["Stack"]},{"damage_healed":0.0,"max_hp_gain":0.0,"max_hp_loss":0.0,"gold_gain":0.0,"event_name":"Masked Bandits","player_choice":"Paid Fearfully","floor":27.0,"gold_loss":120.0,"damage_taken":0.0},{"damage_healed":0.0,"max_hp_gain":0.0,"max_hp_loss":0.0,"gold_gain":0.0,"event_name":"The Mausoleum","player_choice":"Opened","floor":29.0,"gold_loss":0.0,"damage_taken":0.0,"relics_obtained":["Tiny Chest"]},{"damage_healed":0.0,"max_hp_gain":0.0,"max_hp_loss":0.0,"gold_gain":0.0,"cards_transformed":["Defend_B","Stack"],"event_name":"Drug Dealer","player_choice":"Became Test Subject","floor":31.0,"gold_loss":0.0,"damage_taken":0.0,"cards_obtained":["Turbo","Self Repair"]},{"damage_healed":0.0,"max_hp_gain":0.0,"max_hp_loss":0.0,"gold_gain":0.0,"event_name":"Mysterious Sphere","player_choice":"Ignored","floor":36.0,"gold_loss":0.0,"damage_taken":0.0},{"damage_healed":0.0,"max_hp_gain":0.0,"max_hp_loss":0.0,"gold_gain":0.0,"event_name":"Upgrade Shrine","player_choice":"Upgraded","floor":38.0,"gold_loss":0.0,"damage_taken":0.0,"cards_upgraded":["Hologram"]}],"is_beta":false,"boss_relics":[{"not_picked":["Nuclear Battery","Fusion Hammer"],"picked":"Cursed Key"},{"not_picked":["Velvet Choker","Inserter"],"picked":"Empty Cage"}],"items_purged_floors":[10,19],"is_endless":false,"potions_floor_spawned":[1,11,16,18,25,33,39,42],"killed_by":"Transient","ascension_level":3}}