{"host":"moon9xuhyn08cqjw","time":1611814077,"event":{"mods":["2.2 Compatiblity","AchievementEnabler","BaseMod","Better Third Choice","Conspire","GungeonMod","Hubris","Infinite Spire","Jedi Mod","Jorbs\u0027s Wanderer Trilogy","Lobotomy","LobotomyExtend","Marisa????????","Minty Spire (QoL Compilation)","Robot Space Explorer","StSLib","Td1madao Mod","The Blackbeard","The Forsaken","The Hierophant","The Necromancer","The Runesmith","The Saiyan","TheBandit","[IsaacMod]????"],"gold_per_floor":[114,114,133,143,63,83,83,103,130,130,130,130,148,159,159,263,263,274,287,302,302,348,348,348,359,359,292,302,302,320,331,331,433,433,447,128,142,92,92,92,56,56,56],"floor_reached":42,"language":"RUS","playtime":1655,"items_purged":[],"score":419,"play_id":"47c55ccd-da9f-4ef9-aba3-4bec45b8a356","local_time":"20210128140757","is_ascension_mode":false,"campfire_choices":[{"floor":7,"key":"REST"},{"floor":11,"key":"REST"},{"floor":15,"key":"REST"},{"floor":23,"key":"REST"},{"floor":29,"key":"REST"},{"floor":32,"key":"REST"},{"floor":40,"key":"REST"}],"circlet_count":0,"master_deck":["DemoMod:Strike_Huntress","DemoMod:Strike_Huntress","DemoMod:Strike_Huntress","DemoMod:Defend_Huntress","DemoMod:Defend_Huntress","DemoMod:Defend_Huntress","DemoMod:Defend_Huntress","DemoMod:Roll","DemoMod:ManualReload","DemoMod:RustySidearm","DemoMod:CrossBow","DemoMod:CursedBullets","DemoMod:ThirdPartyController","DemoMod:ShadowBullets","DemoMod:MegaHand","DemoMod:Evolver","DemoMod:TripleGun","DemoMod:LifeOrb","DemoMod:PotionOfGunFriendShip+1","DemoMod:AWP","DemoMod:DoubleVision","DemoMod:SpreadAmmo","DemoMod:Rummage","DemoMod:AbyssalTentacle+1","DemoMod:ChanceBullets+1","DemoMod:Gungine","DemoMod:TableSutra+1","DemoMod:SAA+1","DemoMod:AbyssalTentacle","DemoMod:ShadowBullets+1","DemoMod:Elimentaler","DemoMod:SkilledReload+1","DemoMod:ShadowBullets+1","DemoMod:BoxingGlove","DemoMod:MachoBrace+1","conspire:SpireCoStock","DemoMod:ChanceBullets+1"],"relics":["DemoMod:Dog","HushsDoor","BelialBook","MoneyPower","LetterFromLob","Oddly Smooth Stone","hubris:Towel","DemoMod:Wolf","hubris:Icosahedron","Frozen Egg 2","hubris:Backtick","Ice Cream","SatanicBible","Akabeko","DemoMod:MeatBun"],"acts_visited":["Exordium","TheCity","TheBeyond"],"potions_floor_usage":[16,16,22,31,31,33],"damage_taken":[{"damage":3,"enemies":"conspire:RoseBush","floor":1,"turns":3},{"damage":3,"enemies":"Cultist","floor":3,"turns":4},{"damage":6,"enemies":"Jaw Worm","floor":4,"turns":6},{"damage":10,"enemies":"Blue Slaver","floor":6,"turns":5},{"damage":11,"enemies":"2 Fungi Beasts","floor":8,"turns":3},{"damage":36,"enemies":"conspire:2 RoseBushes","floor":13,"turns":6},{"damage":14,"enemies":"Looter","floor":14,"turns":3},{"damage":12,"enemies":"Hexaghost","floor":16,"turns":6},{"damage":18,"enemies":"conspire:FuzzyDice","floor":18,"turns":3},{"damage":3,"enemies":"Spheric Guardian","floor":19,"turns":3},{"damage":14,"enemies":"Cultist and Chosen","floor":20,"turns":5},{"damage":11,"enemies":"3 Cultists","floor":22,"turns":3},{"damage":0,"enemies":"Centurion and Healer","floor":25,"turns":2},{"damage":10,"enemies":"conspire:HollyBat","floor":28,"turns":7},{"damage":20,"enemies":"Snake Plant","floor":30,"turns":3},{"damage":0,"enemies":"Shelled Parasite and Fungi","floor":31,"turns":2},{"damage":28,"enemies":"hubris:MusketHawk","floor":33,"turns":5},{"damage":19,"enemies":"Orb Walker","floor":35,"turns":3},{"damage":13,"enemies":"3 Shapes","floor":37,"turns":3},{"damage":51,"enemies":"Writhing Mass","floor":42,"turns":4}],"seed_played":"-6694283727079012419","potions_obtained":[{"floor":1,"key":"Swift Potion"},{"floor":4,"key":"SteroidPotion"},{"floor":8,"key":"Strength Potion"},{"floor":19,"key":"BlessingOfTheForge"},{"floor":20,"key":"LiquidBronze"},{"floor":30,"key":"GamblersBrew"},{"floor":33,"key":"Swift Potion"},{"floor":37,"key":"Explosive Potion"}],"is_trial":false,"path_per_floor":["M","?","M","M","$","M","R","M","T","E","R","?","M","M","R","B",null,"M","M","M","?","M","R","?","M","T","$","M","R","M","M","R","B",null,"M","$","M","?","?","R","$","M"],"character_chosen":"HUNTRESS","items_purchased":["DemoMod:Evolver","DemoMod:TableSutra+1","SatanicBible","DemoMod:SkilledReload+1","DemoMod:BoxingGlove","Akabeko","DemoMod:MeatBun","DemoMod:ChanceBullets+1"],"campfire_rested":7,"item_purchase_floors":[5,27,34,34,36,36,36,41],"current_hp_per_floor":[60,60,57,51,51,41,59,48,48,48,63,63,27,13,31,19,63,45,42,28,28,17,35,35,35,35,35,25,43,23,23,41,13,50,31,45,32,32,32,47,47,0,0],"gold":56,"neow_bonus":"ONE_RARE_RELIC","is_daily":false,"chose_seed":false,"campfire_upgraded":0,"win_rate":0.0,"timestamp":1611814077,"path_taken":["M","?","M","M","$","M","R","M","T","E","R","?","M","M","R","BOSS","M","M","M","?","M","R","?","M","T","$","M","R","M","?","R","BOSS","M","$","M","?","?","R","$","M"],"items_purchased_type":["Card","Card","Relic","Card","Card","Relic","Relic","Card"],"build_version":"2020-12-22","purchased_purges":0,"victory":false,"max_hp_per_floor":[63,63,63,63,63,63,63,63,63,63,63,63,63,63,63,63,63,63,63,63,63,63,63,63,63,63,63,63,63,63,63,63,63,50,50,50,50,50,50,50,50,50,50],"card_choices":[{"not_picked":[],"picked":"ChaosCard","floor":0},{"not_picked":["Bomb","DemoMod:Unmoved"],"picked":"DemoMod:CursedBullets","floor":1},{"not_picked":["DemoMod:BattleInHaste","DemoMod:BoxingGlove"],"picked":"DemoMod:ThirdPartyController","floor":3},{"not_picked":["DemoMod:StickyCrossBow","DemoMod:DoubleSwitch"],"picked":"DemoMod:ShadowBullets","floor":4},{"not_picked":["DemoMod:JK47","DemoMod:HuntsMan"],"picked":"DemoMod:MegaHand","floor":4},{"not_picked":["DemoMod:Ejector","DemoMod:DoubleSwitch"],"picked":"DemoMod:TripleGun","floor":6},{"not_picked":["DemoMod:FortunesFavor","DemoMod:Unmoved"],"picked":"DemoMod:LifeOrb","floor":8},{"not_picked":["DemoMod:StickyCrossBow","DemoMod:AbyssalTentacle"],"picked":"DemoMod:PotionOfGunFriendShip","floor":13},{"not_picked":["DemoMod:HuntsMan","DemoMod:FastSwitch"],"picked":"DemoMod:AWP","floor":14},{"not_picked":["DemoMod:FullFirepower","DemoMod:BlackHoleGun"],"picked":"DemoMod:DoubleVision","floor":16},{"not_picked":["DemoMod:HungryBullets","DemoMod:Ejector+1"],"picked":"DemoMod:SpreadAmmo","floor":18},{"not_picked":["DemoMod:DirectionalPad","DemoMod:SkilledReload"],"picked":"DemoMod:Rummage","floor":19},{"not_picked":["DemoMod:StickyCrossBow","DemoMod:Behold!"],"picked":"DemoMod:AbyssalTentacle+1","floor":20},{"not_picked":["DemoMod:TeaPot","DemoMod:BattleInHaste"],"picked":"DemoMod:ChanceBullets+1","floor":22},{"not_picked":["DemoMod:AC15","DemoMod:GunstockTap"],"picked":"DemoMod:Gungine","floor":25},{"not_picked":["DemoMod:RadGun","DemoMod:SpreadAmmo+1"],"picked":"DemoMod:SAA+1","floor":28},{"not_picked":["DemoMod:StickyCrossBow","DemoMod:DirectionalPad+1"],"picked":"DemoMod:AbyssalTentacle","floor":30},{"not_picked":["DemoMod:DirectionalPad","DemoMod:HighKaliber"],"picked":"DemoMod:ShadowBullets+1","floor":31},{"not_picked":["DemoMod:BalloonGun","DemoMod:Desperate"],"picked":"DemoMod:Elimentaler","floor":33},{"not_picked":["DemoMod:HuntsMan","DemoMod:DoubleSwitch+1"],"picked":"DemoMod:ShadowBullets+1","floor":35},{"not_picked":["DemoMod:BoxingGlove","DemoMod:GunstockTap+1"],"picked":"DemoMod:MachoBrace+1","floor":37}],"player_experience":1187647,"relics_obtained":[{"floor":1,"key":"LetterFromLob"},{"floor":9,"key":"Oddly Smooth Stone"},{"floor":26,"key":"Frozen Egg 2"}],"event_choices":[{"damage_healed":0,"gold_gain":0,"player_choice":"Invest 1","damage_taken":0,"max_hp_gain":0,"max_hp_loss":0,"event_name":"conspire:Investor","floor":38,"gold_loss":0}],"is_beta":false,"boss_relics":[{"not_picked":["hubris:ScarierMask","Empty Cage"],"picked":"DemoMod:Wolf"},{"not_picked":[]},{"not_picked":["jedi:battlestandard","hubris:VirtuousBlindfold"],"picked":"hubris:Backtick"},{"not_picked":[]}],"items_purged_floors":[],"is_endless":false,"potions_floor_spawned":[1,4,8,19,20,30,33,37],"killed_by":"Writhing Mass","ascension_level":0}}