{"host":"o6j8h35axmoodbwy","time":1611831973,"event":{"mods":["2.2 Compatiblity","Act Like it!","BaseMod","Colored Map","Colored Powertips","Gensokyo","Marisa（霧雨　魔理沙）","Minty Spire (QoL Compilation)","Prisma Mod","Quick Restart","Shop Mod","StSLib","SuperFastMode","Td1madao Mod","Youmu（魂魄妖梦）"],"gold_per_floor":[111,111,111,126,140,165,165,165,165,182,59,59,76,90,90,163,163,174,192,211,211,229,229,246,246,320,320,320],"floor_reached":27,"language":"JPN","playtime":1392,"items_purged":["Strike_R"],"score":391,"play_id":"712510b6-f304-4ae3-917c-e2f79b35ffbd","local_time":"20210128200613","is_ascension_mode":true,"campfire_choices":[{"data":"Entrench","floor":7,"key":"SMITH"},{"data":"Intimidate","floor":12,"key":"SMITH"},{"data":"Carnage","floor":15,"key":"SMITH"},{"data":"Barricade","floor":23,"key":"SMITH"},{"floor":25,"key":"REST"}],"circlet_count":0,"master_deck":["AscendersBane","Strike_R","Strike_R","Strike_R","Defend_R+1","Defend_R","Defend_R+1","Defend_R","Bash","Fiend Fire","Carnage+1","Entrench+1","Sword Boomerang","Offering","Intimidate+1","Battle Trance","Burning Pact","Barricade+1","Shockwave","Ghostly Armor","Power Through","Entrench"],"relics":["Burning Blood","The Courier","Blood Vial","Bottled Lightning","Philosopher\u0027s Stone","SsserpentHead","Pantograph"],"acts_visited":["Exordium","TheCity"],"potions_floor_usage":[6,6,20],"damage_taken":[{"damage":2,"enemies":"Jaw Worm","floor":1,"turns":3},{"damage":0,"enemies":"Small Slimes","floor":4,"turns":3},{"damage":6,"enemies":"Cultist","floor":5,"turns":3},{"damage":13,"enemies":"Gremlin Nob","floor":6,"turns":3},{"damage":8,"enemies":"3 Louse","floor":10,"turns":6},{"damage":0,"enemies":"Red Slaver","floor":13,"turns":4},{"damage":6,"enemies":"2 Fungi Beasts","floor":14,"turns":3},{"damage":47,"enemies":"The Guardian","floor":16,"turns":11},{"damage":20,"enemies":"Spheric Guardian","floor":18,"turns":4},{"damage":8,"enemies":"2 Thieves","floor":19,"turns":5},{"damage":52,"enemies":"Cultist and Chosen","floor":20,"turns":9},{"damage":6,"enemies":"Snecko","floor":22,"turns":4},{"damage":5,"enemies":"Snake Plant","floor":24,"turns":7},{"damage":62,"enemies":"Gremlin Leader","floor":27,"turns":16}],"seed_played":"7404382954372230005","potions_obtained":[{"floor":1,"key":"ColorlessPotion"},{"floor":4,"key":"AttackPotion"},{"floor":10,"key":"Dexterity Potion"},{"floor":16,"key":"BloodPotion"},{"floor":22,"key":"Weak Potion"}],"is_trial":false,"path_per_floor":["M","?","?","M","M","E","R","T","T","M","$","R","M","M","R","B",null,"M","M","M","?","M","R","M","R","T","E"],"character_chosen":"IRONCLAD","items_purchased":["Intimidate"],"campfire_rested":1,"item_purchase_floors":[11],"current_hp_per_floor":[72,72,49,55,55,48,48,48,48,48,48,48,56,58,58,19,61,49,49,20,20,22,22,25,47,47,0,0],"gold":320,"neow_bonus":"ONE_RANDOM_RARE_CARD","is_daily":false,"chose_seed":false,"campfire_upgraded":4,"win_rate":0.0,"timestamp":1611831973,"path_taken":["M","?","?","M","M","E","R","?","T","M","$","R","M","?","R","BOSS","M","M","M","?","M","R","M","R","T","E"],"items_purchased_type":["Card"],"build_version":"2020-12-22","purchased_purges":1,"victory":false,"max_hp_per_floor":[75,75,75,75,75,75,75,75,75,75,75,75,75,75,75,75,75,75,75,75,75,75,75,75,75,75,75,75],"card_choices":[{"not_picked":["Dropkick","Uppercut"],"picked":"Carnage","floor":1},{"not_picked":["Whirlwind","Carnage"],"picked":"Sword Boomerang","floor":4},{"not_picked":["Sentinel","Armaments","Flex"],"picked":"SKIP","floor":5},{"not_picked":["Searing Blow","Perfected Strike"],"picked":"Offering","floor":6},{"not_picked":["Havoc","Cleave","Combust"],"picked":"SKIP","floor":10},{"not_picked":["Twin Strike","True Grit"],"picked":"Battle Trance","floor":13},{"not_picked":["Headbutt","Perfected Strike"],"picked":"Burning Pact","floor":14},{"not_picked":["Feed","Limit Break"],"picked":"Barricade","floor":16},{"not_picked":["Havoc","Bloodletting"],"picked":"Shockwave","floor":18},{"not_picked":["Havoc+1","Clash"],"picked":"Ghostly Armor","floor":19},{"not_picked":["Clash+1","Anger","Flex"],"picked":"SKIP","floor":20},{"not_picked":["Feel No Pain","Seeing Red"],"picked":"Power Through","floor":22},{"not_picked":["Power Through","Perfected Strike+1"],"picked":"Entrench","floor":24}],"player_experience":611620,"relics_obtained":[{"floor":6,"key":"The Courier"},{"floor":8,"key":"Blood Vial"},{"floor":9,"key":"Bottled Lightning"},{"floor":26,"key":"Pantograph"}],"event_choices":[{"damage_healed":0,"gold_gain":0,"cards_transformed":["Strike_R"],"player_choice":"Change","damage_taken":0,"max_hp_gain":0,"max_hp_loss":0,"event_name":"Living Wall","floor":2,"gold_loss":0,"cards_obtained":["Entrench"]},{"damage_healed":0,"gold_gain":0,"player_choice":"Entered Light","damage_taken":23,"max_hp_gain":0,"max_hp_loss":0,"event_name":"Shining Light","floor":3,"gold_loss":0,"cards_upgraded":["Defend_R","Defend_R"]},{"damage_healed":0,"gold_gain":0,"player_choice":"Trade","damage_taken":0,"relics_obtained":["SsserpentHead"],"max_hp_gain":0,"max_hp_loss":0,"event_name":"FaceTrader","floor":21,"gold_loss":0}],"is_beta":false,"boss_relics":[{"not_picked":["SacredBark","Black Star"],"picked":"Philosopher\u0027s Stone"}],"items_purged_floors":[11],"is_endless":false,"potions_floor_spawned":[1,4,10,16,18,22],"killed_by":"Gremlin Leader","ascension_level":16}}