{"host":"sboty77psj7t2cnn","time":1611869893,"event":{"mods":["Aspiration","BaseMod","Beaked The Cultist","Better Match","Better Vampires","ChefMod","Colored Map","Conspire","Dio Mod","Downfall","Hermit","Hubris","Infinite Spire","Jorbs\u0027s Wanderer Trilogy","Minty Spire (QoL Compilation)","StSLib","The Witch"],"gold_per_floor":[111,143,166,178,197,227,227,127,142,242,0,35,52,14,27,122,122,122,132,143,143,143,143,166,179,264,292,307,337,355,365,384,485,485,485,504,504,524,564,564,564,578,593,624,624,637,655,672,683,778,778,778,795,814,827,841,858,883,909,909,941,941,961,961,973,986,1089,1089,1089,1106,1288,1299,1309,1309,1341,1341,1356,1293,1293,1311,1329,1361,1376,1480,1480,1480,1500,1500,1510,1510,1524,1524,1524],"floor_reached":92,"language":"SPA","playtime":5176,"items_purged":["hermit:Defend_Hermit","stsjorbsmod:Amnesia","hermit:Malice","Heatsinks"],"score":1788,"play_id":"495d7240-9c4b-4f22-bb3b-d5ef5872c06b","local_time":"20210128153813","is_ascension_mode":false,"campfire_choices":[{"data":"hermit:Snapshot","floor":1,"key":"SMITH"},{"data":"hermit:CalledShot","floor":8,"key":"SMITH"},{"data":"1","floor":18,"key":"LIFT"},{"data":"2","floor":23,"key":"LIFT"},{"data":"3","floor":35,"key":"LIFT"},{"floor":45,"key":"REST"},{"data":"hermit:Adapt","floor":52,"key":"SMITH"},{"floor":60,"key":"REST"},{"data":"infinitespire:Collect","floor":69,"key":"SMITH"},{"floor":74,"key":"REST"},{"floor":79,"key":"REST"},{"data":"expansioncontent:StudyTheSpire","floor":86,"key":"SMITH"}],"circlet_count":0,"master_deck":["hermit:Snapshot+1","hermit:Covet","hermit:Glare","hermit:Coalescence","hermit:CalledShot+1","hermit:Ricochet","hermit:Quickdraw","hermit:WideOpen","hermit:Enervate","hermit:Quickdraw","hermit:RoundhouseKick","hermit:Quickdraw","hermit:RoundhouseKick","hermit:GoldenBullet","hermit:CalledShot+1","hermit:EyeOfTheStorm","hermit:Deadeye","hermit:Enervate","Gash+1","Gash","hermit:Coalescence","Go for the Eyes","hermit:Quickdraw+1","hermit:Adapt+1","hermit:Enervate","hermit:Quickdraw","Gash","hermit:CalledShot+1","hermit:Enervate","hermit:CursedWeapon","hermit:HeroicBravado","Undo","hermit:Roulette","infinitespire:Collect+1","expansioncontent:StudyTheSpire+1","hermit:GoldenBullet","infinitespire:Collect","hermit:CalledShot","FTL"],"relics":["hermit:Momento","aspiration:ChemicalBlood","Strawberry","downfall:HeartBlessingGreen","Membership Card","Girya","aspiration:PoetsPen_weak","Centennial Puzzle","aspiration:EmptySkull","hubris:MysteriousPyramids","aspiration:DefectSkillbook","Sozu","DollysMirror","hermit:Spyglass","infinitespire:FocusingShard","hubris:TenFootPole","infinitespire:Cupcake","Orichalcum","Pandora\u0027s Box","Guardian:GemstoneGun","bronze:MakeshiftBattery"],"acts_visited":["Exordium","TheCity","TheBeyond","Exordium","TheCity","TheBeyond"],"potions_floor_usage":[16,16,16,27,27,27,33,33,33],"damage_taken":[{"damage":0,"enemies":"Small Slimes","floor":2,"turns":3},{"damage":0,"enemies":"2 Louse","floor":3,"turns":2},{"damage":0,"enemies":"Jaw Worm","floor":5,"turns":2},{"damage":31,"enemies":"3 Sentries","floor":6,"turns":10},{"damage":0,"enemies":"Blue Slaver","floor":9,"turns":1},{"damage":0,"enemies":"downfall:FleeingMerchant","floor":11,"turns":4},{"damage":0,"enemies":"Gremlin Nob","floor":12,"turns":2},{"damage":4,"enemies":"Gremlin Gang","floor":13,"turns":4},{"damage":0,"enemies":"downfall:FleeingMerchant","floor":14,"turns":4},{"damage":8,"enemies":"Lots of Slimes","floor":15,"turns":4},{"damage":17,"enemies":"WA_ARCHETYPE_RETAIN","floor":16,"turns":4},{"damage":0,"enemies":"3 Byrds","floor":19,"turns":2},{"damage":0,"enemies":"Spheric Guardian","floor":20,"turns":1},{"damage":9,"enemies":"Centurion and Healer","floor":25,"turns":2},{"damage":0,"enemies":"Nightmare","floor":27,"turns":1},{"damage":14,"enemies":"Shelled Parasite and Fungi","floor":28,"turns":2},{"damage":8,"enemies":"Book of Stabbing","floor":29,"turns":3},{"damage":0,"enemies":"3 Cultists","floor":30,"turns":1},{"damage":0,"enemies":"Sentry and Sphere","floor":31,"turns":1},{"damage":2,"enemies":"Snecko","floor":32,"turns":3},{"damage":5,"enemies":"DF_ARCHETYPE_CLAW","floor":33,"turns":3},{"damage":0,"enemies":"3 Darklings","floor":36,"turns":2},{"damage":0,"enemies":"Orb Walker","floor":38,"turns":2},{"damage":25,"enemies":"conspire:MimicChest","floor":39,"turns":5},{"damage":0,"enemies":"Transient","floor":42,"turns":5},{"damage":18,"enemies":"Maw","floor":43,"turns":3},{"damage":0,"enemies":"Giant Head","floor":44,"turns":3},{"damage":11,"enemies":"Writhing Mass","floor":46,"turns":3},{"damage":0,"enemies":"Spire Growth","floor":47,"turns":2},{"damage":0,"enemies":"Maw","floor":48,"turns":3},{"damage":0,"enemies":"Writhing Mass","floor":49,"turns":2},{"damage":36,"enemies":"IC_BLOCK_ARCHETYPE","floor":50,"turns":6},{"damage":0,"enemies":"Jaw Worm","floor":53,"turns":1},{"damage":0,"enemies":"Small Slimes","floor":54,"turns":1},{"damage":0,"enemies":"Cultist","floor":55,"turns":1},{"damage":0,"enemies":"2 Fungi Beasts","floor":56,"turns":1},{"damage":0,"enemies":"Large Slime","floor":57,"turns":1},{"damage":14,"enemies":"Lagavulin","floor":59,"turns":3},{"damage":0,"enemies":"Nightmare","floor":61,"turns":5},{"damage":7,"enemies":"Exordium Thugs","floor":63,"turns":2},{"damage":0,"enemies":"Gremlin Gang","floor":65,"turns":1},{"damage":0,"enemies":"Blue Slaver","floor":66,"turns":1},{"damage":2,"enemies":"Hexaghost","floor":67,"turns":3},{"damage":12,"enemies":"Shell Parasite","floor":70,"turns":2},{"damage":1,"enemies":"downfall:FleeingMerchant","floor":71,"turns":3},{"damage":2,"enemies":"3 Byrds","floor":72,"turns":2},{"damage":14,"enemies":"Snake Plant","floor":73,"turns":3},{"damage":45,"enemies":"Slavers","floor":75,"turns":2},{"damage":0,"enemies":"Sentry and Sphere","floor":77,"turns":2},{"damage":0,"enemies":"Shelled Parasite and Fungi","floor":80,"turns":2},{"damage":2,"enemies":"Snecko","floor":81,"turns":1},{"damage":6,"enemies":"Book of Stabbing","floor":82,"turns":2},{"damage":0,"enemies":"3 Cultists","floor":83,"turns":1},{"damage":32,"enemies":"conspire:MysteriousRune","floor":84,"turns":3},{"damage":8,"enemies":"3 Shapes","floor":87,"turns":2},{"damage":0,"enemies":"Orb Walker","floor":89,"turns":1},{"damage":0,"enemies":"Jaw Worm Horde","floor":91,"turns":2},{"damage":79,"enemies":"Nightmare","floor":92,"turns":3}],"seed_played":"-8073098357434948743","potions_obtained":[{"floor":6,"key":"AttackPotion"},{"floor":9,"key":"DistilledChaos"},{"floor":12,"key":"AttackPotion"},{"floor":20,"key":"Ancient Potion"},{"floor":25,"key":"Weak Potion"},{"floor":27,"key":"Strength Potion"},{"floor":29,"key":"hermit:BlackBile"},{"floor":32,"key":"ColorlessPotion"}],"is_trial":false,"path_per_floor":["R","M","M","?","M","E","T","R","M","?","$","E","M","$","M","B",null,"R","M","M","?","?","R","T","M","?","NM","M","E","M","M","M","B",null,"R","M","AVR","M","?","?","T","M","M","E","R","M","M","M","M","B",null,"R","M","M","M","M","M","T","E","R","NM","?","M","?","M","M","B",null,"R","M","$","M","M","R","E","AVR","M","$","R","M","M","E","M","B",null,"R","M","?","M","?","M","NM"],"character_chosen":"HERMIT","items_purchased":["Membership Card","hermit:Enervate","hermit:Quickdraw","expansioncontent:StudyTheSpire"],"campfire_rested":4,"item_purchase_floors":[11,11,14,71],"current_hp_per_floor":[75,75,75,75,75,44,51,51,51,51,51,51,47,47,39,22,82,82,82,82,82,82,82,82,73,65,65,51,43,43,43,41,36,82,82,82,82,82,57,57,57,57,39,39,63,52,52,52,52,16,82,82,82,82,82,82,82,82,68,82,82,82,75,75,75,75,73,82,82,70,69,67,53,77,32,32,32,32,56,56,54,48,48,16,82,82,74,74,74,74,74,0,0],"gold":1524,"neow_bonus":"RANDOM_COMMON_RELIC","is_daily":false,"chose_seed":false,"campfire_upgraded":5,"win_rate":0.0,"timestamp":1611869893,"path_taken":["R","M","M","?","M","E","T","R","M","?","$","E","M","$","M","BOSS","R","M","M","?","?","R","T","M","?","NM","M","E","M","M","M","BOSS","R","M","AVR","M","?","?","T","?","M","E","R","M","M","?","M","BOSS","R","M","M","M","M","M","T","E","R","NM","?","M","?","M","M","BOSS","R","M","?","M","M","R","E","AVR","M","$","R","?","M","E","M","BOSS","R","M","?","?","?","M","NM"],"items_purchased_type":["Relic","Card","Card","Card"],"build_version":"2020-12-22","purchased_purges":4,"victory":false,"max_hp_per_floor":[75,75,75,75,75,75,82,82,82,82,82,82,82,82,82,82,82,82,82,82,82,82,82,82,82,82,82,82,82,82,82,82,82,82,82,82,82,82,82,82,82,82,82,82,82,82,82,82,82,82,82,82,82,82,82,82,82,82,82,82,82,82,82,82,82,82,82,82,82,82,82,82,82,82,82,82,82,82,82,82,82,82,82,82,82,82,82,82,82,82,82,82,82],"card_choices":[{"not_picked":["hermit:LowProfile","hermit:GhostlyPresence"],"picked":"hermit:Glare","floor":2},{"not_picked":["hermit:EyeOfTheStorm","hermit:PistolWhip"],"picked":"hermit:Coalescence","floor":3},{"not_picked":["hermit:ItchyTrigger","hermit:PistolWhip"],"picked":"hermit:CalledShot","floor":5},{"not_picked":["hermit:BodyArmor","hermit:Determination"],"picked":"hermit:Ricochet","floor":6},{"not_picked":["hermit:Vantage","hermit:Roulette"],"picked":"hermit:Quickdraw","floor":9},{"not_picked":["hermit:Spite","hermit:BlackWind"],"picked":"hermit:WideOpen","floor":11},{"not_picked":["hermit:Headshot","hermit:Gambit"],"picked":"hermit:Quickdraw","floor":12},{"not_picked":["hermit:Headshot","hermit:Misfire","hermit:Roulette"],"picked":"SKIP","floor":13},{"not_picked":["hermit:Vantage","hermit:LowProfile"],"picked":"hermit:RoundhouseKick","floor":14},{"not_picked":["hermit:HighCaliber","hermit:Vantage","hermit:TrackingShot"],"picked":"SKIP","floor":15},{"not_picked":["hermit:OverwhelmingPower","hermit:BlackWind"],"picked":"hermit:RoundhouseKick","floor":16},{"not_picked":["hermit:Snipe","hermit:Malice"],"picked":"hermit:GoldenBullet","floor":19},{"not_picked":["hermit:TrackingShot","hermit:FlashPowder","hermit:ItchyTrigger"],"picked":"SKIP","floor":20},{"not_picked":["hermit:Midnight+1","hermit:Vantage"],"picked":"hermit:CalledShot+1","floor":25},{"not_picked":["hermit:Misfire","hermit:SprayPray"],"picked":"hermit:EyeOfTheStorm","floor":27},{"not_picked":["hermit:Manifest+1","hermit:LowProfile","hermit:SprayPray"],"picked":"SKIP","floor":28},{"not_picked":["hermit:FatalDesire","hermit:Snipe","hermit:TrackingShot"],"picked":"SKIP","floor":29},{"not_picked":["hermit:TrackingShot","hermit:Grudge","hermit:Roulette+1"],"picked":"SKIP","floor":30},{"not_picked":["hermit:TakeAim","hermit:Snipe","hermit:HoleUp"],"picked":"SKIP","floor":31},{"not_picked":["hermit:LuckOfTheDraw","hermit:Roulette"],"picked":"hermit:Deadeye","floor":32},{"not_picked":["Redo+1","hermit:HoleUp","hermit:Ricochet","hermit:Feint+1"],"picked":"SKIP","floor":36},{"not_picked":["hermit:Cheat+1","hermit:Virtue","hubris:PowerSurge+1"],"picked":"Gash+1","floor":38},{"not_picked":["Ball Lightning+1","hermit:Misfire+1","hermit:BodyArmor+1"],"picked":"conspire:SharedLibrary+1","floor":42},{"not_picked":["hermit:TrackingShot","Tempest+1","Coolheaded+1"],"picked":"Gash","floor":43},{"not_picked":["Reboot","hubris:Ukulele","Turbo","aspiration:Polymerization"],"picked":"SKIP","floor":44},{"not_picked":["hermit:Feint+1","hermit:HoleUp+1","Chill+1"],"picked":"hermit:Coalescence","floor":46},{"not_picked":["Rebound","hermit:Midnight+1","Turbo+1"],"picked":"Go for the Eyes","floor":47},{"not_picked":["Ball Lightning","Stack","hermit:Snipe"],"picked":"hermit:Quickdraw+1","floor":48},{"not_picked":["hermit:FinalCanter","Rebound","hermit:Feint","conspire:SharedLibrary+1"],"picked":"SKIP","floor":49},{"not_picked":["hermit:FatalDesire","Fission","hermit:OverwhelmingPower"],"picked":"hermit:Adapt","floor":50},{"not_picked":["Turbo","Barrage","hermit:Desperado","Beam Cell"],"picked":"SKIP","floor":53},{"not_picked":["Creative AI","hermit:Snipe","hermit:Vantage"],"picked":"hermit:Enervate","floor":54},{"not_picked":["hermit:LuckOfTheDraw","hermit:NoHoldsBarred","hermit:SprayPray"],"picked":"hermit:Quickdraw","floor":55},{"not_picked":["hermit:Manifest","hermit:BodyArmor","hermit:Gestalt"],"picked":"Gash","floor":56},{"not_picked":["Tempest","hermit:Misfire","Conserve Battery","Leap"],"picked":"SKIP","floor":57},{"not_picked":["hermit:Ricochet","Coolheaded","hermit:Coalescence","hermit:TrackingShot"],"picked":"SKIP","floor":59},{"not_picked":["BootSequence","hermit:Malice","hermit:FullyLoaded"],"picked":"hermit:CalledShot","floor":61},{"not_picked":["Glacier","Auto Shields","Conserve Battery","Ball Lightning"],"picked":"SKIP","floor":63},{"not_picked":["Ball Lightning","Defragment","Static Discharge"],"picked":"hermit:CursedWeapon","floor":65},{"not_picked":["hermit:Glare","aspiration:Polymerization","Fission","conspire:SharedLibrary"],"picked":"SKIP","floor":66},{"not_picked":["hubris:Prefetch","hermit:Dissolve","hermit:OverwhelmingPower"],"picked":"hermit:HeroicBravado","floor":67},{"not_picked":["hubris:InfiniteBlow","hubris:Rewind"],"picked":"infinitespire:Collect","floor":68},{"not_picked":["Sweeping Beam","Chaos","hermit:PistolWhip","hermit:Manifest+1"],"picked":"SKIP","floor":70},{"not_picked":["Redo+1","Streamline","hermit:Coalescence","Steam+1"],"picked":"SKIP","floor":71},{"not_picked":["hermit:Maintenance","Redo","Stack","Leap"],"picked":"SKIP","floor":72},{"not_picked":["hermit:Glare+1","hermit:HoleUp","hermit:Vantage"],"picked":"hermit:GoldenBullet","floor":73},{"not_picked":["Storm+1","Melter+1","conspire:SharedLibrary+1","Chaos"],"picked":"SKIP","floor":75},{"not_picked":["Coolheaded+1","Stack","hermit:FlashPowder","hubris:Ukulele"],"picked":"SKIP","floor":77},{"not_picked":["hubris:PowerSurge+1","Reinforced Body","hermit:Quickdraw"],"picked":"hermit:CalledShot","floor":80},{"not_picked":["Undo","hermit:Midnight","Rainbow","hermit:Desperado"],"picked":"SKIP","floor":81},{"not_picked":["hermit:Desperado","hermit:LowProfile+1","Turbo"],"picked":"FTL","floor":82},{"not_picked":["hermit:Ricochet","hermit:TrackingShot+1","Rebound","hermit:BodyArmor+1"],"picked":"SKIP","floor":83},{"not_picked":["hermit:Misfire+1","Blizzard+1","hermit:Snipe","Stack"],"picked":"SKIP","floor":87},{"not_picked":["Reinforced Body","hermit:Midnight+1","hermit:Misfire+1","hermit:TrackingShot"],"picked":"SKIP","floor":89},{"not_picked":["Consume+1","Leap","Rebound+1","hermit:Ricochet"],"picked":"SKIP","floor":91}],"player_experience":401419,"relics_obtained":[{"floor":6,"key":"aspiration:ChemicalBlood"},{"floor":7,"key":"Strawberry"},{"floor":12,"key":"Girya"},{"floor":24,"key":"Centennial Puzzle"},{"floor":27,"key":"aspiration:EmptySkull"},{"floor":29,"key":"hubris:MysteriousPyramids"},{"floor":39,"key":"hermit:Spyglass"},{"floor":41,"key":"infinitespire:FocusingShard"},{"floor":44,"key":"hubris:TenFootPole"},{"floor":58,"key":"Orichalcum"}],"event_choices":[{"damage_healed":0,"gold_gain":0,"player_choice":"Simplicity","damage_taken":0,"max_hp_gain":0,"max_hp_loss":0,"event_name":"Back to Basics","floor":21,"gold_loss":0,"cards_upgraded":["hermit:Defend_Hermit","hermit:Defend_Hermit","hermit:Defend_Hermit"]},{"damage_healed":0,"gold_gain":0,"player_choice":"Ignored","damage_taken":0,"max_hp_gain":0,"max_hp_loss":0,"event_name":"Vampires","floor":22,"gold_loss":0},{"cards_removed":["conspire:SharedLibrary"],"damage_healed":0,"gold_gain":0,"player_choice":"Card Removal","damage_taken":0,"max_hp_gain":0,"max_hp_loss":0,"event_name":"Wheel of Change","floor":88,"gold_loss":0},{"damage_healed":0,"gold_gain":0,"player_choice":"Leave","damage_taken":0,"max_hp_gain":0,"max_hp_loss":0,"event_name":"conspire:Investor","floor":90,"gold_loss":0}],"is_beta":false,"boss_relics":[{"not_picked":["hubris:HollowSoul","aspiration:RunicSpoon"],"picked":"aspiration:PoetsPen_weak"},{"not_picked":["Astrolabe","hermit:ClaspedLocket"],"picked":"aspiration:DefectSkillbook"},{"not_picked":["Coffee Dripper","hubris:Stopwatch"],"picked":"infinitespire:Cupcake"},{"not_picked":["aspiration:FutureDiary","conspire:SeveredTorchhead"],"picked":"Pandora\u0027s Box"},{"not_picked":["Tiny House","aspiration:RitualDagger"],"picked":"bronze:MakeshiftBattery"}],"items_purged_floors":[11,71,76,78],"is_endless":true,"potions_floor_spawned":[6,9,12,15,20,25,29,32,44,46,47,49,50,54,55,56,57,59,67,73,80,81,83,84,91],"killed_by":"Nightmare","ascension_level":0}}