{"host":"xkmvu47k9fdstweo","time":1611878117,"event":{"mods":["BaseMod","Colored Map","Conspire","HololiveMod","Hubris","Minty Spire (QoL Compilation)","Quick Restart","Shop Mod","StSLib"],"gold_per_floor":[79,129,129,143,0,31,31,57,57,85,85,85,110,72,72,167,167,178,178,62,90,90,152,170,170,224,258,258,74,105,131,131,228,228,258,258,268,113,159,194,194,214,214,61,87,87,87,38,38,38],"floor_reached":51,"language":"ENG","playtime":1463,"items_purged":["Hololive_Defend"],"score":1315,"play_id":"d5d9d249-4e5c-4d85-b6e0-9397c32000a0","local_time":"20210128185517","is_ascension_mode":true,"campfire_choices":[{"data":"Hololive_CallTsunomakiWatame","floor":12.0,"key":"SMITH"},{"data":"Hololive_CallOzoraSubaru","floor":15.0,"key":"SMITH"},{"data":"Hololive_CandyCastle","floor":25.0,"key":"SMITH"},{"data":"Hololive_CallTsunomakiWatame","floor":28.0,"key":"SMITH"},{"data":"Hololive_Watashimo","floor":32.0,"key":"SMITH"},{"data":"Hololive_Thief","floor":46,"key":"SMITH"},{"data":"Hololive_DDD","floor":49,"key":"SMITH"}],"circlet_count":0,"master_deck":["Hololive_StrengthChampion+1","Hololive_CallTsunomakiWatame+1","Hololive_CallYogiri","Hololive_CallYuzukiChoco","Hololive_CallUruhaRushia","Hololive_CallTsunomakiWatame+1","Hololive_AWSL","Hololive_Watashimo+1","Hololive_CallUruhaRushia","Hololive_CallInugamiKorone","Hololive_IdolExercise+1","Hololive_Thief+1","Hololive_CallNakiriAyame","Hololive_CallOzoraSubaru+1","Hololive_CallOkamiMio","Hololive_MaximGun+1","Hololive_CallMomosuzuNene+10","Hololive_CallDoris","Hololive_CallSakuraMiko","Hololive_CallTsunomakiWatame+1","Hololive_CallTsunomakiWatame+1","Hololive_CallNatsuiroMatsuri+1","Hololive_CandyCastle+1","Hololive_Psychosis+1","Hololive_CallAmaneKanata","Hololive_CallHoshimachiSuisei","Hololive_CocoNews","Hololive_DDD+1","Hololive_CocoNews+1","Hololive_Watashimo+1","Hololive_CallAkiRosenthal+1","Hololive_FlyingPonyTail+1","Hololive_CallNekomataOkayu","Hololive_CallYuzukiChoco","Hololive_CocoNews"],"relics":["Hololive_TheStar","Anchor","PreservedInsect","Bronze Scales","conspire:DeflatedDodgeball","White Beast Statue","Blood Vial","Odd Mushroom","hubris:RunicObelisk","Oddly Smooth Stone","Bag of Marbles","Whetstone","conspire:SeveredTorchhead","DollysMirror","WingedGreaves","Boot","Orrery","Juzu Bracelet"],"acts_visited":["Exordium","TheCity","TheBeyond"],"potions_floor_usage":[42,50],"damage_taken":[{"damage":0.0,"enemies":"Cultist","floor":1.0,"turns":3.0},{"damage":0.0,"enemies":"Small Slimes","floor":4.0,"turns":3.0},{"damage":0.0,"enemies":"3 Sentries","floor":6.0,"turns":5.0},{"damage":0.0,"enemies":"Lagavulin","floor":8.0,"turns":5.0},{"damage":0.0,"enemies":"3 Sentries","floor":10.0,"turns":4.0},{"damage":0.0,"enemies":"The Mushroom Lair","floor":13.0,"turns":3.0},{"damage":0.0,"enemies":"Hexaghost","floor":16.0,"turns":6.0},{"damage":0.0,"enemies":"2 Thieves","floor":18.0,"turns":3.0},{"damage":0.0,"enemies":"Spheric Guardian","floor":21.0,"turns":3.0},{"damage":0.0,"enemies":"Gremlin Leader","floor":23.0,"turns":5.0},{"damage":0.0,"enemies":"Shelled Parasite and Fungi","floor":24.0,"turns":3.0},{"damage":0.0,"enemies":"Slavers","floor":27.0,"turns":4.0},{"damage":0.0,"enemies":"Centurion and Healer","floor":30.0,"turns":4.0},{"damage":0.0,"enemies":"Snake Plant","floor":31.0,"turns":2.0},{"damage":0.0,"enemies":"hubris:MusketHawk","floor":33.0,"turns":5.0},{"damage":0.0,"enemies":"Orb Walker","floor":35.0,"turns":3.0},{"damage":0.0,"enemies":"3 Darklings","floor":37.0,"turns":5.0},{"damage":0,"enemies":"Transient","floor":39,"turns":5},{"damage":0,"enemies":"Reptomancer","floor":40,"turns":5},{"damage":0,"enemies":"Sphere and 2 Shapes","floor":42,"turns":3},{"damage":0,"enemies":"Giant Head","floor":45,"turns":5},{"damage":0,"enemies":"Donu and Deca","floor":50,"turns":5}],"seed_played":"9103649100325450410","potions_obtained":[{"floor":1.0,"key":"Ancient Potion"},{"floor":10.0,"key":"PowerPotion"},{"floor":13.0,"key":"SkillPotion"},{"floor":22.0,"key":"CultistPotion"},{"floor":23.0,"key":"PowerPotion"},{"floor":27.0,"key":"EntropicBrew"},{"floor":31.0,"key":"LiquidBronze"},{"floor":33.0,"key":"Regen Potion"},{"floor":39,"key":"PowerPotion"},{"floor":42,"key":"GamblersBrew"}],"is_trial":false,"path_per_floor":["M","T","?","M","$","E","$","E","T","E","?","R","?","$","R","B",null,"M","?","$","M","?","E","M","R","T","E","R","$","M","M","R","B",null,"M","?","M","$","M","E","?","M","T","$","E","R","?","$","R","B",null],"character_chosen":"Hololive_HololiveCharacter","items_purchased":["PreservedInsect","Hololive_CallOkamiMio","Hololive_CallTsunomakiWatame","Hololive_CallAmaneKanata","Whetstone","DollysMirror","Orrery","Hololive_CocoNews"],"campfire_rested":0,"item_purchase_floors":[5,14,20,29,29,38,44,48],"current_hp_per_floor":[36,36,36,37,37,38,38,39,39,40,32,32,35,35,35,38,42,42,42,42,43,43,44,45,45,45,46,46,46,47,48,48,49,49,50,50,51,51,51,52,52,53,53,53,54,54,54,54,54,55],"gold":38,"neow_bonus":"ONE_RANDOM_RARE_CARD","is_daily":false,"chose_seed":false,"campfire_upgraded":7,"win_rate":0.0,"timestamp":1611878117,"path_taken":["M","?","?","?","$","E","$","E","T","E","?","R","?","?","R","BOSS","M","?","$","M","?","E","M","R","T","E","R","$","M","M","R","BOSS","M","?","M","$","M","E","?","M","T","$","E","R","?","$","R","BOSS"],"items_purchased_type":["Relic","Card","Card","Card","Relic","Relic","Relic","Card"],"build_version":"2020-12-22","purchased_purges":1,"victory":true,"max_hp_per_floor":[36,36,36,37,37,38,38,39,39,40,40,40,41,41,41,42,42,42,42,42,43,43,44,45,45,45,46,46,46,47,48,48,49,49,50,50,51,51,51,52,52,53,53,53,54,54,54,54,54,55],"card_choices":[{"not_picked":["Hololive_CallKiryuuCoco","Hololive_Trident","Hololive_StrengthChampion"],"picked":"Hololive_Watashimo","floor":1.0},{"not_picked":["Hololive_Psychosis","Hololive_Drill","Hololive_CallShiranuiFlare"],"picked":"Hololive_CallInugamiKorone","floor":4.0},{"not_picked":["Hololive_CallTokinoSora","Hololive_FlyingPonyTail","Hololive_OvertimeWork"],"picked":"Hololive_IdolExercise","floor":6.0},{"not_picked":["Hololive_Rebound","Hololive_CallShirakamiFubuki","Hololive_CallArtia"],"picked":"Hololive_Thief","floor":8.0},{"not_picked":["Hololive_Drill","Hololive_CallMurasakiShion","Hololive_Sequa"],"picked":"Hololive_CallNakiriAyame","floor":10.0},{"not_picked":["Hololive_OvertimeWork","Hololive_CocoNews","Hololive_CallShishiroBotan"],"picked":"Hololive_CallOzoraSubaru","floor":13.0},{"not_picked":["Hololive_WolfAndLamb","Hololive_DiamondStrike","Hololive_HighAtkLowDef"],"picked":"Hololive_MaximGun","floor":16.0},{"not_picked":["Hololive_LuckPotion","Hololive_Trident","Hololive_Drill"],"picked":"Hololive_CallMomosuzuNene+1","floor":18.0},{"not_picked":["Hololive_CallYuzukiChoco","Hololive_CallHimemoriLuna","Hololive_CallAmaneKanata"],"picked":"Hololive_CallTsunomakiWatame+1","floor":21.0},{"not_picked":["Hololive_CallFriendA","Hololive_CallOmaruPolka","Hololive_Drill"],"picked":"Hololive_CallNatsuiroMatsuri+1","floor":23.0},{"not_picked":["Hololive_SoulCatcher","Hololive_Breathe","Hololive_LuckPotion"],"picked":"Hololive_CandyCastle","floor":24.0},{"not_picked":["Hololive_CallMoonaHoshinova","Hololive_RevenueBasedLive","Hololive_LuckPotion"],"picked":"Hololive_Psychosis+1","floor":27.0},{"not_picked":["Hololive_StrengthChampion+1","Hololive_LuckPotion","Hololive_Breathe"],"picked":"Hololive_CallHoshimachiSuisei","floor":30.0},{"not_picked":["Hololive_BringToTrial+1","Hololive_Psychosis+1","Hololive_CallHoshimachiSuisei"],"picked":"Hololive_CocoNews","floor":31.0},{"not_picked":["Hololive_BeCareful","Hololive_Thief","Hololive_HighAtkLowDef"],"picked":"Hololive_DDD","floor":33.0},{"not_picked":["Hololive_CallOzoraSubaru","Hololive_CallSakuraMiko+1","Hololive_CallMomosuzuNene"],"picked":"Hololive_CocoNews","floor":35.0},{"not_picked":["Hololive_OvertimeWork+1","Hololive_Rebound+1","Hololive_HuntDinosaur","Hololive_CallSakuraMiko+1"],"picked":"SKIP","floor":37.0},{"not_picked":["Hololive_RevenueBasedLive","Hololive_Sequa","Hololive_Breathe+1","Hololive_Drill"],"picked":"SKIP","floor":39},{"not_picked":["Hololive_FlareMind","Hololive_CallShishiroBotan","Hololive_CallRosalyn"],"picked":"Hololive_CallAkiRosenthal+1","floor":40},{"not_picked":["Hololive_OvertimeWork","Hololive_BringToTrial+1","Hololive_Trident","Hololive_Teleport+1"],"picked":"SKIP","floor":42},{"not_picked":["Hololive_RevenueBasedLive","Hololive_LuckPotion","Hololive_Drill+1"],"picked":"Hololive_FlyingPonyTail+1","floor":44},{"not_picked":["Hololive_HuntDinosaur+1","Hololive_OvertimeWork","Hololive_Trident"],"picked":"Hololive_CallNekomataOkayu","floor":44},{"not_picked":["Hololive_Sequa","Hololive_Breathe","Hololive_CallHoushouMarine"],"picked":"Hololive_CallYuzukiChoco","floor":44},{"not_picked":["Hololive_LuckPotion+1","Hololive_Sequa+1","Hololive_RevenueBasedLive","Hololive_OpenUp"],"picked":"SKIP","floor":45}],"player_experience":315877,"relics_obtained":[{"floor":2.0,"key":"Anchor"},{"floor":6.0,"key":"Bronze Scales"},{"floor":8.0,"key":"conspire:DeflatedDodgeball"},{"floor":9.0,"key":"White Beast Statue"},{"floor":10.0,"key":"Blood Vial"},{"floor":13.0,"key":"Odd Mushroom"},{"floor":26.0,"key":"Oddly Smooth Stone"},{"floor":27.0,"key":"Bag of Marbles"},{"floor":40,"key":"WingedGreaves"},{"floor":43,"key":"Boot"},{"floor":45,"key":"Juzu Bracelet"}],"event_choices":[{"damage_healed":0.0,"max_hp_gain":0.0,"max_hp_loss":0.0,"gold_gain":0.0,"cards_transformed":["Hololive_Strike"],"event_name":"Transmorgrifier","player_choice":"Transformed","floor":3.0,"gold_loss":0.0,"damage_taken":0.0,"cards_obtained":["Hololive_CallUruhaRushia"]},{"damage_healed":0.0,"max_hp_gain":0.0,"max_hp_loss":0.0,"gold_gain":0.0,"event_name":"Shining Light","player_choice":"Entered Light","floor":11.0,"gold_loss":0.0,"damage_taken":8.0,"cards_upgraded":["Hololive_IdolExercise","Hololive_CallTsunomakiWatame"]},{"damage_healed":0.0,"max_hp_gain":0.0,"max_hp_loss":0.0,"gold_gain":0.0,"event_name":"Mushrooms","player_choice":"Fought Mushrooms","floor":13.0,"gold_loss":0.0,"damage_taken":0.0},{"damage_healed":0.0,"max_hp_gain":0.0,"max_hp_loss":0.0,"gold_gain":0.0,"cards_transformed":["Hololive_Strike","Hololive_Defend"],"event_name":"Drug Dealer","player_choice":"Became Test Subject","floor":19.0,"gold_loss":0.0,"damage_taken":0.0,"cards_obtained":["Hololive_CallDoris","Hololive_CallSakuraMiko"]},{"damage_healed":0.0,"max_hp_gain":0.0,"max_hp_loss":0.0,"gold_gain":0.0,"event_name":"Lab","player_choice":"Got Potions","floor":22.0,"gold_loss":0.0,"damage_taken":0.0},{"damage_healed":0.0,"max_hp_gain":0.0,"max_hp_loss":0.0,"gold_gain":0.0,"event_name":"Tomb of Lord Red Mask","player_choice":"Ignored","floor":36.0,"gold_loss":0.0,"damage_taken":0.0},{"damage_healed":0,"gold_gain":0,"player_choice":"Upgraded","damage_taken":0,"max_hp_gain":0,"max_hp_loss":0,"event_name":"Upgrade Shrine","floor":41,"gold_loss":0,"cards_upgraded":["Hololive_CocoNews"]},{"damage_healed":0,"gold_gain":0,"player_choice":"Leave","damage_taken":0,"max_hp_gain":0,"max_hp_loss":0,"event_name":"conspire:Investor","floor":47,"gold_loss":0}],"is_beta":false,"boss_relics":[{"not_picked":["conspire:SlowCooker","Black Star"],"picked":"hubris:RunicObelisk"},{"not_picked":["hubris:CrackedHourglass","hubris:HollowSoul"],"picked":"conspire:SeveredTorchhead"}],"items_purged_floors":[20],"is_endless":false,"potions_floor_spawned":[1,10,13,16,18,21,23,24,27,30,31,33,35,37,39,40,42,45],"ascension_level":2}}