{"host":"jm9833yuloeli2yd","time":1611856503,"event":{"mods":["BaseMod","Better Altar","Better Match","Better Note","Better Sensory Stone","Better Skull","Better Third Choice","Better Vampires","BetterRewards","Colored Map","Colored Powertips","DeckTracker","Minty Spire (QoL Compilation)","Permanent Neow","Quick Restart","Slay-I","StSLib","SuperFastMode"],"gold_per_floor":[111,111,128,128,142,168,168,194,194,194,211,5,33,65,65,144,144,160,160,177,177,195,195,195],"floor_reached":23,"language":"ENG","playtime":713,"items_purged":["Strike_G"],"score":418,"play_id":"24a5f101-f723-44f7-bdfd-4e745af6eaed","local_time":"20210128125503","is_ascension_mode":true,"campfire_choices":[{"floor":10.0,"key":"REST"},{"data":"Phantasmal Killer","floor":15.0,"key":"SMITH"}],"circlet_count":0,"master_deck":["AscendersBane","Strike_G","Strike_G","Defend_G","Defend_G","Defend_G","Defend_G","Defend_G","Survivor","Neutralize+1","Dagger Spray+1","Poisoned Stab","Quick Slash","Finisher+1","Phantasmal Killer+1","PiercingWail","Finisher+1","Endless Agony+1","Well Laid Plans+1","Malaise","Dagger Spray+1","Writhe","Expertise+1","Adrenaline","Dodge and Roll"],"relics":["Velvet Choker","Molten Egg 2","Frozen Egg 2","White Beast Statue","Odd Mushroom","Shuriken","Black Star","Bag of Marbles"],"acts_visited":["Exordium","TheCity"],"potions_floor_usage":[],"damage_taken":[{"damage":4.0,"enemies":"Cultist","floor":1.0,"turns":6.0},{"damage":2.0,"enemies":"Jaw Worm","floor":3.0,"turns":4.0},{"damage":0.0,"enemies":"2 Louse","floor":5.0,"turns":3.0},{"damage":19.0,"enemies":"Lagavulin","floor":6.0,"turns":9.0},{"damage":19.0,"enemies":"Gremlin Nob","floor":8.0,"turns":4.0},{"damage":0.0,"enemies":"Large Slime","floor":11.0,"turns":2.0},{"damage":0.0,"enemies":"The Mushroom Lair","floor":13.0,"turns":2.0},{"damage":14.0,"enemies":"Lagavulin","floor":14.0,"turns":6.0},{"damage":3.0,"enemies":"The Guardian","floor":16.0,"turns":8.0},{"damage":25.0,"enemies":"2 Thieves","floor":18.0,"turns":5.0},{"damage":13.0,"enemies":"Shell Parasite","floor":20.0,"turns":5.0},{"damage":11.0,"enemies":"Cultist and Chosen","floor":22.0,"turns":5.0},{"damage":6,"enemies":"Book of Stabbing","floor":23,"turns":3}],"seed_played":"-6014837634581334939","potions_obtained":[{"floor":3.0,"key":"Dexterity Potion"},{"floor":11.0,"key":"SpeedPotion"},{"floor":13.0,"key":"SkillPotion"},{"floor":16.0,"key":"Ancient Potion"},{"floor":18.0,"key":"CunningPotion"},{"floor":22.0,"key":"Weak Potion"}],"is_trial":false,"path_per_floor":["M","?","M","?","M","E","?","E","T","R","M","$","?","E","R","B",null,"M","?","M","?","M","E"],"character_chosen":"THE_SILENT","items_purchased":["Finisher+1","SteroidPotion"],"campfire_rested":1,"item_purchase_floors":[12,12],"current_hp_per_floor":[55,55,53,53,53,34,27,8,8,27,27,27,27,13,13,10,52,27,27,14,14,3,0,0],"gold":195,"neow_bonus":"BOSS_RELIC","is_daily":false,"chose_seed":false,"campfire_upgraded":1,"win_rate":0.0,"timestamp":1611856503,"path_taken":["M","?","M","?","?","E","?","E","T","R","M","$","?","E","R","BOSS","M","?","M","?","?","E"],"items_purchased_type":["Card","Potion"],"build_version":"2020-12-22","purchased_purges":1,"victory":false,"max_hp_per_floor":[66,66,66,66,66,66,66,66,66,66,66,66,66,66,66,66,66,66,66,66,66,66,66,66],"card_choices":[{"not_picked":["Bane","Flying Knee"],"picked":"Dagger Spray","floor":1.0},{"not_picked":["Deflect","Backstab"],"picked":"Poisoned Stab","floor":3.0},{"not_picked":["Prepared","Setup"],"picked":"Quick Slash","floor":5.0},{"not_picked":["Deflect","Noxious Fumes"],"picked":"Finisher+1","floor":6.0},{"not_picked":["Expertise","Reflex"],"picked":"Phantasmal Killer","floor":8.0},{"not_picked":["Reflex","Dagger Throw+1"],"picked":"PiercingWail","floor":11.0},{"not_picked":["Deadly Poison","Prepared"],"picked":"Endless Agony+1","floor":13.0},{"not_picked":["Reflex","Dagger Throw+1"],"picked":"Well Laid Plans+1","floor":14.0},{"not_picked":["Burst","Night Terror"],"picked":"Malaise","floor":16.0},{"not_picked":["Sucker Punch+1","Dagger Throw+1"],"picked":"Dagger Spray+1","floor":18.0},{"not_picked":["Flying Knee+1","Masterful Stab+1"],"picked":"Expertise+1","floor":20.0},{"not_picked":["Calculated Gamble","Skewer+1"],"picked":"Dodge and Roll","floor":22.0}],"player_experience":1333852,"relics_obtained":[{"floor":6.0,"key":"Molten Egg 2"},{"floor":8.0,"key":"Frozen Egg 2"},{"floor":9.0,"key":"White Beast Statue"},{"floor":13.0,"key":"Odd Mushroom"},{"floor":14.0,"key":"Shuriken"}],"event_choices":[{"damage_healed":0.0,"max_hp_gain":0.0,"max_hp_loss":0.0,"gold_gain":0.0,"event_name":"Living Wall","player_choice":"Grow","floor":2.0,"gold_loss":0.0,"damage_taken":0.0,"cards_upgraded":["Neutralize"]},{"damage_healed":0.0,"max_hp_gain":0.0,"max_hp_loss":0.0,"gold_gain":0.0,"event_name":"Upgrade Shrine","player_choice":"Upgraded","floor":4.0,"gold_loss":0.0,"damage_taken":0.0,"cards_upgraded":["Dagger Spray"]},{"cards_removed":["Strike_G"],"damage_healed":0.0,"max_hp_gain":0.0,"max_hp_loss":0.0,"gold_gain":0.0,"event_name":"Golden Wing","player_choice":"Card Removal","floor":7.0,"gold_loss":0.0,"damage_taken":7.0},{"damage_healed":0.0,"max_hp_gain":0.0,"max_hp_loss":0.0,"gold_gain":0.0,"event_name":"Mushrooms","player_choice":"Fought Mushrooms","floor":13.0,"gold_loss":0.0,"damage_taken":0.0},{"damage_healed":0.0,"max_hp_gain":0.0,"max_hp_loss":0.0,"gold_gain":0.0,"event_name":"The Mausoleum","player_choice":"Opened","floor":19.0,"gold_loss":0.0,"damage_taken":0.0,"relics_obtained":["Bag of Marbles"],"cards_obtained":["Writhe"]},{"damage_healed":0.0,"max_hp_gain":0.0,"max_hp_loss":0.0,"gold_gain":0.0,"cards_transformed":["Strike_G"],"event_name":"Transmorgrifier","player_choice":"Transformed","floor":21.0,"gold_loss":0.0,"damage_taken":0.0,"cards_obtained":["Adrenaline"]}],"is_beta":false,"boss_relics":[{"not_picked":["Empty Cage","WristBlade"],"picked":"Black Star"}],"items_purged_floors":[12],"is_endless":false,"potions_floor_spawned":[3,11,13,14,16,18,20,22],"killed_by":"Book of Stabbing","ascension_level":20}}