{"host":"u7lidxcfipr42qqj","time":1611812324,"event":{"mods":["AchievementEnabler","Ascension Reborn","BaseMod","Downfall","Hermit","Hubris","Infinite Spire","Minty Spire (QoL Compilation)","Replay The Spire","StSLib","The Cursed","The IronCluck","The Necromancer","slay the spire mod where everything is the same but ironclad has a cowboy hat"],"gold_per_floor":[99,116,136,136,136,149,149,44,63,94,94,94,79,93,111,111,111,111],"floor_reached":16,"language":"ENG","playtime":1029,"items_purged":[],"score":102,"play_id":"8e89e392-9696-4d74-b329-3774c5784740","local_time":"20210128003844","is_ascension_mode":true,"campfire_choices":[{"floor":1,"key":"RECALL"},{"floor":11,"key":"REST"}],"circlet_count":0,"master_deck":["Slimebound:Strike_Slimebound","Slimebound:Strike_Slimebound","Slimebound:Strike_Slimebound","Slimebound:Tackle","Slimebound:Defend_Slimebound","Slimebound:Defend_Slimebound","Slimebound:Defend_Slimebound","Slimebound:Defend_Slimebound","Slimebound:Split","Slimebound:CorrosiveSpit","Slimebound:SplitLeeching","Slimebound:PressTheAttack","Slimebound:LevelUp","Slimebound:Equalize","Slimebound:RollThrough","Replay:SS_hec_1","Slimebound:LeechingTouch","Slimebound:AcidTongue","Slimebound:Nibble","Slimebound:ProtectTheBoss","Slimebound:LevelUp"],"relics":["Slimebound:AbsorbEndCombat","Slimebound:AggressiveSlimeRelic","hubris:OldNail","hubris:Icosahedron"],"acts_visited":["Exordium"],"potions_floor_usage":[8],"damage_taken":[{"damage":4,"enemies":"Small Slimes","floor":2,"turns":4},{"damage":7,"enemies":"Jaw Worm","floor":3,"turns":4},{"damage":3,"enemies":"Cultist","floor":6,"turns":3},{"damage":0,"enemies":"downfall:FleeingMerchant","floor":8,"turns":4},{"damage":12,"enemies":"3 Louse","floor":9,"turns":3},{"damage":31,"enemies":"Gremlin Nob","floor":10,"turns":5},{"damage":4,"enemies":"downfall:FleeingMerchant","floor":13,"turns":4},{"damage":0,"enemies":"2 Fungi Beasts","floor":14,"turns":2},{"damage":0,"enemies":"Large Slime","floor":15,"turns":4},{"damage":58,"enemies":"IC_STATUS_ARCHETYPE","floor":16,"turns":8}],"seed_played":"2064370107100715472","potions_obtained":[{"floor":2,"key":"Doom Potion"},{"floor":3,"key":"SteroidPotion"},{"floor":6,"key":"sneckomod:MuddlingPotion"}],"is_trial":false,"path_per_floor":["R","M","M","?","?","M","T","$","M","E","R","?","$","M","M","B"],"character_chosen":"SLIMEBOUND","items_purchased":["Replay:SS_hec_1"],"campfire_rested":1,"item_purchase_floors":[8],"current_hp_per_floor":[65,61,58,58,40,39,39,39,29,2,21,21,19,29,37,0,0,0],"gold":111,"neow_bonus":"THREE_CARDS","is_daily":false,"chose_seed":false,"campfire_upgraded":0,"win_rate":0.0,"timestamp":1611812324,"path_taken":["R","M","M","?","?","M","T","?","M","E","R","?","?","M","M","BOSS"],"items_purchased_type":["Card"],"build_version":"2020-12-22","purchased_purges":0,"victory":false,"max_hp_per_floor":[65,65,65,65,65,65,65,65,65,65,65,65,65,65,65,65,65,65],"card_choices":[{"not_picked":["Slimebound:HauntingLick","Slimebound:RollThrough"],"picked":"Slimebound:SplitLeeching","floor":0},{"not_picked":["Slimebound:LeechEnergy","Slimebound:SlimeBarrage"],"picked":"Slimebound:PressTheAttack","floor":2},{"not_picked":["Slimebound:SplitLeeching","Slimebound:HauntingLick"],"picked":"Slimebound:LevelUp","floor":3},{"not_picked":["Slimebound:Prepare","Slimebound:PressTheAttack"],"picked":"Slimebound:Equalize","floor":6},{"not_picked":["Slimebound:PressTheAttack","Slimebound:SplitAcid"],"picked":"Slimebound:RollThrough","floor":8},{"not_picked":["Slimebound:FinishingTackle","Slimebound:RollThrough"],"picked":"Slimebound:LeechingTouch","floor":9},{"not_picked":["Slimebound:Chomp","Slimebound:MassFeed"],"picked":"Slimebound:AcidTongue","floor":10},{"not_picked":["Slimebound:LeechEnergy","Slimebound:FinishingTackle"],"picked":"Slimebound:Nibble","floor":13},{"not_picked":["Slimebound:GoopTackle","Slimebound:PressTheAttack"],"picked":"Slimebound:ProtectTheBoss","floor":14},{"not_picked":["Slimebound:BestDefense","Slimebound:Equalize"],"picked":"Slimebound:LevelUp","floor":15}],"player_experience":158120,"relics_obtained":[{"floor":10,"key":"hubris:OldNail"}],"event_choices":[{"damage_healed":0,"gold_gain":0,"player_choice":"Success","damage_taken":18,"relics_obtained":["Slimebound:AggressiveSlimeRelic"],"max_hp_gain":0,"max_hp_loss":0,"event_name":"Scrap Ooze","floor":5,"gold_loss":0}],"is_beta":false,"boss_relics":[],"items_purged_floors":[],"is_endless":false,"potions_floor_spawned":[2,3,6],"killed_by":"IC_STATUS_ARCHETYPE","ascension_level":0}}