{"host":"yqw1zpryoutrnocq","time":1611869303,"event":{"mods":["2.2 Compatiblity","AchievementEnabler","BaseMod","Colored Map","Custom Start","DeckTracker","Minty Spire (QoL Compilation)","Replay The Spire","StSLib","SuperFastMode"],"gold_per_floor":[113,4,4,4,16,16,48,48,103,103,103,103],"floor_reached":11,"language":"KOR","playtime":257,"items_purged":["Strike_B"],"score":72,"play_id":"1ef930e1-e93d-4974-ba93-29c27b2e1209","local_time":"20210128152823","is_ascension_mode":true,"campfire_choices":[{"data":"Zap","floor":6,"key":"SMITH"},{"data":"Dualcast","floor":6,"key":"SMITH"},{"data":"BasicCrystalCard","floor":8,"key":"SMITH"},{"data":"FTL","floor":8,"key":"SMITH"},{"floor":10,"key":"RECALL"}],"circlet_count":0,"master_deck":["Strike_B","Strike_B","Defend_B","Defend_B","Defend_B","Defend_B","Zap+1","Dualcast+1","Redo+1","FTL+1","BasicCrystalCard+1"],"relics":["Cracked Core","Replay:Arrowhead","Frozen Egg 2","Happy Flower","Replay:Rubber Ducky"],"acts_visited":[],"potions_floor_usage":[],"damage_taken":[{"damage":10,"enemies":"Jaw Worm","floor":1,"turns":4},{"damage":0,"enemies":"Small Slimes","floor":5,"turns":4},{"damage":26,"enemies":"Lagavulin","floor":7,"turns":6},{"damage":51,"enemies":"Gremlin Nob","floor":11,"turns":4}],"seed_played":"5181098921788455555","potions_obtained":[{"floor":1,"key":"Energy Potion"},{"floor":7,"key":"PotionOfCapacity"}],"is_trial":false,"path_per_floor":["M","$","?","?","M","R","E","R","T","R","E"],"character_chosen":"DEFECT","items_purchased":["Redo+1"],"campfire_rested":0,"item_purchase_floors":[2],"current_hp_per_floor":[58,58,51,51,51,51,25,25,25,25,0,0],"gold":103,"neow_bonus":"ONE_RARE_RELIC","is_daily":false,"chose_seed":false,"campfire_upgraded":4,"win_rate":0.0,"timestamp":1611869303,"path_taken":["M","$","?","?","?","R","E","R","T","R","E"],"items_purchased_type":["Card"],"build_version":"2020-12-22","purchased_purges":1,"victory":false,"max_hp_per_floor":[68,68,68,68,68,68,68,68,68,68,68,68],"card_choices":[{"not_picked":["ReplayTheSpireMod:GoodbyeWorld","Rip and Tear"],"picked":"Redo","floor":1},{"not_picked":["Beam Cell","Streamline"],"picked":"FTL","floor":5},{"not_picked":["Compile Driver","Beam Cell"],"picked":"BasicCrystalCard","floor":7}],"player_experience":234377,"relics_obtained":[{"floor":7,"key":"Happy Flower"},{"floor":9,"key":"Replay:Rubber Ducky"}],"event_choices":[{"cards_removed":["Strike_B"],"damage_healed":0,"gold_gain":0,"player_choice":"Card Removal","damage_taken":7,"max_hp_gain":0,"max_hp_loss":0,"event_name":"Golden Wing","floor":3,"gold_loss":0},{"cards_removed":["Redo"],"damage_healed":0,"gold_gain":0,"player_choice":"Gave Card","damage_taken":0,"relics_obtained":["Frozen Egg 2"],"max_hp_gain":0,"max_hp_loss":0,"event_name":"WeMeetAgain","floor":4,"gold_loss":0}],"is_beta":false,"boss_relics":[],"items_purged_floors":[2],"is_endless":false,"potions_floor_spawned":[1,7],"killed_by":"Gremlin Nob","ascension_level":1}}