{"host":"qekv59dthhdg54sz","time":1611855902,"event":{"mods":["AchievementEnabler","BaseMod","Colored Map","DeckTracker","KOR Keyword Fix","Minty Spire (QoL Compilation)","Rare Cards Sparkle","StSLib","SuperFastMode"],"gold_per_floor":[362,156,168,178,178,178,1,1,1,10,25,25,25],"floor_reached":12,"language":"KOR","playtime":178,"items_purged":["Defend_R"],"score":130,"play_id":"9901acd4-aec7-4d6b-9825-174dda7c6cac","local_time":"20210129024502","is_ascension_mode":true,"campfire_choices":[{"data":"True Grit","floor":6,"key":"SMITH"},{"data":"Dark Embrace","floor":8,"key":"SMITH"}],"circlet_count":0,"master_deck":["AscendersBane","Strike_R","Strike_R","Strike_R","Strike_R","Defend_R","Defend_R","Defend_R","Bash","True Grit+1","Dark Embrace+1","Shrug It Off","Twin Strike","Wild Strike","Impervious","Power Through"],"relics":["Burning Blood","Bottled Lightning"],"acts_visited":["Exordium"],"potions_floor_usage":[],"damage_taken":[{"damage":5,"enemies":"2 Louse","floor":1,"turns":4},{"damage":12,"enemies":"Jaw Worm","floor":3,"turns":6},{"damage":3,"enemies":"Cultist","floor":4,"turns":4},{"damage":0,"enemies":"Exordium Thugs","floor":10,"turns":4},{"damage":5,"enemies":"3 Louse","floor":11,"turns":5},{"damage":0,"enemies":"3 Sentries","floor":12,"turns":1}],"seed_played":"-8013732600987754226","potions_obtained":[{"floor":3,"key":"LiquidBronze"},{"floor":10,"key":"FearPotion"}],"is_trial":false,"path_per_floor":["M","$","M","M","?","R","$","R","T","M","M","E"],"character_chosen":"IRONCLAD","items_purchased":["Dark Embrace","Shrug It Off","Impervious"],"campfire_rested":0,"item_purchase_floors":[2,2,7],"current_hp_per_floor":[51,51,45,48,41,41,41,41,41,47,48,48,48],"gold":25,"neow_bonus":"TWO_FIFTY_GOLD","is_daily":false,"chose_seed":false,"campfire_upgraded":2,"win_rate":0.0,"timestamp":1611855902,"path_taken":["M","$","M","M","?","R","$","R","T","M","M","E"],"items_purchased_type":["Card","Card","Card"],"build_version":"2020-12-22","purchased_purges":1,"victory":false,"max_hp_per_floor":[75,75,75,75,75,75,75,75,75,75,75,75,75],"card_choices":[{"not_picked":["Sword Boomerang","Havoc"],"picked":"True Grit","floor":1},{"not_picked":["Thunderclap","Havoc"],"picked":"Twin Strike","floor":3},{"not_picked":["Sword Boomerang","Thunderclap"],"picked":"Wild Strike","floor":4},{"not_picked":["Shrug It Off","Rage"],"picked":"Power Through","floor":10},{"not_picked":["Seeing Red","Clash","Perfected Strike"],"picked":"SKIP","floor":11}],"player_experience":866305,"relics_obtained":[{"floor":9,"key":"Bottled Lightning"}],"event_choices":[{"cards_removed":["Strike_R"],"damage_healed":0,"gold_gain":0,"player_choice":"Card Removal","damage_taken":7,"max_hp_gain":0,"max_hp_loss":0,"event_name":"Golden Wing","floor":5,"gold_loss":0}],"is_beta":false,"boss_relics":[],"items_purged_floors":[2],"is_endless":false,"potions_floor_spawned":[3,10],"killed_by":"3 Sentries","ascension_level":17}}