{"host":"ishme5wb80o83upk","time":1611824298,"event":{"mods":["BaseMod","Minty Spire (QoL Compilation)","StSLib","The Runesmith"],"gold_per_floor":[19,19,34,50,97,97,125,125,125,125,141,141,182,202,202,283,283,303,321,344,344,344],"floor_reached":21,"language":"KOR","playtime":686,"items_purged":[],"score":502,"play_id":"234ec933-6a2a-4375-b2c8-6b4463249080","local_time":"20210128175818","is_ascension_mode":true,"campfire_choices":[{"data":"Runesmith:FieryHammer","floor":6,"key":"SMITH"},{"data":"Runesmith:FieryHammer+1","floor":10,"key":"SMITH"},{"data":"Runesmith:FieryHammer+2","floor":15,"key":"SMITH"}],"circlet_count":0,"master_deck":["AscendersBane","Runesmith:Strike_RS","Runesmith:Strike_RS","Runesmith:Strike_RS","Runesmith:Defend_RS","Runesmith:Defend_RS","Runesmith:Defend_RS","Runesmith:CraftFirestone","Runesmith:Fortify","Runesmith:CraftMagma","Pain","Runesmith:HeatedChisel","Runesmith:FieryHammer+3","Runesmith:HammerThrow","Runesmith:OneForEveryone","Runesmith:CraftMagma","Runesmith:ReplicatingBarrier"],"relics":["Runesmith:BrokenRuby","WarpedTongs","Centennial Puzzle","Kunai","Orichalcum","Tiny Chest","Art of War","CeramicFish","Velvet Choker","Potion Belt"],"acts_visited":["Exordium","TheCity"],"potions_floor_usage":[13,18,21],"damage_taken":[{"damage":0,"enemies":"Cultist","floor":1,"turns":3},{"damage":7,"enemies":"Jaw Worm","floor":3,"turns":4},{"damage":2,"enemies":"Small Slimes","floor":4,"turns":3},{"damage":19,"enemies":"3 Sentries","floor":7,"turns":5},{"damage":10,"enemies":"Red Slaver","floor":11,"turns":2},{"damage":2,"enemies":"Lagavulin","floor":13,"turns":6},{"damage":0,"enemies":"Exordium Wildlife","floor":14,"turns":2},{"damage":10,"enemies":"Hexaghost","floor":16,"turns":7},{"damage":21,"enemies":"2 Thieves","floor":18,"turns":3},{"damage":13,"enemies":"Shell Parasite","floor":19,"turns":4},{"damage":2,"enemies":"Snecko","floor":21,"turns":4}],"seed_played":"4294705380361606258","potions_obtained":[{"floor":4,"key":"Swift Potion"},{"floor":11,"key":"Block Potion"},{"floor":14,"key":"SteroidPotion"},{"floor":18,"key":"SteroidPotion"}],"is_trial":false,"path_per_floor":["M","?","M","M","T","R","E","?","T","R","M","T","E","M","R","B",null,"M","M","T","M"],"character_chosen":"RUNESMITH_CLASS","items_purchased":[],"campfire_rested":0,"item_purchase_floors":[],"current_hp_per_floor":[59,59,52,50,50,50,31,31,31,31,21,21,19,19,19,9,52,31,18,18,16,16],"gold":344,"neow_bonus":"REMOVE_TWO","is_daily":false,"chose_seed":false,"campfire_upgraded":3,"win_rate":0.0,"timestamp":1611824298,"path_taken":["M","?","?","?","?","R","E","?","T","R","?","?","E","M","R","BOSS","M","?","?","M"],"items_purchased_type":[],"build_version":"2020-12-22","purchased_purges":0,"victory":false,"max_hp_per_floor":[66,66,66,66,66,66,66,66,66,66,66,66,66,66,66,66,66,66,66,66,66,66],"card_choices":[{"not_picked":["Runesmith:Grindstone","Runesmith:HammerAndChisel"],"picked":"Runesmith:CraftMagma","floor":1},{"not_picked":["Runesmith:HeatExchange","Runesmith:UnstableHammer"],"picked":"Runesmith:HeatedChisel","floor":3},{"not_picked":["Runesmith:MakeshiftArmor","Runesmith:Attraction"],"picked":"Runesmith:FieryHammer","floor":4},{"not_picked":["Runesmith:CraftMedicinae","Runesmith:RunicBlueprint"],"picked":"Runesmith:Discharge","floor":7},{"not_picked":["Runesmith:ChiselStab","Runesmith:Firestorm"],"picked":"Runesmith:HammerThrow","floor":11},{"not_picked":["Runesmith:Overpower","Runesmith:EarthShield"],"picked":"Runesmith:OneForEveryone","floor":13},{"not_picked":["Runesmith:ElementalConversion","Runesmith:Reinforce"],"picked":"Runesmith:CraftMagma","floor":14},{"not_picked":["Runesmith:LastStand","Runesmith:CreatorForm"],"picked":"Runesmith:ReplicatingBarrier","floor":16},{"not_picked":["Runesmith:Repurpose","Runesmith:WhiteBalance","Runesmith:HeatedChisel"],"picked":"SKIP","floor":18},{"not_picked":["Runesmith:RunicBlueprint+1","Runesmith:StaticCage","Runesmith:Malloc"],"picked":"SKIP","floor":19}],"player_experience":1163787,"relics_obtained":[{"floor":5,"key":"Centennial Puzzle"},{"floor":7,"key":"Kunai"},{"floor":9,"key":"Tiny Chest"},{"floor":12,"key":"Art of War"},{"floor":13,"key":"CeramicFish"},{"floor":20,"key":"Potion Belt"}],"event_choices":[{"damage_healed":0,"gold_gain":0,"player_choice":"Rummage","damage_taken":0,"relics_obtained":["WarpedTongs"],"max_hp_gain":0,"max_hp_loss":0,"event_name":"Accursed Blacksmith","floor":2,"gold_loss":0,"cards_obtained":["Pain"]},{"cards_removed":["Runesmith:Discharge"],"damage_healed":0,"gold_gain":0,"player_choice":"Gave Card","damage_taken":0,"relics_obtained":["Orichalcum"],"max_hp_gain":0,"max_hp_loss":0,"event_name":"WeMeetAgain","floor":8,"gold_loss":0}],"is_beta":false,"boss_relics":[{"not_picked":["SlaversCollar","Cursed Key"],"picked":"Velvet Choker"}],"items_purged_floors":[],"is_endless":false,"potions_floor_spawned":[4,11,14,16,18],"killed_by":"Snecko","ascension_level":18}}