{"host":"osk2oboccoevp2u5","time":1611868941,"event":{"mods":["AchievementEnabler","Alarm Clock","BaseMod","Colored Powertips","Disable Question Mark Monsters","Displayed Cursed Tome","Hermit","Key Reminder","Minty Spire (QoL Compilation)","Potion Indicator Mod","Quick Restart","Rare Cards Sparkle","Reorder Act Four","StSLib","Useless Jewels Mod"],"gold_per_floor":[113,130,130,67,84,84,102,112,164,2,2,21,36,53,53,155,155,165,185,284,284,300,300,326,3,3,3,15,48,65,76,76,76,76],"floor_reached":33,"language":"ENG","playtime":2247,"items_purged":["hermit:Strike_Hermit","hermit:Strike_Hermit"],"score":379,"play_id":"0651ab64-1f7d-47e1-8491-56641b2caa5e","local_time":"20210128172221","is_ascension_mode":true,"campfire_choices":[{"data":"hermit:Manifest","floor":6,"key":"SMITH"},{"data":"Dramatic Entrance","floor":11,"key":"SMITH"},{"data":"hermit:GoldenBullet","floor":15,"key":"SMITH"},{"floor":23,"key":"REST"},{"data":"hermit:GoldenBullet","floor":32,"key":"SMITH"}],"circlet_count":0,"master_deck":["hermit:Strike_Hermit","hermit:Strike_Hermit","hermit:Defend_Hermit","hermit:Defend_Hermit","hermit:Defend_Hermit","hermit:Defend_Hermit","hermit:Snapshot","hermit:Covet","hermit:Manifest+1","hermit:BodyArmor","Dramatic Entrance+1","hermit:Spite","hermit:GoldenBullet+1","hermit:FatalDesire","hermit:GoldenBullet+1","hermit:Ricochet","hermit:BigShot","Ghostly","Ghostly","Ghostly","Ghostly","Ghostly","hermit:LuckOfTheDraw+1"],"relics":["hermit:Momento","Bag of Marbles","Vajra","Gremlin Horn","Regal Pillow","hermit:BartenderGlass","Orichalcum","Bottled Lightning","Membership Card","Ancient Tea Set","Matryoshka","Omamori"],"acts_visited":["Exordium","TheCity"],"potions_floor_usage":[16,16,16,18,18,19,19,22,22,24,24,24,28,28,29,29,29,33,33,33],"damage_taken":[{"damage":0,"enemies":"Cultist","floor":1,"turns":3},{"damage":0,"enemies":"Small Slimes","floor":2,"turns":3},{"damage":2,"enemies":"Jaw Worm","floor":5,"turns":5},{"damage":0,"enemies":"3 Louse","floor":7,"turns":2},{"damage":7,"enemies":"Looter","floor":8,"turns":4},{"damage":2,"enemies":"Large Slime","floor":12,"turns":6},{"damage":0,"enemies":"2 Fungi Beasts","floor":13,"turns":2},{"damage":0,"enemies":"Red Slaver","floor":14,"turns":2},{"damage":32,"enemies":"Slime Boss","floor":16,"turns":11},{"damage":23,"enemies":"Spheric Guardian","floor":18,"turns":4},{"damage":0,"enemies":"Shell Parasite","floor":19,"turns":1},{"damage":14,"enemies":"Snake Plant","floor":22,"turns":5},{"damage":76,"enemies":"Book of Stabbing","floor":24,"turns":9},{"damage":0,"enemies":"Chosen and Byrds","floor":28,"turns":5},{"damage":0,"enemies":"Gremlin Leader","floor":29,"turns":5},{"damage":0,"enemies":"Centurion and Healer","floor":30,"turns":5},{"damage":0,"enemies":"Snecko","floor":31,"turns":6},{"damage":125,"enemies":"Collector","floor":33,"turns":11}],"seed_played":"2537849282254679431","potions_obtained":[{"floor":5,"key":"Weak Potion"},{"floor":8,"key":"Energy Potion"},{"floor":12,"key":"AttackPotion"},{"floor":16,"key":"Explosive Potion"},{"floor":18,"key":"CultistPotion"},{"floor":24,"key":"Dexterity Potion"},{"floor":31,"key":"SkillPotion"}],"is_trial":false,"path_per_floor":["M","M","T","?","M","R","M","M","T","$","R","M","M","M","R","B",null,"M","M","?","?","M","R","E","$","T","?","M","E","M","M","R","B"],"character_chosen":"HERMIT","items_purchased":["Dramatic Entrance","Membership Card","Ancient Tea Set","hermit:Ricochet","hermit:BigShot"],"campfire_rested":1,"item_purchase_floors":[10,25,25,25,25],"current_hp_per_floor":[75,75,75,75,73,73,73,66,66,66,66,64,64,64,64,32,75,52,52,52,52,38,75,40,40,40,37,37,37,37,37,37,29,29],"gold":76,"neow_bonus":"RANDOM_COMMON_RELIC","is_daily":false,"chose_seed":false,"campfire_upgraded":4,"win_rate":0.0,"timestamp":1611868941,"path_taken":["M","?","?","?","M","R","?","M","T","?","R","M","M","M","R","BOSS","M","M","?","?","M","R","E","$","T","?","M","E","M","M","R","BOSS"],"items_purchased_type":["Card","Relic","Relic","Card","Card"],"build_version":"2020-12-22","purchased_purges":2,"victory":false,"max_hp_per_floor":[75,75,75,75,75,75,75,75,75,75,75,75,75,75,75,75,75,75,75,75,75,75,75,75,75,75,37,37,37,37,37,37,37,37],"card_choices":[{"not_picked":["hermit:CalledShot","hermit:Glare"],"picked":"hermit:Manifest","floor":1},{"not_picked":["hermit:Snipe","hermit:CalledShot","hermit:TrackingShot"],"picked":"SKIP","floor":2},{"not_picked":["hermit:Vantage","hermit:Grudge","hermit:Virtue"],"picked":"SKIP","floor":5},{"not_picked":["hermit:Determination","hermit:Roulette","hermit:Manifest"],"picked":"SKIP","floor":7},{"not_picked":["hermit:ItchyTrigger","hermit:Glare"],"picked":"hermit:BodyArmor","floor":8},{"not_picked":["hermit:Brawl","hermit:FlashPowder","hermit:FullyLoaded"],"picked":"SKIP","floor":12},{"not_picked":["hermit:Gestalt","hermit:Determination"],"picked":"hermit:Spite","floor":13},{"not_picked":["hermit:Gestalt","hermit:Headshot"],"picked":"hermit:GoldenBullet","floor":14},{"not_picked":["hermit:Reprieve","hermit:Adapt"],"picked":"hermit:FatalDesire","floor":16},{"not_picked":["hermit:Scavenge","hermit:FullyLoaded","hermit:Glare"],"picked":"SKIP","floor":18},{"not_picked":["hermit:HighCaliber","hermit:Vantage"],"picked":"hermit:GoldenBullet","floor":19},{"not_picked":["hermit:Dive","hermit:SprayPray","hermit:Grudge"],"picked":"SKIP","floor":22},{"not_picked":["hermit:Snipe","hermit:Desperado","hermit:FromBeyond"],"picked":"SKIP","floor":24},{"not_picked":["hermit:Misfire","hermit:EyeOfTheStorm"],"picked":"hermit:LuckOfTheDraw+1","floor":28},{"not_picked":["hermit:Showdown","hermit:Gestalt","hermit:Manifest"],"picked":"SKIP","floor":29},{"not_picked":["hermit:Quickdraw","hermit:Desperado","hermit:Roulette"],"picked":"SKIP","floor":30},{"not_picked":["hermit:TakeAim","hermit:Dive","hermit:SprayPray+1"],"picked":"SKIP","floor":31}],"player_experience":939199,"relics_obtained":[{"floor":3,"key":"Vajra"},{"floor":9,"key":"Regal Pillow"},{"floor":24,"key":"Bottled Lightning"},{"floor":26,"key":"Matryoshka"},{"floor":29,"key":"Omamori"}],"event_choices":[{"damage_healed":0,"gold_gain":0,"player_choice":"Paid Gold","damage_taken":0,"relics_obtained":["Gremlin Horn"],"max_hp_gain":0,"max_hp_loss":0,"event_name":"WeMeetAgain","floor":4,"gold_loss":63},{"damage_healed":0,"gold_gain":99,"player_choice":"Stole From Cult","damage_taken":0,"max_hp_gain":0,"max_hp_loss":0,"event_name":"Nest","floor":20,"gold_loss":0},{"damage_healed":0,"gold_gain":0,"player_choice":"Opened","damage_taken":0,"relics_obtained":["Orichalcum"],"max_hp_gain":0,"max_hp_loss":0,"event_name":"The Mausoleum","floor":21,"gold_loss":0},{"damage_healed":0,"gold_gain":0,"player_choice":"Became a Ghost","damage_taken":0,"max_hp_gain":0,"max_hp_loss":38,"event_name":"Ghosts","floor":27,"gold_loss":0,"cards_obtained":["Ghostly","Ghostly","Ghostly","Ghostly","Ghostly"]}],"is_beta":false,"boss_relics":[{"not_picked":["Sozu","Cursed Key"],"picked":"hermit:BartenderGlass"}],"items_purged_floors":[10,25],"is_endless":false,"potions_floor_spawned":[5,8,12,16,18,24,31],"killed_by":"Collector","ascension_level":3}}