{"host":"pi8b3ffzwvxqztac","time":1611872103,"event":{"mods":["BaseMod","Colored Map","Downfall","Minty Spire (QoL Compilation)","StSLib"],"gold_per_floor":[13,26,26,101,117,117,146,161,210,210,221,64,164,181,181,285,285,298,310,310,310,326,326,358,376,401,433,463,475,216,228,228,330,330,348,39,59,59,113,113,125,125,125,25,25,25,36,48,48,48],"floor_reached":51,"language":"ENG","playtime":2707,"items_purged":["Multi-Cast","Strike_B"],"score":797,"play_id":"d482f309-52ae-4465-a9bb-80ebab46664f","local_time":"20210129111503","is_ascension_mode":true,"campfire_choices":[{"data":"Zap","floor":6,"key":"SMITH"},{"data":"Hologram","floor":10,"key":"SMITH"},{"data":"Rainbow","floor":15,"key":"SMITH"},{"data":"Buffer","floor":23,"key":"SMITH"},{"data":"Dualcast","floor":29,"key":"SMITH"},{"floor":32,"key":"REST"},{"floor":40,"key":"REST"},{"data":"Apotheosis","floor":49,"key":"SMITH"}],"circlet_count":0,"master_deck":["Defend_B","Defend_B","Defend_B","Defend_B","Zap+1","Dualcast+1","Fission+1","Leap","Sunder","Hologram+1","Rainbow+1","Cold Snap","Conserve Battery","Buffer+1","Blizzard","Self Repair","Leap","Conserve Battery","Glacier","Apotheosis+1","Go for the Eyes","Hologram+1","Coolheaded","Madness","Madness"],"relics":["Cracked Core","hexamod:CandleOfCauterizing","sneckomod:BlankCard","Blood Vial","Boot","MawBank","Busted Crown","bronze:DecasWashers","champ:DuelingGlove","Question Card"],"acts_visited":["Exordium","TheCity","TheBeyond"],"potions_floor_usage":[7,16,16,24,28,33,50],"damage_taken":[{"damage":0,"enemies":"2 Louse","floor":1,"turns":1},{"damage":1,"enemies":"Small Slimes","floor":2,"turns":3},{"damage":0,"enemies":"Cultist","floor":5,"turns":3},{"damage":20,"enemies":"3 Sentries","floor":7,"turns":9},{"damage":1,"enemies":"2 Fungi Beasts","floor":8,"turns":3},{"damage":0,"enemies":"Exordium Wildlife","floor":11,"turns":4},{"damage":1,"enemies":"Blue Slaver","floor":14,"turns":2},{"damage":0,"enemies":"Slime Boss","floor":16,"turns":5},{"damage":0,"enemies":"2 Thieves","floor":18,"turns":3},{"damage":0,"enemies":"Spheric Guardian","floor":19,"turns":3},{"damage":5,"enemies":"Snake Plant","floor":22,"turns":3},{"damage":71,"enemies":"Gremlin Leader","floor":24,"turns":8},{"damage":3,"enemies":"Centurion and Healer","floor":25,"turns":11},{"damage":26,"enemies":"Sentry and Sphere","floor":27,"turns":8},{"damage":0,"enemies":"Snake Plant","floor":28,"turns":4},{"damage":0,"enemies":"Snecko","floor":31,"turns":5},{"damage":43,"enemies":"Collector","floor":33,"turns":18},{"damage":0,"enemies":"Orb Walker","floor":35,"turns":4},{"damage":13,"enemies":"3 Shapes","floor":37,"turns":3},{"damage":36,"enemies":"2 Orb Walkers","floor":39,"turns":7},{"damage":0,"enemies":"Transient","floor":41,"turns":5},{"damage":0,"enemies":"4 Shapes","floor":47,"turns":8},{"damage":28,"enemies":"Jaw Worm Horde","floor":48,"turns":7},{"damage":30,"enemies":"Time Eater","floor":50,"turns":16}],"seed_played":"-4591135775231727389","potions_obtained":[{"floor":2,"key":"Block Potion"},{"floor":8,"key":"hexamod:SoulburnPotion"},{"floor":11,"key":"Regen Potion"},{"floor":16,"key":"Explosive Potion"},{"floor":22,"key":"FairyPotion"},{"floor":27,"key":"Slimebound:ThreeZeroPotion"},{"floor":28,"key":"DuplicationPotion"},{"floor":31,"key":"Dexterity Potion"},{"floor":39,"key":"EssenceOfSteel"},{"floor":48,"key":"sneckomod:MuddlingPotion"}],"is_trial":false,"path_per_floor":["M","M","?","?","M","R","E","M","T","R","M","$","?","M","R","B",null,"M","M","?","T","M","R","E","M","T","M","M","R","$","M","R","B",null,"M","$","M","?","?","R","M","?","T","$","?","?","M","M","R","B",null],"character_chosen":"DEFECT","items_purchased":["Rainbow","Apotheosis","bronze:DecasWashers","Go for the Eyes"],"campfire_rested":2,"item_purchase_floors":[12,30,36,36],"current_hp_per_floor":[75,74,74,63,63,63,43,42,42,42,42,42,42,41,41,55,75,75,75,75,75,70,70,15,21,21,26,35,35,35,44,66,35,75,75,75,72,72,45,67,69,69,69,69,60,60,69,50,50,32],"gold":48,"neow_bonus":"THREE_RARE_CARDS","is_daily":false,"chose_seed":false,"campfire_upgraded":6,"win_rate":0.0,"timestamp":1611872103,"path_taken":["M","M","?","?","M","R","E","M","T","R","M","$","?","M","R","BOSS","M","?","?","?","M","R","E","M","T","M","M","R","$","M","R","BOSS","M","$","M","?","?","R","M","?","T","$","?","?","M","M","R","BOSS"],"items_purchased_type":["Card","Card","Relic","Card"],"build_version":"2020-12-22","purchased_purges":2,"victory":true,"max_hp_per_floor":[75,75,75,75,75,75,75,75,75,75,75,75,75,75,75,75,75,75,75,75,75,75,75,75,75,75,75,75,75,75,75,75,75,75,75,75,75,75,75,75,75,75,75,75,75,75,75,75,75,75],"card_choices":[{"not_picked":["Creative AI","Amplify"],"picked":"Fission","floor":0},{"not_picked":["Redo","Compile Driver"],"picked":"Leap","floor":1},{"not_picked":["Force Field","Streamline","Steam"],"picked":"SKIP","floor":2},{"not_picked":["Self Repair","Rebound"],"picked":"Sunder","floor":5},{"not_picked":["Leap","Scrape"],"picked":"Hologram","floor":7},{"not_picked":["Hello World","Rebound","Turbo"],"picked":"SKIP","floor":8},{"not_picked":["Redo","Rip and Tear","Streamline"],"picked":"SKIP","floor":11},{"not_picked":["Heatsinks","Blizzard"],"picked":"Cold Snap","floor":14},{"not_picked":["Rainbow","Thunder Strike"],"picked":"Multi-Cast","floor":16},{"not_picked":["Beam Cell","Recycle","Stack"],"picked":"SKIP","floor":18},{"not_picked":["Rebound","Reprogram+1"],"picked":"Conserve Battery","floor":19},{"not_picked":["Amplify","Gash+1"],"picked":"Self Repair","floor":22},{"not_picked":["Steam Power","Streamline"],"picked":"Leap","floor":24},{"not_picked":["Storm","Compile Driver"],"picked":"Conserve Battery","floor":25},{"not_picked":["Hello World","Conserve Battery","Undo+1"],"picked":"SKIP","floor":27},{"not_picked":["Ball Lightning","Fusion"],"picked":"Glacier","floor":28},{"not_picked":["Buffer","Ball Lightning","Beam Cell+1"],"picked":"SKIP","floor":31},{"not_picked":["Reboot","Creative AI"],"picked":"Electrodynamics","floor":33},{"not_picked":["Static Discharge+1"],"picked":"SKIP","floor":35},{"not_picked":[],"picked":"Hologram+1","floor":37},{"not_picked":[],"picked":"Coolheaded","floor":41},{"not_picked":["Compile Driver","Turbo+1"],"picked":"SKIP","floor":47},{"not_picked":["Cold Snap","Static Discharge"],"picked":"SKIP","floor":48}],"player_experience":658153,"relics_obtained":[{"floor":7,"key":"hexamod:CandleOfCauterizing"},{"floor":9,"key":"sneckomod:BlankCard"},{"floor":21,"key":"Blood Vial"},{"floor":24,"key":"Boot"},{"floor":26,"key":"MawBank"},{"floor":39,"key":"champ:DuelingGlove"},{"floor":43,"key":"Question Card"}],"event_choices":[{"damage_healed":0,"gold_gain":0,"player_choice":"Grow","damage_taken":0,"max_hp_gain":0,"max_hp_loss":0,"event_name":"Living Wall","floor":3,"gold_loss":0,"cards_upgraded":["Fission"]},{"damage_healed":0,"gold_gain":75,"player_choice":"Gather Gold","damage_taken":11,"max_hp_gain":0,"max_hp_loss":0,"event_name":"World of Goop","floor":4,"gold_loss":0},{"damage_healed":0,"gold_gain":100,"player_choice":"Pray","damage_taken":0,"max_hp_gain":0,"max_hp_loss":0,"event_name":"Golden Shrine","floor":13,"gold_loss":0},{"damage_healed":0,"gold_gain":0,"cards_transformed":["Strike_B","Strike_B"],"player_choice":"Became Test Subject","damage_taken":0,"max_hp_gain":0,"max_hp_loss":0,"event_name":"Drug Dealer","floor":20,"gold_loss":0,"cards_obtained":["Buffer","Blizzard"]},{"damage_healed":0,"gold_gain":0,"player_choice":"Memory 1","damage_taken":0,"max_hp_gain":0,"max_hp_loss":0,"event_name":"SensoryStone","floor":38,"gold_loss":0},{"damage_healed":0,"gold_gain":0,"player_choice":"Fight","damage_taken":0,"max_hp_gain":0,"max_hp_loss":0,"event_name":"Mysterious Sphere","floor":39,"gold_loss":0},{"cards_removed":["Electrodynamics"],"damage_healed":0,"gold_gain":0,"player_choice":"Removed Power","damage_taken":0,"max_hp_gain":0,"max_hp_loss":0,"event_name":"Falling","floor":42,"gold_loss":0},{"damage_healed":0,"gold_gain":0,"player_choice":"Embrace Madness","damage_taken":9,"max_hp_gain":0,"max_hp_loss":0,"event_name":"Winding Halls","floor":45,"gold_loss":0,"cards_obtained":["Madness","Madness"]},{"cards_removed":["Strike_B"],"damage_healed":0,"gold_gain":0,"player_choice":"Purged","damage_taken":0,"max_hp_gain":0,"max_hp_loss":0,"event_name":"Purifier","floor":46,"gold_loss":0}],"is_beta":false,"boss_relics":[{"not_picked":["Velvet Choker","Snecko Eye","Coffee Dripper"]},{"not_picked":["Tiny House","Cursed Key"],"picked":"Busted Crown"}],"items_purged_floors":[30,44],"is_endless":false,"potions_floor_spawned":[2,8,11,16,22,27,28,31,39,48],"ascension_level":3}}