{"host":"Bilverbakes","time":1611806141,"event":{"mods":["2.2 Compatiblity","AchievementEnabler","BaseMod","Bestiary","Colored Map","Minty Spire (QoL Compilation)","Relic Stats","StSLib","ojb\u0027s Info Mod"],"gold_per_floor":[113,124,224,17,17,48,48,66,148,148,175,175,189,221,221,298,298,313,325,240,250,267,293,293,325,375,375,375,375,34,54,54,132,132,143,196,23,23,0,31,31,53,53,53,77,90,117,143,143,143,143,143,143,27,62,62,62],"floor_reached":56,"language":"ENG","playtime":2944,"items_purged":["InnerPeace"],"score":2426,"play_id":"404e97e8-2fde-41bc-a746-11b1ac58b5a8","local_time":"20210127215541","is_ascension_mode":true,"campfire_choices":[{"data":"Vault","floor":10,"key":"SMITH"},{"data":"TalkToTheHand","floor":12,"key":"SMITH"},{"data":"TalkToTheHand","floor":15,"key":"SMITH"},{"data":"Meditate","floor":24,"key":"SMITH"},{"data":"Meditate","floor":32,"key":"SMITH"},{"floor":41,"key":"RECALL"},{"data":"JustLucky","floor":44,"key":"SMITH"},{"data":"BowlingBash","floor":49,"key":"SMITH"},{"data":"CutThroughFate","floor":53,"key":"SMITH"}],"circlet_count":0,"master_deck":["AscendersBane","Eruption+1","Vigilance+1","Meditate+1","EmptyFist","BowlingBash+1","TalkToTheHand+1","TalkToTheHand+1","Vault+1","Meditate+1","SandsOfTime+1","JustLucky+1","DeceiveReality","Vengeance","CutThroughFate+1","Weave+1","Devotion+1","CurseOfTheBell","Conclude+1","Wallop+1","ClearTheMind+1","EmptyMind","Necronomicurse","Wallop+1","LessonLearned+1","CutThroughFate+1","Dramatic Entrance+1","Wireheading+1","JustLucky+1","Consecrate+1","Nirvana+1"],"relics":["Pandora\u0027s Box","PreservedInsect","Toy Ornithopter","Molten Egg 2","Question Card","Frozen Egg 2","Calling Bell","MealTicket","White Beast Statue","Calipers","Bag of Preparation","Smiling Mask","Blood Vial","Pen Nib","Necronomicon","Du-Vu Doll","Runic Pyramid","Ice Cream","Anchor","Red Mask","CeramicFish","Centennial Puzzle","Boot"],"acts_visited":["Exordium","TheCity","TheBeyond","TheEnding"],"potions_floor_usage":[18,22,36,56,56],"damage_taken":[{"damage":10,"enemies":"Jaw Worm","floor":1,"turns":2},{"damage":0,"enemies":"Cultist","floor":2,"turns":2},{"damage":0,"enemies":"Lagavulin","floor":6,"turns":4},{"damage":0,"enemies":"2 Louse","floor":8,"turns":2},{"damage":0,"enemies":"3 Sentries","floor":11,"turns":3},{"damage":0,"enemies":"2 Fungi Beasts","floor":13,"turns":3},{"damage":0,"enemies":"Gremlin Nob","floor":14,"turns":2},{"damage":0,"enemies":"The Guardian","floor":16,"turns":7},{"damage":13,"enemies":"Shell Parasite","floor":18,"turns":4},{"damage":7,"enemies":"3 Byrds","floor":19,"turns":6},{"damage":18,"enemies":"Centurion and Healer","floor":21,"turns":3},{"damage":0,"enemies":"Snake Plant","floor":22,"turns":1},{"damage":0,"enemies":"Book of Stabbing","floor":23,"turns":4},{"damage":9,"enemies":"Gremlin Leader","floor":25,"turns":3},{"damage":0,"enemies":"Shelled Parasite and Fungi","floor":31,"turns":3},{"damage":0,"enemies":"Champ","floor":33,"turns":7},{"damage":0,"enemies":"3 Shapes","floor":35,"turns":2},{"damage":0,"enemies":"2 Orb Walkers","floor":36,"turns":2},{"damage":0,"enemies":"Giant Head","floor":40,"turns":4},{"damage":0,"enemies":"Orb Walker","floor":42,"turns":5},{"damage":3,"enemies":"3 Darklings","floor":45,"turns":2},{"damage":0,"enemies":"Transient","floor":46,"turns":6},{"damage":0,"enemies":"Nemesis","floor":47,"turns":3},{"damage":0,"enemies":"Jaw Worm Horde","floor":48,"turns":1},{"damage":27,"enemies":"Donu and Deca","floor":50,"turns":8},{"damage":21,"enemies":"Awakened One","floor":51,"turns":9},{"damage":0,"enemies":"Shield and Spear","floor":55,"turns":3},{"damage":73,"enemies":"The Heart","floor":56,"turns":5}],"seed_played":"7774937845076835771","potions_obtained":[{"floor":1,"key":"DuplicationPotion"},{"floor":6,"key":"PowerPotion"},{"floor":11,"key":"CultistPotion"},{"floor":14,"key":"Fruit Juice"},{"floor":18,"key":"FairyPotion"},{"floor":19,"key":"Ambrosia"},{"floor":22,"key":"Ancient Potion"},{"floor":35,"key":"BottledMiracle"},{"floor":36,"key":"SteroidPotion"},{"floor":45,"key":"FearPotion"}],"is_trial":false,"path_per_floor":["M","M","?","$","?","E","?","M","T","R","E","R","M","E","R","B",null,"M","M","?","M","M","E","R","E","T","?","?","?","$","M","R","B",null,"M","?","$","?","?","E","R","M","T","R","M","M","E","M","R","B","B",null,"R","$","E","B"],"character_chosen":"WATCHER","items_purchased":["PreservedInsect","Vengeance","Du-Vu Doll","Anchor","Nirvana+1"],"campfire_rested":0,"item_purchase_floors":[4,4,30,37,54],"current_hp_per_floor":[51,51,51,51,51,51,51,51,51,51,51,51,51,51,51,51,64,61,54,54,36,41,41,41,32,32,11,11,11,26,28,28,30,62,64,71,73,73,73,73,73,73,73,73,70,72,73,73,73,46,27,62,62,73,73,0,0],"gold":62,"neow_bonus":"BOSS_RELIC","is_daily":false,"chose_seed":false,"campfire_upgraded":8,"win_rate":0.0,"timestamp":1611806141,"path_taken":["M","M","?","?","?","E","?","M","T","R","E","R","?","E","R","BOSS","M","?","?","M","M","E","R","E","T","?","?","?","$","M","R","BOSS","M","?","$","?","?","E","R","M","T","R","M","M","E","M","R","BOSS","BOSS","R","$","E","BOSS"],"items_purchased_type":["Relic","Card","Relic","Relic","Card"],"build_version":"2020-12-18","purchased_purges":1,"victory":false,"max_hp_per_floor":[68,68,68,68,68,68,68,68,68,68,68,68,68,68,68,68,68,73,73,73,73,73,73,73,73,73,73,73,73,73,73,73,73,73,73,73,73,73,73,73,73,73,73,73,73,73,73,73,73,73,73,73,73,73,73,73,73],"relic_stats":{"counters":[28,106],"CeramicFish":36,"PreservedInsect":428,"Pen Nib":[20],"Bag of Preparation":[36],"Question Card":22,"Smiling Mask":25,"Boot":[0],"Blood Vial":13,"Centennial Puzzle":[7],"Pandora\u0027s Box":["Meditate","EmptyFist","BowlingBash","TalkToTheHand","TalkToTheHand","Vault","Meditate","SandsOfTime"],"MealTicket":28,"Necronomicon":[38],"obtain_stats":[{"Ice Cream":36,"Calipers":17,"CeramicFish":40,"PreservedInsect":4,"Pen Nib":26,"Bag of Preparation":20,"Frozen Egg 2":14,"Question Card":11,"Smiling Mask":23,"Boot":55,"White Beast Statue":17,"Calling Bell":17,"Blood Vial":25,"Du-Vu Doll":30,"Anchor":37,"Centennial Puzzle":47,"Pandora\u0027s Box":0,"Molten Egg 2":9,"MealTicket":17,"Necronomicon":27,"Red Mask":39,"PureWater":0,"Toy Ornithopter":6,"Runic Pyramid":34},{"Ice Cream":18,"Calipers":8,"CeramicFish":19,"PreservedInsect":2,"Pen Nib":14,"Bag of Preparation":10,"Frozen Egg 2":7,"Question Card":5,"Smiling Mask":13,"Boot":27,"White Beast Statue":8,"Calling Bell":8,"Blood Vial":14,"Du-Vu Doll":14,"Anchor":18,"Centennial Puzzle":23,"Pandora\u0027s Box":0,"Molten Egg 2":4,"MealTicket":8,"Necronomicon":14,"Red Mask":18,"PureWater":0,"Toy Ornithopter":3,"Runic Pyramid":16},{"Ice Cream":60,"Calipers":25,"CeramicFish":64,"PreservedInsect":4,"Pen Nib":46,"Bag of Preparation":35,"Frozen Egg 2":18,"Question Card":13,"Smiling Mask":43,"Boot":101,"White Beast Statue":25,"Calling Bell":25,"Blood Vial":46,"Du-Vu Doll":46,"Anchor":60,"Centennial Puzzle":80,"Pandora\u0027s Box":0,"Molten Egg 2":10,"MealTicket":25,"Necronomicon":46,"Red Mask":60,"PureWater":0,"Toy Ornithopter":8,"Runic Pyramid":56}],"Toy Ornithopter":15},"card_choices":[{"not_picked":["Halt","Prostrate"],"picked":"JustLucky","floor":1},{"not_picked":["WaveOfTheHand","Nirvana"],"picked":"DeceiveReality","floor":2},{"not_picked":["Crescendo","ThirdEye","Prostrate"],"picked":"SKIP","floor":6},{"not_picked":["SandsOfTime","Nirvana"],"picked":"CutThroughFate","floor":8},{"not_picked":["PathToVictory","EmptyBody","Brilliance+1"],"picked":"SKIP","floor":11},{"not_picked":["PathToVictory","EmptyBody","Brilliance+1"],"picked":"SKIP","floor":11},{"not_picked":["TalkToTheHand+1","JustLucky+1","SashWhip+1"],"picked":"Weave+1","floor":13},{"not_picked":["WreathOfFlame","ClearTheMind","SashWhip+1","EmptyFist+1"],"picked":"SKIP","floor":14},{"not_picked":["Vault","DevaForm+1","Alpha"],"picked":"Devotion+1","floor":16},{"not_picked":["CrushJoints+1","Crescendo","Adaptation+1"],"picked":"Conclude+1","floor":18},{"not_picked":["PathToVictory","CrushJoints+1","LikeWater+1","WaveOfTheHand"],"picked":"SKIP","floor":19},{"not_picked":["JustLucky+1","Fasting2+1","Judgement"],"picked":"Wallop+1","floor":21},{"not_picked":["Crescendo","FlurryOfBlows+1","BowlingBash+1"],"picked":"ClearTheMind","floor":22},{"not_picked":["Pray","FlyingSleeves+1","FlurryOfBlows+1"],"picked":"InnerPeace","floor":23},{"not_picked":["Perseverance+1","Halt","Sanctity"],"picked":"EmptyMind","floor":25},{"not_picked":["ThirdEye","BattleHymn+1","EmptyBody","Crescendo"],"picked":"SKIP","floor":31},{"not_picked":["DeusExMachina","Brilliance+1","DevaForm+1"],"picked":"LessonLearned+1","floor":33},{"not_picked":["Consecrate+1","SignatureMove+1","WaveOfTheHand","Adaptation+1"],"picked":"SKIP","floor":35},{"not_picked":["EmptyFist+1","Protect","CarveReality+1"],"picked":"CutThroughFate+1","floor":36},{"not_picked":["Enlightenment","Purity","Bandage Up"],"picked":"Dramatic Entrance+1","floor":38},{"not_picked":["InnerPeace","BowlingBash+1","EmptyFist+1","SignatureMove+1"],"picked":"SKIP","floor":40},{"not_picked":["Halt+1","SashWhip+1","Prostrate"],"picked":"Wireheading+1","floor":42},{"not_picked":["Crescendo","BowlingBash+1","InnerPeace"],"picked":"JustLucky+1","floor":45},{"not_picked":["WindmillStrike+1","Perseverance","Meditate","ThirdEye+1"],"picked":"SKIP","floor":46},{"not_picked":["WaveOfTheHand","Crescendo","Indignation","ThirdEye+1"],"picked":"SKIP","floor":47},{"not_picked":["ThirdEye","Consecrate+1","Halt","Meditate"],"picked":"SKIP","floor":48},{"not_picked":["ThirdEye","Halt","Meditate"],"picked":"Consecrate+1","floor":48},{"not_picked":["Consecrate+1","LessonLearned+1","Swivel","Protect"],"picked":"SKIP","floor":55}],"player_experience":831286,"relics_obtained":[{"floor":6,"key":"Toy Ornithopter"},{"floor":9,"key":"Molten Egg 2"},{"floor":11,"key":"Question Card"},{"floor":14,"key":"Frozen Egg 2"},{"floor":17,"key":"MealTicket"},{"floor":17,"key":"White Beast Statue"},{"floor":17,"key":"Calipers"},{"floor":23,"key":"Smiling Mask"},{"floor":25,"key":"Blood Vial"},{"floor":26,"key":"Pen Nib"},{"floor":27,"key":"Necronomicon"},{"floor":36,"key":"Ice Cream"},{"floor":40,"key":"CeramicFish"},{"floor":47,"key":"Centennial Puzzle"},{"floor":55,"key":"Boot"}],"event_choices":[{"damage_healed":0,"gold_gain":100,"player_choice":"Gold","damage_taken":0,"max_hp_gain":0,"max_hp_loss":0,"event_name":"Wheel of Change","floor":3,"gold_loss":0},{"damage_healed":0,"gold_gain":0,"player_choice":"Ignored","damage_taken":0,"max_hp_gain":0,"max_hp_loss":0,"event_name":"Liars Game","floor":5,"gold_loss":0},{"damage_healed":0,"gold_gain":0,"player_choice":"Grow","damage_taken":0,"max_hp_gain":0,"max_hp_loss":0,"event_name":"Living Wall","floor":7,"gold_loss":0,"cards_upgraded":["Eruption"]},{"damage_healed":0,"gold_gain":0,"player_choice":"Obtained Relic","damage_taken":0,"relics_obtained":["Bag of Preparation"],"max_hp_gain":0,"max_hp_loss":0,"event_name":"Addict","floor":20,"gold_loss":85},{"damage_healed":0,"gold_gain":0,"player_choice":"Obtained Book","damage_taken":21,"max_hp_gain":0,"max_hp_loss":0,"event_name":"Cursed Tome","floor":27,"gold_loss":0},{"damage_healed":0,"gold_gain":0,"player_choice":"Ignored","damage_taken":0,"max_hp_gain":0,"max_hp_loss":0,"event_name":"Ghosts","floor":28,"gold_loss":0},{"damage_healed":0,"gold_gain":0,"player_choice":"Copied","damage_taken":0,"max_hp_gain":0,"max_hp_loss":0,"event_name":"Duplicator","floor":29,"gold_loss":0,"cards_obtained":["Wallop"]},{"damage_healed":0,"gold_gain":0,"player_choice":"Fight","damage_taken":0,"max_hp_gain":0,"max_hp_loss":0,"event_name":"Mysterious Sphere","floor":36,"gold_loss":0},{"damage_healed":0,"gold_gain":0,"player_choice":"Memory 1","damage_taken":0,"max_hp_gain":0,"max_hp_loss":0,"event_name":"SensoryStone","floor":38,"gold_loss":0},{"damage_healed":0,"gold_gain":0,"player_choice":"Paid","damage_taken":0,"relics_obtained":["Red Mask"],"max_hp_gain":0,"max_hp_loss":0,"event_name":"Tomb of Lord Red Mask","floor":39,"gold_loss":23}],"is_beta":true,"boss_relics":[{"not_picked":["Busted Crown","Ectoplasm"],"picked":"Calling Bell"},{"not_picked":["Snecko Eye","SlaversCollar"],"picked":"Runic Pyramid"}],"items_purged_floors":[54],"is_endless":false,"potions_floor_spawned":[1,6,11,13,14,18,19,21,22,23,25,31,33,35,36,40,42,45,46,47,48,55],"killed_by":"The Heart","ascension_level":20}}