{"host":"4nqeo0vu1vuav7gg","time":1611858465,"event":{"mods":["AchievementEnabler","BaseMod","Block Reminder","Colored Map","Colored Powertips","Highlight Path","Minty Spire (QoL Compilation)","Quick Restart","Rare Cards Sparkle","Relic Relevance Reorder","StSLib"],"gold_per_floor":[113,124,11,11,11,11,44,44,44,70,70,99,118,128,128,128,128],"floor_reached":16,"language":"ENG","playtime":581,"items_purged":[],"score":230,"play_id":"93ff433c-f884-4acb-9c9c-1c1d774df4b8","local_time":"20210128192745","is_ascension_mode":true,"campfire_choices":[{"data":"Defragment","floor":6,"key":"SMITH"},{"floor":11,"key":"REST"},{"floor":15,"key":"REST"}],"circlet_count":0,"master_deck":["AscendersBane","Strike_B","Strike_B","Strike_B","Strike_B","Defend_B","Defend_B","Defend_B","Defend_B","Zap","Dualcast","Sweeping Beam","Defragment+1","Undo","Regret","Go for the Eyes","Parasite","Reboot","Glacier","Genetic Algorithm","Go for the Eyes"],"relics":["Cracked Core","Ornamental Fan","Lizard Tail","Blood Vial","The Courier","Strawberry"],"acts_visited":["Exordium"],"potions_floor_usage":[7,10],"damage_taken":[{"damage":1,"enemies":"Cultist","floor":1,"turns":3},{"damage":1,"enemies":"2 Louse","floor":2,"turns":3},{"damage":53,"enemies":"Gremlin Nob","floor":7,"turns":4},{"damage":39,"enemies":"Lagavulin","floor":10,"turns":6},{"damage":65,"enemies":"Gremlin Nob","floor":12,"turns":5},{"damage":3,"enemies":"Jaw Worm","floor":13,"turns":4},{"damage":29,"enemies":"3 Louse","floor":14,"turns":3},{"damage":42,"enemies":"Hexaghost","floor":16,"turns":14}],"seed_played":"-2504525105225098062","potions_obtained":[{"floor":1,"key":"Swift Potion"},{"floor":7,"key":"SpeedPotion"},{"floor":14,"key":"FearPotion"}],"is_trial":false,"path_per_floor":["M","M","$","?","?","R","E","?","T","E","R","E","M","M","R","B"],"character_chosen":"DEFECT","items_purchased":["FairyPotion"],"campfire_rested":2,"item_purchase_floors":[3],"current_hp_per_floor":[63,62,62,62,62,62,9,26,26,21,42,42,41,14,37,0,0],"gold":128,"neow_bonus":"THREE_CARDS","is_daily":false,"chose_seed":false,"campfire_upgraded":1,"win_rate":0.0,"timestamp":1611858465,"path_taken":["M","?","$","?","?","R","E","?","T","E","R","E","M","M","R","BOSS"],"items_purchased_type":["Potion"],"build_version":"2020-12-22","purchased_purges":0,"victory":false,"max_hp_per_floor":[71,71,71,71,71,71,71,71,71,71,71,78,78,78,78,78,78],"card_choices":[{"not_picked":["Barrage","Blizzard"],"picked":"Sweeping Beam","floor":0},{"not_picked":["Coolheaded","Cold Snap"],"picked":"Defragment","floor":1},{"not_picked":["Sweeping Beam","Gash"],"picked":"Undo","floor":2},{"not_picked":["Gash","Force Field"],"picked":"Go for the Eyes","floor":7},{"not_picked":["Lockon","Conserve Battery"],"picked":"Reboot","floor":10},{"not_picked":["Coolheaded","Double Energy"],"picked":"Glacier","floor":12},{"not_picked":["Hologram","Undo"],"picked":"Genetic Algorithm","floor":13},{"not_picked":["Aggregate","Compile Driver"],"picked":"Go for the Eyes","floor":14}],"player_experience":1081995,"relics_obtained":[{"floor":7,"key":"The Courier"},{"floor":9,"key":"Lizard Tail"},{"floor":10,"key":"Blood Vial"},{"floor":12,"key":"Strawberry"}],"event_choices":[{"damage_healed":0,"gold_gain":0,"player_choice":"Ignored","damage_taken":0,"max_hp_gain":0,"max_hp_loss":0,"event_name":"Shining Light","floor":4,"gold_loss":0},{"damage_healed":0,"gold_gain":0,"player_choice":"Box","damage_taken":0,"relics_obtained":["Ornamental Fan"],"max_hp_gain":0,"max_hp_loss":0,"event_name":"Big Fish","floor":5,"gold_loss":0,"cards_obtained":["Regret"]},{"damage_healed":17,"gold_gain":0,"player_choice":"Healed and dodged fight","damage_taken":0,"max_hp_gain":0,"max_hp_loss":0,"event_name":"Mushrooms","floor":8,"gold_loss":0,"cards_obtained":["Parasite"]}],"is_beta":false,"boss_relics":[],"items_purged_floors":[],"is_endless":false,"potions_floor_spawned":[1,7,14],"killed_by":"Hexaghost","ascension_level":19}}