{"host":"hfxahm4y1ssattqc","time":1611856298,"event":{"mods":["2.2 Compatiblity","Act Like it!","Aspiration","BaseMod","Beaked The Cultist","Better Third Choice","BetterRewards","Colored Map","Colored Powertips","Custom Start","Googly Eyes","Halation","Hallownest","Hermit","Highlight Path","Hubris","Mimic Mod","Minty Spire (QoL Compilation)","Reorder Act Four","Replay The Spire","Shop Mod","Spikes Relics","StSLib","The Bug Knight","The IronCluck","The Jungle","Unknown Chances","slay the spire mod where everything is the same but ironclad has a cowboy hat"],"gold_per_floor":[119,68,68,81,101,101,129,129,169,169,169,189,189,214,214,310,310,328,328,328,328,253,253,282,293,317,329,329,348,447,466,466,563,563,574,593,593,593,593],"floor_reached":38,"language":"ENG","playtime":2228,"items_purged":[],"score":577,"play_id":"278c4646-00bd-47ba-86a7-2ac45d6b903b","local_time":"20210128095138","is_ascension_mode":false,"campfire_choices":[{"data":"Mayhem","floor":6.0,"key":"SMITH"},{"data":"Metallicize","floor":8.0,"key":"SMITH"},{"floor":11.0,"key":"RECALL"},{"data":"Disarm","floor":15.0,"key":"SMITH"},{"floor":32.0,"key":"DIG"}],"circlet_count":0,"master_deck":["Strike_R","Strike_R","Strike_R","Strike_R","Defend_R","Defend_R+1","Defend_R+1","Defend_R","Bash","Metallicize+1","Mayhem+1","Disarm+1","Life Link+1","Flame Barrier","Armaments+1","Metallicize","Exhume","Seeing Red","Berserk+1","Inflame+1"],"relics":["Burning Blood","Medical Kit","War Paint","BrokenLever","FossilizedHelix","Chameleon Ring","aspiration:BabyByrd","aspiration:ArtOfWarUpgrade","aspiration:PoetsPen_weak","Pen Nib","Replay:Baseball","RetroEgg","aspiration:BeakedSkillbook","halation:EternalFortune"],"acts_visited":["Exordium","TheCity","TheBeyond"],"potions_floor_usage":[35],"damage_taken":[{"damage":8.0,"enemies":"Jaw Worm","floor":1.0,"turns":5.0},{"damage":0.0,"enemies":"Cultist","floor":4.0,"turns":5.0},{"damage":9.0,"enemies":"2 Louse","floor":5.0,"turns":5.0},{"damage":13.0,"enemies":"3 Sentries","floor":7.0,"turns":11.0},{"damage":12.0,"enemies":"Exordium Wildlife","floor":9.0,"turns":12.0},{"damage":0.0,"enemies":"Exordium Wildlife","floor":12.0,"turns":8.0},{"damage":0.0,"enemies":"HollowMod:MossKnight","floor":14.0,"turns":15.0},{"damage":6.0,"enemies":"The Guardian","floor":16.0,"turns":13.0},{"damage":8.0,"enemies":"Spheric Guardian","floor":18.0,"turns":6.0},{"damage":2.0,"enemies":"2 Thieves","floor":22.0,"turns":5.0},{"damage":2.0,"enemies":"Slavers","floor":24.0,"turns":11.0},{"damage":7.0,"enemies":"Chosen and Byrds","floor":25.0,"turns":11.0},{"damage":0.0,"enemies":"Centurion and Healer","floor":27.0,"turns":9.0},{"damage":0.0,"enemies":"3 Cultists","floor":29.0,"turns":8.0},{"damage":1.0,"enemies":"Cultist and Chosen","floor":31.0,"turns":11.0},{"damage":19.0,"enemies":"hubris:MusketHawk","floor":33.0,"turns":10.0},{"damage":41,"enemies":"3 Shapes","floor":35,"turns":3},{"damage":7,"enemies":"Orb Walker","floor":36,"turns":5},{"damage":56,"enemies":"4 Shapes","floor":38,"turns":3}],"seed_played":"5237005093010743607","potions_obtained":[{"floor":4.0,"key":"Block Potion"},{"floor":5.0,"key":"BlessingOfTheForge"},{"floor":12.0,"key":"Cursed Concoction"},{"floor":24.0,"key":"SpeedPotion"}],"is_trial":false,"path_per_floor":["M","$","?","M","M","R","E","R","MIM","?","R","M","$","E","R","B",null,"M","?","?","?","M","R","E","M","T","M","R","M","?","M","R_BF","B",null,"M","M","?","M"],"character_chosen":"IRONCLAD","items_purchased":["Medical Kit","War Paint","Metallicize","Mayhem","Disarm","BrokenLever","Life Link+1","Armaments"],"campfire_rested":0,"item_purchase_floors":[0,0,0,0,0,0,0,2],"current_hp_per_floor":[78,78,78,80,77,77,70,70,64,64,64,70,70,76,76,76,80,78,78,69,69,73,73,77,76,76,80,80,80,80,80,80,67,80,45,44,47,0,0],"gold":593,"neow_bonus":"","is_daily":false,"chose_seed":false,"campfire_upgraded":3,"win_rate":0.0,"timestamp":1611856298,"path_taken":["M","$","?","M","?","R","E","R","MIM","?","R","M","?","E","R","BOSS","M","?","?","?","?","R","E","M","T","M","R","M","?","M","R_BF","BOSS","M","M","?","M"],"items_purchased_type":["Relic","Relic","Card","Card","Card","Relic","Card","Card"],"build_version":"2020-12-22","purchased_purges":0,"victory":false,"max_hp_per_floor":[80,80,80,80,80,80,80,80,80,80,80,80,80,80,80,80,80,80,80,80,80,80,80,80,80,80,80,80,80,80,80,80,80,80,80,80,83,83,83],"card_choices":[{"not_picked":["Anger","Replay:Undeath\u0027s Touch"],"picked":"Flame Barrier","floor":1.0},{"not_picked":["hubris:CleavingFinish","Second Wind","Warcry"],"picked":"SKIP","floor":4.0},{"not_picked":["Entrench","Replay:Undeath\u0027s Touch","Run Through"],"picked":"SKIP","floor":5.0},{"not_picked":["Perfected Strike","Bloodletting"],"picked":"Metallicize","floor":7.0},{"not_picked":["Wild Strike","Intimidate","Shrug It Off"],"picked":"SKIP","floor":12.0},{"not_picked":["Entrench","Perfected Strike","BarbarianYell"],"picked":"SKIP","floor":14.0},{"not_picked":["Limit Break","Immolate"],"picked":"Exhume","floor":16.0},{"not_picked":["Replay:Undeath\u0027s Touch","Warcry"],"picked":"Seeing Red","floor":18.0},{"not_picked":["Hemokinesis","Massacre","Defy Death"],"picked":"SKIP","floor":22.0},{"not_picked":["Absolvement","Whirlwind","Wild Strike"],"picked":"SKIP","floor":24.0},{"not_picked":["ReplayTheSpireMod:Strike From Hell","Power Through","Havoc"],"picked":"SKIP","floor":25.0},{"not_picked":["Run Through","Hemokinesis+1","Headbutt+1"],"picked":"SKIP","floor":27.0},{"not_picked":["Flex+1","Perfected Strike","ReplayTheSpireMod:Strike From Hell"],"picked":"SKIP","floor":29.0},{"not_picked":["Run Through+1","Entrench+1","Warcry+1"],"picked":"SKIP","floor":31.0},{"not_picked":["Run Through+1","Entrench+1","Warcry+1"],"picked":"SKIP","floor":31.0},{"not_picked":["Impervious","Feed"],"picked":"Berserk","floor":33.0},{"not_picked":["Clothesline+1","Dual Wield+1","Sever Soul"],"picked":"Inflame+1","floor":35},{"not_picked":["Body Slam","Shrug It Off","Sword Boomerang+1","beaked:SurvivalInstinct+1"],"picked":"SKIP","floor":36}],"player_experience":940220,"relics_obtained":[{"floor":7.0,"key":"FossilizedHelix"},{"floor":9.0,"key":"Chameleon Ring"},{"floor":14.0,"key":"Art of War"},{"floor":24.0,"key":"Pen Nib"},{"floor":26.0,"key":"Replay:Baseball"},{"floor":32.0,"key":"RetroEgg"}],"event_choices":[{"damage_healed":0.0,"max_hp_gain":0.0,"max_hp_loss":0.0,"gold_gain":0.0,"event_name":"Upgrade Shrine","player_choice":"Upgraded","floor":3.0,"gold_loss":0.0,"damage_taken":0.0,"cards_upgraded":["Armaments"]},{"damage_healed":0.0,"max_hp_gain":0.0,"max_hp_loss":0.0,"gold_gain":0.0,"event_name":"Cursed Tome","player_choice":"Stopped","floor":20.0,"gold_loss":0.0,"damage_taken":9.0},{"cards_removed":["Strike_R"],"damage_healed":0.0,"max_hp_gain":0.0,"max_hp_loss":0.0,"gold_gain":0.0,"event_name":"Purifier","player_choice":"Purged","floor":21.0,"gold_loss":0.0,"damage_taken":0.0},{"damage_healed":0.0,"max_hp_gain":0.0,"max_hp_loss":0.0,"gold_gain":99.0,"event_name":"betterThird:BetterNest","player_choice":"Steal","floor":30.0,"gold_loss":0.0,"damage_taken":0.0}],"is_beta":false,"boss_relics":[{"not_picked":["halation:ForbiddenBikini","Sozu"],"picked":"aspiration:PoetsPen_weak"},{"not_picked":["hubris:GrandSneckoEye","Sandwich"],"picked":"aspiration:BeakedSkillbook"}],"items_purged_floors":[],"is_endless":false,"potions_floor_spawned":[4,5,12,14,24,25,29,31],"killed_by":"4 Shapes","ascension_level":0}}