{"host":"98zq812qbocdqs0d","time":1611861833,"event":{"mods":["BaseMod","GifTheSpireLib","Minty Spire (QoL Compilation)","Replay The Spire","StSLib","The Cursed","The Hierophant"],"gold_per_floor":[15,28,28,28,28,28,28,56,56,56,56,56,66,66,66,167,167,183,183,193,193,203,203,203,231,257,284,284,137,153,205,205,205,205],"floor_reached":33,"language":"ITA","playtime":4007,"items_purged":[],"score":365,"play_id":"a9cd31fa-52c4-4652-b694-3a71eda044db","local_time":"20210128202353","is_ascension_mode":true,"campfire_choices":[{"data":"Neutralize","floor":6.0,"key":"SMITH"},{"floor":10.0,"key":"REST"},{"floor":12.0,"key":"REST"},{"data":"Adrenaline","floor":15,"key":"SMITH"},{"floor":23,"key":"REST"},{"floor":28,"key":"REST"},{"floor":32,"key":"REST"}],"circlet_count":0,"master_deck":["Strike_G","Strike_G+1","Strike_G","Strike_G","Strike_G","Defend_G+1","Defend_G","Defend_G","Defend_G","Defend_G+1","Survivor+1","Neutralize+1","Corpse Explosion+1","Backstab","Regret","Adrenaline+1","Catalyst","Poisoned Stab","Bane","PiercingWail"],"relics":["War Paint","Tiny Chest","Garlic","Sizzling Blood","Lantern","Velvet Choker","MutagenicStrength","Byrd Skull","Dream Catcher","Nunchaku","ClockworkSouvenir","Bronze Scales"],"acts_visited":["Exordium","TheCity"],"potions_floor_usage":[18,25,25,30],"damage_taken":[{"damage":4.0,"enemies":"Jaw Worm","floor":1.0,"turns":4.0},{"damage":1.0,"enemies":"Small Slimes","floor":2.0,"turns":3.0},{"damage":26.0,"enemies":"Lagavulin","floor":8.0,"turns":7.0},{"damage":0.0,"enemies":"2 Louse","floor":13.0,"turns":2.0},{"damage":45,"enemies":"The Guardian","floor":16,"turns":11},{"damage":18,"enemies":"Spheric Guardian","floor":18,"turns":7},{"damage":5,"enemies":"Shell Parasite","floor":20,"turns":5},{"damage":60,"enemies":"Sentry and Sphere","floor":22,"turns":8},{"damage":4,"enemies":"Book of Stabbing","floor":25,"turns":5},{"damage":34,"enemies":"Gremlin Leader","floor":27,"turns":8},{"damage":16,"enemies":"Shelled Parasite and Fungi","floor":30,"turns":3},{"damage":43,"enemies":"Automaton","floor":33,"turns":4}],"seed_played":"-593469554285010633","potions_obtained":[{"floor":1.0,"key":"Energy Potion"},{"floor":2.0,"key":"SteroidPotion"},{"floor":16,"key":"DistilledChaos"},{"floor":22,"key":"AttackPotion"},{"floor":27,"key":"Dexterity Potion"}],"is_trial":false,"path_per_floor":["M","M","?","?","$","R","?","E","T","R","?","R","M","T","R","B",null,"M","?","M","?","M","R","$","E","T","E","R","$","M","T","R","B"],"character_chosen":"THE_SILENT","items_purchased":["ClockworkSouvenir"],"campfire_rested":5,"item_purchase_floors":[29],"current_hp_per_floor":[66,65,65,65,65,65,51,25,25,46,50,72,74,74,74,33,74,60,60,59,74,18,40,40,40,40,10,32,32,20,20,42,0,0],"gold":205,"neow_bonus":"THREE_RARE_CARDS","is_daily":false,"chose_seed":false,"campfire_upgraded":2,"win_rate":0.0,"timestamp":1611861833,"path_taken":["M","M","?","?","$","R","?","E","T","R","?","R","?","?","R","BOSS","M","?","M","?","?","R","$","E","T","E","R","$","M","?","R","BOSS"],"items_purchased_type":["Relic"],"build_version":"2020-12-22","purchased_purges":0,"victory":false,"max_hp_per_floor":[70,70,70,70,70,70,70,70,70,70,74,74,74,74,74,74,74,74,74,74,74,74,74,74,74,74,74,74,74,74,74,74,74,74],"card_choices":[{"not_picked":["After Image","ReplayTheSpireMod:From All Sides"],"picked":"Corpse Explosion","floor":0.0},{"not_picked":["Expertise","Well Laid Plans","Acrobatics"],"picked":"SKIP","floor":1.0},{"not_picked":["PiercingWail","Masterful Stab"],"picked":"Backstab","floor":2.0},{"not_picked":["Slice","Blade Dance","Dagger Throw"],"picked":"SKIP","floor":8.0},{"not_picked":["Flying Knee","Backflip"],"picked":"Adrenaline","floor":13},{"not_picked":["Escape Plan","Eviscerate"],"picked":"Catalyst","floor":18},{"not_picked":["Prepared","Slice"],"picked":"ReplayTheSpireMod:Shiv Toss","floor":20},{"not_picked":["ReplayTheSpireMod:Exploit Weakness+1","Sucker Punch"],"picked":"Poisoned Stab","floor":22},{"not_picked":["Sneak Up","Underhanded Strike"],"picked":"Bane","floor":25},{"not_picked":["Caltrops","Slice","Dagger Throw"],"picked":"SKIP","floor":27},{"not_picked":["Dodge and Roll","Concentrate","Fluid Movement"],"picked":"SKIP","floor":30},{"not_picked":["Glass Knife","Acrobatics"],"picked":"PiercingWail","floor":32}],"player_experience":920476,"relics_obtained":[{"floor":8.0,"key":"Tiny Chest"},{"floor":9.0,"key":"Garlic"},{"floor":14,"key":"Lantern"},{"floor":25,"key":"Byrd Skull"},{"floor":26,"key":"Dream Catcher"},{"floor":27,"key":"Nunchaku"},{"floor":31,"key":"Bronze Scales"}],"event_choices":[{"damage_healed":0.0,"max_hp_gain":0.0,"max_hp_loss":0.0,"gold_gain":0.0,"event_name":"Living Wall","player_choice":"Grow","floor":3.0,"gold_loss":0.0,"damage_taken":0.0,"cards_upgraded":["Corpse Explosion"]},{"damage_healed":0.0,"max_hp_gain":0.0,"max_hp_loss":0.0,"gold_gain":0.0,"event_name":"Big Fish","player_choice":"Box","floor":4.0,"gold_loss":0.0,"damage_taken":0.0,"relics_obtained":["War Paint"],"cards_obtained":["Regret"]},{"damage_healed":0.0,"max_hp_gain":0.0,"max_hp_loss":0.0,"gold_gain":0.0,"event_name":"Shining Light","player_choice":"Entered Light","floor":7.0,"gold_loss":0.0,"damage_taken":14.0,"cards_upgraded":["Strike_G","Survivor"]},{"damage_healed":0,"gold_gain":0,"player_choice":"Inject Mutagens","damage_taken":0,"relics_obtained":["MutagenicStrength"],"max_hp_gain":0,"max_hp_loss":0,"event_name":"Drug Dealer","floor":19,"gold_loss":0},{"cards_removed":["ReplayTheSpireMod:Shiv Toss"],"damage_healed":15,"gold_gain":0,"player_choice":"Offered Uncommon","damage_taken":0,"max_hp_gain":0,"max_hp_loss":0,"event_name":"Bonfire Elementals","floor":21,"gold_loss":0}],"is_beta":false,"boss_relics":[{"not_picked":["Replay:Ancient Bell","ReplayTheSpireMod:DimensionalGlitch"],"picked":"Velvet Choker"}],"items_purged_floors":[],"is_endless":false,"potions_floor_spawned":[1,2,16,22,27],"killed_by":"Automaton","ascension_level":4}}