{"host":"sc0o2qwpf9j16a4i","time":1611859089,"event":{"mods":["AchievementEnabler","BaseMod","BetterRewards","Block Reminder","Colored Map","Colored Powertips","Custom Start","Highlight Path","Minty Spire (QoL Compilation)","Relic Stats"],"gold_per_floor":[116,116,139,150,150,183,183,194,218,235,53,84,84,111,111,216,216,233,250,264,275,275,275,303,318,318,332,360,285,302,318,318,415,415,433,433,452,13,13,13,32,67,90,107,119,130,130,161,161,161],"floor_reached":51,"language":"ENG","playtime":2137,"items_purged":[],"score":921,"play_id":"e0fdfe98-51d1-42bf-aeaa-e8b25f38becb","local_time":"20210128203809","daily_mods":["Insanity","Diverse","Night Terrors"],"is_ascension_mode":false,"campfire_choices":[{"data":"BattleHymn","floor":7,"key":"SMITH"},{"data":"EmptyMind","floor":13,"key":"SMITH"},{"data":"Apotheosis","floor":15,"key":"SMITH"},{"data":"True Grit","floor":32,"key":"SMITH"},{"data":"Dark Embrace","floor":40,"key":"SMITH"},{"data":"Meditate","floor":49,"key":"SMITH"}],"circlet_count":0,"master_deck":["Searing Blow","Collect","Blade Dance","Finisher","Outmaneuver","Intimidate","Beam Cell","Accuracy","Vengeance","Deflect","SashWhip","FlyingSleeves","Ball Lightning","Blade Dance","EmptyMind+1","True Grit+1","Flame Barrier","Cleave","Sanctity","Catalyst","Dagger Spray","Redo","Protect","Flex","Clash","Beam Cell","WreathOfFlame","Sucker Punch","Weave","Inflame+1","Footwork","Dagger Throw","Rip and Tear","BattleHymn+1","Halt","Gash","Go for the Eyes","Deflect","Backflip","Battle Trance","Consecrate","Cloak And Dagger","Distraction","Pummel","Protect","Compile Driver","Intimidate","Endless Agony","ForeignInfluence","Warcry","Fire Breathing","Dagger Spray","Meditate+1","Apotheosis+1","Echo Form","Double Energy","Evaluate+1","Crescendo","Dark Embrace+1","Evolve","Necronomicurse","Rage+1","Offering","True Grit+1","Dual Wield+1","Acrobatics+1","Evaluate+1","Leap+1","Madness","Madness","Double Energy","Leg Sweep+1","Reaper","Sunder","Armaments+1","Apotheosis+1","Evolve+1"],"relics":["Burning Blood","Smiling Mask","Red Skull","Potion Belt","Boot","Dream Catcher","Bag of Marbles","Black Star","Necronomicon","CultistMask","Paper Frog","Mummified Hand","Toy Ornithopter","Ginger","Eternal Feather","SlaversCollar","Dead Branch","Blood Vial","White Beast Statue","Happy Flower","Akabeko","Oddly Smooth Stone","Nunchaku"],"acts_visited":["Exordium","TheCity","TheBeyond"],"potions_floor_usage":[14,14,16,19,21,24,27,27,27,27,31,33,33,35,42,44,46,48,50,50,50,50],"damage_taken":[{"damage":11,"enemies":"Jaw Worm","floor":1,"turns":2},{"damage":0,"enemies":"Cultist","floor":4,"turns":2},{"damage":26,"enemies":"Gremlin Nob","floor":6,"turns":4},{"damage":0,"enemies":"2 Louse","floor":8,"turns":2},{"damage":4,"enemies":"Large Slime","floor":10,"turns":3},{"damage":0,"enemies":"Lagavulin","floor":12,"turns":3},{"damage":4,"enemies":"3 Sentries","floor":14,"turns":4},{"damage":23,"enemies":"Slime Boss","floor":16,"turns":6},{"damage":32,"enemies":"Shell Parasite","floor":18,"turns":6},{"damage":3,"enemies":"3 Byrds","floor":19,"turns":2},{"damage":15,"enemies":"Snake Plant","floor":20,"turns":5},{"damage":0,"enemies":"Snecko","floor":21,"turns":6},{"damage":13,"enemies":"Gremlin Leader","floor":24,"turns":7},{"damage":23,"enemies":"Centurion and Healer","floor":25,"turns":4},{"damage":0,"enemies":"Snake Plant","floor":27,"turns":1},{"damage":6,"enemies":"Book of Stabbing","floor":28,"turns":2},{"damage":0,"enemies":"Snecko","floor":30,"turns":2},{"damage":0,"enemies":"Centurion and Healer","floor":31,"turns":4},{"damage":43,"enemies":"Collector","floor":33,"turns":10},{"damage":40,"enemies":"3 Darklings","floor":35,"turns":5},{"damage":5,"enemies":"Orb Walker","floor":37,"turns":4},{"damage":20,"enemies":"4 Shapes","floor":41,"turns":5},{"damage":23,"enemies":"Reptomancer","floor":42,"turns":5},{"damage":31,"enemies":"Sphere and 2 Shapes","floor":44,"turns":3},{"damage":11,"enemies":"3 Darklings","floor":45,"turns":3},{"damage":48,"enemies":"4 Shapes","floor":46,"turns":3},{"damage":11,"enemies":"Nemesis","floor":48,"turns":4},{"damage":62,"enemies":"Awakened One","floor":50,"turns":7}],"seed_played":"-943847307320388","potions_obtained":[{"floor":1,"key":"SteroidPotion"},{"floor":4,"key":"Dexterity Potion"},{"floor":6,"key":"DuplicationPotion"},{"floor":14,"key":"PowerPotion"},{"floor":16,"key":"CultistPotion"},{"floor":18,"key":"SkillPotion"},{"floor":19,"key":"Swift Potion"},{"floor":20,"key":"Energy Potion"},{"floor":25,"key":"EntropicBrew"},{"floor":28,"key":"LiquidBronze"},{"floor":33,"key":"SkillPotion"},{"floor":35,"key":"DuplicationPotion"},{"floor":41,"key":"LiquidBronze"},{"floor":44,"key":"Explosive Potion"},{"floor":45,"key":"GamblersBrew"},{"floor":46,"key":"BloodPotion"},{"floor":48,"key":"LiquidBronze"}],"is_trial":true,"path_per_floor":["M","?","T","M","?","E","R","M","T","M","$","E","R","E","R","B",null,"M","M","M","M","?","?","E","M","T","M","E","?","M","M","R","B",null,"M","?","M","$","?","R","M","E","T","M","M","M","?","E","R","B",null],"character_chosen":"IRONCLAD","items_purchased":["Apotheosis","Dead Branch","Blood Vial"],"campfire_rested":0,"item_purchase_floors":[11,38,38],"current_hp_per_floor":[75,75,75,80,80,60,60,66,66,68,68,74,74,76,76,59,80,54,57,48,54,38,38,31,14,14,40,40,40,46,57,80,43,80,51,51,52,52,42,80,66,56,56,38,77,42,42,60,80,42],"gold":161,"neow_bonus":"","is_daily":false,"chose_seed":false,"campfire_upgraded":6,"win_rate":0.0,"timestamp":1611859089,"path_taken":["M","?","?","?","?","E","R","M","T","?","$","E","R","E","R","BOSS","M","?","M","M","?","?","E","M","T","?","E","?","M","M","R","BOSS","M","?","M","$","?","R","M","E","T","M","M","M","?","E","R","BOSS"],"items_purchased_type":["Card","Relic","Relic"],"build_version":"2020-12-22","purchased_purges":0,"victory":true,"max_hp_per_floor":[80,80,80,80,80,80,80,80,80,80,80,80,80,80,80,80,80,80,80,80,80,80,80,80,80,80,80,80,80,80,80,80,80,80,80,80,80,80,80,80,80,80,80,80,80,80,80,80,80,80],"relic_stats":{"Happy Flower":[6],"counters":[28,114],"Dead Branch":[102],"Eternal Feather":81,"Ginger":[4],"Smiling Mask":0,"Boot":[152],"Burning Blood":167,"Blood Vial":10,"Dream Catcher":0,"Nunchaku":[3],"Mummified Hand":[62],"Black Star":4,"Necronomicon":[15],"obtain_stats":[{"Potion Belt":6,"Happy Flower":42,"Dead Branch":38,"Oddly Smooth Stone":48,"Eternal Feather":28,"Ginger":28,"Smiling Mask":3,"Boot":9,"Burning Blood":0,"White Beast Statue":42,"Akabeko":43,"Blood Vial":38,"SlaversCollar":34,"Dream Catcher":12,"Nunchaku":48,"Mummified Hand":24,"CultistMask":23,"Bag of Marbles":14,"Black Star":17,"Necronomicon":22,"Red Skull":5,"Toy Ornithopter":26,"Paper Frog":24},{"Potion Belt":3,"Happy Flower":23,"Dead Branch":21,"Oddly Smooth Stone":27,"Eternal Feather":16,"Ginger":16,"Smiling Mask":1,"Boot":4,"Burning Blood":0,"White Beast Statue":23,"Akabeko":23,"Blood Vial":21,"SlaversCollar":19,"Dream Catcher":6,"Nunchaku":27,"Mummified Hand":13,"CultistMask":12,"Bag of Marbles":7,"Black Star":8,"Necronomicon":12,"Red Skull":2,"Toy Ornithopter":14,"Paper Frog":13},{"Potion Belt":8,"Happy Flower":94,"Dead Branch":84,"Oddly Smooth Stone":107,"Eternal Feather":59,"Ginger":59,"Smiling Mask":2,"Boot":10,"Burning Blood":0,"White Beast Statue":94,"Akabeko":94,"Blood Vial":84,"SlaversCollar":75,"Dream Catcher":16,"Nunchaku":107,"Mummified Hand":52,"CultistMask":45,"Bag of Marbles":20,"Black Star":26,"Necronomicon":45,"Red Skull":4,"Toy Ornithopter":56,"Paper Frog":52}],"Toy Ornithopter":45},"card_choices":[{"not_picked":["Flying Knee","Expertise"],"picked":"ForeignInfluence","floor":1},{"not_picked":["Ball Lightning","Poisoned Stab"],"picked":"Warcry","floor":4},{"not_picked":["Sweeping Beam","Pommel Strike"],"picked":"Fire Breathing","floor":6},{"not_picked":["Halt","Stack"],"picked":"Dagger Spray","floor":8},{"not_picked":["WindmillStrike","Choke"],"picked":"Meditate","floor":10},{"not_picked":["Searing Blow","Meditate"],"picked":"Echo Form","floor":12},{"not_picked":["Consecrate","Capacitor"],"picked":"Double Energy","floor":14},{"not_picked":["Storm","Steam Power"],"picked":"Evaluate+1","floor":18},{"not_picked":["Prepared","Underhanded Strike+1"],"picked":"Crescendo","floor":19},{"not_picked":["Halt","Barrage+1"],"picked":"Dark Embrace","floor":20},{"not_picked":["Fusion+1","Riddle With Holes+1"],"picked":"Evolve","floor":21},{"not_picked":["Halt+1","CrushJoints+1"],"picked":"Rage+1","floor":24},{"not_picked":["Pummel+1","Indignation"],"picked":"Offering","floor":25},{"not_picked":["Consecrate","Bane"],"picked":"True Grit+1","floor":27},{"not_picked":["Reprogram","Setup"],"picked":"Dual Wield+1","floor":28},{"not_picked":["Tempest","Bane+1","BowlingBash"],"picked":"SKIP","floor":30},{"not_picked":["Halt","Crescendo+1"],"picked":"Acrobatics+1","floor":31},{"not_picked":["Scrawl","Amplify"],"picked":"Core Surge","floor":33},{"not_picked":["True Grit","Deflect+1"],"picked":"Evaluate+1","floor":35},{"not_picked":["Outmaneuver+1","Melter+1"],"picked":"Leap+1","floor":37},{"not_picked":["Dual Wield","Chill"],"picked":"Double Energy","floor":41},{"not_picked":["Iron Wave+1","Flying Knee+1"],"picked":"Leg Sweep+1","floor":42},{"not_picked":["WheelKick","Cloak And Dagger+1"],"picked":"Reaper","floor":44},{"not_picked":["Halt","Dropkick+1"],"picked":"Sunder","floor":45},{"not_picked":["Dagger Throw","EmptyFist+1"],"picked":"Armaments+1","floor":46},{"not_picked":["Sentinel+1","Evaluate"],"picked":"Evolve+1","floor":48}],"player_experience":1037088,"relics_obtained":[{"floor":3,"key":"Smiling Mask"},{"floor":6,"key":"Potion Belt"},{"floor":9,"key":"Boot"},{"floor":12,"key":"Dream Catcher"},{"floor":14,"key":"Bag of Marbles"},{"floor":22,"key":"Necronomicon"},{"floor":24,"key":"Paper Frog"},{"floor":24,"key":"Mummified Hand"},{"floor":26,"key":"Toy Ornithopter"},{"floor":28,"key":"Ginger"},{"floor":28,"key":"Eternal Feather"},{"floor":42,"key":"White Beast Statue"},{"floor":42,"key":"Happy Flower"},{"floor":43,"key":"Akabeko"},{"floor":48,"key":"Oddly Smooth Stone"},{"floor":48,"key":"Nunchaku"}],"event_choices":[{"damage_healed":0,"gold_gain":0,"player_choice":"Grow","damage_taken":0,"max_hp_gain":0,"max_hp_loss":0,"event_name":"Living Wall","floor":2,"gold_loss":0,"cards_upgraded":["Inflame"]},{"cards_removed":["Bane"],"damage_healed":0,"gold_gain":0,"player_choice":"Gave Card","damage_taken":0,"relics_obtained":["Red Skull"],"max_hp_gain":0,"max_hp_loss":0,"event_name":"WeMeetAgain","floor":5,"gold_loss":0},{"damage_healed":0,"gold_gain":0,"player_choice":"Obtained Book","damage_taken":16,"max_hp_gain":0,"max_hp_loss":0,"event_name":"Cursed Tome","floor":22,"gold_loss":0},{"damage_healed":0,"gold_gain":0,"player_choice":"Trade","damage_taken":0,"relics_obtained":["CultistMask"],"max_hp_gain":0,"max_hp_loss":0,"event_name":"FaceTrader","floor":23,"gold_loss":0},{"cards_removed":["Accuracy"],"damage_healed":0,"gold_gain":0,"player_choice":"Gave Gold","damage_taken":0,"max_hp_gain":0,"max_hp_loss":0,"event_name":"Beggar","floor":29,"gold_loss":75},{"cards_removed":["Core Surge"],"damage_healed":0,"gold_gain":0,"player_choice":"Removed Attack","damage_taken":0,"max_hp_gain":0,"max_hp_loss":0,"event_name":"Falling","floor":36,"gold_loss":0},{"damage_healed":0,"gold_gain":0,"player_choice":"Embrace Madness","damage_taken":10,"max_hp_gain":0,"max_hp_loss":0,"event_name":"Winding Halls","floor":39,"gold_loss":0,"cards_obtained":["Madness","Madness"]},{"damage_healed":0,"gold_gain":0,"player_choice":"Copied","damage_taken":0,"max_hp_gain":0,"max_hp_loss":0,"event_name":"Duplicator","floor":47,"gold_loss":0,"cards_obtained":["Apotheosis"]}],"is_beta":false,"boss_relics":[{"not_picked":["Sozu","Mark of Pain"],"picked":"Black Star"},{"not_picked":["Tiny House","Empty Cage"],"picked":"SlaversCollar"}],"items_purged_floors":[],"is_endless":false,"potions_floor_spawned":[1,4,6,14,16,18,19,20,25,28,33,35,41,44,45,46,48],"ascension_level":0}}