{"host":"07w92xc562nr1xn4","time":1611793382,"event":{"mods":["BaseMod","Colored Map","Colored Powertips","Hermit","Minty Spire (QoL Compilation)","Quick Restart","Replay The Spire","StSLib"],"gold_per_floor":[17,17,27,43,43,81,156,156,156,175,175,214,230,121,121,250,250,270,277,277],"floor_reached":19,"language":"ENG","playtime":2291,"items_purged":["hermit:Strike_Hermit"],"score":177,"play_id":"3dd92379-d9cf-4e8d-86b3-81e841b2443b","local_time":"20210127192302","is_ascension_mode":false,"campfire_choices":[{"floor":8.0,"key":"REST"},{"data":"hermit:Misfire","floor":11.0,"key":"SMITH"},{"data":"hermit:TakeAim","floor":15,"key":"SMITH"}],"circlet_count":0,"master_deck":["hermit:Defend_Hermit","hermit:Defend_Hermit","hermit:Snapshot","hermit:Covet","hermit:Gestalt","hermit:FromBeyond","hermit:Desperado+1","hermit:ShadowCloak","hermit:SprayPray","Injury","hermit:Misfire+1","hermit:GhostlyPresence","hermit:LuckOfTheDraw","hermit:TakeAim+1","hermit:Reprieve","hermit:Misfire+1","hermit:Scavenge+1","hermit:Ricochet+1","hermit:LowProfile"],"relics":["hermit:Momento","Golden Idol","Singing Bowl","InkBottle","Eternal Feather","Astrolabe"],"acts_visited":["TheCity"],"potions_floor_usage":[18,18],"damage_taken":[{"damage":1.0,"enemies":"Jaw Worm","floor":1.0,"turns":3.0},{"damage":0.0,"enemies":"Small Slimes","floor":3.0,"turns":3.0},{"damage":2.0,"enemies":"Cultist","floor":4.0,"turns":4.0},{"damage":50.0,"enemies":"Gremlin Nob","floor":6.0,"turns":7.0},{"damage":3.0,"enemies":"Gremlin Gang","floor":10.0,"turns":5.0},{"damage":2.0,"enemies":"Lagavulin","floor":12.0,"turns":6.0},{"damage":2.0,"enemies":"2 Fungi Beasts","floor":13.0,"turns":4.0},{"damage":33,"enemies":"Slime Boss","floor":16,"turns":10},{"damage":18,"enemies":"2 Thieves","floor":18,"turns":5},{"damage":32,"enemies":"3 Byrds","floor":19,"turns":4}],"seed_played":"-7491179991258688051","potions_obtained":[{"floor":4.0,"key":"SmokeBomb"},{"floor":10.0,"key":"SkillPotion"},{"floor":12.0,"key":"Ancient Potion"},{"floor":13,"key":"DuplicationPotion"},{"floor":16,"key":"CultistPotion"},{"floor":18,"key":"hermit:BlackBile"}],"is_trial":false,"path_per_floor":["M","?","M","M","?","E","?","R","T","M","R","E","M","$","R","B",null,"M","M"],"character_chosen":"HERMIT","items_purchased":["hermit:TakeAim"],"campfire_rested":1,"item_purchase_floors":[14],"current_hp_per_floor":[74,74,74,72,72,22,11,33,33,32,32,30,28,28,37,4,77,63,31,31],"gold":277,"neow_bonus":"TRANSFORM_TWO_CARDS","is_daily":false,"chose_seed":false,"campfire_upgraded":2,"win_rate":0.0,"timestamp":1611793382,"path_taken":["M","?","M","M","?","E","?","R","T","M","R","E","M","$","R","BOSS","M","M"],"items_purchased_type":["Card"],"build_version":"2020-12-22","purchased_purges":1,"victory":false,"max_hp_per_floor":[75,75,75,75,75,75,75,75,75,77,77,77,77,77,77,77,77,77,77,77],"card_choices":[{"not_picked":["hermit:Manifest","hermit:Dive"],"picked":"hermit:Desperado","floor":1.0},{"not_picked":["hermit:Roulette","hermit:LuckOfTheDraw"],"picked":"hermit:ShadowCloak","floor":3.0},{"not_picked":["hermit:Headshot","hermit:CalledShot"],"picked":"hermit:SprayPray","floor":4.0},{"not_picked":["hermit:Adapt","hermit:Malice"],"picked":"hermit:Misfire","floor":6.0},{"not_picked":["hermit:TrackingShot","hermit:Shortfuse","hermit:Dive"],"picked":"Singing Bowl","floor":10.0},{"not_picked":["hermit:Quickdraw","hermit:Combo"],"picked":"hermit:GhostlyPresence","floor":12.0},{"not_picked":["hermit:Headshot","hermit:Misfire"],"picked":"hermit:LuckOfTheDraw","floor":13},{"not_picked":["hermit:Adapt","hermit:Purgatory"],"picked":"hermit:Reprieve","floor":16},{"not_picked":["hermit:HighCaliber","hermit:HoleUp"],"picked":"hermit:LowProfile","floor":18}],"player_experience":621936,"relics_obtained":[{"floor":6.0,"key":"Singing Bowl"},{"floor":9.0,"key":"InkBottle"},{"floor":12.0,"key":"Eternal Feather"}],"event_choices":[{"damage_healed":0.0,"max_hp_gain":0.0,"max_hp_loss":0.0,"gold_gain":0.0,"event_name":"Living Wall","player_choice":"Grow","floor":2.0,"gold_loss":0.0,"damage_taken":0.0,"cards_upgraded":["hermit:Desperado"]},{"damage_healed":0.0,"max_hp_gain":0.0,"max_hp_loss":0.0,"gold_gain":0.0,"event_name":"Golden Idol","player_choice":"Take Wound","floor":5.0,"gold_loss":0.0,"damage_taken":0.0,"relics_obtained":["Golden Idol"],"cards_obtained":["Injury"]},{"damage_healed":0.0,"max_hp_gain":0.0,"max_hp_loss":0.0,"gold_gain":75.0,"event_name":"World of Goop","player_choice":"Gather Gold","floor":7.0,"gold_loss":0.0,"damage_taken":11.0}],"is_beta":false,"boss_relics":[{"not_picked":["Fusion Hammer","hermit:ClaspedLocket"],"picked":"Astrolabe"}],"items_purged_floors":[14],"is_endless":false,"potions_floor_spawned":[4,10,12,13,16,18],"killed_by":"3 Byrds","ascension_level":0}}