{"host":"na09lpbrez4gbfiz","time":1611844727,"event":{"mods":["Act Like it!","BaseMod","BetterRewards","Colored Map","Colored Powertips","DeckTracker","Googly Eyes","Highlight Path","Minty Spire (QoL Compilation)","Quick Restart","Spicy Shops","StSLib","SuperFastMode","Synergy Search"],"gold_per_floor":[113,129,184,259,32,60,60,89,112,112,112,112,137,151,151,246,246,260,285,285,285,302,302,318,318,318,348,348,363,376,376,376,376,376],"floor_reached":33,"language":"ENG","playtime":905,"items_purged":["Strike_R"],"score":497,"play_id":"a4bb828c-3254-4ec1-803e-404de50571ab","local_time":"20210128153847","is_ascension_mode":true,"campfire_choices":[{"data":"Bash","floor":7.0,"key":"SMITH"},{"data":"Demon Form","floor":10.0,"key":"SMITH"},{"floor":12.0,"key":"REST"},{"data":"Shrug It Off","floor":15.0,"key":"SMITH"},{"floor":23.0,"key":"REST"},{"data":"Berserk","floor":25.0,"key":"SMITH"},{"floor":28.0,"key":"REST"},{"floor":32,"key":"REST"}],"circlet_count":0,"master_deck":["AscendersBane","Strike_R","Strike_R+1","Strike_R","Strike_R+1","Defend_R","Defend_R","Defend_R","Defend_R","Bash+1","Demon Form+1","Regret","Shrug It Off+1","Berserk+1","Pummel","Heavy Blade+1","Rage","Clumsy","True Grit"],"relics":["Burning Blood","NeowsBlessing","Red Skull","PreservedInsect","Happy Flower","Kunai","Nunchaku","Vajra","Whetstone","Cursed Key","Red Mask","MutagenicStrength","Juzu Bracelet","Potion Belt"],"acts_visited":["Exordium","TheCity"],"potions_floor_usage":[33],"damage_taken":[{"damage":0.0,"enemies":"Cultist","floor":1.0,"turns":1.0},{"damage":0.0,"enemies":"Jaw Worm","floor":2.0,"turns":1.0},{"damage":0.0,"enemies":"Gremlin Nob","floor":6.0,"turns":1.0},{"damage":40.0,"enemies":"3 Sentries","floor":8.0,"turns":9.0},{"damage":4.0,"enemies":"Lagavulin","floor":13.0,"turns":4.0},{"damage":10.0,"enemies":"2 Louse","floor":14.0,"turns":3.0},{"damage":44.0,"enemies":"The Guardian","floor":16.0,"turns":10.0},{"damage":37.0,"enemies":"2 Thieves","floor":18.0,"turns":4.0},{"damage":24.0,"enemies":"Masked Bandits","floor":19.0,"turns":5.0},{"damage":2.0,"enemies":"Chosen","floor":22.0,"turns":4.0},{"damage":19.0,"enemies":"3 Cultists","floor":24.0,"turns":4.0},{"damage":18.0,"enemies":"Slavers","floor":27.0,"turns":4.0},{"damage":20.0,"enemies":"Snecko","floor":29.0,"turns":4.0},{"damage":27,"enemies":"Snake Plant","floor":30,"turns":3},{"damage":59,"enemies":"Collector","floor":33,"turns":3}],"seed_played":"37285028550179413","potions_obtained":[{"floor":8.0,"key":"Swift Potion"},{"floor":14.0,"key":"Strength Potion"},{"floor":16.0,"key":"Block Potion"},{"floor":22.0,"key":"SkillPotion"},{"floor":24.0,"key":"ElixirPotion"},{"floor":27.0,"key":"Energy Potion"}],"is_trial":false,"path_per_floor":["M","M","T","?","$","E","R","E","T","R","?","R","E","M","R","B",null,"M","?","?","?","M","R","M","R","T","E","R","M","M","?","R","B"],"character_chosen":"IRONCLAD","items_purchased":["PreservedInsect"],"campfire_rested":4,"item_purchase_floors":[5],"current_hp_per_floor":[78,80,80,69,69,75,75,41,41,41,41,65,67,63,63,25,66,35,17,17,17,21,45,32,32,32,20,44,30,9,35,59,0,0],"gold":376,"neow_bonus":"THREE_ENEMY_KILL","is_daily":false,"chose_seed":false,"campfire_upgraded":4,"win_rate":0.0,"timestamp":1611844727,"path_taken":["M","M","?","?","$","E","R","E","T","R","?","R","E","M","R","BOSS","M","?","?","?","M","R","M","R","T","E","R","M","M","?","R","BOSS"],"items_purchased_type":["Relic"],"build_version":"2020-12-22","purchased_purges":1,"victory":false,"max_hp_per_floor":[80,80,80,80,80,80,80,80,80,80,80,80,80,80,80,80,80,80,80,80,80,80,80,80,80,80,80,80,80,80,80,80,80,80],"card_choices":[{"not_picked":["Twin Strike","Clash","Seeing Red"],"picked":"SKIP","floor":1.0},{"not_picked":["Perfected Strike","Clothesline","Battle Trance"],"picked":"SKIP","floor":2.0},{"not_picked":["Armaments","Perfected Strike","Dropkick"],"picked":"SKIP","floor":6.0},{"not_picked":["Infernal Blade","Twin Strike"],"picked":"Demon Form","floor":8.0},{"not_picked":["Barricade","Whirlwind","Pommel Strike"],"picked":"SKIP","floor":13.0},{"not_picked":["Feel No Pain","Flame Barrier"],"picked":"Shrug It Off","floor":14.0},{"not_picked":["Bludgeon","Double Tap"],"picked":"Berserk","floor":16.0},{"not_picked":["Flex+1","Iron Wave+1","Armaments+1"],"picked":"SKIP","floor":18.0},{"not_picked":["Warcry","Rampage"],"picked":"Pummel","floor":19.0},{"not_picked":["Uppercut+1","Shockwave"],"picked":"Heavy Blade+1","floor":22.0},{"not_picked":["Rupture+1","True Grit"],"picked":"Rage","floor":24.0},{"not_picked":["Headbutt","Dark Embrace+1","Heavy Blade"],"picked":"SKIP","floor":27.0},{"not_picked":["Body Slam","Second Wind+1"],"picked":"True Grit","floor":29.0},{"not_picked":["Headbutt","Whirlwind+1","Flex"],"picked":"SKIP","floor":30}],"player_experience":181596,"relics_obtained":[{"floor":3.0,"key":"Red Skull"},{"floor":6.0,"key":"Happy Flower"},{"floor":8.0,"key":"Kunai"},{"floor":9.0,"key":"Nunchaku"},{"floor":13.0,"key":"Whetstone"},{"floor":19.0,"key":"Red Mask"},{"floor":26.0,"key":"Juzu Bracelet"},{"floor":27.0,"key":"Potion Belt"}],"event_choices":[{"damage_healed":0.0,"max_hp_gain":0.0,"max_hp_loss":0.0,"gold_gain":75.0,"event_name":"World of Goop","player_choice":"Gather Gold","floor":4.0,"gold_loss":0.0,"damage_taken":11.0},{"damage_healed":0.0,"max_hp_gain":0.0,"max_hp_loss":0.0,"gold_gain":0.0,"event_name":"Big Fish","player_choice":"Box","floor":11.0,"gold_loss":0.0,"damage_taken":0.0,"relics_obtained":["Vajra"],"cards_obtained":["Regret"]},{"damage_healed":0.0,"max_hp_gain":0.0,"max_hp_loss":0.0,"gold_gain":0.0,"event_name":"Masked Bandits","player_choice":"Fought Bandits","floor":19.0,"gold_loss":0.0,"damage_taken":0.0},{"damage_healed":0.0,"max_hp_gain":0.0,"max_hp_loss":0.0,"gold_gain":0.0,"event_name":"Drug Dealer","player_choice":"Inject Mutagens","floor":20.0,"gold_loss":0.0,"damage_taken":0.0,"relics_obtained":["MutagenicStrength"]},{"damage_healed":0.0,"max_hp_gain":0.0,"max_hp_loss":0.0,"gold_gain":0.0,"event_name":"Vampires","player_choice":"Ignored","floor":21.0,"gold_loss":0.0,"damage_taken":0.0},{"damage_healed":26,"gold_gain":0,"player_choice":"Heal","damage_taken":0,"max_hp_gain":0,"max_hp_loss":0,"event_name":"The Library","floor":31,"gold_loss":0}],"is_beta":false,"boss_relics":[{"not_picked":["Runic Pyramid","SlaversCollar"],"picked":"Cursed Key"}],"items_purged_floors":[5],"is_endless":false,"potions_floor_spawned":[8,14,16,22,24,27],"killed_by":"Collector","ascension_level":10}}