{"host":"d7fiu2yjkssjxoz6","time":1611795139,"event":{"mods":["AchievementEnabler","BaseMod","Duelist Mod","Minty Spire (QoL Compilation)","StSLib"],"gold_per_floor":[137,137,156,172,190,217,235,269,269,269,269,302,316,336,336,412,412,426,415,365,379,395,395,429,443,466,466,466,499,499,554,554,627,627,644,661,676,676,217,217,251,251,297,297,331,331,173,192,192,192,192,192,30,62,62],"floor_reached":56,"language":"ENG","playtime":3794,"items_purged":["theDuelist:CursedBill"],"score":2336,"play_id":"a4a31bcf-eab9-4c81-8e20-404ef44d7681","local_time":"20210127165219","is_ascension_mode":true,"campfire_choices":[{"data":"theDuelist:RainbowOverdragon","floor":10,"key":"SMITH"},{"data":"theDuelist:ClearKuriboh","floor":15,"key":"SMITH"},{"floor":23,"key":"REST"},{"floor":27,"key":"REST"},{"floor":30,"key":"REST"},{"floor":32,"key":"REST"},{"floor":40,"key":"REST"},{"floor":42,"key":"RECALL"},{"data":"1","floor":44,"key":"LIFT"},{"data":"2","floor":46,"key":"LIFT"},{"floor":49,"key":"REST"},{"data":"theDuelist:CardSafeReturn","floor":52,"key":"SMITH"}],"circlet_count":0,"master_deck":["theDuelist:ClearKuriboh","theDuelist:GilfordLegend+1","theDuelist:RainbowFlower","theDuelist:HorusServant+1","theDuelist:BookSecret","theDuelist:Eva","theDuelist:PowerGiant","theDuelist:CardSafeReturn+1","theDuelist:GarbageLord","theDuelist:ShallowGrave","theDuelist:GateGuardian","theDuelist:RainbowNeos","AscendersBane","theDuelist:RainbowFlower","theDuelist:RainbowRefraction","theDuelist:KamionTimelord+1","theDuelist:Lajinn","theDuelist:HappyLover","theDuelist:FogKing","theDuelist:Zombyra","theDuelist:DokiDoki","theDuelist:DunamesDarkWitch","theDuelist:DeepDiver+1","theDuelist:ClearKuriboh+1","theDuelist:RainbowDragon+1","theDuelist:RainbowKuribohBasic","theDuelist:CrystalRaigeki+1","theDuelist:GadgetSoldier+1","theDuelist:MaleficRainbowDragon+1","theDuelist:HeartUnderdog+1","theDuelist:FrillerRabca","theDuelist:PotDuality+1","Mayhem","theDuelist:Eva","theDuelist:BlacklandFireDragon","theDuelist:Eva","theDuelist:Hayate+1","theDuelist:RainbowOverdragon+1","theDuelist:GiantSoldierSteel","theDuelist:HappyLover+1","theDuelist:AlphaMagnet","theDuelist:CatShark","theDuelist:ForbiddenLance+1","theDuelist:ZombieWarrior","theDuelist:KamionTimelord+1","theDuelist:BeastTalwar+1"],"relics":["theDuelist:MillenniumPuzzle","theDuelist:CardPoolRelic","theDuelist:CardPoolBasicRelic","theDuelist:BoosterPackPoolRelic","theDuelist:CardPoolAddRelic","theDuelist:CardPoolMinusRelic","theDuelist:CardPoolSaveRelic","theDuelist:CardPoolOptionsRelic","Bottled Flame","Calipers","Strawberry","Whetstone","SlaversCollar","theDuelist:TributeEggRelic","Turnip","WingedGreaves","Bird Faced Urn","Girya","Astrolabe","theDuelist:ResummonBranch","White Beast Statue","Toy Ornithopter","Red Skull","Orrery","theDuelist:MetronomeRelicB","theDuelist:YugiMirror"],"acts_visited":["Exordium","TheCity","TheBeyond","TheEnding"],"potions_floor_usage":[8,21,22,29,36,45,55,55],"damage_taken":[{"damage":0,"enemies":"Small Slimes","floor":1,"turns":3},{"damage":0,"enemies":"Cultist","floor":3,"turns":2},{"damage":0,"enemies":"Jaw Worm","floor":4,"turns":2},{"damage":0,"enemies":"Gremlin Gang","floor":5,"turns":4},{"damage":4,"enemies":"3 Sentries","floor":6,"turns":4},{"damage":0,"enemies":"Looter","floor":7,"turns":1},{"damage":28,"enemies":"Lagavulin","floor":8,"turns":4},{"damage":14,"enemies":"3 Sentries","floor":12,"turns":6},{"damage":6,"enemies":"Large Slime","floor":13,"turns":3},{"damage":4,"enemies":"Lots of Slimes","floor":14,"turns":3},{"damage":0,"enemies":"The Guardian","floor":16,"turns":6},{"damage":6,"enemies":"Chosen","floor":18,"turns":5},{"damage":22,"enemies":"2 Thieves","floor":19,"turns":4},{"damage":38,"enemies":"Snake Plant","floor":21,"turns":6},{"damage":1,"enemies":"Snecko","floor":22,"turns":4},{"damage":0,"enemies":"theDuelist:KaibaA2","floor":24,"turns":4},{"damage":8,"enemies":"3 Cultists","floor":25,"turns":7},{"damage":37,"enemies":"Gremlin Leader","floor":29,"turns":10},{"damage":19,"enemies":"Gremlin Leader","floor":31,"turns":7},{"damage":0,"enemies":"Collector","floor":33,"turns":9},{"damage":9,"enemies":"3 Shapes","floor":35,"turns":5},{"damage":15,"enemies":"3 Darklings","floor":36,"turns":4},{"damage":35,"enemies":"Jaw Worm Horde","floor":37,"turns":6},{"damage":20,"enemies":"Reptomancer","floor":41,"turns":6},{"damage":0,"enemies":"Nemesis","floor":45,"turns":5},{"damage":0,"enemies":"4 Shapes","floor":48,"turns":4},{"damage":28,"enemies":"Time Eater","floor":50,"turns":9},{"damage":16,"enemies":"Shield and Spear","floor":54,"turns":5},{"damage":62,"enemies":"The Heart","floor":55,"turns":9}],"seed_played":"-7170013817901072303","potions_obtained":[{"floor":4,"key":"SkillPotion"},{"floor":7,"key":"theDuelist:SummonFuryPotion"},{"floor":8,"key":"DistilledChaos"},{"floor":25,"key":"AttackPotion"},{"floor":29,"key":"theDuelist:BurningPotionB"},{"floor":37,"key":"theDuelist:SealedPackC"},{"floor":45,"key":"Fire Potion"},{"floor":48,"key":"SkillPotion"}],"is_trial":false,"path_per_floor":["M","?","M","M","M","E","M","E","T","R","?","E","M","M","R","B",null,"M","M","?","M","M","R","E","M","T","R","?","E","R","?","R","B",null,"M","M","M","?","$","R","E","R","T","R","E","R","$","M","R","B",null,"R","$","E","B",null],"character_chosen":"THE_DUELIST","items_purchased":["Mayhem","DistilledChaos","theDuelist:DokiDoki","Orrery","theDuelist:MetronomeRelicB"],"campfire_rested":6,"item_purchase_floors":[39,39,39,47,53],"current_hp_per_floor":[70,70,70,70,70,66,66,38,45,45,45,31,25,21,21,21,68,62,40,40,2,1,26,26,18,18,43,60,23,48,29,54,56,77,70,55,20,20,20,45,31,31,31,31,40,40,40,40,65,43,74,74,74,62,16],"gold":62,"neow_bonus":"TEN_PERCENT_HP_BONUS","is_daily":false,"chose_seed":false,"campfire_upgraded":3,"win_rate":0.0,"timestamp":1611795139,"path_taken":["M","?","M","?","M","E","M","E","T","R","?","E","M","M","R","BOSS","M","M","?","?","M","R","E","M","T","R","?","E","R","?","R","BOSS","M","?","M","?","$","R","E","R","T","R","E","R","$","?","R","BOSS","R","$","E","BOSS"],"items_purchased_type":["Card","Potion","Card","Relic","Relic"],"build_version":"2020-12-22","purchased_purges":1,"victory":true,"max_hp_per_floor":[77,77,77,77,77,77,77,77,84,84,84,84,84,84,84,84,84,84,84,84,84,84,84,84,84,84,84,84,84,84,84,84,84,84,84,84,84,84,84,84,84,84,84,84,84,84,84,84,84,84,84,84,84,84,84],"card_choices":[{"not_picked":["theDuelist:WanderingKing","theDuelist:CaveDragon","theDuelist:WingedKuribohLv9","theDuelist:GadgetSoldier"],"picked":"theDuelist:CatShark","floor":1},{"not_picked":["theDuelist:AlphaMagnet","theDuelist:ExploderDragonwing","theDuelist:IslandTurtle","theDuelist:SangaThunder"],"picked":"theDuelist:Zombyra","floor":3},{"not_picked":["theDuelist:LightningDarts","theDuelist:BlueBloodedOni","theDuelist:FeatherPho","theDuelist:ReleaseFromStone"],"picked":"theDuelist:ClearKuriboh","floor":4},{"not_picked":["theDuelist:GraniteLoyalist","theDuelist:LightningRodLord","theDuelist:Sangan","theDuelist:GaiaMidNightSun"],"picked":"theDuelist:RainbowOverdragon","floor":5},{"not_picked":["theDuelist:AlphaMagnet","theDuelist:BeastTalwar","theDuelist:BlizzardThunderbird","theDuelist:DragonZombie"],"picked":"theDuelist:Eva","floor":6},{"not_picked":["theDuelist:EvilswarmHeliotrope","theDuelist:Mudora","theDuelist:BattleOx","theDuelist:DarklordSuperbia"],"picked":"theDuelist:GilfordLegend","floor":7},{"not_picked":["theDuelist:StatueAnguishPattern+1","theDuelist:TyrantWing+1","theDuelist:VioletCrystal+1","theDuelist:CardSafeReturn+1"],"picked":"theDuelist:HeartUnderdog+1","floor":8},{"not_picked":["theDuelist:DarkEnergy","theDuelist:VioletCrystal","theDuelist:RainbowRuins","theDuelist:SuperSolarNutrient"],"picked":"theDuelist:BookSecret","floor":12},{"not_picked":["theDuelist:BlizzardWarrior","theDuelist:DragonPiper","theDuelist:SuperSolarNutrient","theDuelist:WhiteMagicalHat"],"picked":"theDuelist:ZombieWarrior","floor":13},{"not_picked":["theDuelist:Hinotama","theDuelist:MagicHoleGolem","theDuelist:Kuribohrn","theDuelist:PotDichotomy"],"picked":"theDuelist:GiantSoldierSteel","floor":14},{"not_picked":["theDuelist:RainbowNeos","theDuelist:Eva","theDuelist:RainbowDragon","theDuelist:IrisEarthMother"],"picked":"theDuelist:HappyLover","floor":16},{"not_picked":["theDuelist:FuryFire","theDuelist:Hinotama","theDuelist:LightningRodLord","theDuelist:LightningDarts"],"picked":"theDuelist:PowerGiant","floor":18},{"not_picked":["theDuelist:BigFire","theDuelist:MagicHoleGolem","theDuelist:Mausoleum","theDuelist:DestroyerGolem"],"picked":"theDuelist:ClearKuriboh","floor":19},{"not_picked":["theDuelist:BeastTalwar","theDuelist:ShadowVampire+1","theDuelist:DragonPiper","theDuelist:OniGamiCombo"],"picked":"theDuelist:BlacklandFireDragon","floor":21},{"not_picked":["theDuelist:Illusionist","theDuelist:CaveDragon","theDuelist:RainbowLife","theDuelist:FrillerRabca"],"picked":"theDuelist:Eva","floor":22},{"not_picked":["theDuelist:OrbMetronome","theDuelist:DarkMasterZorc","theDuelist:IceQueen","theDuelist:SwordsRevealing"],"picked":"theDuelist:GateGuardian","floor":24},{"not_picked":["theDuelist:Kasha","theDuelist:Boneheimer","theDuelist:CurseDragon","theDuelist:ZombieMammoth"],"picked":"theDuelist:AlphaMagnet","floor":25},{"not_picked":["theDuelist:KamionTimelord","theDuelist:BigWhale","theDuelist:RainbowDarkDragon","theDuelist:IceQueen"],"picked":"theDuelist:GarbageLord","floor":29},{"not_picked":["theDuelist:CosmicHorrorGangiel+1","theDuelist:RainbowLife","theDuelist:Zombyra","theDuelist:WhiteNinja"],"picked":"theDuelist:FrillerRabca","floor":31},{"not_picked":["theDuelist:RainbowFlower","theDuelist:DunamesDarkWitch","theDuelist:RainbowDarkDragon+1","theDuelist:RainbowMagician"],"picked":"theDuelist:HappyLover+1","floor":33},{"not_picked":["theDuelist:ZombieMammoth","theDuelist:BigWaveSmallWave","theDuelist:DoomcaliberKnight","theDuelist:AncientRules+1"],"picked":"theDuelist:RainbowFlower","floor":35},{"not_picked":["theDuelist:GoldenBlastJuggler","theDuelist:SangaWater","theDuelist:RainbowDarkDragon+1","theDuelist:IrisEarthMother"],"picked":"theDuelist:KamionTimelord+1","floor":36},{"not_picked":["theDuelist:NeoMagic+1","theDuelist:Kasha","theDuelist:DragonPiper","theDuelist:Gernia"],"picked":"theDuelist:ShallowGrave","floor":37},{"not_picked":["theDuelist:ZombieWarrior","theDuelist:Zombyra","theDuelist:GraydleSlimeJr+1","theDuelist:SangaEarth"],"picked":"theDuelist:Lajinn","floor":41},{"not_picked":["theDuelist:DoomcaliberKnight+1","theDuelist:FabledAshenveil+1"],"picked":"theDuelist:MaleficRainbowDragon+1","floor":45},{"not_picked":["theDuelist:WhiteHowling","theDuelist:OhFish","theDuelist:StatueAnguishPattern","theDuelist:RainbowLife"],"picked":"theDuelist:CrystalRaigeki+1","floor":47},{"not_picked":["theDuelist:BeastTalwar","theDuelist:Gozuki+1","theDuelist:BlastAsmodian+1","theDuelist:DragonZombie"],"picked":"theDuelist:HorusServant+1","floor":47},{"not_picked":["theDuelist:CardSafeReturn","theDuelist:Yami","theDuelist:RainbowRuins+1"],"picked":"theDuelist:RainbowRefraction","floor":47},{"not_picked":["theDuelist:AttackTheMoon","theDuelist:GraniteLoyalist","theDuelist:WormKing","theDuelist:WormWarlord"],"picked":"theDuelist:ForbiddenLance+1","floor":47},{"not_picked":["theDuelist:SummonedSkull","theDuelist:DarkMagician","theDuelist:VampireGenesis","theDuelist:MysticalElf+1"],"picked":"theDuelist:RainbowDragon+1","floor":47},{"not_picked":["theDuelist:Jinzo","theDuelist:TyrantWing","theDuelist:RainbowRefraction+1"],"picked":"theDuelist:CardSafeReturn","floor":48},{"not_picked":["theDuelist:PatricianDarkness+1","theDuelist:SangaThunder+1","theDuelist:FlyingSaucer+1","theDuelist:MysticalElf+1"],"picked":"theDuelist:BeastTalwar+1","floor":54}],"player_experience":328418,"relics_obtained":[{"floor":6,"key":"Bottled Flame"},{"floor":8,"key":"Calipers"},{"floor":9,"key":"Strawberry"},{"floor":12,"key":"Whetstone"},{"floor":24,"key":"theDuelist:TributeEggRelic"},{"floor":29,"key":"Turnip"},{"floor":31,"key":"WingedGreaves"},{"floor":31,"key":"Bird Faced Urn"},{"floor":31,"key":"Girya"},{"floor":41,"key":"White Beast Statue"},{"floor":43,"key":"Toy Ornithopter"},{"floor":45,"key":"Red Skull"},{"floor":54,"key":"theDuelist:YugiMirror"}],"event_choices":[{"damage_healed":0,"gold_gain":0,"cards_transformed":["theDuelist:Sparks"],"player_choice":"Transformed","damage_taken":0,"max_hp_gain":0,"max_hp_loss":0,"event_name":"Transmorgrifier","floor":2,"gold_loss":0,"cards_obtained":["theDuelist:FogKing"]},{"damage_healed":0,"gold_gain":0,"player_choice":"Leave","duelist":true,"damage_taken":0,"max_hp_gain":0,"max_hp_loss":0,"event_name":"Egyptian Village","floor":11,"gold_loss":0},{"damage_healed":0,"gold_gain":0,"player_choice":"Bet on Owner","damage_taken":0,"max_hp_gain":0,"max_hp_loss":0,"event_name":"The Joust","floor":20,"gold_loss":50},{"damage_healed":17,"gold_gain":0,"player_choice":"Heal","damage_taken":0,"max_hp_gain":0,"max_hp_loss":0,"event_name":"The Library","floor":28,"gold_loss":0},{"damage_healed":0,"gold_gain":0,"player_choice":"Fight","duelist":true,"damage_taken":0,"max_hp_gain":0,"max_hp_loss":0,"event_name":"Battle City","floor":31,"gold_loss":0},{"damage_healed":0,"gold_gain":0,"player_choice":"Took item - Received: Millennium Branch","duelist":true,"damage_taken":0,"max_hp_gain":0,"max_hp_loss":0,"event_name":"Millennium Items","floor":38,"gold_loss":0}],"is_beta":false,"boss_relics":[{"not_picked":["Coffee Dripper","Runic Pyramid"],"picked":"SlaversCollar"},{"not_picked":["Sozu","theDuelist:ElectricKey"],"picked":"Astrolabe"}],"items_purged_floors":[39],"is_endless":false,"potions_floor_spawned":[4,7,8,13,14,18,25,29,37,41,45,48,54],"ascension_level":16}}