{"host":"qsusua7l529r8z9k","time":1611851398,"event":{"mods":["BaseMod","Minty Spire (QoL Compilation)","Spicy Shops","StSLib"],"gold_per_floor":[115,134,134,134,146,146,175,175,175,10,23,54,54,85,85,157,157,176,193,118,118,118,146,160,194,221,221,251,125,144,57,57,131,131,143,143,143,143,153,188,188,213,240,257,257,282,21,41,41,41],"floor_reached":51,"language":"ZHS","playtime":2205,"items_purged":["Defend_B","Defend_B"],"score":1997,"play_id":"efec1a91-5863-43e1-8646-a0f755ff16e7","local_time":"20210129002958","is_ascension_mode":true,"campfire_choices":[{"data":"Apotheosis","floor":6.0,"key":"SMITH"},{"data":"White Noise","floor":8.0,"key":"SMITH"},{"data":"Coolheaded","floor":13.0,"key":"SMITH"},{"data":"Heatsinks","floor":15.0,"key":"SMITH"},{"data":"Defragment","floor":27,"key":"SMITH"},{"data":"Biased Cognition","floor":32,"key":"SMITH"},{"data":"Reboot","floor":41,"key":"SMITH"},{"floor":49,"key":"REST"}],"circlet_count":0,"master_deck":["AscendersBane","Defend_B","Defend_B","Zap+1","Dualcast+1","Apotheosis+1","Hologram","Electrodynamics","Go for the Eyes","White Noise+1","Coolheaded+1","Heatsinks+1","Amplify","Chaos+1","Core Surge","Glacier","Reboot+1","Skim","Defragment+1","Turbo","Biased Cognition+1"],"relics":["Cracked Core","InkBottle","Singing Bowl","PreservedInsect","Sundial","Gambling Chip","Sozu","Potion Belt","Blue Candle","DataDisk","Akabeko","Inserter","Symbiotic Virus","Ancient Tea Set","Centennial Puzzle","Toxic Egg 2","War Paint","Medical Kit"],"acts_visited":["Exordium","TheCity","TheBeyond"],"potions_floor_usage":[25,50],"damage_taken":[{"damage":4.0,"enemies":"Jaw Worm","floor":1.0,"turns":3.0},{"damage":0.0,"enemies":"Cultist","floor":2.0,"turns":3.0},{"damage":0.0,"enemies":"2 Louse","floor":5.0,"turns":2.0},{"damage":29.0,"enemies":"Gremlin Nob","floor":7.0,"turns":4.0},{"damage":2.0,"enemies":"Lots of Slimes","floor":11.0,"turns":3.0},{"damage":3.0,"enemies":"Lagavulin","floor":12.0,"turns":5.0},{"damage":11.0,"enemies":"Gremlin Nob","floor":14.0,"turns":3.0},{"damage":0.0,"enemies":"The Guardian","floor":16.0,"turns":12.0},{"damage":0.0,"enemies":"Spheric Guardian","floor":18.0,"turns":2.0},{"damage":1.0,"enemies":"2 Thieves","floor":19.0,"turns":2.0},{"damage":9.0,"enemies":"Gremlin Leader","floor":23.0,"turns":5.0},{"damage":0,"enemies":"Centurion and Healer","floor":24,"turns":6},{"damage":6,"enemies":"Slavers","floor":25,"turns":2},{"damage":0,"enemies":"Gremlin Leader","floor":28,"turns":3},{"damage":0,"enemies":"Cultist and Chosen","floor":30,"turns":4},{"damage":0,"enemies":"Champ","floor":33,"turns":7},{"damage":0,"enemies":"3 Shapes","floor":35,"turns":3},{"damage":3,"enemies":"Orb Walker","floor":39,"turns":2},{"damage":1,"enemies":"Giant Head","floor":40,"turns":7},{"damage":0,"enemies":"Nemesis","floor":42,"turns":3},{"damage":1,"enemies":"Sphere and 2 Shapes","floor":44,"turns":2},{"damage":0,"enemies":"Reptomancer","floor":46,"turns":3},{"damage":3,"enemies":"Jaw Worm Horde","floor":48,"turns":2},{"damage":11,"enemies":"Awakened One","floor":50,"turns":6}],"seed_played":"-6340612192679717807","potions_obtained":[{"floor":1.0,"key":"Fruit Juice"},{"floor":5.0,"key":"SpeedPotion"},{"floor":14.0,"key":"LiquidBronze"},{"floor":16.0,"key":"SpeedPotion"}],"is_trial":false,"path_per_floor":["M","M","?","?","M","R","E","R","T","$","M","E","R","E","R","B",null,"M","M","?","?","?","E","M","E","T","R","E","$","M","$","R","B",null,"M","?","?","?","M","E","R","E","T","M","T","E","$","M","R","B",null],"character_chosen":"DEFECT","items_purchased":["PreservedInsect","Turbo","Biased Cognition","Medical Kit"],"campfire_rested":1,"item_purchase_floors":[10,29,31,47],"current_hp_per_floor":[60,60,53,53,53,53,29,29,29,29,27,26,26,15,15,15,57,57,58,58,58,58,51,53,47,47,47,49,49,51,51,51,53,76,78,78,78,73,72,73,73,75,75,76,76,78,78,77,97,86],"gold":41,"neow_bonus":"RANDOM_COLORLESS_2","is_daily":false,"chose_seed":false,"campfire_upgraded":7,"win_rate":0.0,"timestamp":1611851398,"path_taken":["M","M","?","?","M","R","E","R","T","$","?","E","R","E","R","BOSS","M","M","?","?","?","E","M","E","T","R","E","$","?","?","R","BOSS","M","?","?","?","M","E","R","E","T","?","?","E","$","M","R","BOSS"],"items_purchased_type":["Relic","Card","Card","Relic"],"build_version":"2020-12-22","purchased_purges":2,"victory":true,"max_hp_per_floor":[64,64,64,64,64,64,69,69,69,69,69,71,71,71,71,71,71,71,73,73,73,73,75,77,77,77,77,79,79,81,81,81,83,83,85,85,85,85,87,89,89,91,91,93,93,95,95,97,97,97],"card_choices":[{"not_picked":["Thinking Ahead","Mayhem"],"picked":"Apotheosis","floor":0.0},{"not_picked":["Conserve Battery","Rebound"],"picked":"Chill","floor":1.0},{"not_picked":["Aggregate","Fusion"],"picked":"Hologram","floor":2.0},{"not_picked":["Beam Cell","Conserve Battery"],"picked":"Go for the Eyes","floor":5.0},{"not_picked":["Doom and Gloom","Redo"],"picked":"White Noise","floor":7.0},{"not_picked":["Ball Lightning","Conserve Battery"],"picked":"Coolheaded","floor":11.0},{"not_picked":["Chill","Double Energy","Hologram"],"picked":"Singing Bowl","floor":12.0},{"not_picked":["Redo","Electrodynamics"],"picked":"Heatsinks","floor":14.0},{"not_picked":["Buffer","Meteor Strike"],"picked":"Amplify","floor":16.0},{"not_picked":["Compile Driver","Consume"],"picked":"Chaos+1","floor":18.0},{"not_picked":["Melter","Scrape","Compile Driver"],"picked":"Singing Bowl","floor":19.0},{"not_picked":["Steam","Static Discharge","Gash"],"picked":"Singing Bowl","floor":23.0},{"not_picked":["Beam Cell","Steam","Sweeping Beam"],"picked":"Singing Bowl","floor":24},{"not_picked":["Blizzard","Stack"],"picked":"Defragment","floor":25},{"not_picked":["Barrage","Hello World","Conserve Battery"],"picked":"Singing Bowl","floor":28},{"not_picked":["Stack+1","Sweeping Beam","Ball Lightning"],"picked":"Singing Bowl","floor":30},{"not_picked":["All For One","Multi-Cast","Rainbow"],"picked":"Singing Bowl","floor":33},{"not_picked":["Tempest","BootSequence","Force Field"],"picked":"Singing Bowl","floor":35},{"not_picked":["White Noise","Conserve Battery+1","Turbo"],"picked":"Singing Bowl","floor":39},{"not_picked":["Rebound","Hologram","Hyperbeam"],"picked":"Singing Bowl","floor":40},{"not_picked":["Redo","Multi-Cast","Ball Lightning"],"picked":"Singing Bowl","floor":42},{"not_picked":["Barrage","Genetic Algorithm","Leap"],"picked":"Singing Bowl","floor":44},{"not_picked":["Barrage","Conserve Battery+1","Cold Snap"],"picked":"Singing Bowl","floor":46},{"not_picked":["Auto Shields+1","Ball Lightning","Genetic Algorithm+1"],"picked":"Singing Bowl","floor":48}],"player_experience":536200,"relics_obtained":[{"floor":7.0,"key":"InkBottle"},{"floor":9.0,"key":"Singing Bowl"},{"floor":12.0,"key":"Sundial"},{"floor":14.0,"key":"Gambling Chip"},{"floor":23.0,"key":"Potion Belt"},{"floor":25,"key":"Blue Candle"},{"floor":26,"key":"DataDisk"},{"floor":28,"key":"Akabeko"},{"floor":40,"key":"Symbiotic Virus"},{"floor":42,"key":"Ancient Tea Set"},{"floor":43,"key":"Centennial Puzzle"},{"floor":45,"key":"Toxic Egg 2"},{"floor":46,"key":"War Paint"}],"event_choices":[{"cards_removed":["Strike_B"],"damage_healed":0.0,"max_hp_gain":0.0,"max_hp_loss":0.0,"gold_gain":0.0,"event_name":"Golden Wing","player_choice":"Card Removal","floor":3.0,"gold_loss":0.0,"damage_taken":7.0},{"damage_healed":0.0,"max_hp_gain":0.0,"max_hp_loss":0.0,"gold_gain":0.0,"event_name":"Match and Keep!","player_choice":"1 cards matched","floor":4.0,"gold_loss":0.0,"damage_taken":0.0,"cards_obtained":["Electrodynamics"]},{"cards_removed":["Strike_B"],"damage_healed":0.0,"max_hp_gain":0.0,"max_hp_loss":0.0,"gold_gain":0.0,"event_name":"Beggar","player_choice":"Gave Gold","floor":20.0,"gold_loss":75.0,"damage_taken":0.0},{"damage_healed":0.0,"max_hp_gain":0.0,"max_hp_loss":0.0,"gold_gain":0.0,"cards_transformed":["Strike_B","Strike_B"],"event_name":"Drug Dealer","player_choice":"Became Test Subject","floor":21.0,"gold_loss":0.0,"damage_taken":0.0,"cards_obtained":["Core Surge","Glacier"]},{"damage_healed":0.0,"max_hp_gain":0.0,"max_hp_loss":0.0,"gold_gain":0.0,"event_name":"Match and Keep!","player_choice":"2 cards matched","floor":22.0,"gold_loss":0.0,"damage_taken":0.0,"cards_obtained":["Reboot","Skim"]},{"cards_removed":["Chill"],"damage_healed":0,"gold_gain":0,"player_choice":"Removed Skill","damage_taken":0,"max_hp_gain":0,"max_hp_loss":0,"event_name":"Falling","floor":36,"gold_loss":0},{"damage_healed":0,"gold_gain":0,"player_choice":"Ignored","damage_taken":0,"max_hp_gain":0,"max_hp_loss":0,"event_name":"Tomb of Lord Red Mask","floor":37,"gold_loss":0},{"damage_healed":0,"gold_gain":0,"player_choice":"Bought 0 Potions","damage_taken":0,"max_hp_gain":0,"max_hp_loss":0,"event_name":"The Woman in Blue","floor":38,"gold_loss":0}],"is_beta":false,"boss_relics":[{"not_picked":["Philosopher\u0027s Stone","Snecko Eye"],"picked":"Sozu"},{"not_picked":["Cursed Key","Calling Bell"],"picked":"Inserter"}],"items_purged_floors":[29,47],"is_endless":false,"potions_floor_spawned":[1,5,14,16,23,24,28,30,33,40,44,48],"ascension_level":18}}