{"host":"guv5thfpx4d8ikzb","time":1611799491,"event":{"mods":["2.2 Compatiblity","AchievementEnabler","BaseMod","Block Reminder","Colored Map","Colored Powertips","Downfall","Minty Spire (QoL Compilation)","Permanent Neow","Quick Restart","Relic Stats","StSLib"],"gold_per_floor":[99,99,99,24,34,134,134,152,183,194,222,22,62,62,82,189,216,216,251,260,260,37,59,107,107,107,136,136,176,176,205,228,342,342,342,362,382,400,400,400,400,426,426,484,513,542,286,317,342,342,342,376,68,68,68,68],"floor_reached":57,"language":"ENG","playtime":4051,"items_purged":["bronze:Strike","downfall:Bewildered","bronze:Defend"],"score":1949,"play_id":"1ef7c86f-973d-4384-a5ab-0115b0c21ea7","local_time":"20210127210451","is_ascension_mode":true,"campfire_choices":[{"data":"bronze:Goto","floor":1,"key":"SMITH"},{"data":"bronze:Iterate","floor":6,"key":"SMITH"},{"data":"bronze:Replicate","floor":12,"key":"SMITH"},{"data":"bronze:Hardcode","floor":18,"key":"SMITH"},{"data":"bronze:BugBarrage","floor":25,"key":"SMITH"},{"data":"bronze:CleanCode","floor":28,"key":"SMITH"},{"data":"bronze:Defend","floor":30,"key":"SMITH"},{"data":"bronze:AlphaBuild","floor":35,"key":"SMITH"},{"floor":40,"key":"REST"},{"data":"bronze:Defend","floor":43,"key":"SMITH"},{"data":"bronze:Library","floor":54,"key":"SMITH"}],"circlet_count":0,"master_deck":["bronze:Defend","bronze:Defend+1","bronze:Defend+1","bronze:Replicate+1","bronze:Invalidate+1","bronze:Repair+1","bronze:Frontload+1","bronze:Turbo+1","bronze:Verify+1","bronze:FineTuning+1","bronze:SpaghettiCode+1","bronze:ItsAFeature+1","bronze:AlphaBuild+1","bronze:FunctionCard","bronze:Flail+1","bronze:CleanCode+1","bronze:BugBarrage+1","bronze:BugBarrage+1","bronze:CutThrough+1","bronze:MaxOutput+1","bronze:ChildClass+1","bronze:SpaghettiCode+1","bronze:Philosophize+1","bronze:BuggyMess+1","bronze:AlphaBuild+1","expansioncontent:QuickStudy+1","expansioncontent:QuickStudy+1","bronze:Format+1","bronze:Boost+1","bronze:BuggyMess+1","bronze:MaxOutput","bronze:FineTuning+1","bronze:Shell+1","bronze:Library+1","bronze:Virus"],"relics":["bronze:BronzeCore","Toxic Egg 2","downfall:HeartsMalice","Black Star","downfall:HeartBlessingRed","bronze:SilverBullet","Pantograph","Gremlin Horn","champ:DuelingGlove","downfall:HeartBlessingBlue","downfall:HeartBlessingGreen","CeramicFish","Oddly Smooth Stone","bronze:ElectromagneticCoil","Astrolabe","sneckomod:BabySnecko","Orrery","Guardian:PocketSentry","StrikeDummy","Anchor","HornCleat","hexamod:Sixitude","Regal Pillow","Cursed Key","Boot","Pear","Question Card","Prayer Wheel","Nloth\u0027s Gift","Pocketwatch","Shuriken","bronze:CableSpool","Ornamental Fan","Toy Ornithopter","Sundial","Letter Opener","Ginger"],"acts_visited":["Exordium","TheCity","TheBeyond","TheEnding"],"potions_floor_usage":[49,50,50,50,56],"damage_taken":[{"damage":0,"enemies":"Small Slimes","floor":2,"turns":1},{"damage":0,"enemies":"Cultist","floor":3,"turns":1},{"damage":0,"enemies":"downfall:FleeingMerchant","floor":4,"turns":1},{"damage":0,"enemies":"2 Louse","floor":5,"turns":2},{"damage":14,"enemies":"Blue Slaver","floor":8,"turns":2},{"damage":26,"enemies":"Lagavulin","floor":9,"turns":5},{"damage":0,"enemies":"3 Louse","floor":10,"turns":1},{"damage":1,"enemies":"Gremlin Nob","floor":11,"turns":3},{"damage":0,"enemies":"Lagavulin","floor":13,"turns":3},{"damage":0,"enemies":"Large Slime","floor":15,"turns":3},{"damage":20,"enemies":"IC_STATUS_ARCHETYPE","floor":16,"turns":7},{"damage":34,"enemies":"Spheric Guardian","floor":19,"turns":7},{"damage":0,"enemies":"downfall:FleeingMerchant","floor":22,"turns":4},{"damage":7,"enemies":"Shell Parasite","floor":23,"turns":3},{"damage":0,"enemies":"Gremlin Leader","floor":27,"turns":2},{"damage":0,"enemies":"Slavers","floor":29,"turns":2},{"damage":0,"enemies":"Snake Plant","floor":31,"turns":2},{"damage":0,"enemies":"Cultist and Chosen","floor":32,"turns":3},{"damage":0,"enemies":"WA_ARCHETYPE_CALM","floor":33,"turns":2},{"damage":0,"enemies":"3 Shapes","floor":36,"turns":1},{"damage":0,"enemies":"Orb Walker","floor":37,"turns":1},{"damage":0,"enemies":"Nemesis","floor":42,"turns":1},{"damage":22,"enemies":"2 Orb Walkers","floor":44,"turns":2},{"damage":0,"enemies":"Reptomancer","floor":45,"turns":4},{"damage":0,"enemies":"Maw","floor":46,"turns":6},{"damage":0,"enemies":"downfall:FleeingMerchant","floor":47,"turns":1},{"damage":0,"enemies":"Jaw Worm Horde","floor":48,"turns":1},{"damage":0,"enemies":"4 Shapes","floor":49,"turns":1},{"damage":55,"enemies":"DF_ARCHETYPE_ORBS","floor":50,"turns":8},{"damage":0,"enemies":"downfall:CharBossMerchant","floor":52,"turns":4},{"damage":0,"enemies":"downfall:NeowBoss","floor":55,"turns":11},{"damage":24,"enemies":"downfall:NeowBossFinal","floor":56,"turns":8}],"seed_played":"4777638410178241377","potions_obtained":[{"floor":5,"key":"GamblersBrew"},{"floor":8,"key":"LiquidBronze"},{"floor":9,"key":"BlessingOfTheForge"},{"floor":16,"key":"Strength Potion"},{"floor":36,"key":"DistilledChaos"},{"floor":46,"key":"EntropicBrew"}],"is_trial":false,"path_per_floor":["R","M","M","$","M","R","T","M","E","M","E","R","E","?","M","B",null,"R","M","?","?","$","M","T","R","T","E","R","E","R","M","M","B",null,"R","M","M","?","?","R","T","E","R","?","E","M","$","M","M","B",null,"E","$","R","B","B",null],"character_chosen":"THE_AUTOMATON","items_purchased":["Orrery","bronze:MaxOutput","Ornamental Fan","Toy Ornithopter","Ginger"],"campfire_rested":1,"item_purchase_floors":[22,47,47,47,53],"current_hp_per_floor":[63,63,63,63,63,63,63,49,23,23,32,42,52,52,62,71,78,78,54,54,54,65,68,68,68,68,78,78,78,78,78,80,80,80,80,80,80,70,70,80,80,90,90,68,68,78,78,78,90,60,83,90,90,90,90,86],"gold":68,"neow_bonus":"THREE_ENEMY_KILL","is_daily":false,"chose_seed":false,"campfire_upgraded":10,"win_rate":0.0,"timestamp":1611799491,"path_taken":["R","M","M","$","M","R","T","M","E","M","E","R","E","?","M","BOSS","R","M","?","?","$","M","T","R","?","E","R","E","R","M","M","BOSS","R","M","M","?","?","R","T","E","R","?","E","M","$","?","M","BOSS","E","$","R","BOSS","BOSS"],"items_purchased_type":["Relic","Card","Relic","Relic","Relic"],"build_version":"2020-12-22","purchased_purges":3,"victory":true,"max_hp_per_floor":[70,70,70,70,70,70,70,70,70,70,70,80,80,80,80,80,80,80,80,80,80,80,80,80,80,80,80,80,80,80,80,80,80,80,80,80,80,80,80,80,80,90,90,90,90,90,90,90,90,90,90,90,90,90,90,90],"relic_stats":{"Regal Pillow":0,"Gremlin Horn":[17,17],"counters":[32,100],"CeramicFish":261,"Astrolabe":["bronze:SpaghettiCode","bronze:ItsAFeature","bronze:AlphaBuild"],"Letter Opener":[35],"Ginger":[9],"Cursed Key":0,"Boot":[16],"Question Card":10,"Shuriken":[13],"Ornamental Fan":[44],"Sundial":[0],"Pantograph":18,"Prayer Wheel":3,"Black Star":8,"Nloth\u0027s Gift":3,"obtain_stats":[{"champ:DuelingGlove":11,"bronze:ElectromagneticCoil":17,"Regal Pillow":29,"bronze:BronzeCore":0,"Gremlin Horn":11,"CeramicFish":13,"downfall:HeartBlessingGreen":12,"Ginger":53,"Cursed Key":34,"Boot":42,"bronze:CableSpool":45,"HornCleat":27,"downfall:HeartBlessingBlue":12,"Sundial":52,"Pantograph":9,"Prayer Wheel":43,"Toxic Egg 2":0,"Pear":42,"downfall:HeartBlessingRed":1,"Astrolabe":17,"Oddly Smooth Stone":13,"hexamod:Sixitude":29,"downfall:HeartsMalice":0,"Guardian:PocketSentry":24,"Letter Opener":52,"Question Card":43,"sneckomod:BabySnecko":20,"Anchor":27,"Shuriken":45,"Ornamental Fan":47,"Orrery":22,"Black Star":0,"Nloth\u0027s Gift":43,"bronze:SilverBullet":9,"StrikeDummy":26,"Toy Ornithopter":47,"Pocketwatch":44},{"champ:DuelingGlove":8,"bronze:ElectromagneticCoil":11,"Regal Pillow":16,"bronze:BronzeCore":0,"Gremlin Horn":8,"CeramicFish":9,"downfall:HeartBlessingGreen":8,"Ginger":30,"Cursed Key":19,"Boot":22,"bronze:CableSpool":24,"HornCleat":15,"downfall:HeartBlessingBlue":8,"Sundial":30,"Pantograph":6,"Prayer Wheel":22,"Toxic Egg 2":0,"Pear":22,"downfall:HeartBlessingRed":0,"Astrolabe":11,"Oddly Smooth Stone":9,"hexamod:Sixitude":16,"downfall:HeartsMalice":0,"Guardian:PocketSentry":14,"Letter Opener":30,"Question Card":22,"sneckomod:BabySnecko":12,"Anchor":15,"Shuriken":24,"Ornamental Fan":26,"Orrery":13,"Black Star":0,"Nloth\u0027s Gift":22,"bronze:SilverBullet":6,"StrikeDummy":14,"Toy Ornithopter":26,"Pocketwatch":23},{"champ:DuelingGlove":13,"bronze:ElectromagneticCoil":26,"Regal Pillow":44,"bronze:BronzeCore":0,"Gremlin Horn":13,"CeramicFish":16,"downfall:HeartBlessingGreen":13,"Ginger":81,"Cursed Key":51,"Boot":54,"bronze:CableSpool":60,"HornCleat":42,"downfall:HeartBlessingBlue":13,"Sundial":81,"Pantograph":9,"Prayer Wheel":54,"Toxic Egg 2":0,"Pear":54,"downfall:HeartBlessingRed":0,"Astrolabe":26,"Oddly Smooth Stone":16,"hexamod:Sixitude":44,"downfall:HeartsMalice":0,"Guardian:PocketSentry":40,"Letter Opener":81,"Question Card":54,"sneckomod:BabySnecko":33,"Anchor":42,"Shuriken":60,"Ornamental Fan":67,"Orrery":37,"Black Star":0,"Nloth\u0027s Gift":54,"bronze:SilverBullet":9,"StrikeDummy":40,"Toy Ornithopter":67,"Pocketwatch":56}],"Toy Ornithopter":25,"Pocketwatch":[20]},"card_choices":[{"not_picked":["bronze:DelayedSlice","bronze:BugBarrage"],"picked":"bronze:Philosophize+1","floor":2},{"not_picked":["bronze:DelayedGuard+1","bronze:Overheat","bronze:WhirlingStrike"],"picked":"SKIP","floor":3},{"not_picked":["bronze:DarkDash","bronze:Turbo+1","bronze:WildBeam"],"picked":"SKIP","floor":4},{"not_picked":["bronze:Branch","bronze:DelayedGuard+1"],"picked":"bronze:Iterate","floor":5},{"not_picked":["bronze:CloningBeam","bronze:Shell+1"],"picked":"bronze:Invalidate+1","floor":8},{"not_picked":["bronze:Separator","bronze:Optimize"],"picked":"bronze:Repair+1","floor":9},{"not_picked":["bronze:BitShift+1","bronze:ItsAFeature"],"picked":"bronze:Frontload+1","floor":10},{"not_picked":["bronze:Overheat","bronze:Frontload+1"],"picked":"bronze:Turbo+1","floor":11},{"not_picked":["bronze:BuggyMess+1","bronze:CutThrough"],"picked":"bronze:Verify","floor":13},{"not_picked":["bronze:Boost+1","bronze:Constructor+1"],"picked":"bronze:FineTuning+1","floor":15},{"not_picked":["bronze:Verify","bronze:HardenedForm"],"picked":"bronze:Hardcode","floor":16},{"not_picked":["bronze:DigitalCarnage","bronze:Terminator+1"],"picked":"bronze:Flail+1","floor":19},{"not_picked":["bronze:Safeguard+1","bronze:WildBeam"],"picked":"bronze:CleanCode","floor":22},{"not_picked":["bronze:DigitalCarnage","bronze:Branch"],"picked":"bronze:BugBarrage+1","floor":22},{"not_picked":["bronze:ChosenStrike","bronze:CloningBeam"],"picked":"bronze:BugBarrage","floor":22},{"not_picked":["bronze:Backtrace","bronze:NullPointer+1"],"picked":"bronze:CutThrough+1","floor":22},{"not_picked":["bronze:Allocate+1","bronze:DelayedSlice"],"picked":"bronze:ChildClass+1","floor":23},{"not_picked":["bronze:ForceShield+1","bronze:Terminator+1","bronze:DelayedGuard+1"],"picked":"SKIP","floor":27},{"not_picked":["bronze:BitShift+1","bronze:Separator"],"picked":"bronze:SpaghettiCode+1","floor":29},{"not_picked":["bronze:Separator","bronze:CloningBeam"],"picked":"bronze:Philosophize+1","floor":31},{"not_picked":["bronze:DelayedSlice+1","bronze:ChildClass+1"],"picked":"bronze:BuggyMess+1","floor":32},{"not_picked":["bronze:Verify","bronze:InfiniteLoop"],"picked":"bronze:AlphaBuild","floor":33},{"not_picked":["bronze:BitShift+1","bronze:WildBeam+1","bronze:Frontload+1"],"picked":"SKIP","floor":36},{"not_picked":["bronze:Flail+1","bronze:Iterate","bronze:Branch+1"],"picked":"SKIP","floor":37},{"not_picked":["expansioncontent:Hexaburn","expansioncontent:PrepareCrush"],"picked":"expansioncontent:QuickStudy","floor":38},{"not_picked":["expansioncontent:Chronoboost","expansioncontent:InvincibleStrength"],"picked":"expansioncontent:QuickStudy","floor":38},{"not_picked":["bronze:CloningBeam","bronze:ChildClass+1","bronze:Terminator+1"],"picked":"SKIP","floor":42},{"not_picked":["bronze:Boost+1","bronze:OilSpill","bronze:BuggyMess+1"],"picked":"bronze:Format+1","floor":44},{"not_picked":["bronze:Frontload+1","bronze:ChosenStrike+1","bronze:Mutator","bronze:Safeguard+1"],"picked":"SKIP","floor":45},{"not_picked":["bronze:ChildClass+1","bronze:Constructor+1","bronze:Iterate+1"],"picked":"bronze:Boost+1","floor":46},{"not_picked":["bronze:Iterate","bronze:Invalidate+1","bronze:Terminator+1","bronze:Turbo+1"],"picked":"SKIP","floor":46},{"not_picked":["bronze:Branch","bronze:BronzeOrb","bronze:Refactor+1"],"picked":"bronze:BuggyMess+1","floor":47},{"not_picked":["bronze:Turbo+1","bronze:Terminator+1","bronze:Shield+1"],"picked":"bronze:FineTuning+1","floor":48},{"not_picked":["bronze:CutThrough","bronze:Shield+1","bronze:Frontload+1"],"picked":"bronze:Shell+1","floor":48},{"not_picked":["bronze:DarkDash","bronze:Branch","bronze:Flail+1"],"picked":"bronze:Library","floor":49},{"not_picked":["bronze:WhirlingStrike","bronze:Separator+1","bronze:Turbo+1","bronze:Terminator+1"],"picked":"SKIP","floor":49},{"not_picked":["bronze:Philosophize+1","bronze:Branch","bronze:Invalidate+1"],"picked":"bronze:Virus","floor":52}],"player_experience":1119825,"relics_obtained":[{"floor":9,"key":"bronze:SilverBullet"},{"floor":9,"key":"Pantograph"},{"floor":11,"key":"Gremlin Horn"},{"floor":11,"key":"champ:DuelingGlove"},{"floor":13,"key":"CeramicFish"},{"floor":13,"key":"Oddly Smooth Stone"},{"floor":24,"key":"Guardian:PocketSentry"},{"floor":26,"key":"StrikeDummy"},{"floor":27,"key":"Anchor"},{"floor":27,"key":"HornCleat"},{"floor":29,"key":"hexamod:Sixitude"},{"floor":29,"key":"Regal Pillow"},{"floor":42,"key":"Boot"},{"floor":42,"key":"Pear"},{"floor":44,"key":"Pocketwatch"},{"floor":45,"key":"Shuriken"},{"floor":45,"key":"bronze:CableSpool"},{"floor":52,"key":"Sundial"},{"floor":52,"key":"Letter Opener"}],"event_choices":[{"damage_healed":0,"gold_gain":0,"player_choice":"Ignored","damage_taken":0,"max_hp_gain":0,"max_hp_loss":0,"event_name":"Vampires","floor":21,"gold_loss":0},{"damage_healed":0,"gold_gain":0,"player_choice":"Fight","damage_taken":0,"max_hp_gain":0,"max_hp_loss":0,"event_name":"Mysterious Sphere","floor":44,"gold_loss":0}],"is_beta":false,"boss_relics":[{"not_picked":["Astrolabe","Tiny House"],"picked":"bronze:ElectromagneticCoil"},{"not_picked":["Velvet Choker","SacredBark"],"picked":"Cursed Key"}],"items_purged_floors":[4,22,47],"is_endless":false,"potions_floor_spawned":[5,8,9,10,15,16,19,32,36,44,46],"ascension_level":7}}