{"host":"39i3emxub3h8uyq3","time":1611797353,"event":{"mods":["AchievementEnabler","BaseMod","Clockwork Mod","Colored Map","Downfall","Glutton Mod","Gold Saver","Minty Spire (QoL Compilation)","StSLib","TheHeartMod"],"gold_per_floor":[539,550,550,92,104,104,133,151,151,151,176,141,141,159,159,255,255,275,275,275,81,72,107,107,127,153,153,153],"floor_reached":27,"language":"ENG","playtime":1715,"items_purged":[],"score":266,"play_id":"f520c45c-9b67-4e56-93db-cee2d82b552a","local_time":"20210127202913","is_ascension_mode":false,"campfire_choices":[{"floor":6,"key":"REST"},{"floor":15,"key":"REST"},{"floor":24,"key":"REST"}],"circlet_count":0,"master_deck":["Glutton:Strike","Glutton:Strike","Glutton:Strike","Glutton:Strike","Glutton:Strike","Glutton:Defend","Glutton:Defend","Glutton:Defend","Glutton:Flail","Glutton:Bite","Glutton:Feed","Glutton:GoldenArmor","Bandage Up","Glutton:Misery","Glutton:PainMeditation","Glutton:Clot","Glutton:GnawingHunger","Glutton:Thrombosis","Glutton:Regurgitate","Glutton:StarvationMode","Writhe","Glutton:Misery+1","Glutton:Chrysosphagy"],"relics":["Glutton:EternalHunger","Sling","Oddly Smooth Stone","Dead Branch","Girya","Calipers","Bottled Tornado","Singing Bowl","SacredBark","Incense Burner","PreservedInsect","Lee\u0027s Waffle","Glutton:Syringe","Glutton:AmuletOfPain"],"acts_visited":["Exordium","TheCity"],"potions_floor_usage":[8,11,11,27],"damage_taken":[{"damage":17,"enemies":"Jaw Worm","floor":1,"turns":4},{"damage":21,"enemies":"Small Slimes","floor":2,"turns":4},{"damage":8,"enemies":"2 Louse","floor":5,"turns":3},{"damage":36,"enemies":"3 Sentries","floor":7,"turns":6},{"damage":12,"enemies":"Red Slaver","floor":8,"turns":2},{"damage":49,"enemies":"Lagavulin","floor":11,"turns":6},{"damage":34,"enemies":"Large Slime","floor":14,"turns":6},{"damage":112,"enemies":"Slime Boss","floor":16,"turns":11},{"damage":16,"enemies":"3 Byrds","floor":18,"turns":2},{"damage":54,"enemies":"Shell Parasite","floor":22,"turns":5},{"damage":74,"enemies":"Gremlin Leader","floor":23,"turns":5},{"damage":59,"enemies":"Chosen and Byrds","floor":25,"turns":5},{"damage":38,"enemies":"Centurion and Healer","floor":27,"turns":3}],"seed_played":"-9075516891570508724","potions_obtained":[{"floor":1,"key":"Fire Potion"},{"floor":2,"key":"Guardian:BlockOnCardUsePotion"},{"floor":7,"key":"SteroidPotion"},{"floor":16,"key":"Energy Potion"},{"floor":18,"key":"sneckomod:MuddlingPotion"}],"is_trial":false,"path_per_floor":["M","M","?","$","M","R","E","M","T","?","E","?","T","M","R","B",null,"M","T","?","$","M","E","R","M","T","M"],"character_chosen":"GLUTTON","items_purchased":["Sling","Oddly Smooth Stone","Bandage Up","Glutton:Misery","Lee\u0027s Waffle","Fire Potion"],"campfire_rested":3,"item_purchase_floors":[4,4,4,4,21,21],"current_hp_per_floor":[103,84,84,84,79,115,90,84,84,72,32,63,63,66,105,29,129,116,116,116,136,95,38,79,33,33,0,0],"gold":153,"neow_bonus":"HUNDRED_GOLD","is_daily":false,"chose_seed":false,"campfire_upgraded":0,"win_rate":0.0,"timestamp":1611797353,"path_taken":["M","M","?","$","M","R","E","M","T","?","E","?","?","M","R","BOSS","M","?","?","$","M","E","R","M","T","M"],"items_purchased_type":["Relic","Relic","Card","Card","Relic","Potion"],"build_version":"2020-12-22","purchased_purges":0,"victory":false,"max_hp_per_floor":[120,120,120,120,123,123,126,126,126,126,127,127,127,131,131,129,129,129,129,129,136,137,138,138,138,138,141,141],"card_choices":[{"not_picked":["Glutton:ShedFat","Glutton:Delusion"],"picked":"Glutton:Bite","floor":1},{"not_picked":["Glutton:Scab","Glutton:GnawingHunger"],"picked":"Glutton:Feed","floor":2},{"not_picked":["Glutton:GuardStance","Glutton:Devour"],"picked":"Glutton:PainMeditation","floor":5},{"not_picked":["Glutton:Scab","Glutton:GuardStance"],"picked":"Glutton:Clot","floor":7},{"not_picked":["Glutton:Megrim","Glutton:Yearn"],"picked":"Glutton:GnawingHunger","floor":8},{"not_picked":["Glutton:ShareWeakness","Glutton:Rest"],"picked":"Glutton:Thrombosis","floor":11},{"not_picked":["Glutton:Demolish","Glutton:Salivate"],"picked":"Glutton:Regurgitate","floor":14},{"not_picked":["Glutton:Megrim","Glutton:Inversion"],"picked":"Glutton:StarvationMode","floor":16},{"not_picked":["Glutton:Scab","Glutton:SelfFlagellate+1","Glutton:Fever"],"picked":"Singing Bowl","floor":18},{"not_picked":["Glutton:Brace","Glutton:GuardStance"],"picked":"Glutton:Misery+1","floor":22},{"not_picked":["Glutton:GuardStance","Glutton:GoldenArmor+1"],"picked":"Glutton:Chrysosphagy","floor":23},{"not_picked":["Glutton:Slam+1","Glutton:Devour","Glutton:PainMeditation"],"picked":"Singing Bowl","floor":25}],"player_experience":69391,"relics_obtained":[{"floor":7,"key":"Dead Branch"},{"floor":9,"key":"Girya"},{"floor":11,"key":"Bottled Tornado"},{"floor":13,"key":"Singing Bowl"},{"floor":19,"key":"Incense Burner"},{"floor":23,"key":"Glutton:Syringe"},{"floor":26,"key":"Glutton:AmuletOfPain"}],"event_choices":[{"damage_healed":0,"gold_gain":0,"cards_transformed":["Glutton:Strike"],"player_choice":"Change","damage_taken":0,"max_hp_gain":0,"max_hp_loss":0,"event_name":"Living Wall","floor":3,"gold_loss":0,"cards_obtained":["Glutton:GoldenArmor"]},{"damage_healed":0,"gold_gain":0,"player_choice":"Success","damage_taken":12,"relics_obtained":["Calipers"],"max_hp_gain":0,"max_hp_loss":0,"event_name":"Scrap Ooze","floor":10,"gold_loss":0},{"damage_healed":31,"gold_gain":0,"player_choice":"Healed","damage_taken":0,"max_hp_gain":0,"max_hp_loss":0,"event_name":"The Cleric","floor":12,"gold_loss":35},{"damage_healed":0,"gold_gain":0,"player_choice":"Opened","damage_taken":0,"relics_obtained":["PreservedInsect"],"max_hp_gain":0,"max_hp_loss":0,"event_name":"The Mausoleum","floor":20,"gold_loss":0,"cards_obtained":["Writhe"]}],"is_beta":false,"boss_relics":[{"not_picked":["SlaversCollar","Sozu"],"picked":"SacredBark"}],"items_purged_floors":[],"is_endless":false,"potions_floor_spawned":[1,2,7,16,18,22],"killed_by":"Centurion and Healer","ascension_level":0}}