{"host":"5x08nt64u3vxxcfi","time":1611828853,"event":{"mods":["BaseMod","Minty Spire (QoL Compilation)","StSLib","SuperFastMode"],"gold_per_floor":[109,127,146,162,175,175,100,130,156,156,173,173,192,215,215,312,312,322,337,354,151,76,108,108,122,148,164,164,164,164,183,183,284,284,298,310,35,35,35,35,46,46,46,46,46,72,36,36,36],"floor_reached":48,"language":"KOR","playtime":1098,"items_purged":["Strike_B","Strike_B"],"score":652,"play_id":"613738b2-2cdb-4de7-9769-b5e9e2798db7","local_time":"20210128191413","is_ascension_mode":true,"campfire_choices":[{"data":"Electrodynamics","floor":6.0,"key":"SMITH"},{"data":"Capacitor","floor":12.0,"key":"SMITH"},{"data":"Zap","floor":15.0,"key":"SMITH"},{"floor":28.0,"key":"REST"},{"data":"Heatsinks","floor":30.0,"key":"SMITH"},{"data":"Consume","floor":32.0,"key":"SMITH"},{"data":"Apotheosis","floor":40,"key":"SMITH"},{"floor":42,"key":"REST"},{"data":"Machine Learning","floor":44,"key":"SMITH"}],"circlet_count":0,"master_deck":["Strike_B","Defend_B","Defend_B","Defend_B","Defend_B","Zap+1","Dualcast","Electrodynamics+1","Coolheaded","Hologram","Capacitor+1","Core Surge","Stack","Hologram","Coolheaded","Redo","Thunder Strike","CurseOfTheBell","Redo","Loop","Ball Lightning","Lockon","Capacitor","Conserve Battery","Hologram","Heatsinks+1","Writhe","Consume+1","Machine Learning+1","Aggregate+1","Loop+1","Apotheosis+1","White Noise","Bandage Up","Ball Lightning+1","Machine Learning","Lockon"],"relics":["Cracked Core","Matryoshka","Shuriken","DataDisk","Cables","Lantern","Calling Bell","PreservedInsect","Blue Candle","Ice Cream","Bird Faced Urn","Blood Vial","Letter Opener","Runic Pyramid","Boot","InkBottle","Pantograph"],"acts_visited":["Exordium","TheCity","TheBeyond"],"potions_floor_usage":[],"damage_taken":[{"damage":1.0,"enemies":"Cultist","floor":1.0,"turns":3.0},{"damage":4.0,"enemies":"Jaw Worm","floor":2.0,"turns":3.0},{"damage":7.0,"enemies":"Small Slimes","floor":3.0,"turns":3.0},{"damage":3.0,"enemies":"3 Louse","floor":4.0,"turns":2.0},{"damage":0.0,"enemies":"2 Fungi Beasts","floor":5.0,"turns":4.0},{"damage":37.0,"enemies":"Gremlin Nob","floor":8.0,"turns":4.0},{"damage":0.0,"enemies":"Large Slime","floor":11.0,"turns":4.0},{"damage":5.0,"enemies":"Blue Slaver","floor":13.0,"turns":3.0},{"damage":3.0,"enemies":"The Guardian","floor":16.0,"turns":10.0},{"damage":0.0,"enemies":"Spheric Guardian","floor":18.0,"turns":3.0},{"damage":7.0,"enemies":"3 Byrds","floor":19.0,"turns":3.0},{"damage":0.0,"enemies":"Snecko","floor":20.0,"turns":4.0},{"damage":20.0,"enemies":"Slavers","floor":23.0,"turns":4.0},{"damage":19.0,"enemies":"Snake Plant","floor":25.0,"turns":3.0},{"damage":15.0,"enemies":"Chosen and Byrds","floor":27.0,"turns":5.0},{"damage":4.0,"enemies":"Centurion and Healer","floor":31.0,"turns":4.0},{"damage":23.0,"enemies":"Automaton","floor":33.0,"turns":8.0},{"damage":12.0,"enemies":"3 Shapes","floor":35.0,"turns":4.0},{"damage":13.0,"enemies":"Orb Walker","floor":36.0,"turns":3.0},{"damage":21,"enemies":"Maw","floor":41,"turns":7},{"damage":40,"enemies":"Giant Head","floor":46,"turns":6},{"damage":39,"enemies":"3 Darklings","floor":48,"turns":3}],"seed_played":"-740865902713441770","potions_obtained":[{"floor":2.0,"key":"EssenceOfSteel"},{"floor":8.0,"key":"Regen Potion"},{"floor":10.0,"key":"Regen Potion"},{"floor":10.0,"key":"PowerPotion"},{"floor":25.0,"key":"Swift Potion"}],"is_trial":false,"path_per_floor":["M","M","M","M","M","R","$","E","T","?","M","R","M","T","R","B",null,"M","M","M","$","?","E","$","M","T","M","R","?","R","M","R","B",null,"M","M","$","?","?","R","M","R","T","R","T","E","$","M"],"character_chosen":"DEFECT","items_purchased":["Lockon","Capacitor","Apotheosis","White Noise","Lockon"],"campfire_rested":2,"item_purchase_floors":[21,21,37,37,47],"current_hp_per_floor":[67,63,56,53,53,53,53,16,16,16,16,16,11,11,11,8,53,53,46,46,46,46,26,26,13,13,6,26,26,26,30,30,55,65,58,49,49,49,49,49,56,68,68,68,68,29,29,0,0],"gold":36,"neow_bonus":"THREE_RARE_CARDS","is_daily":false,"chose_seed":false,"campfire_upgraded":7,"win_rate":0.0,"timestamp":1611828853,"path_taken":["M","?","?","M","M","R","$","E","T","?","?","R","M","?","R","BOSS","M","M","M","$","?","E","$","M","T","M","R","?","R","M","R","BOSS","M","M","$","?","?","R","M","R","T","R","?","E","$","M"],"items_purchased_type":["Card","Card","Card","Card","Card"],"build_version":"2020-12-22","purchased_purges":2,"victory":false,"max_hp_per_floor":[68,68,68,68,68,68,68,68,68,68,68,68,68,68,68,68,68,68,68,68,68,68,68,68,68,68,68,68,68,68,68,68,68,68,68,68,68,68,68,68,68,68,68,68,68,68,68,68,68],"card_choices":[{"not_picked":["Multi-Cast","Seek"],"picked":"Electrodynamics","floor":0.0},{"not_picked":["Cold Snap","Static Discharge"],"picked":"Coolheaded","floor":1.0},{"not_picked":["Turbo","Conserve Battery"],"picked":"Hologram","floor":2.0},{"not_picked":["Darkness","Stack"],"picked":"Capacitor","floor":3.0},{"not_picked":["Consume","Cold Snap"],"picked":"Core Surge","floor":4.0},{"not_picked":["Beam Cell","Cold Snap"],"picked":"Stack","floor":5.0},{"not_picked":["Rebound","Rip and Tear"],"picked":"Hologram","floor":8.0},{"not_picked":["Turbo","Hologram"],"picked":"Coolheaded","floor":11.0},{"not_picked":["Sunder","Barrage"],"picked":"Redo","floor":13.0},{"not_picked":["Biased Cognition","Multi-Cast"],"picked":"Thunder Strike","floor":16.0},{"not_picked":["Coolheaded","Compile Driver"],"picked":"Redo","floor":18.0},{"not_picked":["Undo","Barrage+1"],"picked":"Loop","floor":19.0},{"not_picked":["Steam+1","Streamline"],"picked":"Ball Lightning","floor":20.0},{"not_picked":["Barrage","Beam Cell"],"picked":"Conserve Battery","floor":23.0},{"not_picked":["Conserve Battery","Sweeping Beam"],"picked":"Hologram","floor":25.0},{"not_picked":["Ball Lightning","Compile Driver+1"],"picked":"Heatsinks","floor":27.0},{"not_picked":["Rebound","Scrape"],"picked":"Consume","floor":31.0},{"not_picked":["Thunder Strike","Fission"],"picked":"Machine Learning","floor":33.0},{"not_picked":["Redo+1","Go for the Eyes+1"],"picked":"Aggregate+1","floor":35.0},{"not_picked":["Scrape","Coolheaded"],"picked":"Loop+1","floor":36.0},{"not_picked":["Forethought","Sadistic Nature"],"picked":"Bandage Up","floor":39},{"not_picked":["Stack+1","Rebound"],"picked":"Ball Lightning+1","floor":41},{"not_picked":["Melter","Reinforced Body+1"],"picked":"Machine Learning","floor":46}],"player_experience":118940,"relics_obtained":[{"floor":8.0,"key":"Matryoshka"},{"floor":9.0,"key":"Shuriken"},{"floor":9.0,"key":"DataDisk"},{"floor":14.0,"key":"Cables"},{"floor":14.0,"key":"Lantern"},{"floor":17.0,"key":"PreservedInsect"},{"floor":17.0,"key":"Blue Candle"},{"floor":17.0,"key":"Ice Cream"},{"floor":23.0,"key":"Bird Faced Urn"},{"floor":26.0,"key":"Blood Vial"},{"floor":43,"key":"Boot"},{"floor":45,"key":"InkBottle"},{"floor":46,"key":"Pantograph"}],"event_choices":[{"damage_healed":0.0,"max_hp_gain":0.0,"max_hp_loss":0.0,"gold_gain":0.0,"event_name":"Lab","player_choice":"Got Potions","floor":10.0,"gold_loss":0.0,"damage_taken":0.0},{"cards_removed":["Strike_B"],"damage_healed":0.0,"max_hp_gain":0.0,"max_hp_loss":0.0,"gold_gain":0.0,"event_name":"Beggar","player_choice":"Gave Gold","floor":22.0,"gold_loss":75.0,"damage_taken":0.0},{"damage_healed":0.0,"max_hp_gain":0.0,"max_hp_loss":0.0,"gold_gain":0.0,"event_name":"The Mausoleum","player_choice":"Opened","floor":29.0,"gold_loss":0.0,"damage_taken":0.0,"relics_obtained":["Letter Opener"],"cards_obtained":["Writhe"]},{"damage_healed":0,"gold_gain":0,"player_choice":"Ignored","damage_taken":0,"max_hp_gain":0,"max_hp_loss":0,"event_name":"Mysterious Sphere","floor":38,"gold_loss":0},{"damage_healed":0,"gold_gain":0,"player_choice":"Memory 1","damage_taken":0,"max_hp_gain":0,"max_hp_loss":0,"event_name":"SensoryStone","floor":39,"gold_loss":0}],"is_beta":false,"boss_relics":[{"not_picked":["Cursed Key","SlaversCollar"],"picked":"Calling Bell"},{"not_picked":["Tiny House","Fusion Hammer"],"picked":"Runic Pyramid"}],"items_purged_floors":[7,21],"is_endless":false,"potions_floor_spawned":[2,8,13,16,18,19,25,31],"killed_by":"3 Darklings","ascension_level":6}}