{"host":"hixkpep13ay54y5b","time":1611877578,"event":{"mods":["AchievementEnabler","BaseMod","BetterRewards","Colored Map","Hubris","Infinite Spire","Minty Spire (QoL Compilation)","Quick Restart","Replay The Spire","Shop Mod","StSLib","SuperFastMode"],"gold_per_floor":[114,126,76,76,92,92,107,107,132,142,162,190,174,194,194,294,294,311,325,325,107,107,136,136,164,189,189,205,205,236,253,253,253,253],"floor_reached":33,"language":"ENG","playtime":804,"items_purged":["Strike_R"],"score":309,"play_id":"174dcb10-b33b-43a2-bcbb-5908afe9344d","local_time":"20210128184618","is_ascension_mode":false,"campfire_choices":[{"data":"Metallicize","floor":6.0,"key":"SMITH"},{"data":"Pummel","floor":8.0,"key":"SMITH"},{"data":"Armaments","floor":15.0,"key":"SMITH"},{"data":"Double Tap","floor":24.0,"key":"SMITH"},{"data":"Demon Form","floor":29.0,"key":"SMITH"}],"circlet_count":0,"master_deck":["Strike_R+1","Strike_R+1","Strike_R+1","Defend_R+1","Defend_R+1","Defend_R+1","Defend_R+1","Bash","Metallicize+1","Thunderclap+1","Pummel+1","Armaments+1","Demon Form+1","Double Tap+1","Cleave","Inflame+1"],"relics":["Burning Blood","NeowsBlessing","infinitespire:BottledMercury","Sozu","MerchantsRug","Pen Nib","Red Skull","Akabeko","hubris:SphereOfDissonance","Chameleon Ring"],"acts_visited":["Exordium","TheCity"],"potions_floor_usage":[],"damage_taken":[{"damage":0.0,"enemies":"Cultist","floor":1.0,"turns":1.0},{"damage":0.0,"enemies":"Small Slimes","floor":2.0,"turns":1.0},{"damage":0.0,"enemies":"Jaw Worm","floor":5.0,"turns":1.0},{"damage":3.0,"enemies":"3 Louse","floor":7.0,"turns":5.0},{"damage":0.0,"enemies":"Blue Slaver","floor":10.0,"turns":5.0},{"damage":4.0,"enemies":"Lots of Slimes","floor":11.0,"turns":4.0},{"damage":22.0,"enemies":"3 Sentries","floor":12.0,"turns":9.0},{"damage":11.0,"enemies":"Exordium Thugs","floor":13.0,"turns":4.0},{"damage":2.0,"enemies":"3 Louse","floor":14.0,"turns":3.0},{"damage":32.0,"enemies":"The Guardian","floor":16.0,"turns":12.0},{"damage":0.0,"enemies":"2 Thieves","floor":18.0,"turns":4.0},{"damage":5.0,"enemies":"Chosen","floor":19.0,"turns":3.0},{"damage":11.0,"enemies":"Replay:Snechameleon","floor":23.0,"turns":4.0},{"damage":30.0,"enemies":"Nightmare","floor":25.0,"turns":8.0},{"damage":0.0,"enemies":"Centurion and Healer","floor":28.0,"turns":3.0},{"damage":20,"enemies":"Replay:Snechameleon","floor":30,"turns":5},{"damage":13,"enemies":"Snake Plant","floor":31,"turns":3},{"damage":39,"enemies":"Automaton","floor":33,"turns":6}],"seed_played":"-3759026903180808437","potions_obtained":[{"floor":2.0,"key":"Swift Potion"},{"floor":7.0,"key":"GamblersBrew"},{"floor":10.0,"key":"Swift Potion"},{"floor":14.0,"key":"SkillPotion"}],"is_trial":false,"path_per_floor":["M","M","?","?","M","R","M","R","T","M","M","E","M","M","R","B",null,"M","M","?","$","?","E","R","NM","T","T","M","R","E","M","R_BF","B"],"character_chosen":"IRONCLAD","items_purchased":["MerchantsRug"],"campfire_rested":0,"item_purchase_floors":[21],"current_hp_per_floor":[80,80,80,80,80,80,80,80,80,80,80,64,59,63,63,37,80,80,80,80,80,80,75,75,51,51,51,57,57,43,36,36,0,0],"gold":253,"neow_bonus":"THREE_ENEMY_KILL","is_daily":false,"chose_seed":false,"campfire_upgraded":5,"win_rate":0.0,"timestamp":1611877578,"path_taken":["M","?","?","?","?","R","M","R","T","M","M","E","M","M","R","BOSS","M","M","?","$","?","E","R","NM","T","?","M","R","E","M","R_BF","BOSS"],"items_purchased_type":["Relic"],"build_version":"2020-12-22","purchased_purges":1,"victory":false,"max_hp_per_floor":[80,80,80,80,80,80,80,80,80,80,80,80,80,80,80,80,80,80,80,80,80,80,80,80,80,80,80,80,80,80,80,80,80,80],"card_choices":[{"not_picked":["Headbutt","Reckless Charge","Whirlwind"],"picked":"SKIP","floor":1.0},{"not_picked":["Flex","True Grit"],"picked":"Metallicize","floor":2.0},{"not_picked":["Heavy Blade","hubris:ReadiedAction"],"picked":"Thunderclap","floor":5.0},{"not_picked":["Clothesline","Headbutt"],"picked":"Pummel","floor":7.0},{"not_picked":["Shrug It Off","Headbutt"],"picked":"Armaments","floor":10.0},{"not_picked":["Body Slam","Disarm","Clothesline"],"picked":"SKIP","floor":11.0},{"not_picked":["Body Slam","Clash"],"picked":"Demon Form","floor":12.0},{"not_picked":["Sever Soul","Armaments","Barricade"],"picked":"SKIP","floor":13.0},{"not_picked":["Shrug It Off","Warcry","Flex"],"picked":"SKIP","floor":14.0},{"not_picked":["Barricade","Hemogenesis"],"picked":"Double Tap","floor":16.0},{"not_picked":["Entrench+1","True Grit","Body Slam+1"],"picked":"SKIP","floor":18.0},{"not_picked":["hubris:SharpeningStone","Flex"],"picked":"Cleave","floor":19.0},{"not_picked":["Replay:Many Hands","Blood for Blood","Abandon"],"picked":"SKIP","floor":23.0},{"not_picked":["Anger","Clash","Cleave"],"picked":"SKIP","floor":25.0},{"not_picked":["Sword Boomerang","Headbutt","Replay:Undeath\u0027s Touch"],"picked":"SKIP","floor":28.0},{"not_picked":["Reckless Charge","ReplayTheSpireMod:Limb From Limb","Clash+1"],"picked":"SKIP","floor":30},{"not_picked":["Flex","Carnage+1"],"picked":"Inflame+1","floor":31}],"player_experience":153489,"relics_obtained":[{"floor":9.0,"key":"Whetstone"},{"floor":12.0,"key":"infinitespire:BottledMercury"},{"floor":23.0,"key":"Pen Nib"},{"floor":25.0,"key":"Red Skull"},{"floor":26.0,"key":"Akabeko"},{"floor":27.0,"key":"hubris:SphereOfDissonance"},{"floor":30,"key":"Chameleon Ring"}],"event_choices":[{"cards_removed":["Strike_R"],"damage_healed":0.0,"max_hp_gain":0.0,"max_hp_loss":0.0,"gold_gain":0.0,"event_name":"The Cleric","player_choice":"Card Removal","floor":3.0,"gold_loss":50.0,"damage_taken":0.0},{"damage_healed":0.0,"max_hp_gain":0.0,"max_hp_loss":0.0,"gold_gain":0.0,"event_name":"NoteForYourself","player_choice":"Ignored","floor":4.0,"gold_loss":0.0,"damage_taken":0.0},{"damage_healed":0.0,"max_hp_gain":0.0,"max_hp_loss":0.0,"gold_gain":0.0,"event_name":"Back to Basics","player_choice":"Simplicity","floor":22.0,"gold_loss":0.0,"damage_taken":0.0,"cards_upgraded":["Strike_R","Strike_R","Defend_R","Defend_R","Defend_R","Defend_R"]}],"is_beta":false,"boss_relics":[{"not_picked":["Replay:Bronze Core","Fusion Hammer"],"picked":"Sozu"}],"items_purged_floors":[21],"is_endless":true,"potions_floor_spawned":[2,7,10,14,18,23,25],"killed_by":"Automaton","ascension_level":0}}