{"host":"sav7uxregyirlf69","time":1611809548,"event":{"mods":["AchievementEnabler","BaseMod","Colored Map","DeckTracker","Keyboard Shortcuts","Minty Spire (QoL Compilation)","READ ME - Guardian Mod","StSLib","SuperFastMode"],"gold_per_floor":[119,119,119,119,194,226,238,272,299,317,335,57,57,68,68,147,147,162,162,36,49,64,98,98,116,116,116,36,52,52,102,102,179,179,190,202,102,151,169,202,82,102,102,102,127,161,161,188,188,188,188,188,188,6,38,38],"floor_reached":57,"language":"KOR","playtime":1863,"items_purged":["Strike_G","Defend_G","Strike_G+1","Masterful Stab","Defend_G"],"score":3111,"play_id":"3213adc4-6306-481c-b129-ec43c37b8ce4","local_time":"20210128135228","is_ascension_mode":true,"campfire_choices":[{"floor":15.0,"key":"REST"},{"floor":24.0,"key":"REST"},{"data":"Strike_G","floor":27.0,"key":"PURGE"},{"data":"Acrobatics","floor":30.0,"key":"SMITH"},{"data":"Well Laid Plans","floor":32.0,"key":"SMITH"},{"data":"Riddle With Holes","floor":44.0,"key":"PURGE"},{"floor":49.0,"key":"RECALL"},{"data":"Wraith Form v2","floor":53.0,"key":"SMITH"}],"circlet_count":0,"master_deck":["AscendersBane","Defend_G+1","Defend_G+1","Survivor","Neutralize","Calculated Gamble+1","After Image","Grand Finale+1","Adrenaline+1","Flechettes+1","Well Laid Plans+1","Malaise","Tactician+1","Acrobatics+1","Prepared+1","Wraith Form v2+1","Acrobatics","Backflip+1","Reflex+1","Escape Plan","Finesse","Tactician+1"],"relics":["Ring of the Snake","NeowsBlessing","Boot","The Courier","Peace Pipe","Anchor","Kunai","Juzu Bracelet","Astrolabe","Orrery","Bag of Preparation","Orichalcum","Black Star","The Specimen","Pear","War Paint","Mango","Snake Skull","Du-Vu Doll","Regal Pillow","Meat on the Bone","Blood Vial","Pen Nib"],"acts_visited":["Exordium","TheCity","TheBeyond","TheEnding"],"potions_floor_usage":[56],"damage_taken":[{"damage":0.0,"enemies":"Jaw Worm","floor":1.0,"turns":1.0},{"damage":0.0,"enemies":"Gremlin Nob","floor":6.0,"turns":1.0},{"damage":0.0,"enemies":"Small Slimes","floor":7.0,"turns":1.0},{"damage":13.0,"enemies":"3 Sentries","floor":8.0,"turns":8.0},{"damage":0.0,"enemies":"2 Louse","floor":10.0,"turns":2.0},{"damage":0.0,"enemies":"Red Slaver","floor":11.0,"turns":2.0},{"damage":0.0,"enemies":"3 Louse","floor":14.0,"turns":3.0},{"damage":11.0,"enemies":"The Guardian","floor":16.0,"turns":13.0},{"damage":1.0,"enemies":"2 Thieves","floor":18.0,"turns":4.0},{"damage":14.0,"enemies":"Chosen","floor":21.0,"turns":6.0},{"damage":0.0,"enemies":"Centurion and Healer","floor":22.0,"turns":8.0},{"damage":40.0,"enemies":"Slavers","floor":23.0,"turns":10.0},{"damage":0.0,"enemies":"Cultist and Chosen","floor":25.0,"turns":5.0},{"damage":0.0,"enemies":"Sentry and Sphere","floor":29.0,"turns":1.0},{"damage":30.0,"enemies":"Champ","floor":33.0,"turns":12.0},{"damage":0.0,"enemies":"3 Darklings","floor":35.0,"turns":3.0},{"damage":0.0,"enemies":"3 Shapes","floor":36.0,"turns":5.0},{"damage":0.0,"enemies":"2 Orb Walkers","floor":38.0,"turns":4.0},{"damage":0.0,"enemies":"Sphere and 2 Shapes","floor":39.0,"turns":3.0},{"damage":3.0,"enemies":"Giant Head","floor":40.0,"turns":5.0},{"damage":0.0,"enemies":"Writhing Mass","floor":42.0,"turns":3.0},{"damage":0.0,"enemies":"Mind Bloom Boss Battle","floor":45.0,"turns":2.0},{"damage":0.0,"enemies":"Reptomancer","floor":46.0,"turns":1.0},{"damage":0.0,"enemies":"Giant Head","floor":48.0,"turns":1.0},{"damage":36.0,"enemies":"Time Eater","floor":50.0,"turns":10.0},{"damage":0.0,"enemies":"Donu and Deca","floor":51.0,"turns":3.0},{"damage":0.0,"enemies":"Shield and Spear","floor":55.0,"turns":1.0},{"damage":6,"enemies":"The Heart","floor":56,"turns":6}],"seed_played":"-5168600949707379914","potions_obtained":[{"floor":6.0,"key":"LiquidMemories"},{"floor":8.0,"key":"Fire Potion"},{"floor":10.0,"key":"CultistPotion"},{"floor":22.0,"key":"Regen Potion"},{"floor":33.0,"key":"ColorlessPotion"},{"floor":35.0,"key":"Explosive Potion"},{"floor":38.0,"key":"SteroidPotion"}],"is_trial":false,"path_per_floor":["M","?","?","?","?","E","M","E","T","M","M","$","T","M","R","B",null,"M","?","$","M","M","E","R","M","T","R","$","M","R","?","R","B",null,"M","M","$","?","M","E","$","M","T","R","?","E","?","E","R","B","B",null,"R","$","E","B",null],"character_chosen":"THE_SILENT","items_purchased":["Kunai","Orrery","SkillPotion"],"campfire_rested":2,"item_purchase_floors":[12,20,54],"current_hp_per_floor":[59,48,48,28,17,17,17,4,4,4,4,4,4,4,23,12,53,52,52,52,38,38,13,32,32,32,32,32,32,32,32,32,2,50,50,50,50,50,50,57,57,57,57,57,71,71,61,61,61,37,49,80,80,80,80,76],"gold":38,"neow_bonus":"THREE_ENEMY_KILL","is_daily":false,"chose_seed":false,"campfire_upgraded":3,"win_rate":0.0,"timestamp":1611809548,"path_taken":["M","?","?","?","?","E","M","E","T","M","M","$","?","M","R","BOSS","M","?","$","M","M","E","R","M","T","R","$","M","R","?","R","BOSS","M","M","$","?","M","E","$","M","T","R","?","E","?","E","R","BOSS","BOSS","R","$","E","BOSS"],"items_purchased_type":["Relic","Relic","Potion"],"build_version":"2020-12-22","purchased_purges":5,"victory":true,"max_hp_per_floor":[66,66,66,66,66,66,66,66,66,66,66,66,66,66,66,66,66,66,66,66,66,66,66,66,66,66,66,66,66,66,66,66,66,66,66,66,66,66,66,76,76,76,76,76,90,90,90,90,90,90,90,90,90,90,90,90],"card_choices":[{"not_picked":["Cloak And Dagger","Poisoned Stab"],"picked":"Riddle With Holes","floor":1.0},{"not_picked":["Blur","Reflex"],"picked":"Masterful Stab","floor":6.0},{"not_picked":["Dagger Throw","Eviscerate"],"picked":"Calculated Gamble","floor":7.0},{"not_picked":["Deadly Poison","Prepared","Outmaneuver"],"picked":"SKIP","floor":8.0},{"not_picked":["Poisoned Stab","Bane","Flying Knee"],"picked":"SKIP","floor":10.0},{"not_picked":["Underhanded Strike","Bane","Dagger Throw"],"picked":"SKIP","floor":11.0},{"not_picked":["Deflect","Choke","Deadly Poison"],"picked":"SKIP","floor":14.0},{"not_picked":["Doppelganger","Storm of Steel"],"picked":"After Image","floor":16.0},{"not_picked":["Dagger Throw+1","Quick Slash"],"picked":"Well Laid Plans","floor":18.0},{"not_picked":["Dagger Throw","Outmaneuver"],"picked":"Malaise","floor":20.0},{"not_picked":["Acrobatics+1","Sucker Punch"],"picked":"Tactician+1","floor":21.0},{"not_picked":["Bouncing Flask","Well Laid Plans+1"],"picked":"Acrobatics","floor":22.0},{"not_picked":["Glass Knife","Unload","Skewer"],"picked":"SKIP","floor":23.0},{"not_picked":["Deadly Poison","Dagger Throw+1"],"picked":"Prepared+1","floor":25.0},{"not_picked":["All Out Attack","Quick Slash","Dagger Spray"],"picked":"SKIP","floor":29.0},{"not_picked":["A Thousand Cuts","Die Die Die"],"picked":"Wraith Form v2","floor":33.0},{"not_picked":["Dodge and Roll","Dagger Spray+1","Setup"],"picked":"SKIP","floor":35.0},{"not_picked":["Dagger Spray","Concentrate"],"picked":"Acrobatics","floor":36.0},{"not_picked":["All Out Attack","Sucker Punch+1"],"picked":"Backflip+1","floor":38.0},{"not_picked":["Heel Hook","Poisoned Stab+1","Underhanded Strike"],"picked":"SKIP","floor":39.0},{"not_picked":["Bullet Time","Underhanded Strike","Eviscerate"],"picked":"SKIP","floor":40.0},{"not_picked":["Heel Hook","Acrobatics+1"],"picked":"Reflex+1","floor":42.0},{"not_picked":["Dagger Spray","Dodge and Roll"],"picked":"Escape Plan","floor":45.0},{"not_picked":["Acrobatics","Expertise","Blade Dance"],"picked":"SKIP","floor":46.0},{"not_picked":["Deep Breath","The Bomb"],"picked":"Finesse","floor":47.0},{"not_picked":["Well Laid Plans","Accuracy+1"],"picked":"Tactician+1","floor":48.0},{"not_picked":["Finisher","Bane","Noxious Fumes+1"],"picked":"SKIP","floor":55.0}],"player_experience":1410676,"relics_obtained":[{"floor":6.0,"key":"The Courier"},{"floor":8.0,"key":"Peace Pipe"},{"floor":9.0,"key":"Anchor"},{"floor":13.0,"key":"Juzu Bracelet"},{"floor":23.0,"key":"Bag of Preparation"},{"floor":26.0,"key":"Orichalcum"},{"floor":38.0,"key":"The Specimen"},{"floor":40.0,"key":"Pear"},{"floor":40.0,"key":"War Paint"},{"floor":45.0,"key":"Mango"},{"floor":46.0,"key":"Snake Skull"},{"floor":46.0,"key":"Du-Vu Doll"},{"floor":48.0,"key":"Regal Pillow"},{"floor":48.0,"key":"Meat on the Bone"},{"floor":55.0,"key":"Blood Vial"},{"floor":55.0,"key":"Pen Nib"}],"event_choices":[{"damage_healed":0.0,"max_hp_gain":0.0,"max_hp_loss":0.0,"gold_gain":0.0,"event_name":"Scrap Ooze","player_choice":"Success","floor":2.0,"gold_loss":0.0,"damage_taken":11.0,"relics_obtained":["Boot"]},{"damage_healed":0.0,"max_hp_gain":0.0,"max_hp_loss":0.0,"gold_gain":0.0,"event_name":"Liars Game","player_choice":"Ignored","floor":3.0,"gold_loss":0.0,"damage_taken":0.0},{"damage_healed":0.0,"max_hp_gain":0.0,"max_hp_loss":0.0,"gold_gain":0.0,"event_name":"Shining Light","player_choice":"Entered Light","floor":4.0,"gold_loss":0.0,"damage_taken":20.0,"cards_upgraded":["Strike_G","Defend_G"]},{"damage_healed":0.0,"max_hp_gain":0.0,"max_hp_loss":0.0,"gold_gain":75.0,"event_name":"World of Goop","player_choice":"Gather Gold","floor":5.0,"gold_loss":0.0,"damage_taken":11.0},{"damage_healed":0.0,"max_hp_gain":0.0,"max_hp_loss":0.0,"gold_gain":0.0,"event_name":"The Mausoleum","player_choice":"Ignored","floor":19.0,"gold_loss":0.0,"damage_taken":0.0},{"damage_healed":0.0,"max_hp_gain":0.0,"max_hp_loss":0.0,"gold_gain":50.0,"event_name":"Nest","player_choice":"Stole From Cult","floor":31.0,"gold_loss":0.0,"damage_taken":0.0},{"damage_healed":0.0,"max_hp_gain":0.0,"max_hp_loss":0.0,"gold_gain":0.0,"event_name":"Mysterious Sphere","player_choice":"Fight","floor":38.0,"gold_loss":0.0,"damage_taken":0.0},{"damage_healed":0.0,"max_hp_gain":0.0,"max_hp_loss":0.0,"gold_gain":0.0,"event_name":"MindBloom","player_choice":"Fight","floor":45.0,"gold_loss":0.0,"damage_taken":0.0},{"damage_healed":0.0,"max_hp_gain":0.0,"max_hp_loss":0.0,"gold_gain":0.0,"event_name":"SensoryStone","player_choice":"Memory 3","floor":47.0,"gold_loss":0.0,"damage_taken":10.0}],"is_beta":false,"boss_relics":[{"not_picked":["Coffee Dripper","Calling Bell"],"picked":"Astrolabe"},{"not_picked":["WristBlade","SacredBark"],"picked":"Black Star"}],"items_purged_floors":[12,28,37,41,54],"is_endless":false,"potions_floor_spawned":[6,8,10,11,22,33,35,38,39,55],"ascension_level":20}}