{"host":"qgpuimdto8vl2dfg","time":1611817146,"event":{"mods":["Act Like it!","BaseMod","Colored Powertips","Gensokyo","KinomotoSakuraMod(Ä¾Ö®±¾Ó£)","Koishi","Minty Spire (QoL Compilation)","Quick Restart","Relic Stats","StSLib"],"gold_per_floor":[115,115,131,155,155,186,126,126,126,10,27,342,355,355,355],"floor_reached":14,"language":"ZHS","playtime":596,"items_purged":["Koishi:BasicStrike"],"score":126,"play_id":"a8cb47bd-6c60-49ea-b9e7-2bf052b5fec1","local_time":"20210128145906","is_ascension_mode":true,"campfire_choices":[],"circlet_count":0,"master_deck":["Koishi:BasicStrike","Koishi:BasicStrike","Koishi:BasicStrike","Koishi:BasicDefend","Koishi:BasicDefend","Koishi:BasicDefend","Koishi:BasicDefend","Koishi:Provoke","Koishi:HauntingSlash","Koishi:Catatonia","Clumsy","Koishi:ApparitionsStalkTheNight","Pain","Koishi:RacingHeart","Koishi:SilentAndRestless","Koishi:StrangeCloudFist","Koishi:DreadfulBlow"],"relics":["Koishi:ImaginaryFriend","NeowsBlessing","Gensokyo:NagashiBinaDoll","Potion Belt","Gensokyo:LunaticRedEyes","The Courier","HornCleat","Kunai"],"acts_visited":["Exordium"],"potions_floor_usage":[],"damage_taken":[{"damage":0.0,"enemies":"Gensokyo:Python","floor":1.0,"turns":1.0},{"damage":0.0,"enemies":"Gensokyo:3_Fairies","floor":3.0,"turns":1.0},{"damage":3.0,"enemies":"Gensokyo:Cirno","floor":6.0,"turns":2.0},{"damage":7,"enemies":"Gensokyo:2_Kodama","floor":11,"turns":7},{"damage":31,"enemies":"Gensokyo:LivingMonolith","floor":12,"turns":6},{"damage":18,"enemies":"Gensokyo:Kitsune","floor":13,"turns":4},{"damage":21,"enemies":"Gensokyo:Aya","floor":14,"turns":6}],"seed_played":"8024341936191021057","potions_obtained":[{"floor":1.0,"key":"Explosive Potion"},{"floor":3.0,"key":"FearPotion"}],"is_trial":false,"path_per_floor":["M","?","M","T","?","E","$","$","T","COS","M","M","M","E"],"character_chosen":"KOISHI","items_purchased":[],"campfire_rested":0,"item_purchase_floors":[],"current_hp_per_floor":[60,60,60,60,60,57,57,57,57,57,51,26,9,0,0],"gold":355,"neow_bonus":"THREE_ENEMY_KILL","is_daily":false,"chose_seed":false,"campfire_upgraded":0,"win_rate":0.0,"timestamp":1611817146,"path_taken":["M","?","?","?","?","E","?","$","T","COS","M","M","M","E"],"items_purchased_type":[],"build_version":"2020-12-22","purchased_purges":1,"victory":false,"max_hp_per_floor":[60,60,60,60,60,60,60,60,60,60,60,60,60,60,60],"relic_stats":{"counters":[7,27],"Kunai":[0],"obtain_stats":[{"Potion Belt":4,"HornCleat":9,"NeowsBlessing":0,"Gensokyo:NagashiBinaDoll":2,"The Courier":6,"Kunai":13,"Gensokyo:LunaticRedEyes":5,"Koishi:ImaginaryFriend":0},{"Potion Belt":2,"HornCleat":3,"NeowsBlessing":0,"Gensokyo:NagashiBinaDoll":1,"The Courier":3,"Kunai":6,"Gensokyo:LunaticRedEyes":2,"Koishi:ImaginaryFriend":0},{"Potion Belt":2,"HornCleat":4,"NeowsBlessing":0,"Gensokyo:NagashiBinaDoll":1,"The Courier":4,"Kunai":20,"Gensokyo:LunaticRedEyes":2,"Koishi:ImaginaryFriend":0}]},"card_choices":[{"not_picked":["Koishi:Possession","Koishi:StingingMind"],"picked":"Koishi:Catatonia","floor":1.0},{"not_picked":["Koishi:FleetingPhantom","Koishi:Prune"],"picked":"Koishi:ApparitionsStalkTheNight","floor":3.0},{"not_picked":["Koishi:StingingMind","Koishi:Jaunt"],"picked":"Koishi:RacingHeart","floor":6},{"not_picked":["Koishi:Bloodlust","Koishi:EmbryosDream","Koishi:StingingMind"],"picked":"SKIP","floor":11},{"not_picked":["Koishi:Bloodlust","Koishi:EmbryosDream","Koishi:StingingMind"],"picked":"SKIP","floor":11},{"not_picked":["Koishi:SuperEgo","Koishi:ConditionedTeleport"],"picked":"Koishi:SilentAndRestless","floor":12},{"not_picked":["Koishi:ParalyzingFear","Koishi:SubconsciousSweep"],"picked":"Koishi:StrangeCloudFist","floor":12},{"not_picked":["Koishi:BloodcurdlingScream","Koishi:RacingHeart"],"picked":"Koishi:DreadfulBlow","floor":13}],"player_experience":475932,"relics_obtained":[{"floor":4.0,"key":"Potion Belt"},{"floor":6,"key":"The Courier"},{"floor":9,"key":"HornCleat"}],"event_choices":[],"is_beta":false,"boss_relics":[],"items_purged_floors":[7],"is_endless":false,"potions_floor_spawned":[1,3],"killed_by":"Gensokyo:Aya","ascension_level":2}}