{"host":"bczg3e1yq3rp3pkk","time":1611815362,"event":{"mods":["Act Like it!","BaseMod","Conspire","Hallownest","Hermit","KinomotoSakuraMod(木之本樱)","Marisa（F雨　魔理沙）","Minty Spire (QoL Compilation)","Quick Restart","Replay The Spire","RumiaBox-露米娅的神秘盒子","Shop Mod","StSLib","The Bug Knight","The Construct","The Hierophant","The Servant 0.9.4","Warlord Emblem","[GremlinLeader]The Maniac","【遗物卡牌】REMEMod"],"gold_per_floor":[130,223,248,157,181,207,251,260,287,287,299,309,309,335,335,446,446,473,383,592,609,618,618,636,845,899,919,919,919],"floor_reached":28,"language":"ZHS","playtime":1662,"items_purged":[],"score":247,"play_id":"6f765880-8476-440d-a83f-5e6141f227f2","local_time":"20210128142922","is_ascension_mode":false,"campfire_choices":[{"data":"HollowMod:SoulStrike","floor":10.0,"key":"SMITH"},{"data":"HollowMod:HowlingWraiths","floor":13,"key":"SMITH"},{"data":"HollowMod:GoodIntentions","floor":15,"key":"SMITH"},{"data":"Hallownest:attackMasterCycloneSlash","floor":23,"key":"SMITH"}],"circlet_count":0,"master_deck":["HollowMod:NailStrikeStart+1","HollowMod:NailStrikeStart+1","HollowMod:NailStrikeStart+1","HollowMod:NailStrikeStart+1","HollowMod:QuickDashStart+1","HollowMod:QuickDashStart","HollowMod:QuickDashStart","HollowMod:QuickDashStart","HollowMod:FocusHealStart+1","HollowMod:PogoStrike","LessonLearned+1","HollowMod:DashSlash","HollowMod:HowlingWraiths+1","HollowMod:CornifersMapStart+1","Ghostly+1","HollowMod:GoodIntentions+1","HollowMod:SoulStrike+1","HollowMod:CloakDash","Regret","HollowMod:SoulShaman","HollowMod:AwokenDreamNail","HollowMod:DescendingDark","Doubt","Hallownest:attackMasterCycloneSlash+1","Hallownest:attackAdjustingAction","HollowMod:SoulSplash","Shame"],"relics":["HollowMod:VesselMask","REME_ComplimentaryCards","CeramicFish","Centennial Puzzle","Replay:Wax Seal","Smiling Mask","REME_HandOfSuture","REME_DemonsWealth","Hallownest:StagBellRelic1","Onion Ring","MealTicket"],"acts_visited":["Exordium","Exordium"],"potions_floor_usage":[21,24],"damage_taken":[{"damage":0.0,"enemies":"Small Slimes","floor":1.0,"turns":3.0},{"damage":0.0,"enemies":"conspire:RoseBush","floor":3.0,"turns":3.0},{"damage":0.0,"enemies":"2 Louse","floor":5.0,"turns":3.0},{"damage":12.0,"enemies":"Exordium Thugs","floor":6.0,"turns":3.0},{"damage":11.0,"enemies":"Gremlin Nob","floor":7.0,"turns":4.0},{"damage":1.0,"enemies":"Blue Slaver","floor":11.0,"turns":2.0},{"damage":11,"enemies":"3 Louse","floor":12,"turns":3},{"damage":10,"enemies":"conspire:2 RoseBushes","floor":14,"turns":4},{"damage":43,"enemies":"HollowMod:FalseKnight","floor":16,"turns":12},{"damage":23,"enemies":"Hallownest:2_Mistakes","floor":18,"turns":7},{"damage":11,"enemies":"Hallownest:3_Youths","floor":21,"turns":7},{"damage":24,"enemies":"Hallownest:monsterMisterMushroom","floor":24,"turns":9},{"damage":33,"enemies":"Hallownest:monsterShrumalOgre","floor":27,"turns":6},{"damage":0,"enemies":"Hallownest:3_Mistakes","floor":28,"turns":1}],"seed_played":"770170919035588221","potions_obtained":[{"floor":2.0,"key":"Cursed Concoction"},{"floor":2.0,"key":"FairyPotion"},{"floor":3.0,"key":"SkillPotion"},{"floor":14,"key":"Fire Potion"},{"floor":16,"key":"Block Potion"},{"floor":27,"key":"Fire Potion"}],"is_trial":false,"path_per_floor":["M","?","M","?","M","M","E","?","T","R","M","M","R","M","R","B",null,"M","?","?","M","?","R","M","?","T","M","M"],"character_chosen":"THE_BUGKNIGHT","items_purchased":[],"campfire_rested":0,"item_purchase_floors":[],"current_hp_per_floor":[75,75,75,75,75,63,52,52,52,52,65,60,60,56,56,23,75,52,52,52,51,51,51,33,33,33,22,22,22],"gold":919,"neow_bonus":"RANDOM_COMMON_RELIC","is_daily":false,"chose_seed":false,"campfire_upgraded":4,"win_rate":0.0,"timestamp":1611815362,"path_taken":["M","?","M","?","M","M","E","?","T","R","M","M","R","M","R","BOSS","M","?","?","M","?","R","M","?","T","M","?"],"items_purchased_type":[],"build_version":"2020-12-22","purchased_purges":0,"victory":false,"max_hp_per_floor":[75,75,75,75,75,75,75,75,75,75,75,75,75,75,75,75,75,75,75,75,75,75,75,75,75,75,75,75,75],"card_choices":[{"not_picked":["HollowMod:ShapeofUnn","HollowMod:SharpenedNail"],"picked":"HollowMod:DashSlash","floor":1.0},{"not_picked":["HollowMod:DreamGate","HollowMod:NewJinnsSoul"],"picked":"HollowMod:HowlingWraiths","floor":2.0},{"not_picked":["HollowMod:DungDefenderAura","HollowMod:DreamGate"],"picked":"HollowMod:CornifersMapStart","floor":3.0},{"not_picked":["HollowMod:NewGlowingWomb","HollowMod:SoulEater"],"picked":"HollowMod:GoodIntentions","floor":5.0},{"not_picked":["HollowMod:Grubsong","HollowMod:InfectedAttack"],"picked":"HollowMod:SoulStrike","floor":6.0},{"not_picked":["HollowMod:QuirrelsAssistance","HollowMod:RecoilStrike"],"picked":"HollowMod:CloakDash","floor":7.0},{"not_picked":["HollowMod:SharpenedNail","HollowMod:DashSlash","HollowMod:ZotesMagnificence"],"picked":"SKIP","floor":11.0},{"not_picked":["HollowMod:SharpenedNail","HollowMod:InfectionAssault","HollowMod:WraithStrike"],"picked":"SKIP","floor":12},{"not_picked":["HollowMod:NewGlowingWomb","HollowMod:DescendingDark"],"picked":"HollowMod:SoulShaman","floor":14},{"not_picked":["HollowMod:PureVessel","HollowMod:ZotesMagnificence"],"picked":"HollowMod:AwokenDreamNail","floor":16},{"not_picked":["HollowMod:CloakDash+1","HollowMod:InfectionAssault","Pain"],"picked":"HollowMod:DescendingDark","floor":18},{"not_picked":["HollowMod:InfectionAssault","HollowMod:HeavyBlow","HollowMod:NewJinnsSoul","Voices"],"picked":"SKIP","floor":21},{"not_picked":["HollowMod:NewLittleFool","HollowMod:QuirrelsAssistance","Normality"],"picked":"HollowMod:SoulSplash","floor":24},{"not_picked":["HollowMod:ShadowDash","HollowMod:InfectedAttack+1","HollowMod:DescendingDark","Clumsy"],"picked":"SKIP","floor":27}],"player_experience":378725,"relics_obtained":[{"floor":2.0,"key":"Centennial Puzzle"},{"floor":7.0,"key":"Replay:Wax Seal"},{"floor":9.0,"key":"REME_HandOfSuture"},{"floor":26,"key":"MealTicket"}],"event_choices":[{"damage_healed":0.0,"max_hp_gain":0.0,"max_hp_loss":0.0,"gold_gain":0.0,"event_name":"conspire:LoneGhost","player_choice":"Argue","floor":4.0,"gold_loss":0.0,"damage_taken":0.0},{"damage_healed":0.0,"max_hp_gain":0.0,"max_hp_loss":0.0,"gold_gain":0.0,"event_name":"Big Fish","player_choice":"Box","floor":8.0,"gold_loss":0.0,"damage_taken":0.0,"relics_obtained":["Smiling Mask"],"cards_obtained":["Regret"]}],"is_beta":false,"boss_relics":[{"not_picked":["conspire:RunicOctahedron","Philosopher\u0027s Stone"],"picked":"REME_DemonsWealth"}],"items_purged_floors":[],"is_endless":false,"potions_floor_spawned":[3,5,14,16,27],"killed_by":"Hallownest:3_Mistakes","ascension_level":0}}