{"host":"8inpc3yxphy2r27y","time":1611862474,"event":{"mods":["ATMod(°¢èªMod)","BaseMod","Energized Spire","Minty Spire (QoL Compilation)","MostiFishMod","Quick Restart","READ ME - Guardian Mod","Relic Stats","RumiaBox-Â¶Ã×æ«µÄÉñÃØºÐ×Ó","RyuuouÁúÍõ","Shop Mod","Spicy Shops","StSLib","TestMod","[IsaacMod]ÒÔÈö¼âËþ","[JumpMod]Îè¶¯¼âËþ","noobMod","¡¾¹¦ÄÜMod¡¿»ìãçÖ®»·ÐÞ¸´²¹¶¡","¡¾ÒÅÎï¿¨ÅÆ¡¿REMEMod","óô»ðÖ¸ÄÏ"],"gold_per_floor":[557,602,647,692,692,737,782,189,279,204,254,104,149,324,369,414,459,549,89,389,389,434,479,524,569,484,34,79,124,169,169,259,304,349,274,364,409,34,34,34,334,334,379,424,424,469,562,652,102,147,172,217,217,262,37,1082,1232,82,1082],"floor_reached":60,"language":"ZHS","playtime":3769,"items_purged":[],"score":1144,"play_id":"8e12ecf7-6a0c-4534-932e-2cca93bf08f3","local_time":"20210129033434","daily_mods":["Draft","Purple Cards","Midas"],"is_ascension_mode":false,"campfire_choices":[{"floor":40,"key":"REST"}],"circlet_count":0,"master_deck":["DoctorFetus+1","Transmutation+1","AT_FamilyPortrait+1","Beam Cell+1","MostiFishMod:ScryFuture+1","Prostrate+1","White Noise+1","MostiFishMod:Clarity+1","MostiFishMod:Impulse+1","Conserve Battery+1","FollowUp+1","BowlingBash+1","Hologram+1","AT_MachinaRedman+1","MostiFishMod:LinkProtocol+1","Wallop+1","Redo+1","Prostrate+1","Chaos+1","Bomb","Hello World+1","Bomb","Consume+1","REME_Repentance+1","Cancel+1","AT_RightCognition+1","AT_ThunderBolt+1","BootSequence+1","Loop+1","AT_RealFormLess+1","Storm+1","REME_BuildACard+1","MostiFishMod:StarWish+1","Vengeance+1","Turbo+1","MentalFortress+1","Self Repair+1","ConjureBlade+1","Force Field+1","MostiFishMod:Nomercy+1","AT_RightCognition+1","Nirvana+1","SandsOfTime+1","Ball Lightning+1","Defragment+1","Meteor Strike+1","AT_SoftenMuscles+1","BattleHymn+1","MostiFishMod:Kaleido+1","HandOfGreed+1","MostiFishMod:ForestofLight+1","PathToVictory+1","Fan+1","REME_SelfUpgrade+1","Capacitor+1","MostiFishMod:ScryFuture+1","Ryuuou:NotRegret+1","White Noise+1","MostiFishMod:Pointsdynamics+1","Hello World+1"],"relics":["Cracked Core","HushsDoor","REME_ComplimentaryCards","HowToJump","ice","DaveBox","AT_ATBox","testmod-TestBox","DSteel32","testmod-CasingShield","BloodBag","SynthV:TestCard","AddBug","SecretRecord","SecretRecord","SecretRecord","SecretRecord","SecretRecord","SecretRecord","SecretRecord","SecretRecord","SecretRecord","Baka2","SecretRecord","SecretRecord","SecretRecord"],"acts_visited":["Exordium","TheCity","TheBeyond"],"potions_floor_usage":[],"damage_taken":[{"damage":4.0,"enemies":"Cultist","floor":1.0,"turns":3.0},{"damage":45.0,"enemies":"Jaw Worm","floor":2.0,"turns":5.0},{"damage":8.0,"enemies":"Small Slimes","floor":3.0,"turns":4.0},{"damage":0.0,"enemies":"3 Louse","floor":4.0,"turns":2.0},{"damage":0.0,"enemies":"2 Fungi Beasts","floor":6.0,"turns":2.0},{"damage":4.0,"enemies":"Exordium Thugs","floor":7.0,"turns":4.0},{"damage":36.0,"enemies":"Gremlin Nob","floor":9.0,"turns":5.0},{"damage":0.0,"enemies":"Blue Slaver","floor":13.0,"turns":3.0},{"damage":31,"enemies":"Exordium Wildlife","floor":15,"turns":6},{"damage":24,"enemies":"Looter","floor":16,"turns":5},{"damage":9,"enemies":"3 Louse","floor":17,"turns":6},{"damage":0,"enemies":"Lagavulin","floor":18,"turns":4},{"damage":50,"enemies":"Slime Boss","floor":20,"turns":5},{"damage":14,"enemies":"2 Thieves","floor":22,"turns":3},{"damage":0,"enemies":"Chosen","floor":23,"turns":4},{"damage":0,"enemies":"Snecko","floor":24,"turns":6},{"damage":57,"enemies":"Sentry and Sphere","floor":25,"turns":5},{"damage":47,"enemies":"Cultist and Chosen","floor":28,"turns":5},{"damage":33,"enemies":"3 Cultists","floor":29,"turns":6},{"damage":0,"enemies":"Snecko","floor":30,"turns":2},{"damage":0,"enemies":"REME_1_Revenger","floor":32,"turns":3},{"damage":20,"enemies":"Centurion and Healer","floor":33,"turns":2},{"damage":0,"enemies":"Chosen and Byrds","floor":34,"turns":2},{"damage":0,"enemies":"Book of Stabbing","floor":36,"turns":2},{"damage":0,"enemies":"3 Cultists","floor":37,"turns":2},{"damage":4,"enemies":"Champ","floor":41,"turns":2},{"damage":0,"enemies":"3 Shapes","floor":43,"turns":1},{"damage":6,"enemies":"3 Darklings","floor":44,"turns":2},{"damage":0,"enemies":"Sphere and 2 Shapes","floor":46,"turns":1},{"damage":0,"enemies":"2 Orb Walkers","floor":47,"turns":2},{"damage":0,"enemies":"Reptomancer","floor":48,"turns":2},{"damage":0,"enemies":"Spire Growth","floor":50,"turns":1},{"damage":0,"enemies":"Jaw Worm Horde","floor":52,"turns":2},{"damage":3,"enemies":"Sphere and 2 Shapes","floor":54,"turns":3},{"damage":2,"enemies":"3 Darklings","floor":56,"turns":2},{"damage":56,"enemies":"Mind Bloom Boss Battle","floor":57,"turns":3},{"damage":0,"enemies":"Awakened One","floor":59,"turns":3}],"seed_played":"9192803745042345800","potions_obtained":[{"floor":2.0,"key":"DistilledChaos"},{"floor":6.0,"key":"Ancient Potion"},{"floor":7.0,"key":"Dexterity Potion"},{"floor":13.0,"key":"Regen Potion"}],"is_trial":false,"path_per_floor":["M","M","M","M","?","M","M","R","E","R","T","R","M","?","M","M","M","E","R","B",null,"M","M","M","M","?","R","M","M","M","T","E","M","M","?","E","M","R","$","R","B",null,"M","M","?","M","?","E","R","M","T","M","?","M","$","M","?","R","B",null],"character_chosen":"DEFECT","items_purchased":["MerchantsRug","testmod-Charity","Toolbox","DataDisk","Cancel","testmod-IndustrialRevolution","SteamSale","REME_BuildACard","Strawberry","AT_TimeSand","Damocles","MomsKnife","SSSystem","BFFS","SalivaCoin","AT_EbonyIvory","ChiLing","Orichalcum","HornCleat","Bag of Marbles","REME_OnlineShoppingPlatform","Dodecahedron","REME_HandOfSuture","GnawedLeaf","Whetstone","testmod-Nyarlathotep","AT_ChloranthyRing","Chemical X","Frozen Eye"],"campfire_rested":1,"item_purchase_floors":[8,8,8,8,8,10,12,19,19,19,21,21,27,27,27,38,38,38,49,49,49,55,55,58,58,58,58,58,58],"current_hp_per_floor":[16,59,51,51,51,51,47,47,11,11,11,11,11,11,89,65,56,56,63,13,97,92,92,92,35,35,35,42,9,7,7,144,124,124,124,124,124,124,124,150,146,151,151,152,142,151,151,151,151,151,151,151,163,160,160,158,102,102,102],"gold":1082,"neow_bonus":"","is_daily":true,"chose_seed":false,"campfire_upgraded":0,"win_rate":0.0,"timestamp":1611862474,"path_taken":["M","M","?","M","?","M","M","R","E","R","T","R","M","?","M","M","?","E","R","BOSS","M","M","M","M","?","R","M","M","M","T","E","M","M","?","E","?","R","$","R","BOSS","M","M","?","M","?","E","R","M","T","M","?","M","$","M","?","R","BOSS"],"items_purchased_type":["Relic","Relic","Relic","Relic","Card","Relic","Relic","Card","Relic","Relic","Relic","Relic","Relic","Relic","Relic","Relic","Relic","Relic","Relic","Relic","Relic","Relic","Relic","Relic","Relic","Relic","Relic","Relic","Relic"],"build_version":"2020-12-22","purchased_purges":0,"victory":true,"max_hp_per_floor":[82,90,95,96,96,97,99,99,108,108,108,108,110,110,115,122,127,127,134,139,97,104,106,113,119,119,119,125,130,144,144,144,146,148,148,150,150,150,150,150,151,151,151,152,152,161,162,162,162,162,162,163,163,169,169,170,176,176,177],"relic_stats":{"counters":[37,119],"obtain_stats":[{"KeepersGift":0,"DSteel32":0,"AT_ATBox":0,"testmod-TestBox":0,"HowToJump":0,"DaveBox":0,"AddBug":1,"SecretRecord":1,"ice":0,"Baka":1,"BloodBag":0,"testmod-CasingShield":0,"Baka2":36,"SynthV:TestCard":1,"Cracked Core":0,"HushsDoor":0,"REME_ComplimentaryCards":0,"BloodDonationMachine":0},{"KeepersGift":0,"DSteel32":0,"AT_ATBox":0,"testmod-TestBox":0,"HowToJump":0,"DaveBox":0,"AddBug":1,"SecretRecord":1,"ice":0,"Baka":1,"BloodBag":0,"testmod-CasingShield":0,"Baka2":24,"SynthV:TestCard":1,"Cracked Core":0,"HushsDoor":0,"REME_ComplimentaryCards":0,"BloodDonationMachine":0},{"KeepersGift":0,"DSteel32":0,"AT_ATBox":0,"testmod-TestBox":0,"HowToJump":0,"DaveBox":0,"AddBug":3,"SecretRecord":3,"ice":0,"Baka":3,"BloodBag":0,"testmod-CasingShield":0,"Baka2":93,"SynthV:TestCard":3,"Cracked Core":0,"HushsDoor":0,"REME_ComplimentaryCards":0,"BloodDonationMachine":0}]},"card_choices":[{"not_picked":[],"picked":"DoctorFetus","floor":0.0},{"not_picked":["ThirdEye","BowlingBash"],"picked":"Beam Cell","floor":0.0},{"not_picked":["CrushJoints","Streamline"],"picked":"MostiFishMod:ScryFuture","floor":0.0},{"not_picked":["MostiFishMod:PushDownKick","Consecrate"],"picked":"Prostrate","floor":0.0},{"not_picked":["Darkness","Indignation"],"picked":"White Noise","floor":0.0},{"not_picked":["Hologram","Evaluate"],"picked":"MostiFishMod:Clarity","floor":0.0},{"not_picked":["MostiFishMod:FluxCapactior","REME_Repentance"],"picked":"MostiFishMod:Impulse","floor":0.0},{"not_picked":["EmptyFist","Melter"],"picked":"Conserve Battery","floor":0.0},{"not_picked":["FlurryOfBlows","AT_HeatAcrobatics"],"picked":"FollowUp","floor":0.0},{"not_picked":["MostiFishMod:FlowState","Lockon"],"picked":"BowlingBash","floor":0.0},{"not_picked":["MostiFishMod:FlowState","Swivel"],"picked":"Hologram","floor":0.0},{"not_picked":["MostiFishMod:ScryFuture","Fasting2"],"picked":"AT_MachinaRedman","floor":0.0},{"not_picked":["Stack","TalkToTheHand"],"picked":"MostiFishMod:LinkProtocol","floor":0.0},{"not_picked":["Compile Driver","Protect"],"picked":"Wallop","floor":0.0},{"not_picked":["Rebound","EmptyFist"],"picked":"Redo","floor":0.0},{"not_picked":["CrushJoints","Blizzard"],"picked":"Prostrate","floor":0.0},{"not_picked":["Prostrate","FlurryOfBlows"],"picked":"Chaos","floor":1.0},{"not_picked":["SashWhip","REME_Whirling","CutThroughFate","PathToVictory"],"picked":"Bomb","floor":2.0},{"not_picked":["Coolheaded","Turbo","Reinforced Body","Biased Cognition"],"picked":"Hello World","floor":3.0},{"not_picked":["Meditate","Halt","Heatsinks","Defragment"],"picked":"Bomb","floor":4.0},{"not_picked":["AT_HeatAcrobatics","Steam","Collect","Beam Cell"],"picked":"Consume","floor":6.0},{"not_picked":["Turbo","Compile Driver","SashWhip","MostiFishMod:Impulse"],"picked":"REME_Repentance","floor":7.0},{"not_picked":["LikeWater","PathToVictory","Go for the Eyes","EmptyFist"],"picked":"AT_RightCognition","floor":9.0},{"not_picked":["FollowUp","Rip and Tear","ClearTheMind","JustLucky"],"picked":"AT_ThunderBolt","floor":13.0},{"not_picked":["Steam","PathToVictory","REME_Repentance","FlurryOfBlows"],"picked":"BootSequence","floor":15},{"not_picked":["Ball Lightning","Wish","AT_ChampionStep","Turbo"],"picked":"Loop","floor":16},{"not_picked":["SashWhip","Consecrate","Evaluate","Wallop"],"picked":"AT_RealFormLess","floor":17},{"not_picked":["Pulse","SashWhip","Stack","Rebound"],"picked":"Storm","floor":18},{"not_picked":["MostiFishMod:Nova","AT_RightCognition","Wish","AT_ChampionKick"],"picked":"MostiFishMod:StarWish","floor":20},{"not_picked":["Gash","Halt+1","Conserve Battery+1","Rebound"],"picked":"Vengeance","floor":22},{"not_picked":["Steam","Consecrate","AT_HeatAcrobatics","PathToVictory+1"],"picked":"Turbo+1","floor":23},{"not_picked":["EmptyMind","FollowUp+1","MostiFishMod:PushDownKick","JustLucky"],"picked":"MentalFortress+1","floor":24},{"not_picked":["Coolheaded","Compile Driver","Redo","FlyingSleeves"],"picked":"Self Repair+1","floor":25},{"not_picked":["EmptyBody","MostiFishMod:PushDownKick+1","ClearTheMind","WaveOfTheHand"],"picked":"ConjureBlade","floor":28},{"not_picked":["Crescendo","Blizzard","Go for the Eyes","CarveReality"],"picked":"Force Field+1","floor":29},{"not_picked":["AT_OneInchPunch","MostiFishMod:IceShield","Compile Driver","AT_RobotInSpace"],"picked":"MostiFishMod:Nomercy","floor":30},{"not_picked":["Sunder+1","Nirvana","Weave","Wallop+1"],"picked":"AT_RightCognition","floor":32},{"not_picked":["Steam Power","PathToVictory","Consume","Cold Snap"],"picked":"Nirvana","floor":33},{"not_picked":["Turbo+1","Double Energy","CutThroughFate","Rebound"],"picked":"SandsOfTime+1","floor":34},{"not_picked":["MostiFishMod:Impulse","WreathOfFlame","Glacier","JustLucky"],"picked":"Ball Lightning+1","floor":36},{"not_picked":["Barrage","Reinforced Body+1","Consecrate+1","Prostrate"],"picked":"Defragment","floor":37},{"not_picked":["MostiFishMod:Adaptation","MasterReality","REME_CRH","Hyperbeam"],"picked":"Meteor Strike","floor":41},{"not_picked":["JustLucky+1","Halt+1","Distribution","Hologram+1"],"picked":"AT_SoftenMuscles+1","floor":43},{"not_picked":["Ball Lightning","Barrage","Consume","Evaluate"],"picked":"BattleHymn+1","floor":44},{"not_picked":["AT_FamilyPortrait","AT_LightSaberMaster","Bomb","testmod-Bloodthirsty"],"picked":"MostiFishMod:Kaleido","floor":45},{"not_picked":["PanicButton","Battery","testmod-Bloodthirsty","AT_EmpoweredMortalDraw"],"picked":"HandOfGreed","floor":45},{"not_picked":["Purity","Jack Of All Trades","testmod-SubstituteBySubterfuge","MostiFishMod:SupremeArchaeology"],"picked":"MostiFishMod:ForestofLight","floor":45},{"not_picked":["Turbo","Go for the Eyes","MostiFishMod:Clarity","MostiFishMod:PushDownKick"],"picked":"PathToVictory","floor":46},{"not_picked":["AT_SoftenMuscles","CarveReality+1","Stack+1","Doom and Gloom"],"picked":"Fan","floor":47},{"not_picked":["Protect","Sweeping Beam+1","Beam Cell+1","PathToVictory"],"picked":"REME_SelfUpgrade+1","floor":48},{"not_picked":["Ball Lightning","ClearTheMind+1","AT_RealFormLess+1","Conserve Battery","SignatureMove","Stack+1","WreathOfFlame","Barrage","Prostrate+1","CutThroughFate+1","REME_Compress+1","Collect+1","FlyingSleeves","Reinforced Body","Redo+1","Streamline+1","ReachHeaven"],"picked":"Capacitor","floor":50},{"not_picked":["Conclude+1","Cold Snap+1","WaveOfTheHand+1","Hologram+1"],"picked":"MostiFishMod:ScryFuture+1","floor":52},{"not_picked":["Steam Power","Coolheaded+1","MostiFishMod:PathToVictory+1","Leap+1"],"picked":"White Noise","floor":54},{"not_picked":["JustLucky+1","MostiFishMod:PushDownKick","BowlingBash+1","Stack"],"picked":"MostiFishMod:Pointsdynamics","floor":56},{"not_picked":["PathToVictory+1","Sweeping Beam","Coolheaded+1","SignatureMove+1"],"picked":"Hello World","floor":57}],"player_experience":17406,"relics_obtained":[{"floor":1.0,"key":"SynthV:TestCard"},{"floor":1.0,"key":"AddBug"},{"floor":1.0,"key":"Baka"},{"floor":2.0,"key":"ChaoDraw"},{"floor":3.0,"key":"MoneyPower"},{"floor":4.0,"key":"SecretRecord"},{"floor":6.0,"key":"Thread and Needle"},{"floor":7.0,"key":"testmod-IntensifyImprint"},{"floor":9.0,"key":"SecretRecord"},{"floor":9.0,"key":"GuppysPaw"},{"floor":9.0,"key":"testmod-LifeArmor"},{"floor":11.0,"key":"Pen Nib"},{"floor":13.0,"key":"SecretRecord"},{"floor":15,"key":"Void"},{"floor":16,"key":"EdensBlessing"},{"floor":17,"key":"SecretRecord"},{"floor":17,"key":"Ginger"},{"floor":18,"key":"testmod-DragonStarHat"},{"floor":20,"key":"Mango"},{"floor":20,"key":"SecretRecord"},{"floor":22,"key":"SecretRecord"},{"floor":22,"key":"AT_GoldPhoenixTree"},{"floor":24,"key":"Turnip"},{"floor":28,"key":"SecretRecord"},{"floor":30,"key":"GuppysTail"},{"floor":31,"key":"AT_SilvercatRing"},{"floor":32,"key":"SecretRecord"},{"floor":32,"key":"testmod-FatalChain"},{"floor":36,"key":"Baka2"},{"floor":36,"key":"Du-Vu Doll"},{"floor":41,"key":"SecretRecord"},{"floor":47,"key":"testmod-Brilliant"},{"floor":48,"key":"The Courier"},{"floor":51,"key":"testmod-OneHitWonder"},{"floor":52,"key":"SecretRecord"},{"floor":57,"key":"testmod-ObsoleteBoomerang"},{"floor":57,"key":"SecretRecord"}],"event_choices":[{"damage_healed":0.0,"max_hp_gain":0.0,"max_hp_loss":0.0,"gold_gain":175.0,"event_name":"Liars Game","player_choice":"AGREE","floor":14.0,"gold_loss":0.0,"damage_taken":0.0,"cards_obtained":["Doubt"]},{"damage_healed":0,"gold_gain":0,"player_choice":"Obtained Relic","damage_taken":0,"relics_obtained":["ImprovedEquipment"],"max_hp_gain":0,"max_hp_loss":0,"event_name":"Addict","floor":26,"gold_loss":85},{"cards_removed":["Doubt"],"damage_healed":0,"gold_gain":0,"player_choice":"Gave Gold","damage_taken":0,"max_hp_gain":0,"max_hp_loss":0,"event_name":"Beggar","floor":35,"gold_loss":75},{"damage_healed":0,"gold_gain":0,"player_choice":"Memory 3","damage_taken":10,"max_hp_gain":0,"max_hp_loss":0,"event_name":"SensoryStone","floor":45,"gold_loss":0},{"damage_healed":0,"gold_gain":0,"player_choice":"Fight","damage_taken":0,"max_hp_gain":0,"max_hp_loss":0,"event_name":"Mysterious Sphere","floor":47,"gold_loss":0},{"damage_healed":0,"gold_gain":0,"player_choice":"Fight","damage_taken":0,"max_hp_gain":0,"max_hp_loss":0,"event_name":"MindBloom","floor":57,"gold_loss":0}],"is_beta":false,"boss_relics":[{"not_picked":["energizedSpire:OldTV","EasyGame_NEW"],"picked":"ChampionBelt"},{"not_picked":[]},{"not_picked":["Runic Pyramid","SacredBark"],"picked":"energizedSpire:SpiderWeb"},{"not_picked":[]}],"items_purged_floors":[],"is_endless":false,"potions_floor_spawned":[2,6,7,13,17,22,24,30,32,34,37,43,46,50,56],"ascension_level":0}}