{"host":"flm17o2q7bfjyna6","time":1611868089,"event":{"mods":["2.2 Compatiblity","Act Like it!","BaseMod","Better Altar","Better Match","Better Note","Better Sensory Stone","Better Skull","Better Third Choice","Better Vampires","Colored Map","Colored Powertips","DeckTracker","Fox Events","Hermit","Minty Spire (QoL Compilation)","Quick Restart","Replay The Spire","Reworked Bosses","Spicy Shops","StSLib","Wandering Minibosses"],"gold_per_floor":[144,69,114,92,137,137,227,227,277,277,322,367,412,412,412,712,712,757,802,151,196,196,196,241,95,95,185,185,275,275,75,375,675,775,820,865,915,187,212,302,102,2,2,2,47,47,92,713,713,713],"floor_reached":51,"language":"ENG","playtime":3292,"items_purged":["hermit:BodyArmor","hermit:Misfire","Doubt","hermit:FatalDesire","Voices"],"score":963,"play_id":"3fabee54-baf7-4257-962b-fc367373c0eb","local_time":"20210128160809","daily_mods":["Draft","Vintage","Midas"],"is_ascension_mode":false,"campfire_choices":[{"floor":6,"key":"REST"},{"floor":8,"key":"REST"},{"floor":10,"key":"REST"},{"floor":15,"key":"REST"},{"floor":23,"key":"REST"},{"floor":30,"key":"REST"},{"floor":44,"key":"REST"},{"floor":46,"key":"REST"},{"floor":49,"key":"REST"}],"circlet_count":0,"master_deck":["hermit:GhostlyPresence+1","hermit:Headshot+1","hermit:TrackingShot+1","hermit:Vantage+1","hermit:Vantage","hermit:Horror+1","hermit:WideOpen+1","hermit:Enervate","hermit:WideOpen","hermit:FlashPowder+1","hermit:Virtue+1","hermit:GhostlyPresence+1","hermit:BigShot","CurseOfTheBell","hermit:TakeAim+1","RitualDagger","Clumsy","hermit:EyeOfTheStorm+1","hermit:Grudge+1","hermit:LoneWolf+1","hermit:BlackWind+1","Parasite","ReplayUltimateDefense+1","Panacea+1","Flash of Steel+1","betterMatch:CurseCard","Normality","Overencumbered","Replay:Hysterical Blindness"],"relics":["hermit:Momento","Juzu Bracelet","Mummified Hand","betterThird:SlimedRelic","Question Card","Gremlin Horn","Ancient Tea Set","Replay:Bottled Snecko","Pen Nib","Sundial","Calling Bell","Bag of Preparation","Golden Egg","Replay:Towering Pillar of Hats","ReplayTheSpireMod:Lightbulb","White Beast Statue","Sling","Replay:Wax Seal","Gremlin Food","Tiny Chest","HandDrill","Thread and Needle","Mercury Hourglass","Toxic Egg 2","ReplayTheSpireMod:CursedCoin","Ornamental Fan","Gambling Chip","The Courier","ReplayTheSpireMod:Ninjato","Mango","Onion Ring","Replay:Grab Bag","Replay:Wanted Poster","Replay:Bronze Core","SacredBark","Bronze Scales","Pantograph","Ring of Greed","Blue Doll","MawBank","hermit:PetGhost","Whetstone","Centennial Puzzle","ClockworkSouvenir","Kunai","Oddly Smooth Stone","Nunchaku","MealTicket","ReplayTheSpireMod:ShopPack","Replay:Bottled Steam","wanderingMiniBosses:OtherGremlinHorn","Letter Opener","War Paint"],"acts_visited":["Exordium","TheCity","TheBeyond"],"potions_floor_usage":[13,16,24,27,27,45,45,45,50,50],"damage_taken":[{"damage":0,"enemies":"Cultist","floor":1,"turns":2},{"damage":0,"enemies":"Jaw Worm","floor":3,"turns":2},{"damage":10,"enemies":"Small Slimes","floor":5,"turns":2},{"damage":27,"enemies":"Gremlin Nob","floor":7,"turns":4},{"damage":0,"enemies":"3 Louse","floor":11,"turns":2},{"damage":0,"enemies":"2 Fungi Beasts","floor":12,"turns":3},{"damage":11,"enemies":"Exordium Thugs","floor":13,"turns":6},{"damage":21,"enemies":"Fading Forest","floor":16,"turns":11},{"damage":22,"enemies":"Spheric Guardian","floor":18,"turns":4},{"damage":3,"enemies":"2 Thieves","floor":19,"turns":3},{"damage":16,"enemies":"Snake Plant","floor":21,"turns":5},{"damage":19,"enemies":"Centurion and Healer","floor":24,"turns":7},{"damage":17,"enemies":"Slavers","floor":27,"turns":4},{"damage":0,"enemies":"Replay:Snechameleon","floor":29,"turns":5},{"damage":0,"enemies":"Colosseum Slavers","floor":32,"turns":2},{"damage":0,"enemies":"Colosseum Nobs","floor":32,"turns":4},{"damage":4,"enemies":"Automaton","floor":33,"turns":10},{"damage":0,"enemies":"3 Darklings","floor":35,"turns":2},{"damage":0,"enemies":"Orb Walker","floor":36,"turns":2},{"damage":0,"enemies":"R_Hoarder","floor":40,"turns":5},{"damage":0,"enemies":"Transient","floor":45,"turns":5},{"damage":1,"enemies":"Sphere and 2 Shapes","floor":47,"turns":1},{"damage":29,"enemies":"bossMod:newAwakened","floor":50,"turns":19}],"seed_played":"9192803745042345800","potions_obtained":[{"floor":11,"key":"Regen Potion"},{"floor":12,"key":"GamblersBrew"},{"floor":13,"key":"ColorlessPotion"},{"floor":19,"key":"PowerPotion"},{"floor":21,"key":"Adrenaline Potion"},{"floor":24,"key":"Fire Potion"},{"floor":27,"key":"Weak Potion"},{"floor":29,"key":"DistilledChaos"},{"floor":33,"key":"hermit:Eclipse"},{"floor":45,"key":"Languid Potion"},{"floor":47,"key":"LiquidBronze"}],"is_trial":false,"path_per_floor":["M","$","M","?","M","R","E","R","T","R","M","M","M","?","R","B",null,"M","M","$","M","?","R","M","$","T","E","?","E","R","$","R_BF","B",null,"M","M","?","$","T","E","$","$","T","R","M","R","M","?","R","B",null],"character_chosen":"HERMIT","items_purchased":["Sling","Replay:Wax Seal","Gremlin Food","Tiny Chest","HandDrill","hermit:TakeAim","Toxic Egg 2","ReplayTheSpireMod:CursedCoin","hermit:EyeOfTheStorm+1","ReplayTheSpireMod:Ninjato","hermit:PetGhost","Whetstone","Centennial Puzzle","ClockworkSouvenir","Kunai","MealTicket","ReplayTheSpireMod:ShopPack"],"campfire_rested":9,"item_purchase_floors":[20,20,20,20,20,20,25,25,25,31,38,38,38,38,38,41,42],"current_hp_per_floor":[75,75,75,64,54,75,48,70,70,75,75,75,64,69,75,54,75,53,50,50,34,28,50,31,31,31,26,51,51,73,73,87,83,89,89,89,89,89,89,89,89,89,89,89,89,89,88,66,89,60],"gold":713,"neow_bonus":"","is_daily":true,"chose_seed":false,"campfire_upgraded":0,"win_rate":0.0,"timestamp":1611868089,"path_taken":["M","$","M","?","M","R","E","R","T","R","M","M","M","?","R","BOSS","M","M","$","M","?","R","M","$","T","E","?","E","R","$","R_BF","BOSS","M","M","?","$","?","E","?","$","T","R","M","R","M","?","R","BOSS"],"items_purchased_type":["Relic","Relic","Relic","Relic","Relic","Card","Relic","Relic","Card","Relic","Relic","Relic","Relic","Relic","Relic","Relic","Relic"],"build_version":"2020-12-22","purchased_purges":5,"victory":true,"max_hp_per_floor":[75,75,75,75,75,75,75,75,75,75,75,75,75,75,75,75,75,75,75,75,75,75,75,75,75,75,75,75,75,75,75,89,89,89,89,89,89,89,89,89,89,89,89,89,89,89,89,89,89,89],"card_choices":[{"not_picked":["hermit:LuckOfTheDraw","hermit:HighCaliber"],"picked":"hermit:Misfire","floor":0},{"not_picked":["hermit:Coalescence","hermit:Deadeye"],"picked":"hermit:GhostlyPresence","floor":0},{"not_picked":["hermit:HoleUp","hermit:HighCaliber"],"picked":"hermit:Headshot","floor":0},{"not_picked":["hermit:LowProfile","hermit:HoleUp"],"picked":"hermit:BodyArmor","floor":0},{"not_picked":["hermit:Shortfuse","hermit:LowProfile"],"picked":"hermit:TrackingShot","floor":0},{"not_picked":["hermit:Coalescence","hermit:HighCaliber"],"picked":"hermit:Vantage","floor":0},{"not_picked":["hermit:ItchyTrigger","hermit:Midnight"],"picked":"hermit:Vantage","floor":0},{"not_picked":["hermit:Shortfuse","hermit:Coalescence"],"picked":"hermit:WideOpen","floor":0},{"not_picked":["hermit:Manifest","hermit:LuckOfTheDraw"],"picked":"hermit:Horror","floor":0},{"not_picked":["hermit:BodyArmor","hermit:Snipe"],"picked":"hermit:WideOpen","floor":0},{"not_picked":["hermit:Snipe","hermit:Coalescence"],"picked":"hermit:Enervate","floor":0},{"not_picked":["hermit:ItchyTrigger","hermit:Coalescence"],"picked":"hermit:WideOpen","floor":0},{"not_picked":["hermit:Ricochet","hermit:NoHoldsBarred"],"picked":"hermit:FlashPowder","floor":0},{"not_picked":["hermit:FullyLoaded","hermit:Brawl"],"picked":"hermit:Virtue","floor":0},{"not_picked":["hermit:HighCaliber","hermit:LowProfile"],"picked":"hermit:GhostlyPresence","floor":0},{"not_picked":["hermit:Roulette","hermit:HighNoon","hermit:Coalescence"],"picked":"hermit:BigShot","floor":7},{"not_picked":["hermit:OverwhelmingPower","hermit:BlackWind","hermit:Magnum"],"picked":"hermit:FatalDesire","floor":16},{"not_picked":["hermit:HighCaliber","hermit:Shortfuse+1","hermit:SprayPray"],"picked":"hermit:Grudge+1","floor":27},{"not_picked":["hermit:TakeCover+1","hermit:GhostlyPresence+1","hermit:Coalescence+1"],"picked":"hermit:LoneWolf+1","floor":29},{"not_picked":["hermit:EternalForm","hermit:HighNoon","hermit:Dissolve+1"],"picked":"hermit:BlackWind","floor":33},{"not_picked":["hermit:Combo","hermit:Dive+1","hermit:TakeAim","hermit:LoneWolf+1"],"picked":"SKIP","floor":40},{"not_picked":["Chrysalis","Magnetism","Violence"],"picked":"ReplayUltimateDefense","floor":42},{"not_picked":["Replay:Sssssssssstrike","ReplayTheSpireMod:Private Reserves","Discovery"],"picked":"Panacea","floor":42},{"not_picked":["Trip","Master of Strategy","Swift Strike"],"picked":"Flash of Steel","floor":42}],"player_experience":1713479,"relics_obtained":[{"floor":1,"key":"Juzu Bracelet"},{"floor":3,"key":"Mummified Hand"},{"floor":5,"key":"Question Card"},{"floor":7,"key":"Gremlin Horn"},{"floor":9,"key":"Ancient Tea Set"},{"floor":11,"key":"Replay:Bottled Snecko"},{"floor":12,"key":"Pen Nib"},{"floor":13,"key":"Sundial"},{"floor":17,"key":"Bag of Preparation"},{"floor":17,"key":"Golden Egg"},{"floor":17,"key":"Replay:Towering Pillar of Hats"},{"floor":18,"key":"ReplayTheSpireMod:Lightbulb"},{"floor":19,"key":"White Beast Statue"},{"floor":21,"key":"Thread and Needle"},{"floor":24,"key":"Mercury Hourglass"},{"floor":26,"key":"Ornamental Fan"},{"floor":27,"key":"Gambling Chip"},{"floor":29,"key":"The Courier"},{"floor":32,"key":"Mango"},{"floor":32,"key":"Onion Ring"},{"floor":35,"key":"Bronze Scales"},{"floor":36,"key":"Pantograph"},{"floor":37,"key":"Ring of Greed"},{"floor":37,"key":"Blue Doll"},{"floor":37,"key":"MawBank"},{"floor":39,"key":"Oddly Smooth Stone"},{"floor":40,"key":"Nunchaku"},{"floor":43,"key":"Replay:Bottled Steam"},{"floor":45,"key":"wanderingMiniBosses:OtherGremlinHorn"},{"floor":45,"key":"Letter Opener"},{"floor":47,"key":"War Paint"}],"event_choices":[{"damage_healed":0,"gold_gain":0,"player_choice":"Slimed","damage_taken":11,"max_hp_gain":0,"max_hp_loss":0,"event_name":"betterThird:BetterGoop","floor":4,"gold_loss":22},{"cards_removed":["hermit:WideOpen"],"damage_healed":5,"gold_gain":0,"player_choice":"Offered Common","damage_taken":0,"max_hp_gain":0,"max_hp_loss":0,"event_name":"Bonfire Elementals","floor":14,"gold_loss":0},{"cards_removed":["hermit:WideOpen"],"damage_healed":5,"gold_gain":0,"player_choice":"Offered Special","damage_taken":0,"max_hp_gain":0,"max_hp_loss":0,"event_name":"Bonfire Elementals","floor":14,"gold_loss":0},{"damage_healed":0,"gold_gain":0,"player_choice":"Dagger","damage_taken":6,"max_hp_gain":0,"max_hp_loss":0,"event_name":"betterThird:BetterNest","floor":22,"gold_loss":0,"cards_obtained":["RitualDagger"]},{"damage_healed":25,"gold_gain":0,"player_choice":"Heal","damage_taken":0,"max_hp_gain":0,"max_hp_loss":0,"event_name":"The Library","floor":28,"gold_loss":0},{"damage_healed":0,"gold_gain":0,"player_choice":"Fight","damage_taken":0,"max_hp_gain":0,"max_hp_loss":0,"event_name":"Colosseum","floor":32,"gold_loss":0},{"damage_healed":0,"gold_gain":0,"player_choice":"Fought Nobs","damage_taken":0,"max_hp_gain":0,"max_hp_loss":0,"event_name":"Colosseum","floor":32,"gold_loss":0}],"is_beta":false,"boss_relics":[{"not_picked":["hermit:BartenderGlass","hermit:DentedPlate"],"picked":"Calling Bell"},{"not_picked":["ChewingGum","Cursed Key"],"picked":"Replay:Grab Bag"},{"not_picked":["ReplayTheSpireMod:Onyx Gauntlets","Sozu"],"picked":"Replay:Wanted Poster"},{"not_picked":["Painkiller Herb","Coffee Dripper"],"picked":"Replay:Bronze Core"},{"not_picked":["Snecko Heart","Replay:Drink Me"],"picked":"SacredBark"}],"items_purged_floors":[2,20,25,38,41],"is_endless":false,"potions_floor_spawned":[11,12,13,19,21,24,27,29,32,32,33,35,36,40,45,47],"ascension_level":0}}