{"host":"clf2hd4adhiiw0zf","time":1611814191,"event":{"mods":["AchievementEnabler","BaseMod","Beaked The Cultist","Bestiary","Dark Map","Downfall","Gremlin Mod","Hermit","Jorbs\u0027s Wanderer Trilogy","Marisa????????","Minty Spire (QoL Compilation)","Shop Mod","StSLib","The Cursed","The Servant 0.9.4","Wide Potions"],"gold_per_floor":[99,110,124,124,124,144,167,67,86,99,99,99,99,152,167,266,266,266,282,300,311,311,325,325,325,48,48,81,94,106,206,216,320,320,320,334,334,387,402,413,464,304,204,204,204],"floor_reached":43,"language":"ENG","playtime":1676,"items_purged":[],"score":498,"play_id":"a185cb0b-fbc1-45cb-823e-b1059e8cf0ee","local_time":"20210127230951","is_ascension_mode":true,"campfire_choices":[{"floor":1.0,"key":"RECALL"},{"data":"bronze:BurnOut","floor":8.0,"key":"SMITH"},{"data":"bronze:Format","floor":11.0,"key":"SMITH"},{"floor":13.0,"key":"REST"},{"data":"bronze:Verify","floor":18.0,"key":"SMITH"},{"data":"bronze:FindAndReplace","floor":25.0,"key":"SMITH"},{"floor":27.0,"key":"REST"},{"floor":35,"key":"REST"}],"circlet_count":0,"master_deck":["bronze:Strike","bronze:Strike","bronze:Strike","bronze:Defend","bronze:Defend","bronze:Defend","bronze:Defend","bronze:Replicate","bronze:Goto","bronze:BurnOut+1","bronze:CutThrough","bronze:Format+1","bronze:Backtrace","bronze:Deprecate","bronze:WildBeam","bronze:Frontload","bronze:Verify+1","bronze:Iterate","bronze:FindAndReplace+1","bronze:Terminator","bronze:Overheat","bronze:OilSpill","bronze:Repair","bronze:ShipIt","bronze:ChildClass","bronze:BuggyMess+1","bronze:DarkDash+1","bronze:DonuBeam","bronze:DecaBeam","bronze:Optimize+1","bronze:AlphaBuild","bronze:Hardcode","bronze:Shield","bronze:BugBarrage+1","bronze:FineTuning+1"],"relics":["bronze:PlatinumCore","bronze:SilverBullet","downfall:HeartBlessingRed","FaceOfCleric","Torii","Shuriken","Matryoshka","champ:DuelingGlove","Fusion Hammer","TungstenRod","Toy Ornithopter","Akabeko","downfall:HeartBlessingBlue"],"acts_visited":["Exordium","TheCity","TheBeyond"],"potions_floor_usage":[33,33,33,33,33],"damage_taken":[{"damage":24.0,"enemies":"2 Louse","floor":2.0,"turns":4.0},{"damage":21.0,"enemies":"Jaw Worm","floor":3.0,"turns":4.0},{"damage":0.0,"enemies":"Cultist","floor":6.0,"turns":3.0},{"damage":4.0,"enemies":"Gremlin Gang","floor":9.0,"turns":2.0},{"damage":0.0,"enemies":"3 Louse","floor":10.0,"turns":1.0},{"damage":6.0,"enemies":"Lagavulin","floor":14.0,"turns":5.0},{"damage":1.0,"enemies":"Exordium Thugs","floor":15.0,"turns":3.0},{"damage":4.0,"enemies":"SI_SHIV_ARCHETYPE","floor":16.0,"turns":6.0},{"damage":7.0,"enemies":"Shell Parasite","floor":19.0,"turns":5.0},{"damage":9.0,"enemies":"Centurion and Healer","floor":20.0,"turns":4.0},{"damage":13.0,"enemies":"Shelled Parasite and Fungi","floor":21.0,"turns":4.0},{"damage":22.0,"enemies":"Snake Plant","floor":23.0,"turns":3.0},{"damage":0.0,"enemies":"downfall:FleeingMerchant","floor":26.0,"turns":4.0},{"damage":34.0,"enemies":"Slavers","floor":28.0,"turns":6.0},{"damage":0.0,"enemies":"Cultist and Chosen","floor":29.0,"turns":5.0},{"damage":0.0,"enemies":"Chosen and Byrds","floor":30.0,"turns":4.0},{"damage":21.0,"enemies":"Chosen and Byrds","floor":31.0,"turns":5.0},{"damage":2.0,"enemies":"Centurion and Healer","floor":32.0,"turns":6.0},{"damage":19,"enemies":"DF_ARCHETYPE_CLAW","floor":33,"turns":7},{"damage":3,"enemies":"3 Shapes","floor":36,"turns":2},{"damage":1,"enemies":"2 Orb Walkers","floor":38,"turns":3},{"damage":16,"enemies":"3 Darklings","floor":39,"turns":5},{"damage":64,"enemies":"Maw","floor":40,"turns":10},{"damage":0,"enemies":"downfall:FleeingMerchant","floor":42,"turns":4}],"seed_played":"-5448248534531692214","potions_obtained":[{"floor":3.0,"key":"bronze:BurnAndBuffPotion"},{"floor":10.0,"key":"ColorlessPotion"},{"floor":14.0,"key":"Fire Potion"},{"floor":15.0,"key":"Explosive Potion"},{"floor":21.0,"key":"SpeedPotion"},{"floor":28.0,"key":"SmokeBomb"},{"floor":29.0,"key":"SneckoOil"},{"floor":31.0,"key":"Energy Potion"},{"floor":32.0,"key":"EntropicBrew"},{"floor":33,"key":"Fire Potion"},{"floor":38,"key":"Block Potion"}],"is_trial":false,"path_per_floor":["R","M","M","?","?","M","T","R","M","M","R","?","R","E","M","B",null,"R","M","M","M","?","M","T","R","$","R","E","M","M","?","M","B",null,"R","M","?","?","M","M","T","$","R"],"character_chosen":"THE_AUTOMATON","items_purchased":["Matryoshka","Akabeko"],"campfire_rested":3,"item_purchase_floors":[26,42],"current_hp_per_floor":[63,39,18,18,18,18,18,18,14,14,14,14,32,27,27,24,66,66,60,52,40,28,7,7,7,15,37,11,19,27,14,23,5,82,82,80,80,80,75,22,22,30,40,40,40],"gold":204,"neow_bonus":"THREE_RARE_CARDS","is_daily":false,"chose_seed":false,"campfire_upgraded":4,"win_rate":0.0,"timestamp":1611814191,"path_taken":["R","M","M","?","?","M","T","R","?","?","R","?","R","E","M","BOSS","R","M","M","?","?","M","T","R","?","R","E","M","M","?","M","BOSS","R","M","?","?","M","M","T","$","R"],"items_purchased_type":["Relic","Relic"],"build_version":"2020-12-22","purchased_purges":0,"victory":false,"max_hp_per_floor":[63,63,63,63,63,63,63,63,63,63,63,63,63,64,65,66,66,66,67,68,69,74,75,75,75,76,76,77,78,79,80,81,82,82,82,83,83,84,85,86,86,87,97,97,97],"card_choices":[{"not_picked":["bronze:Break","bronze:Library"],"picked":"bronze:BurnOut","floor":0.0},{"not_picked":["bronze:FineTuning","bronze:Overheat"],"picked":"bronze:CutThrough","floor":2.0},{"not_picked":["bronze:Frontload","bronze:Refactor"],"picked":"bronze:Format","floor":3.0},{"not_picked":["bronze:DelayedGuard","bronze:Branch"],"picked":"bronze:Deprecate","floor":6.0},{"not_picked":["bronze:WhirlingStrike","bronze:Shell"],"picked":"bronze:WildBeam","floor":9.0},{"not_picked":["bronze:WhirlingStrike","bronze:Invalidate"],"picked":"bronze:Frontload","floor":10.0},{"not_picked":["bronze:Repair","bronze:Terminator"],"picked":"bronze:Verify","floor":14.0},{"not_picked":["bronze:WhirlingStrike","bronze:Separator"],"picked":"bronze:Iterate","floor":15.0},{"not_picked":["bronze:Virus","bronze:AlphaBuild"],"picked":"bronze:FindAndReplace","floor":16.0},{"not_picked":["bronze:BitShift","bronze:Frontload+1"],"picked":"bronze:Terminator","floor":19.0},{"not_picked":["bronze:Deprecate","bronze:ForceShield+1"],"picked":"bronze:Overheat","floor":20.0},{"not_picked":["bronze:WildBeam+1","bronze:Repulsor"],"picked":"bronze:OilSpill","floor":21.0},{"not_picked":["bronze:DarkDash","bronze:ChildClass"],"picked":"bronze:Repair","floor":23.0},{"not_picked":["bronze:BuggyMess","bronze:Branch"],"picked":"bronze:ShipIt","floor":26.0},{"not_picked":["bronze:CutThrough","bronze:DelayedGuard"],"picked":"bronze:ChildClass","floor":28.0},{"not_picked":["bronze:OilSpill","bronze:WhirlingStrike"],"picked":"bronze:BuggyMess+1","floor":29.0},{"not_picked":["bronze:Philosophize","bronze:Overheat"],"picked":"bronze:DarkDash+1","floor":30.0},{"not_picked":[],"picked":"bronze:DonuBeam","floor":31.0},{"not_picked":[],"picked":"bronze:DecaBeam","floor":31.0},{"not_picked":["bronze:OilSpill","bronze:Frontload"],"picked":"bronze:Optimize+1","floor":31.0},{"not_picked":["bronze:Allocate+1","bronze:Optimize"],"picked":"bronze:AlphaBuild","floor":32.0},{"not_picked":["bronze:Verify","bronze:FindAndReplace"],"picked":"bronze:Hardcode","floor":33},{"not_picked":["bronze:ForLoop+1","bronze:CutThrough","bronze:Return"],"picked":"SKIP","floor":36},{"not_picked":["bronze:CutThrough+1","bronze:ForceShield"],"picked":"bronze:Shield","floor":38},{"not_picked":["bronze:Separator","bronze:Branch"],"picked":"bronze:BugBarrage+1","floor":39},{"not_picked":["bronze:ChildClass","bronze:CutThrough+1","bronze:Overload"],"picked":"SKIP","floor":40},{"not_picked":["bronze:Verify","bronze:BronzeOrb"],"picked":"bronze:FineTuning+1","floor":42}],"player_experience":140214,"relics_obtained":[{"floor":7.0,"key":"bronze:SilverBullet"},{"floor":14.0,"key":"Torii"},{"floor":24.0,"key":"Shuriken"},{"floor":28.0,"key":"champ:DuelingGlove"},{"floor":38,"key":"TungstenRod"},{"floor":41,"key":"Toy Ornithopter"}],"event_choices":[{"damage_healed":0.0,"max_hp_gain":0.0,"max_hp_loss":0.0,"gold_gain":0.0,"event_name":"FaceTrader","player_choice":"Trade","floor":12.0,"gold_loss":0.0,"damage_taken":0.0,"relics_obtained":["FaceOfCleric"]},{"damage_healed":0,"gold_gain":0,"player_choice":"Fight","damage_taken":0,"max_hp_gain":0,"max_hp_loss":0,"event_name":"Mysterious Sphere","floor":38,"gold_loss":0}],"is_beta":false,"boss_relics":[{"not_picked":["Runic Dome","Tiny House"],"picked":"bronze:PlatinumCore"},{"not_picked":["SacredBark","Philosopher\u0027s Stone"],"picked":"Fusion Hammer"}],"items_purged_floors":[],"is_endless":false,"potions_floor_spawned":[3,10,14,15,21,28,29,31,32,33,38],"ascension_level":1}}