{"host":"yecadp3kwkksam5a","time":1611837117,"event":{"mods":["BaseMod","Minty Spire (QoL Compilation)","StSLib","SuperFastMode","The Cursed"],"gold_per_floor":[111,128,146,96,116,135,149,149,149,149,164,164,164,177,177,177,177],"floor_reached":16,"language":"KOR","playtime":485,"items_purged":[],"score":154,"play_id":"d31f6f86-8369-4975-a10c-a8dde2c138a3","local_time":"20210128213157","is_ascension_mode":true,"campfire_choices":[{"data":"Searing Blow","floor":8.0,"key":"SMITH"},{"data":"Searing Blow+1","floor":10.0,"key":"SMITH"},{"data":"Searing Blow+3","floor":15.0,"key":"SMITH"}],"circlet_count":0,"master_deck":["AscendersBane","Strike_R+1","Strike_R","Strike_R","Defend_R","Defend_R","Defend_R","Defend_R","Bash","Panacea","Searing Blow+4","Anger","Rage","Armaments","Pommel Strike"],"relics":["Burning Blood","Sundial"],"acts_visited":["Exordium"],"potions_floor_usage":[],"damage_taken":[{"damage":12.0,"enemies":"Jaw Worm","floor":1.0,"turns":4.0},{"damage":14.0,"enemies":"2 Louse","floor":2.0,"turns":2.0},{"damage":6.0,"enemies":"Cultist","floor":3.0,"turns":3.0},{"damage":12.0,"enemies":"3 Louse","floor":5.0,"turns":5.0},{"damage":24.0,"enemies":"Large Slime","floor":6.0,"turns":9.0},{"damage":9.0,"enemies":"Looter","floor":7.0,"turns":3.0},{"damage":5.0,"enemies":"Exordium Wildlife","floor":11.0,"turns":4.0},{"damage":0.0,"enemies":"Lots of Slimes","floor":14.0,"turns":4.0},{"damage":31,"enemies":"Slime Boss","floor":16,"turns":5}],"seed_played":"7066230693551794579","potions_obtained":[{"floor":3.0,"key":"ColorlessPotion"},{"floor":6.0,"key":"Block Potion"},{"floor":11.0,"key":"LiquidMemories"}],"is_trial":false,"path_per_floor":["M","M","M","?","M","M","M","R","T","R","M","?","?","M","R","B"],"character_chosen":"IRONCLAD","items_purchased":[],"campfire_rested":0,"item_purchase_floors":[],"current_hp_per_floor":[66,58,58,58,52,34,31,31,31,31,32,16,16,22,22,0,0],"gold":177,"neow_bonus":"RANDOM_COLORLESS","is_daily":false,"chose_seed":false,"campfire_upgraded":3,"win_rate":0.0,"timestamp":1611837117,"path_taken":["M","M","M","?","M","M","M","R","T","R","M","?","?","M","R","BOSS"],"items_purchased_type":[],"build_version":"2020-12-22","purchased_purges":0,"victory":false,"max_hp_per_floor":[80,80,80,80,80,80,80,80,80,80,80,80,80,80,80,80,80],"card_choices":[{"not_picked":["Jack Of All Trades","Dark Shackles"],"picked":"Panacea","floor":0.0},{"not_picked":["Power Through","Cleave"],"picked":"Searing Blow","floor":1.0},{"not_picked":["Wild Strike","Searing Blow"],"picked":"Anger","floor":2.0},{"not_picked":["Perfected Strike","Pommel Strike"],"picked":"Rage","floor":3.0},{"not_picked":["Uppercut","Rampage"],"picked":"Armaments","floor":5.0},{"not_picked":["Clash","Uppercut","Body Slam"],"picked":"SKIP","floor":6.0},{"not_picked":["Havoc","Dropkick","Heavy Blade"],"picked":"SKIP","floor":7.0},{"not_picked":["Body Slam","Fire Breathing","Heavy Blade"],"picked":"SKIP","floor":11.0},{"not_picked":["True Grit","Flex"],"picked":"Pommel Strike","floor":14.0}],"player_experience":513560,"relics_obtained":[{"floor":9.0,"key":"Sundial"}],"event_choices":[{"cards_removed":["Strike_R"],"damage_healed":0.0,"max_hp_gain":0.0,"max_hp_loss":0.0,"gold_gain":0.0,"event_name":"The Cleric","player_choice":"Card Removal","floor":4.0,"gold_loss":50.0,"damage_taken":0.0},{"damage_healed":0.0,"max_hp_gain":0.0,"max_hp_loss":0.0,"gold_gain":0.0,"event_name":"Shining Light","player_choice":"Entered Light","floor":12.0,"gold_loss":0.0,"damage_taken":16.0,"cards_upgraded":["Searing Blow","Strike_R"]},{"cards_removed":["Strike_R"],"damage_healed":0.0,"max_hp_gain":0.0,"max_hp_loss":0.0,"gold_gain":0.0,"event_name":"Wheel of Change","player_choice":"Card Removal","floor":13.0,"gold_loss":0.0,"damage_taken":0.0}],"is_beta":false,"boss_relics":[],"items_purged_floors":[],"is_endless":false,"potions_floor_spawned":[3,6,11],"killed_by":"Slime Boss","ascension_level":12}}