{"host":"mnpd8gh7cwxsn5kh","time":1611844654,"event":{"mods":["BaseMod","Block Reminder","Colored Map","Colored Powertips","Highlight Path","Minty Spire (QoL Compilation)","Relic Sorter","Relic Stats"],"gold_per_floor":[110,123,123,123,123,161,174,213,213,228,228,228,247,290,290,413,413,432,140,140,155,155,198,216,237,237,273,273,273,273,273,273,375,375,395,395,415,112,123,154,154,180,192,204,216,239,263,103,103,103,103,103,45,74,74,74],"floor_reached":55,"language":"ENG","playtime":4677,"items_purged":["Strike_B+1"],"score":983,"play_id":"0de90ada-04ab-40a1-983e-4b4a8a10be1c","local_time":"20210128153734","is_ascension_mode":true,"campfire_choices":[{"floor":12,"key":"REST"},{"floor":15,"key":"RECALL"},{"floor":30,"key":"REST"},{"floor":32,"key":"REST"},{"floor":41,"key":"REST"},{"floor":49,"key":"REST"},{"floor":52,"key":"REST"}],"circlet_count":0,"master_deck":["Defend_B+1","Defend_B+1","Defend_B+1","Defend_B+1","Zap+1","Dualcast","Loop","Glacier","Barrage","Glacier","Conserve Battery","Undo","Sweeping Beam","Conserve Battery","Streamline","Electrodynamics","Cold Snap","Self Repair","Coolheaded+1","Cold Snap","Compile Driver","Hello World","Loop","Storm+1","Seek","Hologram","Consume+1","White Noise","Defragment+1","Tempest+1","Tempest","Redo+1","Ball Lightning+1","Capacitor","Defragment","Double Energy","Capacitor","Lockon+1"],"relics":["Fusion Hammer","Bloody Idol","Oddly Smooth Stone","Incense Burner","Bottled Tornado","Vajra","Snecko Eye","StoneCalendar","Mercury Hourglass","Darkstone Periapt","Unceasing Top","Nuclear Battery","Anchor","Matryoshka","MawBank","Art of War","Omamori","Blood Vial","The Courier","HornCleat"],"acts_visited":["Exordium","TheCity","TheBeyond","TheEnding"],"potions_floor_usage":[16,55,55],"damage_taken":[{"damage":0,"enemies":"2 Louse","floor":1,"turns":3},{"damage":4,"enemies":"Small Slimes","floor":2,"turns":4},{"damage":4,"enemies":"Lagavulin","floor":6,"turns":8},{"damage":0,"enemies":"Cultist","floor":7,"turns":4},{"damage":7,"enemies":"3 Sentries","floor":8,"turns":9},{"damage":0,"enemies":"Blue Slaver","floor":10,"turns":4},{"damage":0,"enemies":"Exordium Wildlife","floor":13,"turns":5},{"damage":0,"enemies":"Lagavulin","floor":14,"turns":7},{"damage":16,"enemies":"Slime Boss","floor":16,"turns":11},{"damage":0,"enemies":"Shell Parasite","floor":18,"turns":5},{"damage":10,"enemies":"3 Byrds","floor":21,"turns":5},{"damage":0,"enemies":"Book of Stabbing","floor":23,"turns":7},{"damage":1,"enemies":"Snake Plant","floor":24,"turns":4},{"damage":0,"enemies":"Sentry and Sphere","floor":25,"turns":4},{"damage":11,"enemies":"Slavers","floor":27,"turns":3},{"damage":28,"enemies":"Collector","floor":33,"turns":9},{"damage":0,"enemies":"Orb Walker","floor":35,"turns":4},{"damage":10,"enemies":"3 Shapes","floor":37,"turns":2},{"damage":2,"enemies":"Transient","floor":39,"turns":5},{"damage":0,"enemies":"Nemesis","floor":40,"turns":7},{"damage":0,"enemies":"Giant Head","floor":42,"turns":7},{"damage":0,"enemies":"4 Shapes","floor":46,"turns":2},{"damage":7,"enemies":"Spire Growth","floor":47,"turns":4},{"damage":24,"enemies":"Donu and Deca","floor":50,"turns":6},{"damage":59,"enemies":"Shield and Spear","floor":54,"turns":6},{"damage":34,"enemies":"The Heart","floor":55,"turns":3}],"seed_played":"4575324309989354288","potions_obtained":[{"floor":2,"key":"FearPotion"},{"floor":7,"key":"SmokeBomb"},{"floor":13,"key":"LiquidMemories"},{"floor":21,"key":"Energy Potion"},{"floor":33,"key":"PotionOfCapacity"},{"floor":37,"key":"BlessingOfTheForge"}],"is_trial":false,"path_per_floor":["M","M","?","?","?","E","M","E","T","M","?","R","M","E","R","B",null,"M","$","?","M","?","E","M","M","T","E","?","?","R","$","R","B",null,"M","?","M","$","M","E","R","E","T","$","T","M","M","$","R","B",null,"R","$","E","B"],"character_chosen":"DEFECT","items_purchased":["StoneCalendar","Anchor","White Noise","Capacitor","Defragment","Double Energy","Capacitor"],"campfire_rested":6,"item_purchase_floors":[19,38,38,48,48,48,53],"current_hp_per_floor":[75,71,71,69,55,51,51,44,44,44,44,64,64,64,64,48,69,69,69,69,59,59,66,69,69,69,58,58,58,69,69,69,53,69,69,69,69,69,69,69,69,69,69,69,69,69,69,69,69,52,69,69,69,29,0,0],"gold":74,"neow_bonus":"BOSS_RELIC","is_daily":false,"chose_seed":false,"campfire_upgraded":0,"win_rate":0.0,"timestamp":1611844654,"path_taken":["M","M","?","?","?","E","M","E","T","M","?","R","M","E","R","BOSS","M","?","?","?","?","E","M","M","T","E","?","?","R","$","R","BOSS","M","?","M","$","M","E","R","E","T","?","?","M","?","$","R","BOSS","R","$","E","BOSS"],"items_purchased_type":["Relic","Relic","Card","Card","Card","Card","Card"],"build_version":"2020-12-22","purchased_purges":1,"victory":false,"max_hp_per_floor":[75,75,75,69,69,69,69,69,69,69,69,69,69,69,69,69,69,69,69,69,69,69,69,69,69,69,69,69,69,69,69,69,69,69,69,69,69,69,69,69,69,69,69,69,69,69,69,69,69,69,69,69,69,69,69,69],"relic_stats":{"Darkstone Periapt":0,"Blood Vial":2,"counters":[26,138],"Bloody Idol":13,"Snecko Eye":[170,144,133,163],"StoneCalendar":[83],"Art of War":[8],"MawBank":72,"obtain_stats":[{"Darkstone Periapt":23,"Golden Idol":4,"Oddly Smooth Stone":6,"Vajra":14,"StoneCalendar":19,"The Courier":45,"Incense Burner":8,"Omamori":43,"Bottled Tornado":9,"MawBank":42,"Mercury Hourglass":22,"Nuclear Battery":34,"Blood Vial":45,"Anchor":38,"Matryoshka":40,"HornCleat":54,"Bloody Idol":28,"Snecko Eye":17,"Fusion Hammer":0,"Art of War":43,"Cracked Core":0,"Unceasing Top":27},{"Darkstone Periapt":12,"Golden Idol":2,"Oddly Smooth Stone":3,"Vajra":8,"StoneCalendar":10,"The Courier":21,"Incense Burner":5,"Omamori":21,"Bottled Tornado":5,"MawBank":21,"Mercury Hourglass":11,"Nuclear Battery":16,"Blood Vial":21,"Anchor":18,"Matryoshka":20,"HornCleat":25,"Bloody Idol":15,"Snecko Eye":9,"Fusion Hammer":0,"Art of War":21,"Cracked Core":0,"Unceasing Top":15},{"Darkstone Periapt":72,"Golden Idol":7,"Oddly Smooth Stone":15,"Vajra":44,"StoneCalendar":60,"The Courier":117,"Incense Burner":28,"Omamori":117,"Bottled Tornado":28,"MawBank":117,"Mercury Hourglass":65,"Nuclear Battery":92,"Blood Vial":117,"Anchor":98,"Matryoshka":110,"HornCleat":135,"Bloody Idol":83,"Snecko Eye":55,"Fusion Hammer":0,"Art of War":117,"Cracked Core":0,"Unceasing Top":83}],"Unceasing Top":[2],"Mercury Hourglass":[273]},"card_choices":[{"not_picked":["Beam Cell","Turbo"],"picked":"Loop","floor":1},{"not_picked":["Compile Driver","Storm"],"picked":"Glacier","floor":2},{"not_picked":["Go for the Eyes","Rip and Tear"],"picked":"Barrage","floor":6},{"not_picked":["Conserve Battery","Rip and Tear"],"picked":"Glacier","floor":7},{"not_picked":["Compile Driver","Redo"],"picked":"Conserve Battery","floor":8},{"not_picked":["Rebound","Force Field"],"picked":"Undo","floor":10},{"not_picked":["Gash","Rebound"],"picked":"Conserve Battery","floor":13},{"not_picked":["Turbo","Double Energy"],"picked":"Streamline","floor":14},{"not_picked":["Reboot","Machine Learning"],"picked":"Electrodynamics","floor":16},{"not_picked":["Rip and Tear","Steam+1"],"picked":"Cold Snap","floor":18},{"not_picked":["Go for the Eyes","Conserve Battery+1"],"picked":"Self Repair","floor":21},{"not_picked":["Self Repair","Glacier"],"picked":"Coolheaded+1","floor":23},{"not_picked":["Leap","Self Repair+1"],"picked":"Cold Snap","floor":24},{"not_picked":["Sunder","Conserve Battery"],"picked":"Compile Driver","floor":25},{"not_picked":["All For One","Chaos"],"picked":"Hello World","floor":27},{"not_picked":["All For One","Multi-Cast"],"picked":"Seek","floor":33},{"not_picked":["Stack+1","Fusion"],"picked":"Hologram","floor":35},{"not_picked":["Steam","Leap+1"],"picked":"Consume+1","floor":37},{"not_picked":["Streamline+1","Ball Lightning+1"],"picked":"Defragment+1","floor":39},{"not_picked":["Lockon+1","Scrape"],"picked":"Tempest+1","floor":40},{"not_picked":["Core Surge","Beam Cell"],"picked":"Tempest","floor":42},{"not_picked":["Sweeping Beam+1","Stack+1"],"picked":"Redo+1","floor":46},{"not_picked":["Barrage+1","Turbo+1"],"picked":"Ball Lightning+1","floor":47},{"not_picked":["Ball Lightning","White Noise+1"],"picked":"Lockon+1","floor":54}],"player_experience":131659,"relics_obtained":[{"floor":6,"key":"Oddly Smooth Stone"},{"floor":8,"key":"Incense Burner"},{"floor":9,"key":"Bottled Tornado"},{"floor":14,"key":"Vajra"},{"floor":23,"key":"Darkstone Periapt"},{"floor":27,"key":"Unceasing Top"},{"floor":40,"key":"Matryoshka"},{"floor":42,"key":"MawBank"},{"floor":43,"key":"Art of War"},{"floor":43,"key":"Omamori"},{"floor":45,"key":"Blood Vial"},{"floor":45,"key":"The Courier"},{"floor":54,"key":"HornCleat"}],"event_choices":[{"damage_healed":0,"gold_gain":0,"player_choice":"Grow","damage_taken":0,"max_hp_gain":0,"max_hp_loss":0,"event_name":"Living Wall","floor":3,"gold_loss":0,"cards_upgraded":["Zap"]},{"damage_healed":0,"gold_gain":0,"player_choice":"Lose Max HP","damage_taken":0,"relics_obtained":["Golden Idol"],"max_hp_gain":0,"max_hp_loss":6,"event_name":"Golden Idol","floor":4,"gold_loss":0},{"damage_healed":0,"gold_gain":0,"player_choice":"Entered Light","damage_taken":14,"max_hp_gain":0,"max_hp_loss":0,"event_name":"Shining Light","floor":5,"gold_loss":0,"cards_upgraded":["Defend_B","Defend_B"]},{"damage_healed":0,"gold_gain":0,"cards_transformed":["Strike_B"],"player_choice":"Transformed","damage_taken":0,"max_hp_gain":0,"max_hp_loss":0,"event_name":"Transmorgrifier","floor":11,"gold_loss":0,"cards_obtained":["Sweeping Beam"]},{"damage_healed":0,"gold_gain":0,"player_choice":"Simplicity","damage_taken":0,"max_hp_gain":0,"max_hp_loss":0,"event_name":"Back to Basics","floor":20,"gold_loss":0,"cards_upgraded":["Strike_B","Strike_B","Strike_B","Defend_B","Defend_B"]},{"damage_healed":0,"gold_gain":0,"player_choice":"Opened","damage_taken":0,"relics_obtained":["Mercury Hourglass"],"max_hp_gain":0,"max_hp_loss":0,"event_name":"The Mausoleum","floor":22,"gold_loss":0},{"damage_healed":0,"gold_gain":0,"player_choice":"Gave Idol","damage_taken":0,"relics_obtained":["Bloody Idol"],"max_hp_gain":0,"max_hp_loss":0,"event_name":"Forgotten Altar","floor":28,"relics_lost":["Golden Idol"],"gold_loss":0},{"damage_healed":0,"gold_gain":0,"cards_transformed":["Strike_B","Strike_B"],"player_choice":"Became Test Subject","damage_taken":0,"max_hp_gain":0,"max_hp_loss":0,"event_name":"Drug Dealer","floor":29,"gold_loss":0,"cards_obtained":["Loop","Storm"]},{"damage_healed":0,"gold_gain":0,"player_choice":"Forge","damage_taken":0,"max_hp_gain":0,"max_hp_loss":0,"event_name":"Accursed Blacksmith","floor":36,"gold_loss":0,"cards_upgraded":["Storm"]}],"is_beta":false,"boss_relics":[{"not_picked":["Black Star","Tiny House"],"picked":"Snecko Eye"},{"not_picked":["Runic Pyramid","Coffee Dripper"],"picked":"Nuclear Battery"}],"items_purged_floors":[38],"is_endless":false,"potions_floor_spawned":[2,7,13,21,33,37,39,47],"killed_by":"The Heart","ascension_level":3}}