{"host":"8a72fthmlk1o8pdb","time":1611853084,"event":{"mods":["AchievementEnabler","Aspiration","Astrologer","Bard","BaseMod","Beaked The Cultist","Better Skull","Better Third Choice","Colored Map","Colored Powertips","Downfall","Friendly Minions","GifTheSpireLib","Googly Eyes","Gremlin Mod","Hermit","Jorbs\u0027s Wanderer Trilogy","Marisa????????","Minty Spire (QoL Compilation)","Permanent Neow","Random Character Button","Rare Cards Sparkle","Robot Space Explorer","Shop Mod","Somnambulant","StSLib","The Animator","The Construct","The Cursed","The Disciple","The Hayseed","The Hierophant","The Marked","The Necromancer","The Poker Player","The Problem Sleuth","The Runesmith","thorton"],"gold_per_floor":[119,129,304,321,336,336,336,365,391,391,408,435,39,58,58,58,58],"floor_reached":16,"language":"ENG","playtime":900,"items_purged":[],"score":112,"play_id":"c1d5efbf-eb22-4c10-9415-e172b439d836","local_time":"20210128085804","is_ascension_mode":false,"campfire_choices":[{"data":"theMarked:SoldierOfQuellstein","floor":6,"key":"SMITH"},{"data":"theMarked:EternalStudent","floor":15,"key":"SMITH"}],"circlet_count":0,"master_deck":["theMarked:Strike","theMarked:Strike","theMarked:Strike","theMarked:Strike","theMarked:Strike","theMarked:Defend","theMarked:Defend","theMarked:Defend","theMarked:Defend","theMarked:SoldierOfQuellstein+1","theMarked:ShockingTouch","theMarked:SwordAndMagic","Doubt","theMarked:Improvise","theMarked:Improvise","theMarked:EnhanceMovement","theMarked:Reabsorb","theMarked:ElectricStrings+1","theMarked:EternalStudent+1"],"relics":["theMarked:ArtifactOfAir","aspiration:Nostalgia","bronze:BronzeCore","Ancient Tea Set","Molten Egg 2","Bag of Preparation","TheSimpletonMod:PicklingJar","theMarked:NailFile","Pantograph","Vajra"],"acts_visited":["Exordium"],"potions_floor_usage":[8,8],"damage_taken":[{"damage":1,"enemies":"Cultist","floor":1,"turns":3},{"damage":0,"enemies":"Small Slimes","floor":2,"turns":2},{"damage":6,"enemies":"Jaw Worm","floor":4,"turns":3},{"damage":0,"enemies":"3 Louse","floor":5,"turns":2},{"damage":18,"enemies":"Gremlin Nob","floor":8,"turns":3},{"damage":0,"enemies":"Looter","floor":11,"turns":2},{"damage":26,"enemies":"Lagavulin","floor":12,"turns":5},{"damage":4,"enemies":"Blue Slaver","floor":14,"turns":2},{"damage":45,"enemies":"The Guardian","floor":16,"turns":7}],"seed_played":"2118515057604575330","potions_obtained":[{"floor":2,"key":"PowerPotion"},{"floor":5,"key":"Weak Potion"}],"is_trial":false,"path_per_floor":["M","M","?","M","M","R","T","E","T","?","M","E","$","M","R","B"],"character_chosen":"THE_DEFAULT","items_purchased":["Pantograph","Vajra"],"campfire_rested":0,"item_purchase_floors":[13,13],"current_hp_per_floor":[69,69,69,63,63,63,63,45,45,45,45,19,19,15,15,0,0],"gold":58,"neow_bonus":"NOSTALGIA","is_daily":false,"chose_seed":false,"campfire_upgraded":2,"win_rate":0.0,"timestamp":1611853084,"path_taken":["M","?","?","M","M","R","?","E","T","?","M","E","$","M","R","BOSS"],"items_purchased_type":["Relic","Relic"],"build_version":"2020-12-22","purchased_purges":0,"victory":false,"max_hp_per_floor":[70,70,70,70,70,70,70,70,70,70,70,70,70,70,70,70,70],"card_choices":[{"not_picked":["theMarked:WastefulAttack","theMarked:Parry"],"picked":"theMarked:ShockingTouch","floor":1},{"not_picked":["theMarked:TakeCover","theMarked:LightningStrikesTwice"],"picked":"theMarked:SwordAndMagic","floor":2},{"not_picked":["theMarked:StartUp","theMarked:TwofoldDefense"],"picked":"theMarked:Improvise","floor":4},{"not_picked":["theMarked:Aftermath","theMarked:Memento"],"picked":"theMarked:Improvise","floor":5},{"not_picked":["theMarked:RepellingDischarge","theMarked:TwofoldDefense"],"picked":"theMarked:EnhanceMovement","floor":8},{"not_picked":["theMarked:Parry","theMarked:BanishingWave+1"],"picked":"theMarked:Reabsorb","floor":11},{"not_picked":["theMarked:Frustration+1","theMarked:WastefulAttack+1"],"picked":"theMarked:ElectricStrings+1","floor":12},{"not_picked":["theMarked:StartUp+1","theMarked:EnhanceMovement"],"picked":"theMarked:EternalStudent","floor":14}],"player_experience":81870,"relics_obtained":[{"floor":7,"key":"Ancient Tea Set"},{"floor":8,"key":"Molten Egg 2"},{"floor":9,"key":"Bag of Preparation"},{"floor":12,"key":"theMarked:NailFile"}],"event_choices":[{"damage_healed":0,"gold_gain":175,"player_choice":"AGREE","damage_taken":129,"max_hp_gain":0,"max_hp_loss":0,"event_name":"betterThird:BetterSerpent","floor":3,"gold_loss":0},{"damage_healed":0,"gold_gain":0,"player_choice":"Searched \u00271\u0027 times","damage_taken":0,"relics_obtained":["TheSimpletonMod:PicklingJar"],"max_hp_gain":0,"max_hp_loss":0,"event_name":"Dead Adventurer","floor":10,"gold_loss":0}],"is_beta":false,"boss_relics":[],"items_purged_floors":[],"is_endless":false,"potions_floor_spawned":[2,5],"killed_by":"The Guardian","ascension_level":0}}