{"host":"rolltorest","time":1611870874,"event":{"mods":["BaseMod","Jorbs\u0027s Wanderer Trilogy","Koishi","Minty Spire (QoL Compilation)","Relic Stats","Robot Space Explorer","Slay the Relics Exporter","StSLib","The Servant 0.9.4"],"gold_per_floor":[111,126,401,11,24,24,54,54,54,82,82,95,69,86,86,165,165,191,79,105,136,150,150,177,217,217,226,266,304,304,331,331,419,419,440,440,459,681,733,774,803,841,841,860,893,747,747,781,781,781,781,781,781,248,248,248],"floor_reached":55,"language":"ENG","playtime":2335,"items_purged":["Regret","RobotSpaceExplorer:Defend","RobotSpaceExplorer:Defend"],"score":2517,"play_id":"e0089975-4bd0-4b97-8532-d289607fecdc","local_time":"20210128135434","is_ascension_mode":true,"campfire_choices":[{"data":"RobotSpaceExplorer:FrostMissile","floor":6,"key":"SMITH"},{"data":"RobotSpaceExplorer:PlasmaMissile","floor":8,"key":"SMITH"},{"data":"RobotSpaceExplorer:Ammunition","floor":15,"key":"SMITH"},{"data":"RobotSpaceExplorer:TurboDodge","floor":23,"key":"SMITH"},{"data":"Writhe","floor":30,"key":"PURGE"},{"data":"RobotSpaceExplorer:Explosion","floor":32,"key":"SMITH"},{"floor":47,"key":"REST"},{"floor":49,"key":"RECALL"},{"data":"RobotSpaceExplorer:Explosion","floor":53,"key":"SMITH"}],"circlet_count":0,"master_deck":["AscendersBane","RobotSpaceExplorer:Defend","RobotSpaceExplorer:Defend","RobotSpaceExplorer:Scan","RobotSpaceExplorer:MiniLasers","RobotSpaceExplorer:StarLightning+1","RobotSpaceExplorer:DroneSwarm+1","RobotSpaceExplorer:HighVoltage+1","RobotSpaceExplorer:ScrapMissile","RobotSpaceExplorer:SurgingShield","RobotSpaceExplorer:FrostMissile+1","RobotSpaceExplorer:PlasmaMissile+1","RobotSpaceExplorer:GearShield","RobotSpaceExplorer:Ammunition+1","RobotSpaceExplorer:GearShield","RobotSpaceExplorer:TurboDodge+1","RobotSpaceExplorer:DoubleFind","RobotSpaceExplorer:MakeshiftVolley","RobotSpaceExplorer:DoubleBlock+1","RobotSpaceExplorer:FrostMissile","RobotSpaceExplorer:Electropulse","RobotSpaceExplorer:SelfCleaning+1","RobotSpaceExplorer:Explosion+1","RobotSpaceExplorer:Explosion+1","RobotSpaceExplorer:Fix+1","RobotSpaceExplorer:Electroshield+1","RobotSpaceExplorer:Blitz+1","RobotSpaceExplorer:LaserBurst+1","RobotSpaceExplorer:DualCore","RobotSpaceExplorer:Comet+1","RobotSpaceExplorer:Blitz+1"],"relics":["Astrolabe","Membership Card","Pocketwatch","Question Card","Gremlin Horn","Incense Burner","Snecko Eye","CeramicFish","Red Mask","WingedGreaves","Toxic Egg 2","Peace Pipe","Kunai","CaptainsWheel","Art of War","RobotSpaceExplorer:Reprocessor","RobotSpaceExplorer:RingOfTheNewt","Molten Egg 2","Darkstone Periapt","Lantern","DollysMirror","Anchor","OrangePellets","Dead Branch","Bottled Tornado"],"acts_visited":["Exordium","TheCity","TheBeyond","TheEnding"],"potions_floor_usage":[16,20,25,25,28,31,39,45],"damage_taken":[{"damage":0,"enemies":"Cultist","floor":1,"turns":3},{"damage":0,"enemies":"2 Louse","floor":2,"turns":3},{"damage":4,"enemies":"Small Slimes","floor":5,"turns":2},{"damage":9,"enemies":"Gremlin Nob","floor":7,"turns":4},{"damage":2,"enemies":"Lagavulin","floor":10,"turns":5},{"damage":0,"enemies":"Red Slaver","floor":12,"turns":3},{"damage":0,"enemies":"3 Louse","floor":14,"turns":2},{"damage":0,"enemies":"The Guardian","floor":16,"turns":11},{"damage":0,"enemies":"Spheric Guardian","floor":18,"turns":3},{"damage":0,"enemies":"3 Byrds","floor":20,"turns":2},{"damage":0,"enemies":"Masked Bandits","floor":21,"turns":2},{"damage":0,"enemies":"Centurion and Healer","floor":22,"turns":4},{"damage":0,"enemies":"Shelled Parasite and Fungi","floor":24,"turns":7},{"damage":1,"enemies":"Gremlin Leader","floor":25,"turns":4},{"damage":10,"enemies":"Slavers","floor":28,"turns":2},{"damage":0,"enemies":"Book of Stabbing","floor":29,"turns":5},{"damage":14,"enemies":"Slavers","floor":31,"turns":2},{"damage":6,"enemies":"Champ","floor":33,"turns":8},{"damage":2,"enemies":"3 Shapes","floor":35,"turns":3},{"damage":0,"enemies":"Orb Walker","floor":37,"turns":2},{"damage":10,"enemies":"2 Orb Walkers","floor":39,"turns":4},{"damage":0,"enemies":"Reptomancer","floor":40,"turns":5},{"damage":7,"enemies":"4 Shapes","floor":41,"turns":3},{"damage":0,"enemies":"Giant Head","floor":42,"turns":8},{"damage":28,"enemies":"Transient","floor":44,"turns":6},{"damage":31,"enemies":"Nemesis","floor":45,"turns":7},{"damage":1,"enemies":"Giant Head","floor":48,"turns":7},{"damage":0,"enemies":"Donu and Deca","floor":50,"turns":8},{"damage":9,"enemies":"Time Eater","floor":51,"turns":12},{"damage":110,"enemies":"Shield and Spear","floor":55,"turns":5}],"seed_played":"5278958335730215807","potions_obtained":[{"floor":1,"key":"Explosive Potion"},{"floor":10,"key":"EssenceOfSteel"},{"floor":18,"key":"LiquidBronze"},{"floor":29,"key":"EssenceOfSteel"},{"floor":37,"key":"Block Potion"},{"floor":42,"key":"Ancient Potion"},{"floor":44,"key":"Energy Potion"},{"floor":45,"key":"SkillPotion"}],"is_trial":false,"path_per_floor":["M","M","?","$","M","R","E","R","T","E","?","M","$","M","R","B",null,"M","$","M","?","M","R","M","E","T","?","E","E","R","E","R","B",null,"M","?","M","?","?","E","M","E","T","M","E","$","R","E","R","B","B",null,"R","$","E"],"character_chosen":"RobotSpaceExplorer","items_purchased":["Membership Card","Pocketwatch","RobotSpaceExplorer:SurgingShield","RobotSpaceExplorer:Ammunition","RobotSpaceExplorer:DoubleFind","RobotSpaceExplorer:MakeshiftVolley","RobotSpaceExplorer:Comet+1","DollysMirror","OrangePellets","Dead Branch","Bottled Tornado","FairyPotion","SteroidPotion"],"campfire_rested":1,"item_purchase_floors":[4,4,4,13,19,19,46,46,54,54,54,54,54],"current_hp_per_floor":[64,64,64,64,60,60,51,51,51,49,49,49,49,49,49,49,66,66,66,66,66,66,66,66,65,65,65,55,55,55,41,41,35,62,60,60,66,66,62,62,61,61,61,39,14,14,34,39,39,45,42,61,61,61,0,0],"gold":248,"neow_bonus":"BOSS_RELIC","is_daily":false,"chose_seed":false,"campfire_upgraded":6,"win_rate":0.0,"timestamp":1611870874,"path_taken":["M","?","?","?","M","R","E","R","T","E","?","M","$","?","R","BOSS","M","$","M","?","M","R","M","E","T","?","E","E","R","E","R","BOSS","M","?","M","?","?","E","M","E","T","M","E","$","R","E","R","BOSS","BOSS","R","$","E"],"items_purchased_type":["Relic","Relic","Card","Card","Card","Card","Card","Relic","Relic","Relic","Relic","Potion","Potion"],"build_version":"2020-12-18","purchased_purges":3,"victory":false,"max_hp_per_floor":[71,71,71,71,71,71,71,71,71,71,71,71,71,71,71,71,71,71,71,71,71,71,71,71,71,71,71,71,71,71,71,71,71,71,71,67,67,67,67,67,67,67,67,67,67,67,67,67,67,67,67,67,67,67,67,67],"relic_stats":{"Darkstone Periapt":0,"Gremlin Horn":[19,20],"counters":[30,142],"Astrolabe":["RobotSpaceExplorer:StarLightning","RobotSpaceExplorer:DroneSwarm","RobotSpaceExplorer:HighVoltage"],"CeramicFish":153,"Dead Branch":[12],"Question Card":23,"Peace Pipe":1,"OrangePellets":[1],"Snecko Eye":[199,204,200,171],"Art of War":[11],"Kunai":[74],"obtain_stats":[{"Darkstone Periapt":42,"Lantern":45,"Gremlin Horn":9,"CeramicFish":18,"Incense Burner":10,"Bottled Tornado":54,"DollysMirror":46,"WingedGreaves":25,"Red Mask":21,"Kunai":28,"Toxic Egg 2":26,"Astrolabe":0,"Dead Branch":54,"RobotSpaceExplorer:RoboCore":0,"RobotSpaceExplorer:RingOfTheNewt":39,"RobotSpaceExplorer:Reprocessor":34,"Question Card":7,"Peace Pipe":27,"OrangePellets":54,"CaptainsWheel":29,"Anchor":48,"Snecko Eye":17,"Molten Egg 2":40,"Art of War":31,"Membership Card":4,"Pocketwatch":4},{"Darkstone Periapt":24,"Lantern":26,"Gremlin Horn":4,"CeramicFish":9,"Incense Burner":5,"Bottled Tornado":29,"DollysMirror":26,"WingedGreaves":14,"Red Mask":11,"Kunai":15,"Toxic Egg 2":14,"Astrolabe":0,"Dead Branch":29,"RobotSpaceExplorer:RoboCore":0,"RobotSpaceExplorer:RingOfTheNewt":21,"RobotSpaceExplorer:Reprocessor":18,"Question Card":4,"Peace Pipe":14,"OrangePellets":29,"CaptainsWheel":16,"Anchor":27,"Snecko Eye":8,"Molten Egg 2":22,"Art of War":17,"Membership Card":2,"Pocketwatch":2},{"Darkstone Periapt":97,"Lantern":110,"Gremlin Horn":12,"CeramicFish":36,"Incense Burner":17,"Bottled Tornado":137,"DollysMirror":110,"WingedGreaves":55,"Red Mask":40,"Kunai":57,"Toxic Egg 2":55,"Astrolabe":0,"Dead Branch":137,"RobotSpaceExplorer:RoboCore":0,"RobotSpaceExplorer:RingOfTheNewt":81,"RobotSpaceExplorer:Reprocessor":72,"Question Card":12,"Peace Pipe":55,"OrangePellets":137,"CaptainsWheel":62,"Anchor":117,"Snecko Eye":33,"Molten Egg 2":86,"Art of War":64,"Membership Card":6,"Pocketwatch":6}],"Pocketwatch":[97]},"card_choices":[{"not_picked":["RobotSpaceExplorer:ToxicBomb","RobotSpaceExplorer:StunGrenade"],"picked":"RobotSpaceExplorer:ScrapMissile","floor":1},{"not_picked":["RobotSpaceExplorer:BigMissile","RobotSpaceExplorer:StunGrenade","RobotSpaceExplorer:FranticSearch"],"picked":"SKIP","floor":2},{"not_picked":["RobotSpaceExplorer:FreezeRay","RobotSpaceExplorer:LuckyStrike"],"picked":"RobotSpaceExplorer:FrostMissile","floor":5},{"not_picked":["RobotSpaceExplorer:MiniDrones","RobotSpaceExplorer:GlueShot"],"picked":"RobotSpaceExplorer:PlasmaMissile","floor":7},{"not_picked":["RobotSpaceExplorer:ImprovisedAttack","RobotSpaceExplorer:ScrapToss","RobotSpaceExplorer:LaserBurst"],"picked":"RobotSpaceExplorer:GearShield","floor":10},{"not_picked":["RobotSpaceExplorer:Counterblock","RobotSpaceExplorer:FranticSearch","RobotSpaceExplorer:ScrapMissile","RobotSpaceExplorer:ImprovisedAttack"],"picked":"SKIP","floor":12},{"not_picked":["RobotSpaceExplorer:Jetpack","RobotSpaceExplorer:Probe","RobotSpaceExplorer:GlueShot"],"picked":"RobotSpaceExplorer:GearShield","floor":14},{"not_picked":["RobotSpaceExplorer:Wormhole","RobotSpaceExplorer:DroneSwarm","RobotSpaceExplorer:BlastShield"],"picked":"RobotSpaceExplorer:Exploration","floor":16},{"not_picked":["RobotSpaceExplorer:Smokescreen","RobotSpaceExplorer:GlueShot","RobotSpaceExplorer:ShovelStrike"],"picked":"RobotSpaceExplorer:TurboDodge","floor":18},{"not_picked":["RobotSpaceExplorer:SurgingStrike","RobotSpaceExplorer:ImprovisedAttack","RobotSpaceExplorer:Pulsar"],"picked":"RobotSpaceExplorer:DoubleBlock+1","floor":20},{"not_picked":["RobotSpaceExplorer:SwiftStep","RobotSpaceExplorer:ScrapMissile","RobotSpaceExplorer:MetalStrike","RobotSpaceExplorer:Jetpack"],"picked":"SKIP","floor":22},{"not_picked":["RobotSpaceExplorer:MiniDrones","RobotSpaceExplorer:ScrapToss","RobotSpaceExplorer:ScrapMissile"],"picked":"RobotSpaceExplorer:FrostMissile","floor":24},{"not_picked":["RobotSpaceExplorer:MiniDrones","RobotSpaceExplorer:SurgingShield","RobotSpaceExplorer:Ammunition"],"picked":"RobotSpaceExplorer:Electropulse","floor":25},{"not_picked":["RobotSpaceExplorer:DualCore","RobotSpaceExplorer:FreezingShield+1","RobotSpaceExplorer:RigExplosive+1"],"picked":"RobotSpaceExplorer:SelfCleaning+1","floor":28},{"not_picked":["RobotSpaceExplorer:MiniDrones","RobotSpaceExplorer:MetalStrike+1","RobotSpaceExplorer:SurgingStrike"],"picked":"RobotSpaceExplorer:Explosion","floor":29},{"not_picked":["RobotSpaceExplorer:ExhaustFan","RobotSpaceExplorer:FrostMissile+1","RobotSpaceExplorer:Wormhole+1","RobotSpaceExplorer:Ammunition+1"],"picked":"SKIP","floor":31},{"not_picked":["RobotSpaceExplorer:DroneSwarm","RobotSpaceExplorer:ChargingLaser","RobotSpaceExplorer:Multitool"],"picked":"RobotSpaceExplorer:Explosion","floor":33},{"not_picked":["RobotSpaceExplorer:Counterblock+1","RobotSpaceExplorer:LuckyStrike","RobotSpaceExplorer:MiniDrones"],"picked":"RobotSpaceExplorer:Fix+1","floor":35},{"not_picked":["RobotSpaceExplorer:FranticSearch+1","RobotSpaceExplorer:Counterblock+1","RobotSpaceExplorer:SlimeMissile+1","RobotSpaceExplorer:SurgingStrike"],"picked":"SKIP","floor":37},{"not_picked":["RobotSpaceExplorer:MiniBoosters","RobotSpaceExplorer:ScrapToss+1","RobotSpaceExplorer:PowerCollector"],"picked":"RobotSpaceExplorer:Electroshield+1","floor":40},{"not_picked":["RobotSpaceExplorer:SlimeMissile+1","RobotSpaceExplorer:ShovelStrike+1","RobotSpaceExplorer:PlasmaMissile+1"],"picked":"RobotSpaceExplorer:Blitz+1","floor":41},{"not_picked":["RobotSpaceExplorer:FreezingShield+1","RobotSpaceExplorer:StunGrenade+1","RobotSpaceExplorer:Ammunition+1"],"picked":"RobotSpaceExplorer:LaserBurst+1","floor":42},{"not_picked":["RobotSpaceExplorer:PlasmaMissile+1","RobotSpaceExplorer:StunGrenade+1","RobotSpaceExplorer:SelfCleaning+1"],"picked":"RobotSpaceExplorer:DualCore","floor":44},{"not_picked":["RobotSpaceExplorer:MiniDrones+1","RobotSpaceExplorer:StunGrenade+1","RobotSpaceExplorer:SurgingShield+1","RobotSpaceExplorer:PowerCollector"],"picked":"SKIP","floor":45},{"not_picked":["RobotSpaceExplorer:SurgingShield+1","RobotSpaceExplorer:Counterblock+1","RobotSpaceExplorer:IronShell+1","RobotSpaceExplorer:StunGrenade+1"],"picked":"SKIP","floor":48}],"player_experience":2260807,"relics_obtained":[{"floor":7,"key":"Question Card"},{"floor":9,"key":"Gremlin Horn"},{"floor":10,"key":"Incense Burner"},{"floor":18,"key":"CeramicFish"},{"floor":21,"key":"Red Mask"},{"floor":25,"key":"WingedGreaves"},{"floor":26,"key":"Toxic Egg 2"},{"floor":28,"key":"Kunai"},{"floor":29,"key":"CaptainsWheel"},{"floor":31,"key":"Art of War"},{"floor":39,"key":"RobotSpaceExplorer:RingOfTheNewt"},{"floor":40,"key":"Molten Egg 2"},{"floor":42,"key":"Darkstone Periapt"},{"floor":45,"key":"Lantern"},{"floor":48,"key":"Anchor"}],"event_choices":[{"damage_healed":0,"gold_gain":275,"player_choice":"Desecrate","damage_taken":0,"max_hp_gain":0,"max_hp_loss":0,"event_name":"Golden Shrine","floor":3,"gold_loss":0,"cards_obtained":["Regret"]},{"cards_removed":["RobotSpaceExplorer:Strike"],"damage_healed":0,"gold_gain":0,"player_choice":"Offered Basic","damage_taken":0,"max_hp_gain":0,"max_hp_loss":0,"event_name":"Bonfire Elementals","floor":11,"gold_loss":0},{"damage_healed":0,"gold_gain":0,"player_choice":"Fought Bandits","damage_taken":0,"max_hp_gain":0,"max_hp_loss":0,"event_name":"Masked Bandits","floor":21,"gold_loss":0},{"damage_healed":0,"gold_gain":0,"player_choice":"Opened","damage_taken":0,"relics_obtained":["Peace Pipe"],"max_hp_gain":0,"max_hp_loss":0,"event_name":"The Mausoleum","floor":27,"gold_loss":0,"cards_obtained":["Writhe"]},{"damage_healed":0,"gold_gain":0,"player_choice":"Max HP","damage_taken":0,"max_hp_gain":0,"max_hp_loss":4,"event_name":"Winding Halls","floor":36,"gold_loss":0},{"damage_healed":0,"gold_gain":222,"player_choice":"Wore Mask","damage_taken":0,"max_hp_gain":0,"max_hp_loss":0,"event_name":"Tomb of Lord Red Mask","floor":38,"gold_loss":0},{"damage_healed":0,"gold_gain":0,"player_choice":"Fight","damage_taken":0,"max_hp_gain":0,"max_hp_loss":0,"event_name":"Mysterious Sphere","floor":39,"gold_loss":0}],"is_beta":true,"boss_relics":[{"not_picked":["Runic Dome","Busted Crown"],"picked":"Snecko Eye"},{"not_picked":["Black Star","Velvet Choker"],"picked":"RobotSpaceExplorer:Reprocessor"}],"items_purged_floors":[4,19,54],"is_endless":false,"potions_floor_spawned":[1,10,14,18,22,24,29,37,42,44,45],"killed_by":"Shield and Spear","ascension_level":20}}