{"host":"uom2h1y0l20ikqvv","time":1611874801,"event":{"mods":["BaseMod","Downfall","Minty Spire (QoL Compilation)","StSLib"],"gold_per_floor":[112,129,129,146,27,56,69,69,69,69,29,29,40,5,5,100,100,113,124,124,34,34,34,45,57,82,93,93,111,142,152,152,152,152],"floor_reached":33,"language":"ENG","playtime":1484,"items_purged":[],"score":269,"play_id":"8127e3e9-73c0-4a7e-9ab6-96f26358a252","local_time":"20210128230001","is_ascension_mode":false,"campfire_choices":[{"floor":8,"key":"REST"},{"data":"Echo Form","floor":10,"key":"SMITH"},{"floor":15,"key":"REST"},{"floor":23,"key":"REST"},{"floor":28,"key":"REST"},{"floor":32,"key":"REST"}],"circlet_count":0,"master_deck":["Strike_B+1","Strike_B","Strike_B","Strike_B","Defend_B","Defend_B","Defend_B","Defend_B","Zap","Dualcast","Conserve Battery","Sweeping Beam+1","Gash","Loop","Cold Snap","Echo Form+1","Ball Lightning","Leap","Echo Form","Chaos","Self Repair","Conserve Battery","Double Energy","Melter","Leap","Cold Snap+1","Static Discharge","Lockon"],"relics":["FrozenCore","Oddly Smooth Stone","Whetstone","White Beast Statue","Lantern","Mummified Hand"],"acts_visited":["Exordium","TheCity"],"potions_floor_usage":[7,16,16,25,25,27,29,30,30,31,33],"damage_taken":[{"damage":2,"enemies":"Jaw Worm","floor":1,"turns":4},{"damage":1,"enemies":"Cultist","floor":2,"turns":4},{"damage":2,"enemies":"Small Slimes","floor":4,"turns":3},{"damage":52,"enemies":"Gremlin Nob","floor":6,"turns":5},{"damage":0,"enemies":"Exordium Thugs","floor":7,"turns":3},{"damage":5,"enemies":"Blue Slaver","floor":13,"turns":3},{"damage":30,"enemies":"Hexaghost","floor":16,"turns":11},{"damage":8,"enemies":"3 Byrds","floor":18,"turns":4},{"damage":12,"enemies":"Chosen","floor":19,"turns":6},{"damage":37,"enemies":"Snake Plant","floor":24,"turns":8},{"damage":25,"enemies":"Shelled Parasite and Fungi","floor":25,"turns":8},{"damage":16,"enemies":"Sentry and Sphere","floor":27,"turns":4},{"damage":4,"enemies":"Snecko","floor":29,"turns":5},{"damage":8,"enemies":"Book of Stabbing","floor":30,"turns":6},{"damage":16,"enemies":"Centurion and Healer","floor":31,"turns":5},{"damage":75,"enemies":"Automaton","floor":33,"turns":10}],"seed_played":"7705040271519307428","potions_obtained":[{"floor":6,"key":"Block Potion"},{"floor":11,"key":"ColorlessPotion"},{"floor":11,"key":"Weak Potion"},{"floor":11,"key":"Fire Potion"},{"floor":16,"key":"SkillPotion"},{"floor":18,"key":"SkillPotion"},{"floor":19,"key":"PotionOfCapacity"},{"floor":25,"key":"Fire Potion"},{"floor":27,"key":"AttackPotion"},{"floor":29,"key":"LiquidBronze"},{"floor":30,"key":"PowerPotion"},{"floor":31,"key":"PotionOfCapacity"}],"is_trial":false,"path_per_floor":["M","M","?","M","$","E","M","R","T","R","?","$","M","?","R","B",null,"M","M","?","$","?","R","M","M","T","M","R","M","E","M","R","B"],"character_chosen":"DEFECT","items_purchased":["Loop","Cold Snap","Self Repair","Conserve Battery"],"campfire_rested":5,"item_purchase_floors":[5,5,21,21],"current_hp_per_floor":[73,72,72,70,70,18,18,40,40,40,40,40,35,53,75,45,75,67,55,41,41,41,65,35,24,24,15,39,42,48,46,70,0,0],"gold":152,"neow_bonus":"RANDOM_COMMON_RELIC","is_daily":false,"chose_seed":false,"campfire_upgraded":1,"win_rate":0.0,"timestamp":1611874801,"path_taken":["M","M","?","?","?","E","M","R","T","R","?","$","?","?","R","BOSS","M","M","?","?","?","R","M","?","T","M","R","M","E","M","R","BOSS"],"items_purchased_type":["Card","Card","Card","Card"],"build_version":"2020-12-22","purchased_purges":0,"victory":false,"max_hp_per_floor":[75,75,75,75,75,75,75,75,75,75,75,75,75,75,75,75,75,75,75,80,80,80,80,80,80,80,80,80,80,80,80,80,80,80],"card_choices":[{"not_picked":["Compile Driver","Sweeping Beam"],"picked":"Conserve Battery","floor":1},{"not_picked":["Coolheaded","Gash"],"picked":"Sweeping Beam","floor":2},{"not_picked":["Machine Learning","Aggregate"],"picked":"Gash","floor":4},{"not_picked":["BootSequence","Cold Snap"],"picked":"Echo Form","floor":6},{"not_picked":["Rip and Tear","Chill"],"picked":"Ball Lightning","floor":7},{"not_picked":["Steam","Sweeping Beam"],"picked":"Leap","floor":13},{"not_picked":["Multi-Cast","All For One"],"picked":"Echo Form","floor":16},{"not_picked":["Sweeping Beam","Heatsinks"],"picked":"Chaos","floor":18},{"not_picked":["Tempest","Rip and Tear","Rebound"],"picked":"SKIP","floor":19},{"not_picked":["Ball Lightning","Gash+1"],"picked":"Melter","floor":24},{"not_picked":["Barrage","Force Field"],"picked":"Leap","floor":25},{"not_picked":["Steam","Storm"],"picked":"Cold Snap+1","floor":27},{"not_picked":["Ball Lightning+1","Hologram"],"picked":"Static Discharge","floor":29},{"not_picked":["Blizzard","Steam"],"picked":"Lockon","floor":30},{"not_picked":["Undo","Compile Driver+1","Coolheaded+1"],"picked":"SKIP","floor":31}],"player_experience":55777,"relics_obtained":[{"floor":6,"key":"Whetstone"},{"floor":9,"key":"White Beast Statue"},{"floor":26,"key":"Lantern"},{"floor":30,"key":"Mummified Hand"}],"event_choices":[{"damage_healed":0,"gold_gain":0,"player_choice":"Ignored","damage_taken":0,"max_hp_gain":0,"max_hp_loss":0,"event_name":"Purifier","floor":3,"gold_loss":0},{"damage_healed":0,"gold_gain":0,"player_choice":"Bought 3 Potions","damage_taken":0,"max_hp_gain":0,"max_hp_loss":0,"event_name":"The Woman in Blue","floor":11,"gold_loss":0},{"damage_healed":18,"gold_gain":0,"player_choice":"Healed","damage_taken":0,"max_hp_gain":0,"max_hp_loss":0,"event_name":"The Cleric","floor":14,"gold_loss":35},{"damage_healed":0,"gold_gain":0,"player_choice":"Shed Blood","damage_taken":19,"max_hp_gain":5,"max_hp_loss":0,"event_name":"Forgotten Altar","floor":20,"gold_loss":0},{"damage_healed":0,"gold_gain":0,"player_choice":"1 cards matched","damage_taken":0,"max_hp_gain":0,"max_hp_loss":0,"event_name":"Match and Keep!","floor":22,"gold_loss":0,"cards_obtained":["Double Energy"]}],"is_beta":false,"boss_relics":[{"not_picked":["Tiny House","Calling Bell"],"picked":"FrozenCore"}],"items_purged_floors":[],"is_endless":false,"potions_floor_spawned":[6,13,16,18,19,24,25,27,29,30,31],"killed_by":"Automaton","ascension_level":0}}