{"host":"alk2ftu785mujiir","time":1611792630,"event":{"mods":["BaseMod","Colored Map","Downfall","Minty Spire (QoL Compilation)","StSLib"],"gold_per_floor":[99,118,129,143,8,8,54,68,85,95,127,127,127,139,155,250,250,250,260,360,376,395,406,406,441,441,458,458,486,486,43,63,158,158,158,172,182,182,81,81,81,99,131,148,162,162,62,80,96,96],"floor_reached":51,"language":"ENG","playtime":2380,"items_purged":["bronze:Strike","bronze:Strike","bronze:Goto"],"score":812,"play_id":"6370df6a-881e-4a58-89cd-4fb5532e30cb","local_time":"20210127191030","is_ascension_mode":true,"campfire_choices":[{"data":"bronze:Replicate","floor":1.0,"key":"SMITH"},{"data":"bronze:Iterate","floor":6.0,"key":"SMITH"},{"data":"bronze:Separator","floor":12.0,"key":"SMITH"},{"data":"bronze:InfiniteLoop","floor":18.0,"key":"SMITH"},{"floor":28.0,"key":"REST"},{"data":"bronze:Flail","floor":35,"key":"SMITH"},{"floor":40,"key":"RECALL"},{"floor":47,"key":"REST"}],"circlet_count":0,"master_deck":["bronze:Defend","bronze:Defend","bronze:Defend","bronze:Replicate+1","bronze:Separator+1","bronze:Safeguard","bronze:Constructor","bronze:FineTuning","bronze:Iterate+1","bronze:Fortify","bronze:OilSpill","bronze:Frontload","bronze:DelayedGuard","bronze:Philosophize","bronze:InfiniteLoop+1","bronze:BronzeOrb+1","bronze:WhirlingStrike+1","bronze:Iterate","bronze:Verify","bronze:Iterate","bronze:Repair","bronze:Flail+1","bronze:Fortify","bronze:Repair"],"relics":["bronze:BronzeCore","Lantern","Lizard Tail","Philosopher\u0027s Stone","downfall:GremlinWheel","Mercury Hourglass","Art of War","Tiny Chest","Bottled Tornado","hexamod:BolsterEngine","hexamod:CandleOfCauterizing","expansioncontent:StudyCardRelic","Strawberry","Guardian:PocketSentry","Mango","Ancient Tea Set","downfall:HeartBlessingRed"],"acts_visited":["Exordium","TheCity","TheBeyond"],"potions_floor_usage":[45,50,50],"damage_taken":[{"damage":0.0,"enemies":"Cultist","floor":2.0,"turns":3.0},{"damage":6.0,"enemies":"Jaw Worm","floor":3.0,"turns":2.0},{"damage":0.0,"enemies":"Small Slimes","floor":4.0,"turns":3.0},{"damage":0.0,"enemies":"downfall:FleeingMerchant","floor":5.0,"turns":4.0},{"damage":0.0,"enemies":"3 Louse","floor":8.0,"turns":2.0},{"damage":0.0,"enemies":"2 Fungi Beasts","floor":9.0,"turns":3.0},{"damage":2.0,"enemies":"Exordium Wildlife","floor":10.0,"turns":3.0},{"damage":13.0,"enemies":"Gremlin Nob","floor":11.0,"turns":4.0},{"damage":2.0,"enemies":"Blue Slaver","floor":14.0,"turns":3.0},{"damage":8.0,"enemies":"Exordium Thugs","floor":15.0,"turns":4.0},{"damage":2.0,"enemies":"WA_ARCHETYPE_RETAIN","floor":16.0,"turns":7.0},{"damage":3.0,"enemies":"3 Byrds","floor":19.0,"turns":4.0},{"damage":7.0,"enemies":"3 Byrds","floor":20.0,"turns":3.0},{"damage":12.0,"enemies":"Spheric Guardian","floor":21.0,"turns":4.0},{"damage":7.0,"enemies":"Snake Plant","floor":22.0,"turns":3.0},{"damage":0.0,"enemies":"Snecko","floor":23.0,"turns":2.0},{"damage":0.0,"enemies":"Gremlin Leader","floor":25.0,"turns":4.0},{"damage":18.0,"enemies":"Cultist and Chosen","floor":27.0,"turns":6.0},{"damage":17.0,"enemies":"Book of Stabbing","floor":29.0,"turns":5.0},{"damage":0,"enemies":"downfall:FleeingMerchant","floor":31,"turns":4},{"damage":12,"enemies":"3 Cultists","floor":32,"turns":3},{"damage":28,"enemies":"IC_MUSHROOM_ARCHETYPE","floor":33,"turns":6},{"damage":1,"enemies":"3 Darklings","floor":36,"turns":3},{"damage":0,"enemies":"3 Shapes","floor":37,"turns":3},{"damage":9,"enemies":"downfall:FleeingMerchant","floor":39,"turns":3},{"damage":10,"enemies":"Jaw Worm Horde","floor":42,"turns":4},{"damage":5,"enemies":"Giant Head","floor":43,"turns":6},{"damage":25,"enemies":"Sphere and 2 Shapes","floor":44,"turns":4},{"damage":5,"enemies":"4 Shapes","floor":45,"turns":6},{"damage":0,"enemies":"3 Darklings","floor":48,"turns":3},{"damage":10,"enemies":"Sphere and 2 Shapes","floor":49,"turns":4},{"damage":65,"enemies":"DF_ARCHETYPE_ORBS","floor":50,"turns":6}],"seed_played":"-8594335489004906247","potions_obtained":[{"floor":3.0,"key":"DistilledChaos"},{"floor":4.0,"key":"SkillPotion"},{"floor":9.0,"key":"Weak Potion"},{"floor":10.0,"key":"Dexterity Potion"},{"floor":11.0,"key":"DistilledChaos"},{"floor":19.0,"key":"SteroidPotion"},{"floor":21.0,"key":"champ:CounterPotion"},{"floor":22.0,"key":"FearPotion"},{"floor":25.0,"key":"EssenceOfSteel"},{"floor":43,"key":"LiquidBronze"},{"floor":44,"key":"Explosive Potion"},{"floor":45,"key":"SneckoOil"},{"floor":48,"key":"Strength Potion"}],"is_trial":false,"path_per_floor":["R","M","M","M","$","R","T","M","M","M","E","R","?","M","M","B",null,"R","M","?","M","M","M","T","E","?","M","R","E","?","$","M","B",null,"R","M","M","?","$","R","T","M","E","M","M","T","R","M","M","B",null],"character_chosen":"THE_AUTOMATON","items_purchased":["bronze:Iterate","hexamod:CandleOfCauterizing","bronze:Repair","Strawberry","Guardian:PocketSentry"],"campfire_rested":2,"item_purchase_floors":[5,31,31,39,39],"current_hp_per_floor":[63,63,57,57,57,57,57,57,57,55,42,42,42,40,32,30,63,63,60,53,41,34,34,34,34,34,16,34,17,17,17,13,31,63,63,62,63,63,68,68,68,58,74,56,58,58,83,84,82,31],"gold":96,"neow_bonus":"REMOVE_TWO","is_daily":false,"chose_seed":false,"campfire_upgraded":5,"win_rate":0.0,"timestamp":1611792630,"path_taken":["R","M","M","?","?","R","T","M","M","M","E","R","?","?","M","BOSS","R","M","?","?","M","M","T","E","?","M","R","E","?","$","M","BOSS","R","M","M","?","$","R","T","M","E","M","M","?","R","M","M","BOSS"],"items_purchased_type":["Card","Relic","Card","Relic","Relic"],"build_version":"2020-12-22","purchased_purges":3,"victory":true,"max_hp_per_floor":[63,63,63,63,63,63,63,63,63,63,63,63,63,63,63,63,63,63,63,63,63,63,63,63,63,63,63,63,63,63,63,63,63,63,63,63,63,63,70,70,70,70,84,84,84,84,84,84,84,84],"card_choices":[{"not_picked":["bronze:BuggyMess","bronze:BronzeArmor"],"picked":"bronze:Separator","floor":2.0},{"not_picked":["bronze:ClassDefault","bronze:Separator"],"picked":"bronze:Safeguard","floor":3.0},{"not_picked":["bronze:OilSpill","bronze:ItsAFeature"],"picked":"bronze:Constructor","floor":4.0},{"not_picked":["bronze:Branch","bronze:BronzeArmor"],"picked":"bronze:FineTuning","floor":5.0},{"not_picked":["bronze:FineTuning","bronze:CutThrough"],"picked":"bronze:Fortify","floor":8.0},{"not_picked":["bronze:Shield","bronze:CutThrough","bronze:Overload"],"picked":"SKIP","floor":9.0},{"not_picked":["bronze:Constructor","bronze:DelayedSlice"],"picked":"bronze:OilSpill","floor":10.0},{"not_picked":["bronze:Mutator","bronze:DigitalCarnage"],"picked":"bronze:Frontload","floor":11.0},{"not_picked":["bronze:Turbo","bronze:Shield"],"picked":"bronze:DelayedGuard","floor":14.0},{"not_picked":["bronze:Backtrace","bronze:DelayedSlice"],"picked":"bronze:Philosophize","floor":15.0},{"not_picked":["bronze:CleanCode","bronze:RecursiveStrike"],"picked":"bronze:InfiniteLoop","floor":16.0},{"not_picked":["bronze:ItsAFeature","bronze:Backtrace+1"],"picked":"bronze:BronzeOrb+1","floor":19.0},{"not_picked":["bronze:Allocate","bronze:Overheat"],"picked":"bronze:WhirlingStrike+1","floor":21.0},{"not_picked":["bronze:Separator+1","bronze:BuggyMess","bronze:Repulsor"],"picked":"SKIP","floor":22.0},{"not_picked":["bronze:Separator","bronze:Safeguard"],"picked":"bronze:Iterate","floor":23.0},{"not_picked":["bronze:ItsAFeature","bronze:Overheat"],"picked":"bronze:Verify","floor":25.0},{"not_picked":["bronze:NullPointer","bronze:BitShift"],"picked":"bronze:Iterate","floor":27.0},{"not_picked":["bronze:SpaghettiCode","bronze:OilSpill","bronze:Iterate"],"picked":"SKIP","floor":29.0},{"not_picked":["bronze:CutThrough","bronze:OilSpill","bronze:WhirlingStrike"],"picked":"SKIP","floor":31},{"not_picked":["bronze:Deprecate","bronze:GetLatest"],"picked":"bronze:Flail","floor":32},{"not_picked":["bronze:NullPointer","bronze:WildBeam+1","bronze:FineTuning"],"picked":"SKIP","floor":36},{"not_picked":["bronze:ForceShield","bronze:Shield","bronze:FollowUp"],"picked":"SKIP","floor":37},{"not_picked":["bronze:Frontload+1","bronze:BuggyMess+1","bronze:DigitalCarnage"],"picked":"SKIP","floor":39},{"not_picked":["bronze:BuggyMess","bronze:InfiniteBeams+1","bronze:Philosophize+1"],"picked":"SKIP","floor":42},{"not_picked":["bronze:DelayedSlice","bronze:WildBeam+1","bronze:Safeguard"],"picked":"SKIP","floor":43},{"not_picked":["bronze:ClassDefault+1","bronze:Hardcode","bronze:WildBeam+1"],"picked":"SKIP","floor":44},{"not_picked":["bronze:CloningBeam+1","bronze:Iterate+1"],"picked":"bronze:Repair","floor":45},{"not_picked":["bronze:WhirlingStrike","bronze:BuggyMess+1","bronze:ClassDefault"],"picked":"SKIP","floor":48},{"not_picked":["bronze:DelayedSlice+1","bronze:BitShift","bronze:Iterate"],"picked":"SKIP","floor":49}],"player_experience":1780305,"relics_obtained":[{"floor":7.0,"key":"Lantern"},{"floor":11.0,"key":"Lizard Tail"},{"floor":20.0,"key":"downfall:GremlinWheel"},{"floor":24.0,"key":"Mercury Hourglass"},{"floor":25.0,"key":"Art of War"},{"floor":28.0,"key":"Tiny Chest"},{"floor":29.0,"key":"Bottled Tornado"},{"floor":43,"key":"Mango"},{"floor":46,"key":"Ancient Tea Set"}],"event_choices":[{"damage_healed":0.0,"max_hp_gain":0.0,"max_hp_loss":0.0,"gold_gain":0.0,"event_name":"FaceTrader","player_choice":"Leave","floor":13.0,"gold_loss":0.0,"damage_taken":0.0},{"damage_healed":0.0,"max_hp_gain":0.0,"max_hp_loss":0.0,"gold_gain":0.0,"event_name":"Wheel of Change","player_choice":"Relic","floor":28.0,"gold_loss":0.0,"damage_taken":0.0}],"is_beta":false,"boss_relics":[{"not_picked":["Calling Bell","SlaversCollar"],"picked":"Philosopher\u0027s Stone"},{"not_picked":["SacredBark","Astrolabe"],"picked":"expansioncontent:StudyCardRelic"}],"items_purged_floors":[5,31,39],"is_endless":false,"potions_floor_spawned":[3,4,9,10,11,19,21,22,25,43,44,45,48],"ascension_level":1}}