{"host":"igj4vwc42ivwqexo","time":1611843154,"event":{"mods":["BaseMod","Better Third Choice","Koishi","Marisa????????","Minty Spire (QoL Compilation)","Potionbrewer","Shop Mod","StS++","StSLib","The Disciple","The Hierophant","The Sage","The Servant 0.9.4"],"gold_per_floor":[115,128,143,143,161,161,188,263,263,263,297,308,341,355,355,452,452,464,464,414,414,247,281,310,356,356,408,408,446,446,446,446,569,569,597,597,617,194,223,267,267,115,115,160,189,189,189,209,209,216],"floor_reached":51,"language":"ENG","playtime":5229,"items_purged":["Writhe","potionbrewer:PotionbrewerStrike"],"score":1169,"play_id":"7385b904-0f35-4f00-87aa-4ccf0dd58a98","local_time":"20210128151234","is_ascension_mode":true,"campfire_choices":[{"data":"potionbrewer:BlindingSpray","floor":6,"key":"SMITH"},{"data":"potionbrewer:PrivateReserves","floor":10,"key":"SMITH"},{"data":"potionbrewer:UnstableFormula","floor":15,"key":"SMITH"},{"data":"potionbrewer:Bribery","floor":28,"key":"SMITH"},{"data":"potionbrewer:RefinedProcess","floor":30,"key":"SMITH"},{"data":"potionbrewer:DigDeep","floor":32,"key":"SMITH"},{"data":"potionbrewer:BottomlessFlask","floor":41,"key":"SMITH"},{"data":"Thinking Ahead","floor":47,"key":"SMITH"},{"data":"potionbrewer:ChemicalSpill","floor":49,"key":"SMITH"}],"circlet_count":0,"master_deck":["potionbrewer:PotionbrewerStrike","potionbrewer:PotionbrewerStrike","potionbrewer:PotionbrewerStrike","potionbrewer:PotionbrewerDefend","potionbrewer:PotionbrewerDefend","potionbrewer:PotionbrewerDefend","potionbrewer:PotionbrewerDefend","potionbrewer:Collect","potionbrewer:ChemicalSpill+1","potionbrewer:UnstableFormula+1","potionbrewer:PrivateReserves+1","potionbrewer:BlindingSpray+1","Melter","potionbrewer:ChainReaction","potionbrewer:Prototype","potionbrewer:ChemicalWeapons","potionbrewer:QuickStep","potionbrewer:Fuel","potionbrewer:Bribery+1","potionbrewer:HazardousWaste","potionbrewer:HazardousMaterials+1","potionbrewer:DigDeep+1","potionbrewer:AnotherRound","potionbrewer:Prototype","potionbrewer:Fuel","potionbrewer:ChemicalWeapons","potionbrewer:RefinedProcess+1","potionbrewer:Prototype","potionbrewer:LeftoverSpecimen","potionbrewer:Backhand+1","Thinking Ahead+1","potionbrewer:Prototype","potionbrewer:LabJournal","potionbrewer:ChoosePotion","potionbrewer:ChoosePotion","potionbrewer:DigDeep+1","potionbrewer:Prototype"],"relics":["potionbrewer:PotionKit","Ancient Tea Set","Tiny Chest","Turnip","Bag of Marbles","Matryoshka","potionbrewer:ToyAutogyro","Potion Belt","sagemod:Falmels_Amulet","potionbrewer:MortarAndPestle","Bottled Flame","CeramicFish","Toy Ornithopter","HornCleat","Nunchaku","Eternal Feather","Pear","SlaversCollar","potionbrewer:ElricsMonocle","PreservedInsect","Art of War","Oddly Smooth Stone","potionbrewer:SlideRule","Akabeko","StSpp:WoodenPendulum"],"acts_visited":["Exordium","TheCity","TheBeyond"],"potions_floor_usage":[5,7,7,11,12,13,14,16,16,16,18,18,23,23,24,25,25,27,27,33,35,35,35,36,39,44,45,48,50,50],"damage_taken":[{"damage":1,"enemies":"Cultist","floor":1,"turns":4},{"damage":2,"enemies":"2 Louse","floor":2,"turns":2},{"damage":0,"enemies":"Small Slimes","floor":3,"turns":3},{"damage":3,"enemies":"Blue Slaver","floor":5,"turns":4},{"damage":10,"enemies":"Lagavulin","floor":7,"turns":5},{"damage":3,"enemies":"3 Sentries","floor":11,"turns":5},{"damage":0,"enemies":"Looter","floor":12,"turns":3},{"damage":0,"enemies":"Lagavulin","floor":13,"turns":4},{"damage":0,"enemies":"Lots of Slimes","floor":14,"turns":3},{"damage":0,"enemies":"The Guardian","floor":16,"turns":8},{"damage":0,"enemies":"3 Byrds","floor":18,"turns":6},{"damage":3,"enemies":"Book of Stabbing","floor":23,"turns":5},{"damage":13,"enemies":"Spheric Guardian","floor":24,"turns":4},{"damage":35,"enemies":"Slavers","floor":25,"turns":8},{"damage":0,"enemies":"Gremlin Leader","floor":27,"turns":6},{"damage":14,"enemies":"Cultist and Chosen","floor":29,"turns":4},{"damage":0,"enemies":"Automaton","floor":33,"turns":5},{"damage":18,"enemies":"3 Darklings","floor":35,"turns":5},{"damage":16,"enemies":"Orb Walker","floor":37,"turns":4},{"damage":21,"enemies":"4 Shapes","floor":39,"turns":6},{"damage":0,"enemies":"Giant Head","floor":40,"turns":5},{"damage":5,"enemies":"Nemesis","floor":44,"turns":5},{"damage":13,"enemies":"Writhing Mass","floor":45,"turns":3},{"damage":0,"enemies":"3 Darklings","floor":48,"turns":5},{"damage":46,"enemies":"Time Eater","floor":50,"turns":7}],"seed_played":"-946378541639898535","potions_obtained":[{"floor":5,"key":"potionbrewer:ToxicPotion"},{"floor":7,"key":"Fire Potion"},{"floor":11,"key":"potionbrewer:ToxicPotion"},{"floor":13,"key":"AttackPotion"},{"floor":16,"key":"potionbrewer:BarricadePotion"},{"floor":24,"key":"SkillPotion"},{"floor":25,"key":"SkillPotion"},{"floor":33,"key":"AttackPotion"},{"floor":35,"key":"Fruit Juice"},{"floor":44,"key":"potionbrewer:ToxicPotion"}],"is_trial":false,"path_per_floor":["M","M","M","?","M","R","E","?","T","R","E","M","E","M","R","B",null,"M","?","?","T","$","E","M","E","T","E","R","M","R","?","R","B",null,"M","?","M","$","M","E","R","$","T","E","M","T","R","M","R","B",null],"character_chosen":"POTIONBREWER","items_purchased":["potionbrewer:DigDeep","potionbrewer:AnotherRound","PreservedInsect","Thinking Ahead","Oddly Smooth Stone"],"campfire_rested":0,"item_purchase_floors":[22,22,38,38,42],"current_hp_per_floor":[74,72,72,38,35,35,25,14,14,14,11,11,11,11,11,11,75,75,75,75,75,75,72,64,39,39,59,74,60,75,85,85,85,85,82,87,71,71,55,55,73,73,73,73,65,65,86,90,90,49],"gold":216,"neow_bonus":"RANDOM_COMMON_RELIC","is_daily":false,"chose_seed":false,"campfire_upgraded":9,"win_rate":0.0,"timestamp":1611843154,"path_taken":["M","?","M","?","M","R","E","?","T","R","E","M","E","M","R","BOSS","M","?","?","?","$","E","M","E","T","E","R","M","R","?","R","BOSS","M","?","M","?","M","E","R","$","T","E","M","?","R","M","R","BOSS"],"items_purchased_type":["Card","Card","Relic","Card","Relic"],"build_version":"2020-12-22","purchased_purges":2,"victory":true,"max_hp_per_floor":[75,75,75,75,75,75,75,75,75,75,75,75,75,75,75,75,75,75,75,75,75,75,75,75,75,75,85,85,85,85,85,85,85,85,85,90,90,90,90,90,90,90,90,90,90,90,90,90,90,90],"card_choices":[{"not_picked":["potionbrewer:FlashPowder","potionbrewer:OneTwoPunch"],"picked":"potionbrewer:UnstableFormula","floor":1},{"not_picked":["potionbrewer:Smack","potionbrewer:Biohazard"],"picked":"potionbrewer:PrivateReserves","floor":2},{"not_picked":["potionbrewer:FlashPowder","potionbrewer:Smokescreen"],"picked":"potionbrewer:BlindingSpray","floor":3},{"not_picked":["potionbrewer:Contingency","potionbrewer:BrokenBeakers"],"picked":"potionbrewer:ChainReaction","floor":5},{"not_picked":["potionbrewer:ChemicalShroud","potionbrewer:FortifiedSerum","potionbrewer:Refill"],"picked":"potionbrewer:Prototype","floor":7},{"not_picked":["potionbrewer:BlindingSpray","potionbrewer:Smokescreen"],"picked":"potionbrewer:ChemicalWeapons","floor":11},{"not_picked":["potionbrewer:Toxicity","potionbrewer:Brandish"],"picked":"potionbrewer:QuickStep","floor":12},{"not_picked":["potionbrewer:FortifiedSerum","potionbrewer:BlindingSpray"],"picked":"potionbrewer:Fuel","floor":13},{"not_picked":["potionbrewer:LabAccident","potionbrewer:ExothermicReaction"],"picked":"potionbrewer:Bribery","floor":14},{"not_picked":["potionbrewer:AlchemistForm","potionbrewer:BrokenBeakers"],"picked":"potionbrewer:HazardousWaste","floor":16},{"not_picked":["potionbrewer:BalancedFormula+1","potionbrewer:TestFormula","potionbrewer:Prototype"],"picked":"potionbrewer:HazardousMaterials+1","floor":18},{"not_picked":["potionbrewer:EmptyBottle","potionbrewer:LabAccident","potionbrewer:QuickStep"],"picked":"potionbrewer:Prototype","floor":23},{"not_picked":["potionbrewer:Brandish+1","potionbrewer:CrossReference"],"picked":"potionbrewer:Fuel","floor":24},{"not_picked":["potionbrewer:Smack","potionbrewer:MicrobeSpray"],"picked":"potionbrewer:ChemicalWeapons","floor":25},{"not_picked":["potionbrewer:ExothermicReaction+1","potionbrewer:Shovel","potionbrewer:Prototype"],"picked":"potionbrewer:RefinedProcess","floor":27},{"not_picked":["potionbrewer:FlashPowder","potionbrewer:QuickStep","potionbrewer:Smokescreen+1"],"picked":"potionbrewer:Prototype","floor":29},{"not_picked":["potionbrewer:IronFlesh","potionbrewer:Hoarder"],"picked":"potionbrewer:BottomlessFlask","floor":33},{"not_picked":["potionbrewer:Smokescreen+1","potionbrewer:Shovel"],"picked":"potionbrewer:LeftoverSpecimen","floor":35},{"not_picked":["potionbrewer:BalancedFormula+1","potionbrewer:TestFormula"],"picked":"potionbrewer:Backhand+1","floor":37},{"not_picked":["potionbrewer:Experimentation","potionbrewer:OneTwoPunch","potionbrewer:ChainReaction+1"],"picked":"potionbrewer:Prototype","floor":39},{"not_picked":["potionbrewer:UnstableFormula+1","potionbrewer:ChainReaction"],"picked":"potionbrewer:LabJournal","floor":40},{"not_picked":["potionbrewer:Shovel","potionbrewer:VolatileSolution+1"],"picked":"potionbrewer:DigDeep+1","floor":44},{"not_picked":["potionbrewer:CausticBarrier+1","potionbrewer:UnstableFormula+1","potionbrewer:ChemicalShroud"],"picked":"potionbrewer:Prototype","floor":45},{"not_picked":["potionbrewer:CrossReference","potionbrewer:Fuel","potionbrewer:VolatileSolution","potionbrewer:BlindingSpray","potionbrewer:AlchemistForm"],"picked":"SKIP","floor":48}],"player_experience":386880,"relics_obtained":[{"floor":7,"key":"Bag of Marbles"},{"floor":9,"key":"Matryoshka"},{"floor":11,"key":"potionbrewer:ToyAutogyro"},{"floor":13,"key":"Potion Belt"},{"floor":21,"key":"Bottled Flame"},{"floor":21,"key":"CeramicFish"},{"floor":23,"key":"Toy Ornithopter"},{"floor":25,"key":"HornCleat"},{"floor":26,"key":"Nunchaku"},{"floor":26,"key":"Eternal Feather"},{"floor":27,"key":"Pear"},{"floor":36,"key":"potionbrewer:ElricsMonocle"},{"floor":40,"key":"Art of War"},{"floor":43,"key":"potionbrewer:SlideRule"},{"floor":44,"key":"Akabeko"},{"floor":46,"key":"StSpp:WoodenPendulum"}],"event_choices":[{"damage_healed":0,"gold_gain":1,"player_choice":"Card Relic Relic ","damage_taken":34,"max_hp_gain":0,"max_hp_loss":0,"event_name":"betterThird:BetterScrap","floor":4,"gold_loss":0,"cards_obtained":["Melter","StSpp:MemoryLeak"]},{"damage_healed":0,"gold_gain":75,"player_choice":"Gold","damage_taken":11,"max_hp_gain":0,"max_hp_loss":0,"event_name":"betterThird:BetterGoop","floor":8,"gold_loss":0},{"damage_healed":0,"gold_gain":0,"player_choice":"Opened","damage_taken":0,"relics_obtained":["potionbrewer:MortarAndPestle"],"max_hp_gain":0,"max_hp_loss":0,"event_name":"The Mausoleum","floor":19,"gold_loss":0,"cards_obtained":["Writhe"]},{"damage_healed":0,"gold_gain":0,"player_choice":"Bet on Owner","damage_taken":0,"max_hp_gain":0,"max_hp_loss":0,"event_name":"The Joust","floor":20,"gold_loss":50},{"damage_healed":10,"gold_gain":0,"player_choice":"Full Heal","damage_taken":0,"max_hp_gain":0,"max_hp_loss":0,"event_name":"Wheel of Change","floor":31,"gold_loss":0},{"damage_healed":0,"gold_gain":0,"player_choice":"Got Potions","damage_taken":0,"max_hp_gain":0,"max_hp_loss":0,"event_name":"Lab","floor":36,"gold_loss":0}],"is_beta":false,"boss_relics":[{"not_picked":["Calling Bell","Philosopher\u0027s Stone"],"picked":"sagemod:Falmels_Amulet"},{"not_picked":["Fusion Hammer","Empty Cage"],"picked":"SlaversCollar"}],"items_purged_floors":[22,38],"is_endless":false,"potions_floor_spawned":[5,7,11,13,16,24,25,33,35,44],"ascension_level":3}}