{"host":"6rz02yiipefhcw4r","time":1611866030,"event":{"mods":["2.2 Compatiblity","BaseMod","Block Reminder","Colored Map","Curses Come First","DeckTracker","Googly Eyes","Minty Spire (QoL Compilation)","Quick Restart","Rare Cards Sparkle","StSLib"],"gold_per_floor":[118,135,209,209,229,259,259,6,6,31,49,64,92,110,110,110,110],"floor_reached":16,"language":"ENG","playtime":809,"items_purged":[],"score":244,"play_id":"d718cdba-7c3c-4fe9-b95d-0faf5948f63e","local_time":"20210128183350","is_ascension_mode":true,"campfire_choices":[{"floor":7,"key":"REST"},{"data":"Bash","floor":15,"key":"SMITH"}],"circlet_count":0,"master_deck":["AscendersBane","Strike_R","Strike_R","Strike_R","Strike_R","Strike_R","Defend_R","Defend_R+1","Defend_R","Defend_R","Bash+1","Fiend Fire+1","Wild Strike","Metallicize","Ghostly Armor+1","Feel No Pain","Shockwave+1","Whirlwind","Feel No Pain"],"relics":["Burning Blood","Toxic Egg 2","Strange Spoon","Eternal Feather","MealTicket","Bag of Preparation"],"acts_visited":["Exordium"],"potions_floor_usage":[6,16,16],"damage_taken":[{"damage":9,"enemies":"2 Louse","floor":1,"turns":3},{"damage":9,"enemies":"Jaw Worm","floor":2,"turns":4},{"damage":1,"enemies":"Cultist","floor":5,"turns":3},{"damage":31,"enemies":"Gremlin Nob","floor":6,"turns":4},{"damage":5,"enemies":"3 Sentries","floor":10,"turns":10},{"damage":7,"enemies":"3 Louse","floor":11,"turns":3},{"damage":8,"enemies":"Looter","floor":12,"turns":4},{"damage":34,"enemies":"Gremlin Nob","floor":13,"turns":5},{"damage":0,"enemies":"Blue Slaver","floor":14,"turns":4},{"damage":27,"enemies":"Hexaghost","floor":16,"turns":9}],"seed_played":"4866642507958651699","potions_obtained":[{"floor":5,"key":"AttackPotion"},{"floor":6,"key":"Energy Potion"},{"floor":12,"key":"Strength Potion"}],"is_trial":false,"path_per_floor":["M","M","?","?","M","E","R","$","T","E","M","M","E","M","R","B"],"character_chosen":"IRONCLAD","items_purchased":["Feel No Pain","Strange Spoon"],"campfire_rested":1,"item_purchase_floors":[8,8],"current_hp_per_floor":[65,62,62,39,44,19,41,41,41,42,41,39,11,17,26,0,0],"gold":110,"neow_bonus":"ONE_RANDOM_RARE_CARD","is_daily":false,"chose_seed":false,"campfire_upgraded":1,"win_rate":0.0,"timestamp":1611866030,"path_taken":["M","M","?","?","M","E","R","$","T","E","?","?","E","M","R","BOSS"],"items_purchased_type":["Card","Relic"],"build_version":"2020-12-22","purchased_purges":0,"victory":false,"max_hp_per_floor":[75,75,75,75,75,75,75,75,75,75,75,75,75,75,75,75,75],"card_choices":[{"not_picked":["Anger","Sever Soul"],"picked":"Wild Strike","floor":1},{"not_picked":["Bloodletting","Second Wind"],"picked":"Metallicize","floor":2},{"not_picked":["Flex","Headbutt","Havoc"],"picked":"SKIP","floor":5},{"not_picked":["Perfected Strike","Dropkick"],"picked":"Ghostly Armor+1","floor":6},{"not_picked":["Sword Boomerang","Hemokinesis"],"picked":"Shockwave+1","floor":10},{"not_picked":["Evolve","Hemokinesis","Rage+1"],"picked":"SKIP","floor":11},{"not_picked":["Pommel Strike","Dropkick"],"picked":"Whirlwind","floor":12},{"not_picked":["Fiend Fire","Flex+1","Perfected Strike"],"picked":"SKIP","floor":13},{"not_picked":["Blood for Blood","Sentinel+1"],"picked":"Feel No Pain","floor":14}],"player_experience":752314,"relics_obtained":[{"floor":6,"key":"Toxic Egg 2"},{"floor":9,"key":"Eternal Feather"},{"floor":10,"key":"MealTicket"},{"floor":13,"key":"Bag of Preparation"}],"event_choices":[{"damage_healed":0,"gold_gain":74,"player_choice":"Gained Gold","damage_taken":0,"max_hp_gain":0,"max_hp_loss":0,"event_name":"Golden Wing","floor":3,"gold_loss":0},{"damage_healed":0,"gold_gain":0,"player_choice":"Entered Light","damage_taken":23,"max_hp_gain":0,"max_hp_loss":0,"event_name":"Shining Light","floor":4,"gold_loss":0,"cards_upgraded":["Defend_R","Fiend Fire"]}],"is_beta":false,"boss_relics":[],"items_purged_floors":[],"is_endless":false,"potions_floor_spawned":[5,6,12],"killed_by":"Hexaghost","ascension_level":20}}