{"host":"y7357sx8ps3jkgoj","time":1611808786,"event":{"mods":["BaseMod","Friendly Minions","Minty Spire (QoL Compilation)","Permanent Neow","Relic Stats","Shop Mod","StSLib","The Alterego","Uncapped","Unceasing Turn Reminder"],"gold_per_floor":[115,135,151,151,166,194,194,219,272,272,272],"floor_reached":10,"language":"ENG","playtime":792,"items_purged":[],"score":86,"play_id":"679dd373-ca9e-40d3-b9fd-87730b90e92b","local_time":"20210127223946","is_ascension_mode":true,"campfire_choices":[{"data":"alterego_mod:DiscoLights","floor":7,"key":"SMITH"}],"circlet_count":0,"master_deck":["alterego_mod:Strike","alterego_mod:Strike","alterego_mod:Strike","alterego_mod:Strike","alterego_mod:Defend","alterego_mod:Defend","alterego_mod:Defend","alterego_mod:Defend","alterego_mod:Impale","alterego_mod:BigMeatyClaws","alterego_mod:BrynhildrsRune","alterego_mod:Punishment","alterego_mod:BustOut","alterego_mod:Punishment","alterego_mod:BreastValley+1","alterego_mod:TrashNCrash","alterego_mod:DiscoLights+1","alterego_mod:BreastValley"],"relics":["alterego_mod:MasochisticConstitution","Bottled Tornado","Bottled Lightning","Akabeko"],"acts_visited":["Exordium"],"potions_floor_usage":[5,10],"damage_taken":[{"damage":9,"enemies":"2 Louse","floor":1,"turns":4},{"damage":8,"enemies":"Small Slimes","floor":2,"turns":7},{"damage":20,"enemies":"Jaw Worm","floor":3,"turns":5},{"damage":27,"enemies":"Gremlin Gang","floor":5,"turns":5},{"damage":40,"enemies":"Gremlin Nob","floor":6,"turns":5},{"damage":18,"enemies":"Lagavulin","floor":8,"turns":7},{"damage":32,"enemies":"Gremlin Nob","floor":10,"turns":6}],"seed_played":"3848094153043661915","potions_obtained":[{"floor":1,"key":"SneckoOil"},{"floor":8,"key":"Dexterity Potion"}],"is_trial":false,"path_per_floor":["M","M","M","?","M","E","R","E","T","E"],"character_chosen":"The_Alterego","items_purchased":[],"campfire_rested":0,"item_purchase_floors":[],"current_hp_per_floor":[69,72,68,68,63,29,29,25,25,0,0],"gold":272,"neow_bonus":"THREE_CARDS","is_daily":false,"chose_seed":false,"campfire_upgraded":1,"win_rate":0.0,"timestamp":1611808786,"path_taken":["M","M","M","?","M","E","R","E","T","E"],"items_purchased_type":[],"build_version":"2020-12-22","purchased_purges":0,"victory":false,"max_hp_per_floor":[71,72,73,73,74,75,75,76,76,76,76],"relic_stats":{"counters":[7,39],"obtain_stats":[{"alterego_mod:MasochisticConstitution":0,"Bottled Lightning":8,"Bottled Tornado":6,"Akabeko":9},{"alterego_mod:MasochisticConstitution":0,"Bottled Lightning":6,"Bottled Tornado":5,"Akabeko":6},{"alterego_mod:MasochisticConstitution":0,"Bottled Lightning":33,"Bottled Tornado":26,"Akabeko":33}]},"card_choices":[{"not_picked":["alterego_mod:Bloomers","alterego_mod:HighServant"],"picked":"alterego_mod:Punishment","floor":0},{"not_picked":["alterego_mod:SakuraPetals","alterego_mod:DeftHands"],"picked":"alterego_mod:BustOut","floor":1},{"not_picked":["alterego_mod:Jiggle","alterego_mod:1TonWallop"],"picked":"alterego_mod:Punishment","floor":2},{"not_picked":["alterego_mod:HighServant","alterego_mod:PerceptionDisorder"],"picked":"alterego_mod:BreastValley","floor":3},{"not_picked":["alterego_mod:BiFurious","alterego_mod:SideboobHour"],"picked":"alterego_mod:TrashNCrash","floor":5},{"not_picked":["alterego_mod:MaintainEyeContact","alterego_mod:Bounce"],"picked":"alterego_mod:DiscoLights","floor":6},{"not_picked":["alterego_mod:1TonWallop","alterego_mod:Bounce"],"picked":"alterego_mod:BreastValley","floor":8}],"player_experience":307177,"relics_obtained":[{"floor":6,"key":"Bottled Tornado"},{"floor":8,"key":"Bottled Lightning"},{"floor":9,"key":"Akabeko"}],"event_choices":[{"damage_healed":0,"gold_gain":0,"player_choice":"Grow","damage_taken":0,"max_hp_gain":0,"max_hp_loss":0,"event_name":"Living Wall","floor":4,"gold_loss":0,"cards_upgraded":["alterego_mod:BreastValley"]}],"is_beta":false,"boss_relics":[],"items_purged_floors":[],"is_endless":false,"potions_floor_spawned":[1,8],"killed_by":"Gremlin Nob","ascension_level":2}}