{"host":"knoo6yq0od847mqf","time":1611858629,"event":{"mods":["100% Spire Juice","BaseMod","Downfall","Fiend Mod","Hubris","Koishi","Marisa????????","Minty Spire (QoL Compilation)","Replay The Spire","Spire Arcade","StSLib","The Alterego","The Blackbeard","The Bug Knight","The Marked","Wandering Minibosses","Yuri Mod"],"gold_per_floor":[361,388,353,383,453,453,487,265,288,288,324,365,454,473,473,615,615,626,626,230,260,320,320,335,335,381,381,381,180,236,313,313,414,414,449,466,466,524,524,524,580,69,69,95,95,95,128,128,184,196,196,216],"floor_reached":53,"language":"ENG","playtime":4352,"items_purged":["Strike_P"],"score":642,"play_id":"ba98f35a-73fa-440e-a3da-9611e6c598dd","local_time":"20210128193029","is_ascension_mode":false,"campfire_choices":[{"data":"Robbery","floor":6,"key":"SMITH"},{"data":"WitchOfGreed","floor":10,"key":"SMITH"},{"floor":15,"key":"REST"},{"floor":23,"key":"REST"},{"data":"ManaRampage","floor":25,"key":"SMITH"},{"data":"AsteroidBelt","floor":27,"key":"SMITH"},{"floor":32,"key":"REST"},{"data":"DarkMatter","floor":40,"key":"SMITH"},{"floor":51,"key":"REST"}],"circlet_count":0,"master_deck":["Strike_MRS","Strike_MRS","Strike_MRS","Strike_MRS+1","Defend_MRS","Defend_MRS","Defend_MRS","Defend_MRS","MasterSpark","UpSweep+1","WitchOfGreed+1","ShootingEcho","Robbery+1","IllusionStar","DC","MachineGunSpark","DC","DarkMatter+1","ManaRampage+1","AsteroidBelt+1","MysteriousBeam+1","AbsoluteMagnitude","SuperPerseids+1","PulseMagic+1","SprinkleStarSeal","UltimateShortwave","WitchLeyline+1","GrandCross+1"],"relics":["MiniHakkero","Omamori","Regal Pillow","ReplayFunnel","Abe\u0027s Treasure","Anchor","AmplifyWand","Sling","Whetstone","Oddly Smooth Stone","hubris:CrackedHourglass","SimpleLauncher","Sundial"],"acts_visited":["Exordium","TheCity","TheBeyond"],"potions_floor_usage":[13,14,14,22,24,24,33,44,52,52,52],"damage_taken":[{"damage":1,"enemies":"Jaw Worm","floor":1,"turns":3},{"damage":12,"enemies":"Small Slimes","floor":2,"turns":3},{"damage":0,"enemies":"2 Louse","floor":4,"turns":3},{"damage":8,"enemies":"Red Slaver","floor":7,"turns":3},{"damage":15,"enemies":"Gremlin Gang","floor":11,"turns":6},{"damage":5,"enemies":"3 Louse","floor":12,"turns":3},{"damage":16,"enemies":"3 Sentries","floor":13,"turns":6},{"damage":11,"enemies":"Blue Slaver","floor":14,"turns":5},{"damage":54,"enemies":"Hexaghost","floor":16,"turns":16},{"damage":5,"enemies":"Spheric Guardian","floor":18,"turns":3},{"damage":7,"enemies":"Shell Parasite","floor":21,"turns":4},{"damage":11,"enemies":"3 Cultists","floor":22,"turns":6},{"damage":18,"enemies":"Shelled Parasite and Fungi","floor":24,"turns":6},{"damage":6,"enemies":"Snecko","floor":30,"turns":5},{"damage":1,"enemies":"Chosen and Byrds","floor":31,"turns":4},{"damage":60,"enemies":"Champ","floor":33,"turns":10},{"damage":8,"enemies":"3 Darklings","floor":35,"turns":5},{"damage":0,"enemies":"Orb Walker","floor":36,"turns":2},{"damage":0,"enemies":"Sphere and 2 Shapes","floor":38,"turns":4},{"damage":21,"enemies":"4 Shapes","floor":41,"turns":4},{"damage":0,"enemies":"Writhing Mass","floor":44,"turns":3},{"damage":2,"enemies":"Spire Growth","floor":47,"turns":3},{"damage":25,"enemies":"4 Shapes","floor":49,"turns":7},{"damage":10,"enemies":"Sphere and 2 Shapes","floor":50,"turns":4},{"damage":42,"enemies":"hubris:GrandSnecko","floor":52,"turns":6}],"seed_played":"1094170988725080984","potions_obtained":[{"floor":1,"key":"LiquidBronze"},{"floor":2,"key":"SpeedPotion"},{"floor":4,"key":"LiquidBronze"},{"floor":7,"key":"PowerPotion"},{"floor":14,"key":"Venom Potion"},{"floor":16,"key":"Adrenaline Potion"},{"floor":16,"key":"BlessingOfTheForge"},{"floor":22,"key":"Fire Potion"},{"floor":30,"key":"SpeedPotion"},{"floor":33,"key":"SteroidPotion"},{"floor":35,"key":"Death Potion"},{"floor":36,"key":"Strength Potion"},{"floor":38,"key":"Death Potion"},{"floor":44,"key":"Fruit Juice"},{"floor":47,"key":"Languid Potion"}],"is_trial":false,"path_per_floor":["M","M","?","M","?","R","M","$","T","R","M","M","E","M","R","B",null,"M","?","$","M","M","R","M","R","T","R","?","$","M","M","R","B",null,"M","M","?","M","$","R","M","$","T","M","PTL","PTL","M","?","M","M","R","B",null],"character_chosen":"MARISA","items_purchased":["Omamori","AmplifyWand","Sling","Oddly Smooth Stone","SkillPotion","SimpleLauncher","SprinkleStarSeal","UltimateShortwave"],"campfire_rested":4,"item_purchase_floors":[8,20,20,29,29,42,42,42],"current_hp_per_floor":[74,62,75,75,75,75,67,67,67,67,52,47,31,20,57,3,75,70,63,63,56,45,75,57,57,57,57,57,57,51,50,75,15,75,67,67,67,67,67,67,46,46,46,51,51,51,49,49,24,14,53,11],"gold":216,"neow_bonus":"TWO_FIFTY_GOLD","is_daily":false,"chose_seed":false,"campfire_upgraded":5,"win_rate":0.0,"timestamp":1611858629,"path_taken":["M","M","?","M","?","R","M","$","T","R","M","M","E","M","R","BOSS","M","?","$","M","M","R","M","R","T","R","?","$","M","M","R","BOSS","M","M","?","?","?","R","M","$","T","M","PTL","PTL","M","?","?","M","R","BOSS"],"items_purchased_type":["Relic","Relic","Relic","Relic","Potion","Relic","Card","Card"],"build_version":"2020-12-22","purchased_purges":1,"victory":true,"max_hp_per_floor":[75,75,75,75,75,75,75,75,75,75,75,75,75,75,75,75,75,75,75,75,75,75,75,75,75,75,75,75,75,75,75,75,75,75,75,75,75,75,75,75,75,75,75,80,80,80,80,80,80,80,80,80],"card_choices":[{"not_picked":["GravityBeat","DC"],"picked":"WitchOfGreed","floor":1},{"not_picked":["FinalSpark","Acceleration"],"picked":"ShootingEcho","floor":2},{"not_picked":["EarthLightRay","DoubleSpark"],"picked":"Robbery","floor":4},{"not_picked":["MilkyWay","GrandCross"],"picked":"IllusionStar","floor":7},{"not_picked":["DragonMeteor","SporeBomb"],"picked":"DC","floor":11},{"not_picked":["EnergyFlow","EnergyRecoil"],"picked":"MachineGunSpark","floor":12},{"not_picked":["EarthLightRay","AsteroidBelt"],"picked":"DC","floor":13},{"not_picked":["GravityBeat","MeteoricShower"],"picked":"DarkMatter","floor":14},{"not_picked":["SuperNova","MillisecondPulsars"],"picked":"ManaRampage","floor":16},{"not_picked":["StarlightTyphoon","ShootingEcho","Occultation"],"picked":"SKIP","floor":18},{"not_picked":["OpenUniverse","DoubleSpark","WitchOfGreed"],"picked":"SKIP","floor":21},{"not_picked":["SporeBomb","WitchOfGreed+1"],"picked":"AsteroidBelt","floor":22},{"not_picked":["Singularity","IllusionStar+1"],"picked":"MysteriousBeam+1","floor":24},{"not_picked":["RefractionSpark","DeepEcoloBomb","MagicAbsorber"],"picked":"SKIP","floor":30},{"not_picked":["Acceleration","Robbery","DeepEcoloBomb"],"picked":"SKIP","floor":31},{"not_picked":["BinaryStars","FinalSpark"],"picked":"AbsoluteMagnitude","floor":33},{"not_picked":["LuminesStrike","OpenUniverse"],"picked":"SuperPerseids+1","floor":35},{"not_picked":["MagicAbsorber","Orbital+1","DragonMeteor+1"],"picked":"SKIP","floor":36},{"not_picked":["ChargingUp","UnstableBomb"],"picked":"PulseMagic+1","floor":38},{"not_picked":["6A+1","AsteroidBelt","UnstableBomb+1"],"picked":"SKIP","floor":41},{"not_picked":["PulseMagic","OpenUniverse+1"],"picked":"WitchLeyline+1","floor":44},{"not_picked":["Occultation","DarkMatter+1","RefractionSpark"],"picked":"SKIP","floor":47},{"not_picked":["UnstableBomb+1","AsteroidBelt+1"],"picked":"GrandCross+1","floor":49},{"not_picked":["FairyDestructionRay+1","TreasureHunter","AlicesGift"],"picked":"SKIP","floor":50}],"player_experience":221025,"relics_obtained":[{"floor":9,"key":"Regal Pillow"},{"floor":13,"key":"ReplayFunnel"},{"floor":26,"key":"Whetstone"},{"floor":43,"key":"Sundial"}],"event_choices":[{"damage_healed":18,"gold_gain":0,"player_choice":"Healed","damage_taken":0,"max_hp_gain":0,"max_hp_loss":0,"event_name":"The Cleric","floor":3,"gold_loss":35},{"damage_healed":0,"gold_gain":70,"player_choice":"Gained Gold","damage_taken":0,"max_hp_gain":0,"max_hp_loss":0,"event_name":"Golden Wing","floor":5,"gold_loss":0},{"damage_healed":0,"gold_gain":0,"player_choice":"Anchor","damage_taken":0,"relics_obtained":["Anchor"],"max_hp_gain":0,"max_hp_loss":0,"event_name":"blackbeard:ShipwreckEvent","floor":19,"gold_loss":0},{"damage_healed":0,"gold_gain":0,"player_choice":"Ignored","damage_taken":0,"max_hp_gain":0,"max_hp_loss":0,"event_name":"NoteForYourself","floor":28,"gold_loss":0},{"cards_removed":["yuri:yuriDefend"],"damage_healed":0,"gold_gain":0,"player_choice":"Purged","damage_taken":0,"max_hp_gain":0,"max_hp_loss":0,"event_name":"Purifier","floor":37,"gold_loss":0},{"damage_healed":0,"gold_gain":0,"player_choice":"Ignored","damage_taken":0,"max_hp_gain":0,"max_hp_loss":0,"event_name":"SecretPortal","floor":48,"gold_loss":0}],"is_beta":false,"boss_relics":[{"not_picked":["hubris:VirtuousBlindfold","hubris:ScarierMask"],"picked":"Abe\u0027s Treasure"},{"not_picked":["Astrolabe","Replay:Drink Me"],"picked":"hubris:CrackedHourglass"}],"items_purged_floors":[8],"is_endless":false,"potions_floor_spawned":[1,4,7,14,16,22,30,33,36,38,44,47],"ascension_level":0}}