{"host":"clf2hd4adhiiw0zf","time":1611811689,"event":{"mods":["AchievementEnabler","BaseMod","Beaked The Cultist","Bestiary","Dark Map","Downfall","Gremlin Mod","Hermit","Jorbs\u0027s Wanderer Trilogy","Marisa????????","Minty Spire (QoL Compilation)","Shop Mod","StSLib","The Cursed","The Servant 0.9.4","Wide Potions"],"gold_per_floor":[99,109,126,126,143,26,72,90,122,155,180,92,131,143,165,177,177,177],"floor_reached":16,"language":"ENG","playtime":822,"items_purged":[],"score":118,"play_id":"2b6d7893-4c72-4c1d-99f2-a13ac04bc763","local_time":"20210127222809","is_ascension_mode":true,"campfire_choices":[{"floor":1,"key":"RECALL"},{"floor":12,"key":"REST"}],"circlet_count":0,"master_deck":["bronze:Strike","bronze:Strike","bronze:Strike","bronze:Strike+1","bronze:Defend","bronze:Defend","bronze:Defend+1","bronze:Defend","bronze:Replicate","bronze:Goto","bronze:FollowUp","bronze:ChosenStrike","bronze:Frontload+1","bronze:Virus","bronze:BugBarrage","bronze:BuggyMess","bronze:MaxOutput","bronze:ThunderWave","bronze:BugBarrage","bronze:TinkerersToolbox","bronze:BuggyMess","bronze:Fortify"],"relics":["bronze:BronzeCore","MawBank","Odd Mushroom","downfall:HeartBlessingRed","Omamori"],"acts_visited":["Exordium"],"potions_floor_usage":[16],"damage_taken":[{"damage":1,"enemies":"Cultist","floor":2,"turns":4},{"damage":12,"enemies":"Small Slimes","floor":3,"turns":5},{"damage":6,"enemies":"Jaw Worm","floor":5,"turns":3},{"damage":0,"enemies":"downfall:FleeingMerchant","floor":6,"turns":4},{"damage":14,"enemies":"Blue Slaver","floor":8,"turns":3},{"damage":8,"enemies":"3 Sentries","floor":9,"turns":9},{"damage":22,"enemies":"The Mushroom Lair","floor":10,"turns":3},{"damage":12,"enemies":"Lots of Slimes","floor":11,"turns":5},{"damage":16,"enemies":"Lagavulin","floor":13,"turns":4},{"damage":5,"enemies":"Exordium Thugs","floor":15,"turns":3},{"damage":24,"enemies":"DF_ARCHETYPE_STREAMLINE","floor":16,"turns":3}],"seed_played":"-4608474010844238517","potions_obtained":[{"floor":8,"key":"Dexterity Potion"},{"floor":10,"key":"CultistPotion"},{"floor":13,"key":"sneckomod:MuddlingPotion"}],"is_trial":false,"path_per_floor":["R","M","M","?","M","$","T","M","E","?","M","R","E","?","M","B"],"character_chosen":"THE_AUTOMATON","items_purchased":["bronze:BugBarrage","bronze:BuggyMess"],"campfire_rested":1,"item_purchase_floors":[6,6],"current_hp_per_floor":[84,83,71,71,65,65,65,51,43,21,9,34,18,18,13,0,0,0],"gold":177,"neow_bonus":"TWENTY_PERCENT_HP_BONUS","is_daily":false,"chose_seed":false,"campfire_upgraded":0,"win_rate":0.0,"timestamp":1611811689,"path_taken":["R","M","M","?","?","$","T","M","E","?","M","R","E","?","M","BOSS"],"items_purchased_type":["Card","Card"],"build_version":"2020-12-22","purchased_purges":0,"victory":false,"max_hp_per_floor":[84,84,84,84,84,84,84,84,84,84,84,84,84,84,84,84,84,84],"card_choices":[{"not_picked":["bronze:WildBeam","bronze:BitShift"],"picked":"bronze:FollowUp","floor":2},{"not_picked":["bronze:ItsAFeature","bronze:OilSpill"],"picked":"bronze:ChosenStrike","floor":3},{"not_picked":["bronze:BronzeOrb","bronze:Deprecate"],"picked":"bronze:Frontload","floor":5},{"not_picked":["bronze:Constructor","bronze:MaxOutput"],"picked":"bronze:Virus","floor":6},{"not_picked":["bronze:Deprecate","bronze:Frontload"],"picked":"bronze:MaxOutput","floor":8},{"not_picked":["bronze:Shield","bronze:ForceShield"],"picked":"bronze:ThunderWave","floor":9},{"not_picked":["bronze:MaxOutput","bronze:Invalidate"],"picked":"bronze:BugBarrage","floor":10},{"not_picked":["bronze:Frontload","bronze:Overheat"],"picked":"bronze:TinkerersToolbox","floor":11},{"not_picked":["bronze:BugBarrage","bronze:Frontload"],"picked":"bronze:BuggyMess","floor":13},{"not_picked":["bronze:DelayedSlice","bronze:WhirlingStrike"],"picked":"bronze:Fortify","floor":15}],"player_experience":138906,"relics_obtained":[{"floor":9,"key":"MawBank"},{"floor":10,"key":"Odd Mushroom"},{"floor":13,"key":"Omamori"}],"event_choices":[{"damage_healed":0,"gold_gain":0,"player_choice":"Fought Mushrooms","damage_taken":0,"max_hp_gain":0,"max_hp_loss":0,"event_name":"Mushrooms","floor":10,"gold_loss":0}],"is_beta":false,"boss_relics":[],"items_purged_floors":[],"is_endless":false,"potions_floor_spawned":[8,10,13,15],"killed_by":"DF_ARCHETYPE_STREAMLINE","ascension_level":1}}