{"host":"8ef2eyqaps3igadt","time":1611859122,"event":{"mods":["AchievementEnabler","Act Like it!","Aspiration","BaseMod","Better Altar","Better Match","Better Skull","Better Third Choice","Better Vampires","BetterRewards","Conspire","Curses Come First","Defuse TimeMaze Blight","Disable Question Mark Monsters","Displayed Cursed Tome","Energized Spire","Fox Events","GifTheSpireLib","Hallownest","Highlight Path","Hubris","Infinite Spire","Marked Mod","Mimic Mod","Minty Spire (QoL Compilation)","Quick Restart","Replay The Spire","Shop Mod","Spicy Shops","Spikes Relics","StS++","StSLib","Stuff the Spire","SuperFastMode","The Marked","Trackpad","Unceasing Turn Reminder","Virulent Crown","Wandering Minibosses"],"gold_per_floor":[112,112,112,112,112,112,188,188,188,37,70,85,115,129,129,226,226,240,240,240,57,67,98,114,114,140,173,173,192,227,34,34,34,34],"floor_reached":33,"language":"ENG","playtime":775,"items_purged":["Pain","Regret"],"score":391,"play_id":"1fa14925-6a0d-42f3-86fc-7cd0a332735a","local_time":"20210128193842","is_ascension_mode":false,"campfire_choices":[{"data":"StuffTheSpire:Injection","floor":6.0,"key":"SMITH"},{"data":"Neutralize","floor":8.0,"key":"SMITH"},{"data":"StuffTheSpire:BumpUp","floor":15.0,"key":"SMITH"},{"floor":25,"key":"REST"},{"floor":28,"key":"REST"},{"floor":32,"key":"REST"}],"circlet_count":0,"master_deck":["Strike_G+1","Strike_G","Strike_G","Strike_G","Strike_G+1","Defend_G","Defend_G","Defend_G","Defend_G","Defend_G+1","Survivor","Neutralize+1","StuffTheSpire:Injection+1","Footwork","Dodge and Roll","Outmaneuver","StuffTheSpire:DoubleShiv","StuffTheSpire:BumpUp+1","Die Die Die","Poisoned Stab","Footwork+1","Catalyst","StuffTheSpire:Incantation+1","Finisher","Deadly Poison","Bandage Up+1"],"relics":["Ring of the Snake","NeowsBlessing","WarpedTongs","StuffTheSpire:RedRose","aspiration:StickyExplosives_weak","trackpad:ByrdCharm","Juzu Bracelet","Replay:Bottled Snecko","CosmicIsotope","infinitespire:Cupcake","SlaversCollar","RetroEgg","MerchantsRug","Gremlin Food","hubris:SlimyHat","Lantern","SnailShell"],"acts_visited":["Exordium","TheCity"],"potions_floor_usage":[24,33],"damage_taken":[{"damage":0.0,"enemies":"2 Louse","floor":1.0,"turns":1.0},{"damage":0.0,"enemies":"Lagavulin","floor":11.0,"turns":1.0},{"damage":0.0,"enemies":"Jaw Worm","floor":12.0,"turns":1.0},{"damage":17.0,"enemies":"Gremlin Nob","floor":13.0,"turns":4.0},{"damage":4.0,"enemies":"Cultist","floor":14.0,"turns":3.0},{"damage":3.0,"enemies":"The Guardian","floor":16.0,"turns":10.0},{"damage":0.0,"enemies":"3 Byrds","floor":18.0,"turns":5.0},{"damage":4.0,"enemies":"Shell Parasite","floor":22.0,"turns":7.0},{"damage":50.0,"enemies":"Slavers","floor":23.0,"turns":9.0},{"damage":9,"enemies":"Snake Plant","floor":24,"turns":6},{"damage":0,"enemies":"Gremlin Leader","floor":27,"turns":9},{"damage":2,"enemies":"Shelled Parasite and Fungi","floor":29,"turns":5},{"damage":2,"enemies":"3 Cultists","floor":30,"turns":6},{"damage":72,"enemies":"Collector","floor":33,"turns":7}],"seed_played":"-4192177111188790915","potions_obtained":[{"floor":11.0,"key":"Elixir"},{"floor":13.0,"key":"FearPotion"},{"floor":27,"key":"StSpp:ScatteredPotion"}],"is_trial":false,"path_per_floor":["M","?","?","?","?","R","T","R","T","$","E","M","E","M","R","B",null,"M","?","?","$","M","E","M","R","T","E","R","M","M","$","R","B"],"character_chosen":"THE_SILENT","items_purchased":["Footwork","MerchantsRug","Gremlin Food","Bandage Up"],"campfire_rested":3,"item_purchase_floors":[10,21,21,31],"current_hp_per_floor":[70,70,70,70,70,70,70,70,70,70,70,70,53,49,49,46,70,70,70,70,70,66,16,7,28,28,28,49,47,45,45,66,0,0],"gold":34,"neow_bonus":"THREE_ENEMY_KILL","is_daily":false,"chose_seed":false,"campfire_upgraded":3,"win_rate":0.0,"timestamp":1611859122,"path_taken":["M","?","?","?","?","R","?","R","T","?","E","M","E","M","R","BOSS","M","?","?","$","M","E","M","R","T","E","R","M","M","?","R","BOSS"],"items_purchased_type":["Card","Relic","Relic","Card"],"build_version":"2020-12-22","purchased_purges":2,"victory":false,"max_hp_per_floor":[70,70,70,70,70,70,70,70,70,70,70,70,70,70,70,70,70,70,70,70,70,70,70,70,70,70,70,70,70,70,70,70,70,70],"card_choices":[{"not_picked":["hubris:SlightOfHand","Finisher"],"picked":"StuffTheSpire:Injection","floor":1.0},{"not_picked":["StuffTheSpire:ClusterCrunch","Outmaneuver"],"picked":"Dodge and Roll","floor":11.0},{"not_picked":["Hidden Blade","Underhanded Strike"],"picked":"Outmaneuver","floor":12.0},{"not_picked":["Flying Knee","hubris:SlightOfHand"],"picked":"StuffTheSpire:DoubleShiv","floor":13.0},{"not_picked":["Dagger Throw","StSpp:Anticipation"],"picked":"StuffTheSpire:BumpUp","floor":14.0},{"not_picked":["StSpp:Landslide","ReplayTheSpireMod:From All Sides"],"picked":"Die Die Die","floor":16.0},{"not_picked":["StSpp:Lure","Dodge and Roll","StSpp:TimeParadox"],"picked":"SKIP","floor":18.0},{"not_picked":["StSpp:Dive","StSpp:PoisonousPunch"],"picked":"Poisoned Stab","floor":22.0},{"not_picked":["Backflip","StSpp:Throw"],"picked":"Footwork","floor":23.0},{"not_picked":["StSpp:PoisonousPunch","StuffTheSpire:Sprint+1"],"picked":"Catalyst","floor":24},{"not_picked":["Prepared","StuffTheSpire:ClusterCrunch"],"picked":"StuffTheSpire:Incantation+1","floor":27},{"not_picked":["Hidden Blade","Blade Dance"],"picked":"Finisher","floor":29},{"not_picked":["hubris:Counter+1","Prepared"],"picked":"Deadly Poison","floor":30}],"player_experience":14439,"relics_obtained":[{"floor":7.0,"key":"aspiration:StickyExplosives_weak"},{"floor":9.0,"key":"trackpad:ByrdCharm"},{"floor":11.0,"key":"Juzu Bracelet"},{"floor":13.0,"key":"Replay:Bottled Snecko"},{"floor":23.0,"key":"hubris:SlimyHat"},{"floor":26,"key":"Lantern"},{"floor":27,"key":"SnailShell"}],"event_choices":[{"damage_healed":0.0,"max_hp_gain":0.0,"max_hp_loss":0.0,"gold_gain":0.0,"event_name":"Accursed Blacksmith","player_choice":"Rummage","floor":3.0,"gold_loss":0.0,"damage_taken":0.0,"relics_obtained":["WarpedTongs"],"cards_obtained":["Pain"]},{"damage_healed":0.0,"max_hp_gain":0.0,"max_hp_loss":0.0,"gold_gain":0.0,"event_name":"conspire:LoneGhost","player_choice":"Disagree","floor":4.0,"gold_loss":0.0,"damage_taken":0.0}],"is_beta":false,"boss_relics":[{"not_picked":["energizedSpire:RedRose","energizedSpire:HighHeels"],"picked":"Replay:Grab Bag"},{"not_picked":["Sozu","energizedSpire:StickyHand"],"picked":"CosmicIsotope"},{"not_picked":["Coffee Dripper","conspire:SlowCooker"],"picked":"infinitespire:Cupcake"},{"not_picked":["trackpad:RiggedDice","Sandwich"],"picked":"SlaversCollar"}],"items_purged_floors":[10,31],"is_endless":false,"potions_floor_spawned":[11,13,27],"killed_by":"Collector","ascension_level":0}}