{"host":"1tl36azeqm6yhdgj","time":1611874835,"event":{"mods":["AchievementEnabler","BaseMod","Minty Spire (QoL Compilation)","StSLib","The IronCluck","everything is the same but u backflip on backflip"],"gold_per_floor":[119,119,119,60,80,113,263,263,286,30,40,70,35,48,48,122,122,140,153,78,78,94,94,120,136,136,171,203,217,46,76,76,76,76],"floor_reached":33,"language":"ENG","playtime":1705,"items_purged":[],"score":676,"play_id":"cf30937c-136e-4e78-9ab5-c266d9b8ccc5","local_time":"20210128180035","is_ascension_mode":true,"campfire_choices":[{"data":"Bullet Time","floor":15.0,"key":"SMITH"},{"data":"Creative AI","floor":23.0,"key":"SMITH"},{"floor":32.0,"key":"RECALL"}],"circlet_count":0,"master_deck":["AscendersBane","Strike_R+1","Strike_R","Defend_R","Defend_R","Defend_R","Defend_R","Bash+1","Fire Breathing","Flex","Cleave","Uppercut","Flash of Steel","Self Repair","BowlingBash","Bullet Time+1","Creative AI+1","PiercingWail","PanicButton+1","Whirlwind","Reaper","Poisoned Stab","Dash","Seeing Red","Endless Agony"],"relics":["Burning Blood","NeowsBlessing","Regal Pillow","Bronze Scales","PrismaticShard","StoneCalendar","Runic Pyramid","Ice Cream","Magic Flower","Turnip","Red Mask","Anchor","Art of War"],"acts_visited":["Exordium","TheCity"],"potions_floor_usage":[],"damage_taken":[{"damage":0.0,"enemies":"2 Louse","floor":1.0,"turns":1.0},{"damage":0.0,"enemies":"Jaw Worm","floor":5.0,"turns":1.0},{"damage":0.0,"enemies":"Gremlin Nob","floor":6.0,"turns":1.0},{"damage":0.0,"enemies":"Cultist","floor":11.0,"turns":3.0},{"damage":25.0,"enemies":"Lagavulin","floor":12.0,"turns":8.0},{"damage":7.0,"enemies":"2 Fungi Beasts","floor":14.0,"turns":3.0},{"damage":18.0,"enemies":"Slime Boss","floor":16.0,"turns":7.0},{"damage":14.0,"enemies":"Chosen","floor":18.0,"turns":4.0},{"damage":7.0,"enemies":"3 Byrds","floor":19.0,"turns":2.0},{"damage":18.0,"enemies":"Snake Plant","floor":22.0,"turns":5.0},{"damage":39.0,"enemies":"Book of Stabbing","floor":24.0,"turns":6.0},{"damage":7.0,"enemies":"3 Cultists","floor":25.0,"turns":5.0},{"damage":48.0,"enemies":"Slavers","floor":27.0,"turns":6.0},{"damage":11.0,"enemies":"Masked Bandits","floor":28.0,"turns":4.0},{"damage":13.0,"enemies":"Cultist and Chosen","floor":29.0,"turns":5.0},{"damage":4.0,"enemies":"Gremlin Leader","floor":31.0,"turns":8.0},{"damage":99,"enemies":"Champ","floor":33,"turns":16}],"seed_played":"-2291553918375876259","potions_obtained":[{"floor":5.0,"key":"EssenceOfSteel"},{"floor":6.0,"key":"LiquidBronze"},{"floor":14.0,"key":"GamblersBrew"},{"floor":18.0,"key":"PowerPotion"},{"floor":19.0,"key":"FearPotion"},{"floor":25.0,"key":"BlessingOfTheForge"},{"floor":27.0,"key":"EssenceOfSteel"}],"is_trial":false,"path_per_floor":["M","?","?","$","M","E","?","?","T","$","M","E","?","M","R","B",null,"M","M","?","?","M","R","E","M","T","E","?","M","$","E","R","B"],"character_chosen":"IRONCLAD","items_purchased":["Flex","PrismaticShard","Flash of Steel","Anchor"],"campfire_rested":0,"item_purchase_floors":[4,10,10,30],"current_hp_per_floor":[74,51,40,40,46,52,52,52,52,52,58,46,64,70,70,65,73,72,71,71,71,72,72,55,69,69,41,74,75,75,75,75,0,0],"gold":76,"neow_bonus":"THREE_ENEMY_KILL","is_daily":false,"chose_seed":false,"campfire_upgraded":2,"win_rate":0.0,"timestamp":1611874835,"path_taken":["M","?","?","$","?","E","?","?","T","$","?","E","?","M","R","BOSS","M","M","?","?","M","R","E","M","T","E","?","M","$","E","R","BOSS"],"items_purchased_type":["Card","Relic","Card","Relic"],"build_version":"2020-12-22","purchased_purges":0,"victory":false,"max_hp_per_floor":[75,75,75,75,75,75,75,75,75,75,75,75,75,75,75,75,75,75,75,75,75,75,75,75,75,75,75,75,75,75,75,75,75,75],"card_choices":[{"not_picked":["Heavy Blade","Cleave"],"picked":"Fire Breathing","floor":1.0},{"not_picked":["Pommel Strike","Cleave","Clothesline"],"picked":"SKIP","floor":5.0},{"not_picked":["Pommel Strike","Clothesline"],"picked":"Cleave","floor":5.0},{"not_picked":["Flex","Iron Wave"],"picked":"Uppercut","floor":6.0},{"not_picked":["Finesse","All Out Attack"],"picked":"Self Repair","floor":11.0},{"not_picked":["Sever Soul","Streamline"],"picked":"BowlingBash","floor":12.0},{"not_picked":["PiercingWail","Coolheaded"],"picked":"Bullet Time","floor":14.0},{"not_picked":["Unload","Biased Cognition"],"picked":"Creative AI","floor":16.0},{"not_picked":["Finesse","Hologram"],"picked":"PiercingWail","floor":18.0},{"not_picked":["Leap","Barrage"],"picked":"PanicButton+1","floor":19.0},{"not_picked":["Reprogram","Headbutt","Collect"],"picked":"SKIP","floor":22.0},{"not_picked":["Perfected Strike","Heavy Blade","Uppercut"],"picked":"SKIP","floor":24.0},{"not_picked":["Sanctity","Grand Finale"],"picked":"Poisoned Stab","floor":25.0},{"not_picked":["Dodge and Roll","Pummel"],"picked":"Dash","floor":27.0},{"not_picked":["Cloak And Dagger","True Grit"],"picked":"Seeing Red","floor":28.0},{"not_picked":["Predator","Entrench","Redo"],"picked":"SKIP","floor":29.0},{"not_picked":["Madness","Flash of Steel"],"picked":"Endless Agony","floor":31.0}],"player_experience":2078894,"relics_obtained":[{"floor":6.0,"key":"Regal Pillow"},{"floor":9.0,"key":"Bronze Scales"},{"floor":12.0,"key":"StoneCalendar"},{"floor":24.0,"key":"Ice Cream"},{"floor":26.0,"key":"Magic Flower"},{"floor":27.0,"key":"Turnip"},{"floor":28.0,"key":"Red Mask"},{"floor":31.0,"key":"Art of War"}],"event_choices":[{"damage_healed":0.0,"max_hp_gain":0.0,"max_hp_loss":0.0,"gold_gain":0.0,"event_name":"Shining Light","player_choice":"Entered Light","floor":2.0,"gold_loss":0.0,"damage_taken":23.0,"cards_upgraded":["Bash","Strike_R"]},{"damage_healed":0.0,"max_hp_gain":0.0,"max_hp_loss":0.0,"gold_gain":0.0,"event_name":"Wheel of Change","player_choice":"Damaged","floor":3.0,"gold_loss":0.0,"damage_taken":11.0},{"damage_healed":0.0,"max_hp_gain":0.0,"max_hp_loss":0.0,"gold_gain":150.0,"event_name":"Liars Game","player_choice":"AGREE","floor":7.0,"gold_loss":0.0,"damage_taken":0.0,"cards_obtained":["Doubt"]},{"cards_removed":["Doubt"],"damage_healed":0.0,"max_hp_gain":0.0,"max_hp_loss":0.0,"gold_gain":0.0,"event_name":"Purifier","player_choice":"Purged","floor":8.0,"gold_loss":0.0,"damage_taken":0.0},{"damage_healed":18.0,"max_hp_gain":0.0,"max_hp_loss":0.0,"gold_gain":0.0,"event_name":"The Cleric","player_choice":"Healed","floor":13.0,"gold_loss":35.0,"damage_taken":0.0},{"cards_removed":["Strike_R"],"damage_healed":0.0,"max_hp_gain":0.0,"max_hp_loss":0.0,"gold_gain":0.0,"event_name":"Beggar","player_choice":"Gave Gold","floor":20.0,"gold_loss":75.0,"damage_taken":0.0},{"damage_healed":0.0,"max_hp_gain":0.0,"max_hp_loss":0.0,"gold_gain":0.0,"cards_transformed":["Strike_R","Strike_R"],"event_name":"Drug Dealer","player_choice":"Became Test Subject","floor":21.0,"gold_loss":0.0,"damage_taken":0.0,"cards_obtained":["Whirlwind","Reaper"]},{"damage_healed":0.0,"max_hp_gain":0.0,"max_hp_loss":0.0,"gold_gain":0.0,"event_name":"Masked Bandits","player_choice":"Fought Bandits","floor":28.0,"gold_loss":0.0,"damage_taken":0.0}],"is_beta":false,"boss_relics":[{"not_picked":["Empty Cage","Fusion Hammer"],"picked":"Runic Pyramid"}],"items_purged_floors":[],"is_endless":false,"potions_floor_spawned":[5,6,14,18,19,25,27],"killed_by":"Champ","ascension_level":20}}