{"host":"drjz7zl15rqtgg20","time":1611865290,"event":{"mods":["BaseMod","Downfall","Minty Spire (QoL Compilation)","StSLib"],"gold_per_floor":[99,112,132,148,148,148,175,85,146,178,188,223,23,8,26,123,123,123,134,134,19,19,19,19,19,19,52,68,78,78,78,97,199,199,99,109,109,159,207,223,223,223,443,477,477,504,519,369,379,379,379,412,10,10,10,10],"floor_reached":57,"language":"ENG","playtime":4053,"items_purged":["Guardian:Strike_Guardian","Guardian:Strike_Guardian","Guardian:Defend_Guardian","Guardian:Defend_Guardian","Guardian:CurlUp"],"score":1575,"play_id":"58f478c0-8c03-4689-9eb1-b42cfcac8e90","local_time":"20210128152130","is_ascension_mode":true,"campfire_choices":[{"floor":1,"key":"RECALL"},{"data":"Guardian:Suspension","floor":13,"key":"SMITH"},{"data":"Guardian:BodySlam","floor":18,"key":"SMITH"},{"data":"Guardian:BodySlam","floor":25,"key":"SMITH"},{"data":"Guardian:Orbwalk","floor":30,"key":"SMITH"},{"data":"Guardian:ConstructionForm","floor":35,"key":"SMITH"},{"data":"Guardian:TwinSlam","floor":42,"key":"SMITH"},{"data":"Guardian:ConstructionForm","floor":45,"key":"SMITH"},{"data":"Guardian:FloatingOrbs","floor":54,"key":"SMITH"}],"circlet_count":0,"master_deck":["Guardian:TwinSlam+1","Guardian:RollAttack","Guardian:BodySlam+1","Guardian:TemporalShield","Guardian:BodySlam+1","Guardian:ConstructionForm","Guardian:Suspension+1","Guardian:TemporalStrike","Guardian:ConstructionForm+1","Guardian:Orbwalk+1","Guardian:Orbwalk+1","Guardian:TemporalShield+1","Guardian:ConstructionForm+1","Guardian:Suspension+1","Guardian:TimeSifter","Guardian:WalkerClaw+1","Guardian:WalkerClaw+1","Guardian:FloatingOrbs+1"],"relics":["Guardian:ModeShifter","Prayer Wheel","Slimebound:StickyStick","Mango","downfall:HeartBlessingRed","downfall:HeartBlessingBlue","Coffee Dripper","Slimebound:PreparedRelic","StoneCalendar","Nloth\u0027s Gift","Black Star","downfall:HeartBlessingGreen","TungstenRod","FossilizedHelix","Molten Egg 2","Blue Candle","Singing Bowl","Shuriken","Eternal Feather","Pocketwatch","Toy Ornithopter","ClockworkSouvenir"],"acts_visited":["Exordium","TheCity","TheBeyond","TheEnding"],"potions_floor_usage":[12,21,39,55,56],"damage_taken":[{"damage":5,"enemies":"Cultist","floor":2,"turns":5},{"damage":5,"enemies":"Small Slimes","floor":3,"turns":3},{"damage":2,"enemies":"Jaw Worm","floor":4,"turns":4},{"damage":0,"enemies":"downfall:FleeingMerchant","floor":8,"turns":4},{"damage":5,"enemies":"Lagavulin Event","floor":9,"turns":8},{"damage":0,"enemies":"Lagavulin","floor":10,"turns":7},{"damage":2,"enemies":"Lots of Slimes","floor":11,"turns":4},{"damage":0,"enemies":"Gremlin Nob","floor":12,"turns":5},{"damage":0,"enemies":"downfall:FleeingMerchant","floor":14,"turns":4},{"damage":0,"enemies":"2 Fungi Beasts","floor":15,"turns":3},{"damage":27,"enemies":"WA_ARCHETYPE_RETAIN","floor":16,"turns":8},{"damage":5,"enemies":"3 Byrds","floor":19,"turns":5},{"damage":0,"enemies":"downfall:FleeingMerchant","floor":21,"turns":4},{"damage":0,"enemies":"Gremlin Leader","floor":27,"turns":6},{"damage":0,"enemies":"Chosen","floor":28,"turns":4},{"damage":0,"enemies":"Shelled Parasite and Fungi","floor":29,"turns":4},{"damage":0,"enemies":"Centurion and Healer","floor":32,"turns":4},{"damage":6,"enemies":"SI_MIRROR_ARCHETYPE","floor":33,"turns":6},{"damage":0,"enemies":"3 Darklings","floor":36,"turns":5},{"damage":0,"enemies":"3 Darklings","floor":38,"turns":5},{"damage":0,"enemies":"2 Orb Walkers","floor":39,"turns":4},{"damage":0,"enemies":"Orb Walker","floor":40,"turns":3},{"damage":0,"enemies":"downfall:FleeingMerchant","floor":43,"turns":3},{"damage":0,"enemies":"Reptomancer","floor":44,"turns":4},{"damage":0,"enemies":"Nemesis","floor":46,"turns":5},{"damage":0,"enemies":"Jaw Worm Horde","floor":47,"turns":5},{"damage":0,"enemies":"Maw","floor":49,"turns":5},{"damage":0,"enemies":"IC_BLOCK_ARCHETYPE","floor":50,"turns":6},{"damage":0,"enemies":"downfall:CharBossMerchant","floor":52,"turns":6},{"damage":0,"enemies":"downfall:NeowBoss","floor":55,"turns":9},{"damage":42,"enemies":"downfall:NeowBossFinal","floor":56,"turns":7}],"seed_played":"-4197508212219931377","potions_obtained":[{"floor":3,"key":"Guardian:BlockOnCardUsePotion"},{"floor":11,"key":"Swift Potion"},{"floor":12,"key":"FairyPotion"},{"floor":15,"key":"SteroidPotion"},{"floor":16,"key":"Dexterity Potion"},{"floor":19,"key":"Swift Potion"},{"floor":29,"key":"Guardian:DefensiveModePotion"},{"floor":49,"key":"AttackPotion"}],"is_trial":false,"path_per_floor":["R","M","M","M","?","?","T","$","?","E","M","E","R","$","M","B",null,"R","M","?","$","?","?","T","R","?","E","M","M","R","?","M","B",null,"R","M","?","?","?","M","T","R","$","E","R","E","M","$","M","B",null,"E","$","R","B","B",null],"character_chosen":"GUARDIAN","items_purchased":["Guardian:FloatingOrbs","ClockworkSouvenir"],"campfire_rested":0,"item_purchase_floors":[53,53],"current_hp_per_floor":[56,51,46,44,38,38,38,38,33,47,45,45,55,55,55,28,104,104,99,99,99,99,99,99,99,99,99,99,99,99,99,99,93,104,104,104,104,104,104,104,104,104,104,106,106,106,108,108,110,110,110,112,112,112,112,70],"gold":10,"neow_bonus":"ONE_RARE_RELIC","is_daily":false,"chose_seed":false,"campfire_upgraded":8,"win_rate":0.0,"timestamp":1611865290,"path_taken":["R","M","M","M","?","?","T","$","?","E","M","E","R","$","M","BOSS","R","M","?","$","?","?","T","R","?","E","M","M","R","?","M","BOSS","R","M","?","?","?","M","T","R","$","E","R","E","?","$","M","BOSS","E","$","R","BOSS","BOSS"],"items_purchased_type":["Card","Relic"],"build_version":"2020-12-22","purchased_purges":5,"victory":true,"max_hp_per_floor":[80,80,80,80,80,80,80,80,80,94,94,94,104,104,104,104,104,104,104,104,104,104,104,104,104,104,104,104,104,104,104,104,104,104,104,104,104,104,104,104,104,104,104,106,106,106,108,108,110,110,110,112,112,112,112,112],"card_choices":[{"not_picked":["Guardian:Gem_Cyan","Guardian:BronzeOrb"],"picked":"Guardian:RollAttack","floor":2},{"not_picked":["Guardian:Gem_Green","Guardian:Incinerate","Guardian:Suspension"],"picked":"SKIP","floor":2},{"not_picked":["Guardian:Gem_Cyan","Guardian:Gem_Purple"],"picked":"Guardian:BodySlam","floor":3},{"not_picked":["Guardian:MultiBeam","Guardian:ChargeCore","Guardian:GuardianWhirl"],"picked":"SKIP","floor":3},{"not_picked":["Guardian:Gem_Red","Guardian:GuardianWhirl"],"picked":"Guardian:TemporalShield","floor":4},{"not_picked":["Guardian:Planning","Guardian:ChargeCore"],"picked":"Guardian:BodySlam","floor":4},{"not_picked":["Guardian:ShieldCharger","Guardian:TemporalStrike"],"picked":"Guardian:ConstructionForm","floor":8},{"not_picked":["Guardian:PrismaticBarrier","Guardian:RollAttack"],"picked":"Guardian:Suspension","floor":9},{"not_picked":["Guardian:Suspension","Guardian:Gem_Green"],"picked":"Guardian:Gem_Orange","floor":10},{"not_picked":["Guardian:WalkerClaw","Guardian:Harden"],"picked":"Guardian:TemporalStrike","floor":11},{"not_picked":["Guardian:Gem_Red","Guardian:CrystalBeam","Guardian:Gem_Yellow"],"picked":"SKIP","floor":11},{"not_picked":["Guardian:Reroute","Guardian:CrystalBeam","Guardian:GemFire"],"picked":"SKIP","floor":12},{"not_picked":["Guardian:ChargeCore","Guardian:FuturePlans","Guardian:DonusPower"],"picked":"SKIP","floor":14},{"not_picked":["Guardian:RollAttack","Guardian:PiercingHide","Guardian:Gem_Green"],"picked":"SKIP","floor":15},{"not_picked":["Guardian:RollAttack","Guardian:ChargeCore","Guardian:Incinerate"],"picked":"SKIP","floor":15},{"not_picked":["Guardian:BaubleBeam","Guardian:StasisField"],"picked":"Guardian:ConstructionForm","floor":16},{"not_picked":["Guardian:Suspension","Guardian:Planning"],"picked":"Guardian:Orbwalk","floor":19},{"not_picked":["Guardian:Incinerate","Guardian:PrimingBeam"],"picked":"Guardian:Orbwalk","floor":19},{"not_picked":["Guardian:Gem_Yellow","Guardian:TemporalShield","Guardian:TemporalStrike"],"picked":"SKIP","floor":21},{"not_picked":["Guardian:MultiBeam","Guardian:DonusPower","Guardian:Clone"],"picked":"SKIP","floor":27},{"not_picked":["Guardian:Gem_Green","Guardian:PiercingHide"],"picked":"Guardian:TemporalShield+1","floor":28},{"not_picked":["Guardian:Harden","Guardian:Reroute","Guardian:Suspension"],"picked":"SKIP","floor":28},{"not_picked":["Guardian:Gem_Cyan","Guardian:PiercingHide","Guardian:PrismaticBarrier+1"],"picked":"SKIP","floor":29},{"not_picked":["Guardian:VentSteam","Guardian:Gem_Lightblue","Guardian:CrystalBeam"],"picked":"SKIP","floor":29},{"not_picked":["Guardian:PrismaticBeam","Guardian:ExploitGems"],"picked":"Guardian:Gem_Crimson","floor":32},{"not_picked":["Guardian:ChargeCore","Guardian:CrystalBeam","Guardian:EvasiveProtocol+1"],"picked":"SKIP","floor":32},{"not_picked":["Guardian:SentryBeam+1","Guardian:PolyBeam+1"],"picked":"Guardian:ConstructionForm","floor":36},{"not_picked":["Guardian:Gem_Blue","Guardian:Suspension+1","Guardian:Gem_Lightblue"],"picked":"SKIP","floor":36},{"not_picked":["Guardian:ChargeCore","Guardian:Gem_Green"],"picked":"Guardian:Suspension+1","floor":38},{"not_picked":["Guardian:Reroute+1","Guardian:Gem_Lightblue","Guardian:Planning+1"],"picked":"SKIP","floor":40},{"not_picked":["Guardian:StasisField","Guardian:Clone","Guardian:TimeBomb"],"picked":"SKIP","floor":40},{"not_picked":["Guardian:DonusPower","Guardian:Suspension","Guardian:Emergency+1"],"picked":"SKIP","floor":43},{"not_picked":["Guardian:RevengeProtocol","Guardian:SentryBeam+1","Guardian:WalkerClaw+1"],"picked":"Singing Bowl","floor":44},{"not_picked":["Guardian:Reroute+1","Guardian:Incinerate+1"],"picked":"Guardian:TimeSifter","floor":46},{"not_picked":["Guardian:RollAttack+1","Guardian:PiercingHide+1"],"picked":"Guardian:WalkerClaw+1","floor":47},{"not_picked":["Guardian:EvasiveProtocol","Guardian:SentryBeam+1","Guardian:Clone+1"],"picked":"Singing Bowl","floor":47},{"not_picked":["Guardian:RefractedBeam+1","Guardian:EvasiveProtocol+1"],"picked":"Guardian:WalkerClaw+1","floor":49},{"not_picked":["Guardian:WalkerClaw+1","Guardian:TemporalShield+1","Guardian:Emergency+1"],"picked":"Singing Bowl","floor":49},{"not_picked":["Guardian:Gem_Lightblue","Guardian:SphericShield","Guardian:WalkerClaw+1"],"picked":"Singing Bowl","floor":52}],"player_experience":601930,"relics_obtained":[{"floor":10,"key":"Mango"},{"floor":12,"key":"Juzu Bracelet"},{"floor":24,"key":"Slimebound:PreparedRelic"},{"floor":27,"key":"StoneCalendar"},{"floor":38,"key":"TungstenRod"},{"floor":39,"key":"FossilizedHelix"},{"floor":41,"key":"Molten Egg 2"},{"floor":44,"key":"Blue Candle"},{"floor":44,"key":"Singing Bowl"},{"floor":46,"key":"Shuriken"},{"floor":46,"key":"Eternal Feather"},{"floor":52,"key":"Pocketwatch"},{"floor":52,"key":"Toy Ornithopter"}],"event_choices":[{"cards_removed":["Guardian:Strike_Guardian"],"damage_healed":0,"gold_gain":0,"player_choice":"Forget","damage_taken":0,"max_hp_gain":0,"max_hp_loss":0,"event_name":"Living Wall","floor":6,"gold_loss":0},{"damage_healed":0,"gold_gain":0,"player_choice":"Fight","damage_taken":0,"max_hp_gain":0,"max_hp_loss":0,"event_name":"Mysterious Sphere","floor":39,"gold_loss":0}],"is_beta":false,"boss_relics":[{"not_picked":["Guardian:StasisSlotReductionRelic","Runic Pyramid"],"picked":"Coffee Dripper"},{"not_picked":["Snecko Eye","expansioncontent:StudyCardRelic"],"picked":"Black Star"}],"items_purged_floors":[8,21,43,48,53],"is_endless":false,"potions_floor_spawned":[3,11,12,15,16,19,29,32,33,36,49,52],"ascension_level":2}}