{"host":"e52c7hvho6xny3hd","time":1611820869,"event":{"mods":["AchievementEnabler","BaseMod","Colored Map","DeckTracker","Minty Spire (QoL Compilation)","Permanent Neow","StSLib"],"gold_per_floor":[118,133,151,162,162,195,207,104,104,115,115,129,129,140,140,140,140],"floor_reached":16,"language":"KOR","playtime":505,"items_purged":["Strike_P"],"score":166,"play_id":"a0cbad61-c351-4df8-83fe-f3f2b06ff883","local_time":"20210128170109","is_ascension_mode":true,"campfire_choices":[{"data":"PathToVictory","floor":7,"key":"SMITH"},{"data":"Perseverance","floor":11,"key":"SMITH"},{"floor":13,"key":"REST"},{"floor":15,"key":"REST"}],"circlet_count":0,"master_deck":["AscendersBane","Strike_P","Strike_P","Strike_P","Defend_P","Defend_P","Defend_P","Defend_P","Eruption","Vigilance","ClearTheMind","PathToVictory+1","Evaluate","DeusExMachina","Perseverance+1"],"relics":["PureWater","NeowsBlessing","MawBank","CeramicFish"],"acts_visited":["Exordium"],"potions_floor_usage":[4,4,6],"damage_taken":[{"damage":0,"enemies":"Cultist","floor":1,"turns":1},{"damage":0,"enemies":"Small Slimes","floor":2,"turns":1},{"damage":0,"enemies":"Jaw Worm","floor":3,"turns":1},{"damage":13,"enemies":"3 Louse","floor":4,"turns":7},{"damage":10,"enemies":"Gremlin Nob","floor":6,"turns":3},{"damage":6,"enemies":"Looter","floor":10,"turns":4},{"damage":20,"enemies":"Lots of Slimes","floor":12,"turns":6},{"damage":20,"enemies":"Exordium Thugs","floor":14,"turns":7},{"damage":0,"enemies":"The Guardian","floor":16,"turns":1}],"seed_played":"-7769711563390763822","potions_obtained":[{"floor":2,"key":"EntropicBrew"},{"floor":4,"key":"SpeedPotion"},{"floor":12,"key":"PowerPotion"}],"is_trial":false,"path_per_floor":["M","M","M","M","?","E","R","$","T","M","R","M","R","M","R","B"],"character_chosen":"WATCHER","items_purchased":["Perseverance"],"campfire_rested":2,"item_purchase_floors":[8],"current_hp_per_floor":[65,65,65,52,52,42,42,42,42,36,36,16,37,17,38,38,38],"gold":140,"neow_bonus":"THREE_ENEMY_KILL","is_daily":false,"chose_seed":false,"campfire_upgraded":2,"win_rate":0.0,"timestamp":1611820869,"path_taken":["M","?","M","M","?","E","R","$","T","M","R","M","R","M","R","BOSS"],"items_purchased_type":["Card"],"build_version":"2020-12-22","purchased_purges":1,"victory":false,"max_hp_per_floor":[72,72,72,72,72,72,72,72,72,72,72,72,72,72,72,72,72],"card_choices":[{"not_picked":["CrushJoints","Nirvana"],"picked":"ClearTheMind","floor":1},{"not_picked":["FollowUp","EmptyFist"],"picked":"PathToVictory","floor":2},{"not_picked":["Consecrate","JustLucky"],"picked":"Evaluate","floor":3},{"not_picked":["BowlingBash","FearNoEvil","Halt"],"picked":"SKIP","floor":4},{"not_picked":["Consecrate","Conclude"],"picked":"DeusExMachina","floor":6},{"not_picked":["CutThroughFate","EmptyFist","FearNoEvil"],"picked":"SKIP","floor":10},{"not_picked":["ClearTheMind","Collect","CrushJoints"],"picked":"SKIP","floor":12},{"not_picked":["CrushJoints","ClearTheMind","Protect"],"picked":"SKIP","floor":14}],"player_experience":699613,"relics_obtained":[{"floor":6,"key":"MawBank"},{"floor":9,"key":"CeramicFish"}],"event_choices":[{"damage_healed":0,"gold_gain":0,"player_choice":"Ignored","damage_taken":0,"max_hp_gain":0,"max_hp_loss":0,"event_name":"Shining Light","floor":5,"gold_loss":0}],"is_beta":false,"boss_relics":[],"items_purged_floors":[8],"is_endless":false,"potions_floor_spawned":[2,4,12],"killed_by":"The Guardian","ascension_level":12}}