{"host":"npubv26u89aif4fa","time":1611800603,"event":{"mods":["Astrologer","BaseMod","Better Vampires","Better-Laid Plans","Colored Powertips","GifTheSpireLib","GungeonMod","HornydragonMod","Hubris","Jedi Mod","Minty Spire (QoL Compilation)","Quick Restart","Remilia（蕾米莉亚）","Replay The Spire","StSLib","Td1madao Mod","The Administrix","The Alterego","The Bug Knight","The Cursed","The Runesmith","Yuri Mod","残留之物"],"gold_per_floor":[116,116,116,127,52,128,128,128,145,172,199,229,229],"floor_reached":12,"language":"ZHS","playtime":577,"items_purged":["alterego_mod:Strike"],"score":89,"play_id":"f4488ef4-1491-41c3-b106-754a3698fbbf","local_time":"20210128102323","is_ascension_mode":true,"campfire_choices":[],"circlet_count":0,"master_deck":["alterego_mod:Strike","alterego_mod:Strike","alterego_mod:Strike","alterego_mod:Defend","alterego_mod:Defend","alterego_mod:Defend","alterego_mod:Defend","alterego_mod:Impale","alterego_mod:BigMeatyClaws","alterego_mod:BrynhildrsRune","alterego_mod:DiscoLights","alterego_mod:DestructionOfProperty","alterego_mod:RocketPunch","alterego_mod:1TonWallop","alterego_mod:Palingenesis"],"relics":["alterego_mod:MasochisticConstitution","NeowsBlessing","ReplayTheSpireMod:Ring of Challenge","Spirit Poop","hubris:ToyBattleship","Blue Doll","Replay:Rubber Ducky"],"acts_visited":["Exordium"],"potions_floor_usage":[12],"damage_taken":[{"damage":5.0,"enemies":"Small Slimes","floor":1.0,"turns":2.0},{"damage":1.0,"enemies":"Cultist","floor":4.0,"turns":3.0},{"damage":26.0,"enemies":"Lagavulin","floor":6.0,"turns":8.0},{"damage":3.0,"enemies":"Jaw Worm","floor":9.0,"turns":6.0},{"damage":43.0,"enemies":"Gremlin Nob","floor":10.0,"turns":5.0},{"damage":12,"enemies":"Lagavulin","floor":12,"turns":5}],"seed_played":"-6053930088132620304","potions_obtained":[{"floor":4.0,"key":"PowerPotion"},{"floor":6.0,"key":"Weak Potion"},{"floor":10.0,"key":"FearPotion"}],"is_trial":false,"path_per_floor":["M","?","?","M","$","E","PTL","PTL","M","E","T","E"],"character_chosen":"The_Alterego","items_purchased":[],"campfire_rested":0,"item_purchase_floors":[],"current_hp_per_floor":[71,71,71,71,71,53,53,53,51,9,9,0,0],"gold":229,"neow_bonus":"THREE_ENEMY_KILL","is_daily":false,"chose_seed":false,"campfire_upgraded":0,"win_rate":0.0,"timestamp":1611800603,"path_taken":["M","?","?","?","$","E","PTL","PTL","M","E","T","E"],"items_purchased_type":[],"build_version":"2020-12-22","purchased_purges":1,"victory":false,"max_hp_per_floor":[71,71,71,72,72,73,73,73,74,75,75,75,75],"card_choices":[{"not_picked":["alterego_mod:HighServant","alterego_mod:Cooking"],"picked":"alterego_mod:DiscoLights","floor":1.0},{"not_picked":["alterego_mod:InsideBaseball","alterego_mod:BiFurious"],"picked":"alterego_mod:DestructionOfProperty","floor":4.0},{"not_picked":["alterego_mod:Pet","alterego_mod:Bounce"],"picked":"alterego_mod:RocketPunch","floor":6.0},{"not_picked":["alterego_mod:RidiculouslyBig","alterego_mod:GoddessCore"],"picked":"alterego_mod:1TonWallop","floor":9.0},{"not_picked":["alterego_mod:BrynhildrRomantia","alterego_mod:1TonWallop"],"picked":"alterego_mod:Palingenesis","floor":10.0}],"player_experience":358044,"relics_obtained":[{"floor":2.0,"key":"ReplayTheSpireMod:Ring of Challenge"},{"floor":6.0,"key":"hubris:ToyBattleship"},{"floor":10.0,"key":"Blue Doll"},{"floor":11.0,"key":"Replay:Rubber Ducky"}],"event_choices":[{"cards_removed":["Delirium"],"damage_healed":0.0,"max_hp_gain":0.0,"max_hp_loss":0.0,"gold_gain":0.0,"event_name":"Bonfire Elementals","player_choice":"Offered Curse","floor":3.0,"gold_loss":0.0,"damage_taken":0.0,"relics_obtained":["Spirit Poop"]}],"is_beta":false,"boss_relics":[],"items_purged_floors":[5],"is_endless":false,"potions_floor_spawned":[4,6,10],"killed_by":"Lagavulin","ascension_level":1}}