{"host":"j0tja808rg8hkg8v","time":1611861387,"event":{"mods":["Aspiration","BaseMod","Colored Powertips","Downfall","Energized Spire","Hermit","Infinite Spire","Ironclad Rager","Magitek Elite","Minty Spire (QoL Compilation)","Relic Stats","Replay The Spire","StSLib","The Bladedancer","The Cursed","The Disciple","The Runesmith"],"gold_per_floor":[118,393,404,192,192,192,192,192,192,209,226,237,237,250,250,351,351,367,384,404,404,404,404,434,454,454,454,454],"floor_reached":27,"language":"ENG","playtime":2085,"items_purged":["Runesmith:Defend_RS"],"score":225,"play_id":"20786c3d-cc8f-43eb-9a72-54468f48d0be","local_time":"20210128191627","is_ascension_mode":false,"campfire_choices":[{"data":"Runesmith:PoweredAnvil","floor":6,"key":"SMITH"},{"data":"Runesmith:Grindstone","floor":8,"key":"SMITH"},{"floor":13,"key":"REST"},{"data":"Runesmith:CraftMagma","floor":15,"key":"SMITH"},{"floor":23,"key":"REST"}],"circlet_count":0,"master_deck":["Runesmith:Strike_RS","Runesmith:Strike_RS","Runesmith:Strike_RS","Runesmith:Strike_RS","Runesmith:Defend_RS","Runesmith:Defend_RS","Runesmith:Defend_RS","Runesmith:CraftFirestone+1","Runesmith:Fortify+1","Runesmith:Refine","Runesmith:EnergizedChisel","Runesmith:Grindstone+1","Runesmith:CraftProtectio","Runesmith:PoweredAnvil+1","Runesmith:Firestorm","Runesmith:CraftMagma+1","aspiration:UnbridledHammer","Runesmith:CraftReservo","Runesmith:Duplicate","Runesmith:Grindstone","Runesmith:StaticCage","Runesmith:GoWithTheFlow","ReplayTheSpireMod:Chaos Vortex","Runesmith:PerfectChisel+1","Runesmith:ChiselStab"],"relics":["Runesmith:BrokenRuby","Blue Candle","Replay:Accelerometer","energizedSpire:SpiderWeb","Golden_Hairpin","Vajra","infinitespire:Magic Flask"],"acts_visited":["Exordium","TheCity"],"potions_floor_usage":[18],"damage_taken":[{"damage":5.0,"enemies":"Jaw Worm","floor":1.0,"turns":6.0},{"damage":5.0,"enemies":"Cultist","floor":3.0,"turns":6.0},{"damage":1,"enemies":"2 Louse","floor":10,"turns":3},{"damage":4,"enemies":"2 Fungi Beasts","floor":11,"turns":4},{"damage":11,"enemies":"Lots of Slimes","floor":12,"turns":5},{"damage":8,"enemies":"Blue Slaver","floor":14,"turns":5},{"damage":24,"enemies":"Hexaghost","floor":16,"turns":10},{"damage":7,"enemies":"Shell Parasite","floor":18,"turns":5},{"damage":5,"enemies":"Chosen","floor":19,"turns":5},{"damage":38,"enemies":"Snake Plant","floor":20,"turns":7},{"damage":13,"enemies":"Nightmare","floor":24,"turns":8},{"damage":19,"enemies":"Centurion and Healer","floor":25,"turns":8},{"damage":13,"enemies":"Sentry and Sphere","floor":27,"turns":2}],"seed_played":"-450241512556469218","potions_obtained":[{"floor":1.0,"key":"Elixir"},{"floor":14,"key":"SneckoOil"},{"floor":19,"key":"SpeedPotion"},{"floor":20,"key":"Milkshake"}],"is_trial":false,"path_per_floor":["M","?","M","$","?","R","?","R","T","M","M","M","R","M","R","B",null,"M","M","M","AVR","?","R","NM","M","T","M"],"character_chosen":"RUNESMITH_CLASS","items_purchased":["Runesmith:Grindstone","Runesmith:CraftProtectio","Runesmith:PoweredAnvil"],"campfire_rested":2,"item_purchase_floors":[4,4,4],"current_hp_per_floor":[65,65,60,60,55,55,55,55,55,54,50,39,60,52,52,28,70,63,58,20,20,20,41,28,9,9,0,0],"gold":454,"neow_bonus":"UPGRADE_CARD","is_daily":false,"chose_seed":false,"campfire_upgraded":3,"win_rate":0.0,"timestamp":1611861387,"path_taken":["M","?","?","$","?","R","?","R","T","?","M","M","R","M","R","BOSS","M","?","M","AVR","?","R","NM","M","T","M"],"items_purchased_type":["Card","Card","Card"],"build_version":"2020-12-22","purchased_purges":1,"victory":false,"max_hp_per_floor":[70,70,70,70,70,70,70,70,70,70,70,70,70,70,70,70,70,70,70,70,70,70,70,70,70,70,70,70],"relic_stats":{"counters":[13,74],"Blue Candle":[8],"obtain_stats":[{"Replay:Accelerometer":9,"Runesmith:BrokenRuby":0,"Golden_Hairpin":21,"Blue Candle":5,"Vajra":24,"infinitespire:Magic Flask":26,"energizedSpire:SpiderWeb":17},{"Replay:Accelerometer":2,"Runesmith:BrokenRuby":0,"Golden_Hairpin":10,"Blue Candle":2,"Vajra":11,"infinitespire:Magic Flask":12,"energizedSpire:SpiderWeb":7},{"Replay:Accelerometer":12,"Runesmith:BrokenRuby":0,"Golden_Hairpin":56,"Blue Candle":12,"Vajra":64,"infinitespire:Magic Flask":72,"energizedSpire:SpiderWeb":39}]},"card_choices":[{"not_picked":["Runesmith:UnstableHammer","Runesmith:MakeshiftArmor"],"picked":"Runesmith:Refine","floor":1.0},{"not_picked":["Runesmith:Repurpose","Runesmith:ShiftingStrike"],"picked":"Runesmith:EnergizedChisel","floor":3.0},{"not_picked":["Runesmith:Superposition","Runesmith:MakeshiftArmor"],"picked":"Runesmith:Firestorm","floor":10},{"not_picked":["Runesmith:Electrocute","Runesmith:Firestorm"],"picked":"Runesmith:CraftMagma","floor":11},{"not_picked":["Runesmith:OneForEveryone","Runesmith:BackupBattery"],"picked":"aspiration:UnbridledHammer","floor":12},{"not_picked":["Runesmith:Empowerment","Runesmith:Electrocute"],"picked":"Runesmith:CraftReservo","floor":14},{"not_picked":["Runesmith:ReplicatingBarrier","Runesmith:FissionHammer"],"picked":"Runesmith:Duplicate","floor":16},{"not_picked":["Runesmith:Malloc","Runesmith:HammerThrow"],"picked":"Runesmith:Grindstone","floor":18},{"not_picked":["Runesmith:Overpower","Runesmith:MakeshiftArmor"],"picked":"Runesmith:StaticCage","floor":19},{"not_picked":["Runesmith:Augment","Runesmith:HeatExchange"],"picked":"Runesmith:GoWithTheFlow","floor":20},{"not_picked":["Runesmith:HeatedChisel","Runesmith:Firestorm"],"picked":"Runesmith:PerfectChisel+1","floor":24},{"not_picked":["Runesmith:Superposition","Runesmith:FrozenChisel"],"picked":"Runesmith:ChiselStab","floor":25}],"player_experience":58131,"relics_obtained":[{"floor":9,"key":"Replay:Accelerometer"},{"floor":24,"key":"Vajra"},{"floor":26,"key":"infinitespire:Magic Flask"}],"event_choices":[{"damage_healed":0.0,"max_hp_gain":0.0,"max_hp_loss":0.0,"gold_gain":275.0,"event_name":"Golden Shrine","player_choice":"Desecrate","floor":2.0,"gold_loss":0.0,"damage_taken":0.0,"cards_obtained":["Regret"]},{"damage_healed":0,"gold_gain":0,"player_choice":"Upgraded","damage_taken":0,"max_hp_gain":0,"max_hp_loss":0,"event_name":"Upgrade Shrine","floor":7,"gold_loss":0,"cards_upgraded":["Runesmith:CraftFirestone"]},{"cards_removed":["Regret"],"damage_healed":0,"gold_gain":0,"player_choice":"Purged","damage_taken":0,"max_hp_gain":0,"max_hp_loss":0,"event_name":"Purifier","floor":22,"gold_loss":0}],"is_beta":false,"boss_relics":[{"not_picked":["Calling Bell","aspiration:PoetsPen_weak"],"picked":"energizedSpire:SpiderWeb"}],"items_purged_floors":[4],"is_endless":false,"potions_floor_spawned":[1,14,19,20],"killed_by":"Sentry and Sphere","ascension_level":0}}