{"host":"mnlj73t2ynwgq04b","time":1611837212,"event":{"mods":["100% Spire Juice","Act Like it!","AlwaysNeverKeys","BaseMod","BetterRewards","CapriCore","Colored Map","Colored Powertips","DeckTracker","FoggyMod","Gensokyo","GifTheSpireLib","Googly Eyes","GungeonMod","HexUI Lib","KinomotoSakuraMod(ƒæ÷Æ±æ”£)","Luminous","Marisa£®ÏF”Í°°ƒß¿Ì…≥£©","Minty Spire (QoL Compilation)","MostiFishMod","Permanent Neow","Quick Restart","Rare Cards Sparkle","Red Circlet Mod","Reimu£®≤©¿ˆ¡È√Œ£©","Remilia_Scarlet Moed£®¿Ÿ√◊¿Ú—«°§Àπø®¿◊Ãÿ£©3.3.5","Shop Mod","Spicy Shops","StSLib","The Immortal","The Saiyan","The Senshi","TheWitcher","Yakumo Yukari mod","noobMod","°æπ¶ƒ‹Mod°øªÏ„Á÷Æª∑–ﬁ∏¥≤π∂°","ÛÙª÷∏ƒœ"],"gold_per_floor":[130,30,30,42,42,42,76,76,76,91,117,117,137,37,37,136,136,147,147,72,124,124,124,151,151,174,174,186,211,211,211,211,306,306,326,326,340,340,340,370,370,396,423,423,45,45,45,60,60,60,60,60,60,89,89],"floor_reached":56,"language":"ZHS","playtime":2166,"items_purged":["AT_purpleEX","Decay"],"score":1593,"play_id":"d63a25f5-0626-43db-b319-8f039777921d","local_time":"20210128203332","is_ascension_mode":false,"campfire_choices":[{"data":"Umbrella_purple","floor":6,"key":"SMITH"},{"floor":15,"key":"REST"},{"data":"Mirror_TwoAndThreeElementRealm_purple","floor":23,"key":"SMITH"},{"data":"Observe_purple_2","floor":27,"key":"SMITH"},{"floor":30,"key":"REST"},{"floor":32,"key":"REST"},{"data":"Observe_purple_1","floor":41,"key":"SMITH"},{"data":"Photoelasticity_Doppler_Effect_purple","floor":44,"key":"SMITH"},{"data":"AT_purpleEX","floor":49,"key":"SMITH"},{"data":"Defend_purpleEX","floor":52,"key":"SMITH"}],"circlet_count":0,"master_deck":["AT_purpleEX+1","AT_purpleEX+1","Defend_purpleEX","Defend_purpleEX+1","Defend_purpleEX+1","Defend_purpleEX+1","Observe_purple_1+1","Umbrella_purple+1","Mirror_TwoAndThreeElementRealm_purple+1","Mirror_FourBoundary_purple+1","LoveAcrossDimensions_purple+1","Fantasy_PerpetualMotionMachine_purple+1","Shame","MNeedle_purple+1","ExistenceContinue_purple+1","Umbrella_purple+1","EighthInstrument_OneDividesIntoTwo_purple+1","ContainerChange_purple+1","GluttonyofRealm_purpleEX+1"],"relics":["Boundary_crack","Memoryfragments_purpleEX","ice","DaveBox","SynthV:TestCard","White Beast Statue","Gensokyo:YoukaiFlower","Frozen Egg 2","Lizard Tail","Mango","DemoMod:GundromedaStrain","Bottled Flame","Gensokyo:NagashiBinaDoll","Kunai","FeatherPendant","DemoMod:GlassGuonStoneRelic","Vajra","CaptainsWheel","Molten Egg 2","DemoMod:WeirdEgg","Dream Catcher","Singing Bowl","BloodWine","Gensokyo:TheCrow","Gremlin Horn","MealTicket","Ancient Tea Set","DemoMod:ClearGuonStone","SynthV","Civilization","Letter Opener","CrazyTorch:ReiMu"],"acts_visited":["Gensokyo:Gensokyo","Gensokyo:Gensokyoer","Gensokyo:Gensokyoest","TheEnding"],"potions_floor_usage":[7,16,16,29,29,29],"damage_taken":[{"damage":0,"enemies":"Gensokyo:3_Fairies","floor":1,"turns":7},{"damage":10,"enemies":"Gensokyo:Gryphon","floor":4,"turns":3},{"damage":30,"enemies":"Gensokyo:Cirno","floor":7,"turns":5},{"damage":0,"enemies":"Gensokyo:Python","floor":10,"turns":2},{"damage":19,"enemies":"Gensokyo:Aya","floor":11,"turns":5},{"damage":4,"enemies":"Gensokyo:VengefulSpirit","floor":13,"turns":3},{"damage":3,"enemies":"Gensokyo:Yukari","floor":16,"turns":4},{"damage":0,"enemies":"Gensokyo:Chomper","floor":18,"turns":2},{"damage":24,"enemies":"Gensokyo:Koishi","floor":24,"turns":4},{"damage":0,"enemies":"Gensokyo:AngelMirror","floor":28,"turns":3},{"damage":19,"enemies":"Gensokyo:Reisen","floor":29,"turns":2},{"damage":0,"enemies":"Gensokyo:Kaguya","floor":33,"turns":6},{"damage":0,"enemies":"Gensokyo:3_Boulders","floor":35,"turns":4},{"damage":0,"enemies":"Gensokyo:3_Bats","floor":37,"turns":2},{"damage":0,"enemies":"Gensokyo:Doremy","floor":40,"turns":3},{"damage":0,"enemies":"Gensokyo:Marisa","floor":42,"turns":3},{"damage":0,"enemies":"Gensokyo:3_Boulders","floor":48,"turns":2},{"damage":0,"enemies":"Gensokyo:Scarlet_Devils","floor":50,"turns":4},{"damage":0,"enemies":"Shield and Spear","floor":54,"turns":2},{"damage":12,"enemies":"The Heart","floor":55,"turns":4}],"seed_played":"4434923326076799294","potions_obtained":[{"floor":4,"key":"ColorlessPotion"},{"floor":7,"key":"GamblersBrew"},{"floor":10,"key":"EssenceOfSteel"},{"floor":11,"key":"Explosive Potion"},{"floor":16,"key":"Dexterity Potion"},{"floor":18,"key":"AttackPotion"},{"floor":29,"key":"Swift Potion"},{"floor":35,"key":"SkillPotion"},{"floor":37,"key":"SkillPotion"}],"is_trial":false,"path_per_floor":["M","?","?","M","T","R","E","?","T","M","E","?","M","$","R","B",null,"M","?","$","T","?","R","E","T","T","R","M","E","R","T","R","B",null,"M","?","M","?","?","E","R","E","T","R","$","T","?","M","R","B",null,"R","$","E","B",null],"character_chosen":"Youkari","items_purchased":["Kunai","DemoMod:ClearGuonStone","SynthV","Civilization"],"campfire_rested":3,"item_purchase_floors":[14,45,45,45],"current_hp_per_floor":[70,70,70,61,61,61,33,26,26,27,11,11,8,8,33,32,84,84,81,81,81,81,81,60,60,60,60,62,45,69,69,81,81,81,83,71,77,77,77,80,80,85,85,85,89,89,89,92,92,96,96,96,96,101,106],"gold":89,"neow_bonus":"THREE_RARE_CARDS","is_daily":false,"chose_seed":false,"campfire_upgraded":7,"win_rate":0.0,"timestamp":1611837212,"path_taken":["M","?","?","?","?","R","E","?","T","?","E","?","?","?","R","BOSS","M","?","$","?","?","R","E","?","T","R","?","E","R","?","R","BOSS","M","?","?","?","?","E","R","E","T","R","?","?","?","?","R","BOSS","R","$","E","BOSS"],"items_purchased_type":["Relic","Relic","Relic","Relic"],"build_version":"2020-12-22","purchased_purges":2,"victory":true,"max_hp_per_floor":[70,70,70,70,70,70,70,84,84,84,84,84,84,84,84,84,84,84,81,81,81,81,81,81,81,81,81,81,81,81,81,81,81,81,83,83,85,85,85,87,87,89,89,89,89,89,89,92,92,96,96,96,96,101,106],"card_choices":[{"not_picked":["Monsters_DoubleDeathButterfly_purple","Theboundaryofcreation_purpleEX"],"picked":"WangLiang_OokamiKakushi_purple","floor":0},{"not_picked":["RuleDissolution_purple","StateDuplicate_purple"],"picked":"Umbrella_purple","floor":1},{"not_picked":["Mirror_WaveAndshot_purple","SharpContractionReality_purple","AdvanceAttack_purple","WatchEChange_purple"],"picked":"Photoelasticity_Doppler_Effect_purple","floor":4},{"not_picked":["EighthInstrument_OneDividesIntoTwo_purple","CommonSense_AntiCommonSense_purple+1","Charmbait_purple","SharpContractionReality_purple"],"picked":"Mirror_TwoAndThreeElementRealm_purple","floor":7},{"not_picked":["AdvanceAttack_purple","StretchesForeverDream_purple","OmniscientAndOmnipotent_Monster_purple","RealityDreamConfluencek_purple"],"picked":"Mirror_FourBoundary_purple+1","floor":10},{"not_picked":["SfantasyHide_purple","Boundary_DynamicStaticEquilibrium_purple","OmniscientAndOmnipotent_Monster_purple","AdvanceAttack_purple","WatchEChange_purple"],"picked":"SKIP","floor":11},{"not_picked":["Extrememeaning_purpleEX","Umbrella_purple","Shallow_ocean_purpleEX","SharpContractionReality_purple","PurpleNeedle_purple"],"picked":"SKIP","floor":13},{"not_picked":["BarrageBoundary_PipeDream_purple","Computing_the_future_purpleEX+1","UniverseChoice_purple+1","Know_ledgeAbilityRealm_purple"],"picked":"LoveAcrossDimensions_purple+1","floor":16},{"not_picked":["Boundary_DreamRealityDamnation_purple","Mirror_FormAndEmptin_purple","Boundary_ObjectiveBoundary_purple","Bait_Toxicbait_purple"],"picked":"Fantasy_PerpetualMotionMachine_purple+1","floor":18},{"not_picked":["EighthInstrument_OneDividesIntoTwo_purple","StateErode_purple","DimensionStaggered_purple+1","Mirror_FourBoundary_purple+1"],"picked":"MNeedle_purple+1","floor":24},{"not_picked":["Shallow_ocean_purpleEX+1","MonsterNeedle_purple+1","Realm_recovery_purpleEX","ExternalForce_HighSpeedFlying_purple+1"],"picked":"ExistenceContinue_purple+1","floor":28},{"not_picked":["SharpContractionReality_purple+1","Charmbait_purple+1","Realm_recovery_purpleEX","PositiveMatter_Antimatter_Universe_purple","ExistenceContinue_purple+1"],"picked":"SKIP","floor":29},{"not_picked":["Bait_Toxicbait_purple","Theboundaryofcreation_purpleEX","MeetDecomposer_purple","OmniscientAndOmnipotent_Monster_purple+1"],"picked":"Umbrella_purple+1","floor":30},{"not_picked":["MNeedle_purple+1","OmniscientAndOmnipotent_Monster_purple+1","Mirror_FormAndEmptin_purple","StateErode_purple+1"],"picked":"EighthInstrument_OneDividesIntoTwo_purple+1","floor":32},{"not_picked":["WangLiang_LineAndCurveDreams_purple+1","BarrageBoundary_PipeDream_purple+1","WasteWire_Metro_purple+1","WangLiang_OokamiKakushi_purple+1"],"picked":"ContainerChange_purple+1","floor":33},{"not_picked":["Umbrella_purple+1","SharpContractionReality_purple+1","WorldDissolvedintheRealm_purple+1","Line_surface_state_purple","Mirror_FormAndEmptin_purple+1"],"picked":"Singing Bowl","floor":35},{"not_picked":["StateDuplicate_purple","SfantasyHide_purple","OmniscientAndOmnipotent_Monster_purple+1","ExistenceContinue_purple+1","Bait_HighSpeedFlying_purple+1"],"picked":"Singing Bowl","floor":37},{"not_picked":["Mirror_FourBoundary_purple+1","Bait_Toxicbait_purple","SharpContractionReality_purple+1","MonsterNeedle_purple","Shallow_ocean_purpleEX+1"],"picked":"Singing Bowl","floor":40},{"not_picked":["Mirror_Drifter_purple+1","Bait_HighSpeedFlying_purple+1","RealityDreamConfluencek_purple","MeetDecomposer_purple","StateErode_purple+1"],"picked":"Singing Bowl","floor":42},{"not_picked":["RuleDissolution_purple+1","Shallow_ocean_purpleEX+1","Line_surface_state_purple+1","AdvanceAttack_purple+1","Mirror_FormAndEmptin_purple+1"],"picked":"SKIP","floor":48},{"not_picked":["PositiveMatter_Antimatter_Universe_purple+1","Umbrella_purple+1","MeetDecomposer_purple+1","SharpContractionReality_purple+1"],"picked":"GluttonyofRealm_purpleEX+1","floor":54}],"player_experience":61260,"relics_obtained":[{"floor":1,"key":"SynthV:TestCard"},{"floor":5,"key":"Frozen Egg 2"},{"floor":7,"key":"Lizard Tail"},{"floor":9,"key":"DemoMod:GundromedaStrain"},{"floor":11,"key":"Bottled Flame"},{"floor":21,"key":"Vajra"},{"floor":24,"key":"CaptainsWheel"},{"floor":25,"key":"Molten Egg 2"},{"floor":26,"key":"DemoMod:WeirdEgg"},{"floor":29,"key":"Dream Catcher"},{"floor":31,"key":"Singing Bowl"},{"floor":40,"key":"Gremlin Horn"},{"floor":42,"key":"MealTicket"},{"floor":43,"key":"Ancient Tea Set"},{"floor":46,"key":"Letter Opener"},{"floor":54,"key":"CrazyTorch:ReiMu"}],"event_choices":[],"is_beta":false,"boss_relics":[{"not_picked":["MostiFishMod:Hod","Runic Pyramid"],"picked":"FeatherPendant"},{"not_picked":["GuanYuAspect","SacredBark"],"picked":"BloodWine"}],"items_purged_floors":[20,45],"is_endless":false,"potions_floor_spawned":[4,7,10,11,13,16,18,24,28,29,33,35,37,40,42,48,54],"ascension_level":0}}