{"host":"1445u9fdo06cpl2a","time":1611851489,"event":{"mods":["AchievementEnabler","Aspiration","Astrologer","Bard","BaseMod","Better Skull","BetterRewards","Colored Map","Colored Powertips","Conspire","Curses Come First","DeckTracker","Duelist Mod","GifTheSpireLib","GungeonMod","Halation","Hermit","Highlight Path","Hubris","Infinite Spire","Minty Spire (QoL Compilation)","Permanent Neow","Random Character Button","Rare Cards Sparkle","Replay The Spire","Shop Mod","Spire Arcade","StSLib","Stuff the Spire","Td1madao Mod","The Blackbeard","The Bladedancer","The Construct","The Cursed","The Forsaken","The Gatherer","The Hierophant","The Marked","The Mystic","The Necromancer","The Poker Player","The Runesmith","The Saiyan"],"gold_per_floor":[116,116,116,53,72,106,106,56,110,110,143,159,234,246,246,369,369,399,425,456,482,482,482,526,526,526,561,171,171,212,265,265,400,400,423,423,459,507,507,507,507,521,521],"floor_reached":42,"language":"ENG","playtime":4119,"items_purged":["Regret"],"score":494,"play_id":"fd1cbb08-58a4-48b4-8de7-67c87ad95772","local_time":"20210128163129","is_ascension_mode":false,"campfire_choices":[{"data":"DemoMod:EasyReloadBullets","floor":7,"key":"SMITH"},{"floor":10,"key":"REST"},{"floor":15,"key":"DIG"},{"floor":23,"key":"REST"},{"data":"DemoMod:BSG","floor":25,"key":"SMITH"},{"floor":32,"key":"REST"}],"circlet_count":0,"master_deck":["DemoMod:Defend_Huntress","DemoMod:Defend_Huntress","DemoMod:Defend_Huntress","DemoMod:Roll","DemoMod:ManualReload","DemoMod:RustySidearm","DemoMod:CrossBow","DemoMod:DoubleVision","DemoMod:MachoBrace+1","infinitespire:Fortify","DemoMod:CombinedRifle","DemoMod:EasyReloadBullets+1","DemoMod:TeaPot","DemoMod:BSG+1","DemoMod:MegaHand","DemoMod:ThirdPartyController","DemoMod:GunShield","DemoMod:HungryBullets","DemoMod:GunstockTap","DemoMod:DirectionalPad","DemoMod:BSG","DemoMod:BattleInHaste","DemoMod:GunstockTap+1","DemoMod:FinishedGun","DemoMod:ProbeStrike+1","DemoMod:Unmoved+1"],"relics":["DemoMod:Dog","ReplayTheSpireMod:CursedCoin","Blue Candle","Regal Pillow","theForsaken:ScaryMask","Replay:Bandana","theForsaken:PaleLantern","Replay:Bottled Flurry","Vajra","Red Mask","DemoMod:SerJunkan","Oddly Smooth Stone","DemoMod:Junk","hubris:ScarierMask","construct:FoamFinger"],"acts_visited":["Exordium","TheCity","TheBeyond"],"potions_floor_usage":[16,16,24,27,33,42,42],"damage_taken":[{"damage":6,"enemies":"Jaw Worm","floor":1,"turns":4},{"damage":2,"enemies":"conspire:RoseBush","floor":5,"turns":3},{"damage":11,"enemies":"Replay:BlueRogue","floor":6,"turns":9},{"damage":24,"enemies":"3 Sentries","floor":11,"turns":9},{"damage":0,"enemies":"Cultist","floor":12,"turns":1},{"damage":1,"enemies":"Blue Slaver","floor":14,"turns":2},{"damage":33,"enemies":"Slime Boss","floor":16,"turns":12},{"damage":20,"enemies":"Spheric Guardian","floor":18,"turns":5},{"damage":0,"enemies":"Chosen","floor":19,"turns":3},{"damage":18,"enemies":"Snecko","floor":20,"turns":8},{"damage":25,"enemies":"Snake Plant","floor":21,"turns":6},{"damage":12,"enemies":"conspire:Head Lice","floor":24,"turns":9},{"damage":22,"enemies":"Masked Bandits","floor":27,"turns":5},{"damage":11,"enemies":"3 Cultists","floor":30,"turns":3},{"damage":0,"enemies":"theDuelist:KaibaA2","floor":31,"turns":3},{"damage":28,"enemies":"Champ","floor":33,"turns":12},{"damage":6,"enemies":"3 Darklings","floor":35,"turns":5},{"damage":32,"enemies":"Orb Walker","floor":37,"turns":5},{"damage":10,"enemies":"4 Shapes","floor":38,"turns":4},{"damage":40,"enemies":"Nightmare","floor":42,"turns":9}],"seed_played":"-8200930551675409834","potions_obtained":[{"floor":6,"key":"Weak Potion"},{"floor":14,"key":"Fire Potion"},{"floor":18,"key":"Toxic Potion"},{"floor":19,"key":"AttackPotion"},{"floor":31,"key":"SteroidPotion"},{"floor":35,"key":"LifebloodPotion"},{"floor":38,"key":"conspire:TimeTravelPotion"}],"is_trial":false,"path_per_floor":["M","?","?","$","M","E","R","?","T","R","E","M","?","M","R_BF","B",null,"M","M","M","M","?","R","E","R","T","?","$","?","M","E","R","B",null,"M","T","M","M","?","PTL","PTL","NM"],"character_chosen":"HUNTRESS","items_purchased":["ReplayTheSpireMod:CursedCoin","DemoMod:Purify","DemoMod:CombinedRifle","DemoMod:SerJunkan","Oddly Smooth Stone"],"campfire_rested":3,"item_purchase_floors":[4,4,4,28,28],"current_hp_per_floor":[64,47,47,47,45,34,34,34,34,70,46,46,39,38,38,5,70,50,50,32,7,7,43,31,31,31,9,9,16,5,5,41,13,70,64,64,32,22,22,22,22,0,0],"gold":521,"neow_bonus":"ONE_RANDOM_RARE_CARD","is_daily":false,"chose_seed":false,"campfire_upgraded":2,"win_rate":0.0,"timestamp":1611851489,"path_taken":["M","?","?","$","?","E","R","?","T","R","E","M","?","M","R_BF","BOSS","M","M","?","?","?","R","E","R","T","?","?","?","M","E","R","BOSS","M","?","M","M","?","PTL","PTL","NM"],"items_purchased_type":["Relic","Card","Card","Relic","Relic"],"build_version":"2020-12-22","purchased_purges":1,"victory":false,"max_hp_per_floor":[70,70,70,70,70,70,70,70,70,70,70,70,70,70,70,70,70,70,70,70,70,70,70,70,70,70,70,70,70,70,70,70,70,70,70,70,70,70,70,70,70,70,70],"card_choices":[{"not_picked":["DemoMod:PotionOfGunFriendShip","DemoMod:ConditionalReflex"],"picked":"DemoMod:MachoBrace","floor":1},{"not_picked":["infinitespire:DeathsTouch","infinitespire:Execution"],"picked":"infinitespire:Fortify","floor":2},{"not_picked":["DemoMod:Unity","DemoMod:DoubleSwitch"],"picked":"DemoMod:EasyReloadBullets","floor":5},{"not_picked":["DemoMod:ChanceBullets","DemoMod:BoxingGlove"],"picked":"DemoMod:TeaPot","floor":6},{"not_picked":["DemoMod:SAA","DemoMod:Polaris"],"picked":"DemoMod:BSG","floor":11},{"not_picked":["DemoMod:BattleInHaste","DemoMod:JK47"],"picked":"DemoMod:Purify","floor":12},{"not_picked":["DemoMod:AbyssalTentacle","DemoMod:FortunesFavor"],"picked":"DemoMod:MegaHand","floor":14},{"not_picked":["DemoMod:BlankBullets","DemoMod:FightSabre"],"picked":"DemoMod:ThirdPartyController","floor":16},{"not_picked":["DemoMod:TableSutra","DemoMod:BoxingGlove"],"picked":"DemoMod:GunShield","floor":18},{"not_picked":["DemoMod:MegaHand+1","DemoMod:MachoBrace"],"picked":"DemoMod:HungryBullets","floor":19},{"not_picked":["DemoMod:DoubleSwitch","DemoMod:HighKaliber"],"picked":"DemoMod:GunstockTap","floor":20},{"not_picked":["DemoMod:ZorGun","DemoMod:StickyCrossBow"],"picked":"DemoMod:DirectionalPad","floor":21},{"not_picked":["DemoMod:DoubleSwitch","DemoMod:AC15+1"],"picked":"DemoMod:BSG","floor":24},{"not_picked":["DemoMod:StickyCrossBow","DemoMod:JK47+1"],"picked":"DemoMod:BattleInHaste","floor":27},{"not_picked":["DemoMod:ThirdPartyController","DemoMod:AC15+1","DemoMod:BoxingGlove"],"picked":"SKIP","floor":30},{"not_picked":["DemoMod:TeaPot","DemoMod:BlackHoleGun"],"picked":"DemoMod:GunstockTap+1","floor":31},{"not_picked":["DemoMod:SuppressiveFire","DemoMod:Slinger"],"picked":"DemoMod:FinishedGun","floor":33},{"not_picked":["DemoMod:LifeOrb+1","DemoMod:HungryBullets+1"],"picked":"DemoMod:ProbeStrike+1","floor":35},{"not_picked":["DemoMod:HardPowerCard+1","DemoMod:JK47+1","DemoMod:EasyReloadBullets"],"picked":"SKIP","floor":37},{"not_picked":["DemoMod:ZorGun+1","DemoMod:TableSutra+1"],"picked":"DemoMod:Unmoved+1","floor":38}],"player_experience":119492,"relics_obtained":[{"floor":6,"key":"DemoMod:WeirdEgg"},{"floor":9,"key":"Regal Pillow"},{"floor":11,"key":"theForsaken:ScaryMask"},{"floor":15,"key":"Replay:Bandana"},{"floor":24,"key":"Replay:Bottled Flurry"},{"floor":26,"key":"Vajra"},{"floor":27,"key":"Red Mask"},{"floor":31,"key":"DemoMod:Junk"},{"floor":36,"key":"construct:FoamFinger"}],"event_choices":[{"damage_healed":0,"gold_gain":0,"player_choice":"Upgraded","damage_taken":0,"max_hp_gain":0,"max_hp_loss":0,"event_name":"Upgrade Shrine","floor":3,"gold_loss":0,"cards_upgraded":["DemoMod:MachoBrace"]},{"cards_removed":["DemoMod:Strike_Huntress"],"damage_healed":0,"gold_gain":0,"player_choice":"Card Removal","damage_taken":0,"max_hp_gain":0,"max_hp_loss":0,"event_name":"The Cleric","floor":8,"gold_loss":50},{"damage_healed":0,"gold_gain":75,"player_choice":"Touch","damage_taken":7,"max_hp_gain":0,"max_hp_loss":0,"event_name":"FaceTrader","floor":13,"gold_loss":0},{"damage_healed":0,"gold_gain":0,"player_choice":"Ignored","damage_taken":0,"max_hp_gain":0,"max_hp_loss":0,"event_name":"Cursed Tome","floor":22,"gold_loss":0},{"damage_healed":0,"gold_gain":0,"player_choice":"Fought Bandits","damage_taken":0,"max_hp_gain":0,"max_hp_loss":0,"event_name":"Masked Bandits","floor":27,"gold_loss":0},{"cards_removed":["DemoMod:Defend_Huntress"],"damage_healed":0,"gold_gain":0,"player_choice":"Card Removal","damage_taken":0,"max_hp_gain":0,"max_hp_loss":0,"event_name":"Wheel of Change","floor":39,"gold_loss":0}],"is_beta":false,"boss_relics":[{"not_picked":["halation:MonkeysPaw","aspiration:WatcherSkillbook"],"picked":"theForsaken:PaleLantern"},{"not_picked":["halation:CatFaceCupcake","Replay:Drink Me"],"picked":"hubris:ScarierMask"}],"items_purged_floors":[4],"is_endless":false,"potions_floor_spawned":[6,14,18,19,31,35,38],"killed_by":"Nightmare","ascension_level":0}}