{"host":"g1wmg2w41xhsnw8g","time":1611859205,"event":{"mods":["100% Spire Juice","2.2 Compatiblity","Act Like it!","Aspiration","BaseMod","Better Altar","Better Match","Better Note","Better Sensory Stone","Better Skull","Better Third Choice","BetterRewards","Booster Modes","CapriCore","Colored Map","Colored Powertips","Defuse TimeMaze Blight","Displayed Cursed Tome","Evolution","Fox Events","Friendly Minions","GifTheSpireLib","Good Game Mod","Googly Eyes","Infinite Spire","Minty Spire (QoL Compilation)","Monster B Gone","Red Circlet Mod","Relic Filter Mod","Relic Sorter","Reliquary","SCP261 Mod","Shop Mod","Smile Girya","Spicy Shops","Spikes Relics","StSLib","Strawberry Spire","Stuff the Spire","The Runesmith","The Sage","Trackpad","Transform Curses","Wandering Minibosses","Weighted Paths","????"],"gold_per_floor":[118,118,118,135,135,163,163,191,191,191,217,231,263,25,25,123,123,142,142,161,180,180,180],"floor_reached":22,"language":"ENG","playtime":1606,"items_purged":[],"score":326,"play_id":"ec464ef6-51e2-41d4-aaf6-7594ad30cc95","local_time":"20210128134005","daily_mods":["SealedDeck","Specialized","Green Cards","DeadlyEvents","Elite Swarm"],"is_ascension_mode":true,"campfire_choices":[{"data":"Moonworks:SakisCookie","floor":7,"key":"SMITH"},{"data":"Moonworks:SealedMemories","floor":10,"key":"SMITH"},{"data":"StuffTheSpire:ReptileScales","floor":15,"key":"SMITH"}],"circlet_count":0,"master_deck":["StuffTheSpire:ReptileScales+1","StuffTheSpire:ReptileScales","StuffTheSpire:ReptileScales","StuffTheSpire:ReptileScales","StuffTheSpire:ReptileScales","Bane","PiercingWail","StuffTheSpire:Python","Deadly Poison","Moonworks:SakisCookie+1","Quick Slash","Dash","Endless Agony","Backstab","Moonworks:BindingChains","Immolate","Moonworks:ReproductionOfRecords","Moonworks:SealedMemories+1","strawberrySpire:Insectonator","Storm of Steel","Moonworks:CrystalBarrier","Corpse Explosion","Die Die Die","Moonworks:BeyondHell","StuffTheSpire:Injection"],"relics":["Moonworks:BrokenBomb","Moonworks:Homemark","EVO:Axolotl","REME:ComplimentaryCards","StuffTheSpire:RedRose","infinitespire:Bottled Soul","reliquary:RoseTintedGlasses","BrokenLever","Sundial","infinitespire:EmpoweringShard","MerchantsRug","Lantern","aspiration:MobileForge","FaceOfCleric"],"acts_visited":["Exordium","TheCity"],"potions_floor_usage":[8,13,18,20],"damage_taken":[{"damage":0,"enemies":"Jaw Worm","floor":1,"turns":4},{"damage":0,"enemies":"2 Louse","floor":4,"turns":3},{"damage":9,"enemies":"Lagavulin","floor":6,"turns":5},{"damage":1,"enemies":"3 Sentries","floor":8,"turns":3},{"damage":0,"enemies":"Lagavulin","floor":11,"turns":5},{"damage":0,"enemies":"Cultist","floor":12,"turns":3},{"damage":17,"enemies":"strawberrySpire:EnergyPylons","floor":13,"turns":3},{"damage":0,"enemies":"The Guardian","floor":16,"turns":8},{"damage":12,"enemies":"Shell Parasite","floor":18,"turns":3},{"damage":2,"enemies":"2 Thieves","floor":20,"turns":2},{"damage":42,"enemies":"Shelled Parasite and Fungi","floor":21,"turns":8},{"damage":26,"enemies":"Book of Stabbing","floor":22,"turns":3}],"seed_played":"1670759144506644359","potions_obtained":[{"floor":1,"key":"SteroidPotion"},{"floor":4,"key":"SneckoOil"},{"floor":8,"key":"SCP261:DewritoBlazePotion"},{"floor":13,"key":"SmokeBomb"},{"floor":16,"key":"SCP261:ThunderBarPotion"},{"floor":18,"key":"Block Potion"},{"floor":21,"key":"SteroidPotion"}],"is_trial":true,"path_per_floor":["M","?","?","M","?","E","R","E","T","R","E","M","E","$","R","B",null,"M","?","M","M","E"],"character_chosen":"THE_STARBREAKER","items_purchased":["MerchantsRug","Lantern"],"campfire_rested":0,"item_purchase_floors":[14,14],"current_hp_per_floor":[67,67,67,67,67,58,58,60,60,60,63,63,50,50,50,56,67,55,55,54,16,0,0],"gold":180,"neow_bonus":"","is_daily":false,"chose_seed":false,"campfire_upgraded":3,"win_rate":0.0,"timestamp":1611859205,"path_taken":["M","?","?","?","?","E","R","E","T","R","E","M","?","?","R","BOSS","M","?","M","M","?"],"items_purchased_type":["Relic","Relic"],"build_version":"2020-12-22","purchased_purges":0,"victory":false,"max_hp_per_floor":[67,67,67,67,67,67,67,67,67,67,67,67,67,67,67,67,67,67,67,68,69,69,69],"card_choices":[{"not_picked":["Outmaneuver","Moonworks:BeyondHell"],"picked":"Moonworks:ReproductionOfRecords","floor":1},{"not_picked":["Sucker Punch","Moonworks:CloudOfSeagulls"],"picked":"strawberrySpire:Insectonator","floor":4},{"not_picked":["Moonworks:ShieldCounter","Moonworks:Wanted"],"picked":"Storm of Steel","floor":6},{"not_picked":["Moonworks:RocketCannon","Tools of the Trade"],"picked":"Moonworks:CrystalBarrier","floor":8},{"not_picked":["Wraith Form v2","aspiration:Lunge","Moonworks:FinalBattle"],"picked":"SKIP","floor":11},{"not_picked":["Bane","strawberrySpire:Insectonator","Moonworks:SakisCookie"],"picked":"SKIP","floor":12},{"not_picked":["Moonworks:ReflectiveShell","Moonworks:GoAway"],"picked":"Corpse Explosion","floor":13},{"not_picked":["Moonworks:Encore","A Thousand Cuts"],"picked":"Die Die Die","floor":16},{"not_picked":["Bouncing Flask","Moonworks:AngelHand+1"],"picked":"Moonworks:BeyondHell","floor":18},{"not_picked":["Flying Knee","Moonworks:MiracleWalker"],"picked":"StuffTheSpire:Injection","floor":20},{"not_picked":["Moonworks:ImOnFire","Moonworks:UnpaidWork","Bane+1"],"picked":"SKIP","floor":21}],"player_experience":918925,"relics_obtained":[{"floor":6,"key":"infinitespire:Bottled Soul"},{"floor":8,"key":"reliquary:RoseTintedGlasses"},{"floor":9,"key":"BrokenLever"},{"floor":11,"key":"Sundial"},{"floor":13,"key":"infinitespire:EmpoweringShard"}],"event_choices":[{"damage_healed":0,"gold_gain":0,"cards_transformed":["Regret"],"player_choice":"Transformed","damage_taken":0,"max_hp_gain":0,"max_hp_loss":0,"event_name":"Transmorgrifier","floor":3,"gold_loss":0,"cards_obtained":["Moonworks:SealedMemories"]},{"damage_healed":0,"gold_gain":0,"player_choice":"Trade","damage_taken":0,"relics_obtained":["FaceOfCleric"],"max_hp_gain":0,"max_hp_loss":0,"event_name":"FaceTrader","floor":19,"gold_loss":0}],"is_beta":false,"boss_relics":[{"not_picked":["aspiration:IroncladSkillbook","CosmicIsotope"],"picked":"aspiration:MobileForge"}],"items_purged_floors":[],"is_endless":false,"potions_floor_spawned":[1,4,8,13,16,18,21],"killed_by":"Book of Stabbing","ascension_level":1}}