{"host":"ia9e4s524g7bamk7","time":1611855881,"event":{"mods":["AchievementEnabler","BaseMod","Minty Spire (QoL Compilation)","Slay-I"],"gold_per_floor":[110,110,124,135,151,176,34,64,87,104,115,115,129,146,146,245,245,257,292,292,71,82,82,107,107,107,57,70,101,27,61,61,170,170,186,208,217,217,92,120,120,120,120,120,120,120,144,178,178,178,178,178,30,74,74,74],"floor_reached":55,"language":"ENG","playtime":5404,"items_purged":["Dualcast","Strike_B","Strike_B"],"score":1023,"play_id":"f14bd7bf-7424-4892-b34c-bcbd8b1d7628","local_time":"20210128184441","is_ascension_mode":true,"campfire_choices":[{"data":"Defragment","floor":12.0,"key":"SMITH"},{"floor":15.0,"key":"REST"},{"data":"Defragment","floor":23.0,"key":"SMITH"},{"data":"Self Repair","floor":25.0,"key":"SMITH"},{"floor":32.0,"key":"REST"},{"data":"Buffer","floor":42.0,"key":"SMITH"},{"floor":44.0,"key":"RECALL"},{"data":"Coolheaded","floor":46.0,"key":"SMITH"},{"data":"Seek","floor":49.0,"key":"SMITH"},{"data":"Seek","floor":52.0,"key":"SMITH"}],"circlet_count":0,"master_deck":["Defend_B","Defend_B","Defend_B","Defend_B","Zap","Ball Lightning","Zap","Buffer+1","Cold Snap","Coolheaded+1","Defragment+1","BootSequence","Steam","Melter","Sweeping Beam","Defragment+1","Seek+1","Cold Snap","Coolheaded+1","Self Repair+1","Glacier","Seek+1","Self Repair+1","Buffer+1","Barrage+1","Conserve Battery","Reinforced Body+1","Echo Form+1"],"relics":["Cracked Core","NeowsBlessing","Vajra","Juzu Bracelet","Inserter","Red Mask","Nloth\u0027s Gift","Akabeko","Frozen Egg 2","CeramicFish","Snecko Eye","Strawberry","StrikeDummy","Toy Ornithopter","Orichalcum"],"acts_visited":["Exordium","TheCity","TheBeyond","TheEnding"],"potions_floor_usage":[54,55,55],"damage_taken":[{"damage":0.0,"enemies":"Cultist","floor":1.0,"turns":1.0},{"damage":0.0,"enemies":"Jaw Worm","floor":3.0,"turns":1.0},{"damage":0.0,"enemies":"2 Louse","floor":4.0,"turns":1.0},{"damage":16.0,"enemies":"Gremlin Gang","floor":5.0,"turns":4.0},{"damage":30.0,"enemies":"3 Sentries","floor":6.0,"turns":6.0},{"damage":5.0,"enemies":"Lagavulin","floor":8.0,"turns":7.0},{"damage":0.0,"enemies":"Red Slaver","floor":10.0,"turns":3.0},{"damage":0.0,"enemies":"2 Fungi Beasts","floor":11.0,"turns":3.0},{"damage":0.0,"enemies":"Looter","floor":13.0,"turns":2.0},{"damage":2.0,"enemies":"Exordium Wildlife","floor":14.0,"turns":3.0},{"damage":22.0,"enemies":"Hexaghost","floor":16.0,"turns":9.0},{"damage":0.0,"enemies":"Spheric Guardian","floor":18.0,"turns":1.0},{"damage":48.0,"enemies":"Masked Bandits","floor":19.0,"turns":4.0},{"damage":0.0,"enemies":"Chosen","floor":22.0,"turns":5.0},{"damage":11.0,"enemies":"Slavers","floor":24.0,"turns":11.0},{"damage":0.0,"enemies":"Snecko","floor":28.0,"turns":7.0},{"damage":25.0,"enemies":"Book of Stabbing","floor":29.0,"turns":9.0},{"damage":7.0,"enemies":"Slavers","floor":31.0,"turns":11.0},{"damage":35.0,"enemies":"Collector","floor":33.0,"turns":19.0},{"damage":2.0,"enemies":"3 Shapes","floor":35.0,"turns":6.0},{"damage":0.0,"enemies":"Orb Walker","floor":36.0,"turns":4.0},{"damage":0.0,"enemies":"Reptomancer","floor":40.0,"turns":7.0},{"damage":0.0,"enemies":"Maw","floor":47.0,"turns":9.0},{"damage":14.0,"enemies":"Giant Head","floor":48.0,"turns":13.0},{"damage":77.0,"enemies":"Awakened One","floor":50.0,"turns":21.0},{"damage":57,"enemies":"Shield and Spear","floor":54,"turns":15},{"damage":65,"enemies":"The Heart","floor":55,"turns":2}],"seed_played":"6154050566026899183","potions_obtained":[{"floor":1.0,"key":"GamblersBrew"},{"floor":4.0,"key":"Explosive Potion"},{"floor":5.0,"key":"Dexterity Potion"},{"floor":6.0,"key":"FearPotion"},{"floor":11.0,"key":"DistilledChaos"},{"floor":18.0,"key":"FairyPotion"},{"floor":31.0,"key":"SkillPotion"},{"floor":33.0,"key":"SpeedPotion"},{"floor":35.0,"key":"Swift Potion"},{"floor":36.0,"key":"PowerPotion"}],"is_trial":false,"path_per_floor":["M","?","M","M","M","E","$","E","T","M","M","R","M","M","R","B",null,"M","?","?","$","M","R","E","R","T","?","M","E","$","E","R","B",null,"M","M","?","?","$","E","$","R","T","R","$","R","M","E","R","B",null,"R","$","E","B"],"character_chosen":"DEFECT","items_purchased":["Defragment","Self Repair","Glacier","Self Repair+1","CultistPotion","PowerPotion"],"campfire_rested":2,"item_purchase_floors":[7,21,21,30,53,53],"current_hp_per_floor":[68,68,68,68,52,36,36,31,31,31,31,31,31,29,55,33,75,75,27,27,27,34,34,30,30,30,30,40,25,25,38,64,49,79,89,89,89,89,89,96,96,96,96,96,96,96,96,96,96,39,82,82,82,50,0,0],"gold":74,"neow_bonus":"THREE_ENEMY_KILL","is_daily":false,"chose_seed":false,"campfire_upgraded":7,"win_rate":0.0,"timestamp":1611855881,"path_taken":["M","?","M","M","?","E","$","E","T","M","M","R","M","M","R","BOSS","M","?","?","$","M","R","E","R","T","?","M","E","?","E","R","BOSS","M","M","?","?","$","E","$","R","T","R","?","R","M","E","R","BOSS","R","$","E","BOSS"],"items_purchased_type":["Card","Card","Card","Card","Potion","Potion"],"build_version":"2020-12-22","purchased_purges":3,"victory":false,"max_hp_per_floor":[75,75,75,75,75,89,89,89,89,89,89,89,89,89,89,89,89,89,89,89,89,89,89,89,89,89,89,89,89,89,89,89,89,89,89,89,89,89,89,96,96,96,96,96,96,96,96,96,96,96,96,96,96,96,96,96],"card_choices":[{"not_picked":["Beam Cell","Leap"],"picked":"Ball Lightning","floor":1.0},{"not_picked":["Capacitor","Leap"],"picked":"Buffer","floor":3.0},{"not_picked":["Skim","Barrage"],"picked":"Cold Snap","floor":4.0},{"not_picked":["Leap","Ball Lightning"],"picked":"Coolheaded","floor":5.0},{"not_picked":["Stack","Conserve Battery","Fusion"],"picked":"SKIP","floor":6.0},{"not_picked":["Chaos","Streamline"],"picked":"BootSequence","floor":8.0},{"not_picked":["Streamline","Conserve Battery"],"picked":"Steam","floor":10.0},{"not_picked":["Turbo","Blizzard"],"picked":"Melter","floor":11.0},{"not_picked":["Beam Cell","Loop"],"picked":"Sweeping Beam","floor":13.0},{"not_picked":["Sweeping Beam","Scrape"],"picked":"Defragment","floor":14.0},{"not_picked":["Thunder Strike","Hyperbeam"],"picked":"Seek","floor":16.0},{"not_picked":["Barrage","Chill"],"picked":"Cold Snap","floor":18.0},{"not_picked":["Cold Snap","Turbo"],"picked":"Coolheaded+1","floor":19.0},{"not_picked":["Undo+1","Sweeping Beam","Force Field"],"picked":"SKIP","floor":22.0},{"not_picked":["Compile Driver","Meteor Strike"],"picked":"Seek","floor":24.0},{"not_picked":["Sunder+1","Redo+1","Undo+1"],"picked":"SKIP","floor":28.0},{"not_picked":["Biased Cognition+1","Leap","Steam Power"],"picked":"SKIP","floor":29.0},{"not_picked":["Sunder+1","Chaos","Gash"],"picked":"SKIP","floor":31.0},{"not_picked":["Thunder Strike","Multi-Cast"],"picked":"Buffer+1","floor":33.0},{"not_picked":["Chaos","Melter+1","Go for the Eyes"],"picked":"SKIP","floor":35.0},{"not_picked":["Static Discharge+1","Compile Driver"],"picked":"Barrage+1","floor":36.0},{"not_picked":["Scrape+1","Multi-Cast","Rainbow"],"picked":"SKIP","floor":40.0},{"not_picked":["Force Field+1","Ball Lightning+1"],"picked":"Reinforced Body+1","floor":47.0},{"not_picked":["Gash+1","Undo","Beam Cell"],"picked":"SKIP","floor":48.0},{"not_picked":["Skim","BootSequence+1"],"picked":"Echo Form+1","floor":54}],"player_experience":209947,"relics_obtained":[{"floor":6.0,"key":"Mango"},{"floor":8.0,"key":"Vajra"},{"floor":9.0,"key":"Juzu Bracelet"},{"floor":19.0,"key":"Red Mask"},{"floor":24.0,"key":"Akabeko"},{"floor":29.0,"key":"Frozen Egg 2"},{"floor":31.0,"key":"CeramicFish"},{"floor":40.0,"key":"Strawberry"},{"floor":43.0,"key":"StrikeDummy"},{"floor":48.0,"key":"Toy Ornithopter"},{"floor":54,"key":"Orichalcum"}],"event_choices":[{"damage_healed":0.0,"max_hp_gain":0.0,"max_hp_loss":0.0,"gold_gain":0.0,"event_name":"Match and Keep!","player_choice":"1 cards matched","floor":2.0,"gold_loss":0.0,"damage_taken":0.0,"cards_obtained":["Zap"]},{"damage_healed":0.0,"max_hp_gain":0.0,"max_hp_loss":0.0,"gold_gain":0.0,"event_name":"Masked Bandits","player_choice":"Fought Bandits","floor":19.0,"gold_loss":0.0,"damage_taken":0.0},{"damage_healed":0.0,"max_hp_gain":0.0,"max_hp_loss":0.0,"gold_gain":0.0,"event_name":"N\u0027loth","player_choice":"Traded Relic","floor":20.0,"relics_lost":["Mango"],"gold_loss":0.0,"damage_taken":0.0,"relics_obtained":["Nloth\u0027s Gift"]},{"damage_healed":0.0,"max_hp_gain":0.0,"max_hp_loss":0.0,"gold_gain":0.0,"event_name":"The Joust","player_choice":"Bet on Murderer","floor":27.0,"gold_loss":50.0,"damage_taken":0.0},{"damage_healed":0.0,"max_hp_gain":0.0,"max_hp_loss":0.0,"gold_gain":0.0,"cards_transformed":["Strike_B"],"event_name":"Transmorgrifier","player_choice":"Transformed","floor":37.0,"gold_loss":0.0,"damage_taken":0.0,"cards_obtained":["Conserve Battery"]},{"cards_removed":["Strike_B"],"damage_healed":0.0,"max_hp_gain":0.0,"max_hp_loss":0.0,"gold_gain":0.0,"event_name":"Wheel of Change","player_choice":"Card Removal","floor":38.0,"gold_loss":0.0,"damage_taken":0.0}],"is_beta":false,"boss_relics":[{"not_picked":["Tiny House","Black Star"],"picked":"Inserter"},{"not_picked":["FrozenCore","Astrolabe"],"picked":"Snecko Eye"}],"items_purged_floors":[7,21,39],"is_endless":false,"potions_floor_spawned":[1,4,5,6,11,18,31,33,35,36],"killed_by":"The Heart","ascension_level":6}}