{"host":"96bpdudduaq3ttpf","time":1611810328,"event":{"mods":["100% Spire Juice","2.2 Compatiblity","Act Like it!","Arknights The Spire","Astrologer","Bard","Bartender","BaseMod","CapriCore","Challenge The Spire","Chen","Downfall","Elementarium","Energized Spire","Friendly Minions","Gensokyo","GifTheSpireLib","Hallownest","Hermit","Jorbs\u0027s Wanderer Trilogy","KinomotoSakuraMod(????)","Koishi","KomeijiMod","Mari Mod (Legacy)","Mari\u0027s V1 Patch","Marisa????????","Mimic Mod","Minty Spire (QoL Compilation)","Prisma Mod","Quick Restart","Remilia??????","Replay The Spire","Robot Space Explorer","Shade Mod","StSLib","Td1madao Mod","The Administrix","The Bladedancer","The Bug Knight","The Construct","The Cursed","The Forsaken","The Gatherer","The Hierophant","The Immortal","The IronCluck","The Jungle","The Marked","The Mystic","The Necromancer","The Runesmith","The Senshi","The Servant 0.9.4","Wandering Minibosses","WarShipGirlsR/????R mod","Yohane!","Yuyuko"],"gold_per_floor":[109,203,203,203,96,131,147,147,52,77,111,111,111,130,130,130,130],"floor_reached":16,"language":"ENG","playtime":937,"items_purged":[],"score":160,"play_id":"9bd06725-eccc-4b50-860d-d9a32e830daa","local_time":"20210127220528","is_ascension_mode":false,"campfire_choices":[{"data":"Moonworks:LulusLuckyEgg","floor":12,"key":"SMITH"},{"data":"Moonworks:LongDistanceShot","floor":15,"key":"SMITH"}],"circlet_count":0,"master_deck":["Moonworks:Strike","Moonworks:Strike","Moonworks:Strike","Moonworks:Strike","Moonworks:Defend+1","Moonworks:Defend","Moonworks:Defend","Moonworks:Defend+1","Moonworks:Ambush","Moonworks:LongDistanceShot+1","Moonworks:Dash","Moonworks:FinalSurgery","Moonworks:Assault","Moonworks:NicePresent","Moonworks:MiracleRedBeanIceCream","Moonworks:LulusLuckyEgg+1","Moonworks:EvilSpyWorkPreparation","Moonworks:JonathanRush"],"relics":["Moonworks:BrokenBomb","Moonworks:Homemark","NeowsBlessing","War Paint","Golden Idol","Tiny Chest","theSenshi:SailorFukuRelic","Calipers"],"acts_visited":["Exordium"],"potions_floor_usage":[7,16],"damage_taken":[{"damage":0,"enemies":"Small Slimes","floor":1,"turns":1},{"damage":0,"enemies":"Jaw Worm","floor":5,"turns":1},{"damage":0,"enemies":"Lagavulin","floor":6,"turns":1},{"damage":0,"enemies":"2 Louse","floor":7,"turns":3},{"damage":1,"enemies":"Looter","floor":10,"turns":2},{"damage":0,"enemies":"Gremlin Nob","floor":11,"turns":2},{"damage":12,"enemies":"Lots of Slimes","floor":14,"turns":3},{"damage":55,"enemies":"The Guardian","floor":16,"turns":11}],"seed_played":"-631937914561485455","potions_obtained":[{"floor":1,"key":"Strength Potion"},{"floor":6,"key":"LifebloodPotion"},{"floor":7,"key":"SpeedPotion"},{"floor":11,"key":"LiquidMemories"}],"is_trial":false,"path_per_floor":["M","?","?","?","M","E","M","?","T","M","E","R","$","M","R","B"],"character_chosen":"THE_STARBREAKER","items_purchased":[],"campfire_rested":0,"item_purchase_floors":[],"current_hp_per_floor":[60,60,56,56,56,56,56,56,56,56,56,56,56,49,49,0,0],"gold":130,"neow_bonus":"THREE_ENEMY_KILL","is_daily":false,"chose_seed":false,"campfire_upgraded":2,"win_rate":0.0,"timestamp":1611810328,"path_taken":["M","?","?","?","M","E","M","?","T","?","E","R","$","M","R","BOSS"],"items_purchased_type":[],"build_version":"2020-12-22","purchased_purges":0,"victory":false,"max_hp_per_floor":[60,60,56,56,56,56,56,56,56,56,56,56,56,56,56,56,56],"card_choices":[{"not_picked":["Moonworks:UnpaidWork","Moonworks:Poppoformation"],"picked":"Moonworks:Dash","floor":1},{"not_picked":["Moonworks:TacticalRetreat","Moonworks:BigBangBell"],"picked":"Moonworks:FinalSurgery","floor":2},{"not_picked":["Moonworks:SweetBattle","Moonworks:SakisCookie"],"picked":"Moonworks:Assault","floor":2},{"not_picked":["Moonworks:IndiscriminateFireSupport","Moonworks:LuckyCharm"],"picked":"Moonworks:NicePresent","floor":5},{"not_picked":["Moonworks:StarBlastingFuse","Moonworks:Blazing","Moonworks:ImOnFire"],"picked":"SKIP","floor":6},{"not_picked":["Moonworks:BeyondHell","Moonworks:LulusLuckyEgg"],"picked":"Moonworks:MiracleRedBeanIceCream","floor":7},{"not_picked":["Moonworks:FullSpeedAlicianrone","Moonworks:FinalSurgery"],"picked":"Moonworks:LulusLuckyEgg","floor":10},{"not_picked":["Moonworks:CloudOfSeagulls","Moonworks:NicePresent"],"picked":"Moonworks:EvilSpyWorkPreparation","floor":11},{"not_picked":["Moonworks:IndiscriminateFireSupport","Moonworks:EvilSpyWorkPreparation"],"picked":"Moonworks:JonathanRush","floor":14}],"player_experience":828238,"relics_obtained":[{"floor":2,"key":"War Paint"},{"floor":6,"key":"Tiny Chest"},{"floor":9,"key":"theSenshi:SailorFukuRelic"},{"floor":11,"key":"Calipers"}],"event_choices":[{"damage_healed":0,"gold_gain":0,"player_choice":"Lose Max HP","damage_taken":0,"relics_obtained":["Golden Idol"],"max_hp_gain":0,"max_hp_loss":4,"event_name":"Golden Idol","floor":3,"gold_loss":0}],"is_beta":false,"boss_relics":[],"items_purged_floors":[],"is_endless":false,"potions_floor_spawned":[1,6,7,11],"killed_by":"The Guardian","ascension_level":0}}