{"host":"mmro3auxcbu5pwad","time":1611854828,"event":{"mods":["Aspiration","BaseMod","Conspire","Energized Spire","Halation","Hubris","Infinite Spire","Minty Spire (QoL Compilation)","Permanent Neow","Replay The Spire","StSLib"],"gold_per_floor":[365,381,381,103,103,103,123,123,123,142,157,157,157,173,173,268,218,232,232,232,232,244,244,261,261,261,272,272,272,272],"floor_reached":29,"language":"ENG","playtime":750,"items_purged":["Defend_P","Strike_P"],"score":237,"play_id":"012056e1-ac76-4e53-83ed-57db334345a1","local_time":"20210128182708","is_ascension_mode":true,"campfire_choices":[{"data":"Vault","floor":6,"key":"SMITH"},{"data":"Crescendo","floor":8,"key":"SMITH"},{"data":"Eruption","floor":13,"key":"SMITH"},{"data":"Adaptation","floor":15,"key":"SMITH"},{"data":"Scrawl","floor":23,"key":"SMITH"},{"data":"Replay:AllIn","floor":28,"key":"SMITH"}],"circlet_count":0,"master_deck":["Eruption+1","Vigilance","Adaptation+1","FollowUp","FollowUp","Crescendo+1","Vault+1","Consecrate","Halt","FlurryOfBlows","Replay:AllIn+1","Wallop","EmptyBody","SashWhip","Scrawl+1","Tantrum","Blasphemy","Pray","PathToVictory","EmptyBody"],"relics":["PureWater","Orrery","halation:EternalFortune","energizedSpire:HugeHouse","hubris:Icosahedron","halation:BottledHappiness","Pandora\u0027s Box","conspire:DecoderRing"],"acts_visited":["Exordium","TheCity"],"potions_floor_usage":[18,29],"damage_taken":[{"damage":0,"enemies":"Small Slimes","floor":1,"turns":3},{"damage":11,"enemies":"2 Louse","floor":2,"turns":2},{"damage":0,"enemies":"Jaw Worm","floor":7,"turns":2},{"damage":0,"enemies":"2 Fungi Beasts","floor":10,"turns":3},{"damage":0,"enemies":"Large Slime","floor":11,"turns":2},{"damage":19,"enemies":"Exordium Thugs","floor":14,"turns":3},{"damage":21,"enemies":"Fading Forest","floor":16,"turns":12},{"damage":24,"enemies":"3 Byrds","floor":18,"turns":3},{"damage":0,"enemies":"Shell Parasite","floor":22,"turns":2},{"damage":2,"enemies":"Centurion and Healer","floor":24,"turns":4},{"damage":0,"enemies":"Cultist and Chosen","floor":27,"turns":4},{"damage":0,"enemies":"Snake Plant","floor":29,"turns":1}],"seed_played":"1734553812757306720","potions_obtained":[{"floor":7,"key":"Toxic Potion"},{"floor":10,"key":"Explosive Potion"},{"floor":16,"key":"Toxic Potion"},{"floor":18,"key":"Weak Potion"},{"floor":22,"key":"SkillPotion"}],"is_trial":false,"path_per_floor":["M","M","?","$","?","R","M","R","T","M","M","T","R","M","R","B",null,"M","?","?","AVR","M","R","M","?","T","M","R","M"],"character_chosen":"WATCHER","items_purchased":["Orrery","Halt"],"campfire_rested":0,"item_purchase_floors":[4,4],"current_hp_per_floor":[72,61,54,54,57,57,57,57,57,57,57,57,57,38,38,20,73,49,49,49,49,52,52,53,53,53,53,53,53,53],"gold":272,"neow_bonus":"TWO_FIFTY_GOLD","is_daily":false,"chose_seed":false,"campfire_upgraded":6,"win_rate":0.0,"timestamp":1611854828,"path_taken":["M","M","?","$","?","R","M","R","T","M","M","?","R","M","R","BOSS","M","?","?","AVR","M","R","?","?","T","?","R","M"],"items_purchased_type":["Relic","Card"],"build_version":"2020-12-22","purchased_purges":2,"victory":false,"max_hp_per_floor":[72,72,72,72,75,75,75,75,75,75,75,75,75,75,75,78,73,73,73,73,73,76,76,79,79,79,79,79,79,79],"card_choices":[{"not_picked":["Study","EmptyBody"],"picked":"Adaptation","floor":1},{"not_picked":["PathToVictory","SashWhip"],"picked":"FollowUp","floor":2},{"not_picked":["Worship","MentalFortress"],"picked":"FollowUp","floor":4},{"not_picked":["WheelKick","Indignation"],"picked":"Crescendo","floor":4},{"not_picked":["PathToVictory","SpiritShield"],"picked":"Vault","floor":4},{"not_picked":["Devotion","SignatureMove"],"picked":"Consecrate","floor":4},{"not_picked":["CrushJoints","PathToVictory"],"picked":"FlurryOfBlows","floor":7},{"not_picked":["SandsOfTime","Weave","Judgement"],"picked":"SKIP","floor":10},{"not_picked":["FollowUp","CutThroughFate","ConjureBlade"],"picked":"SKIP","floor":11},{"not_picked":["Evaluate","SashWhip"],"picked":"Halt","floor":14},{"not_picked":["DeusExMachina","Scrawl"],"picked":"Replay:AllIn","floor":16},{"not_picked":["Replay:AtTheReady","ForeignInfluence"],"picked":"EmptyBody","floor":18},{"not_picked":["CrushJoints+1","Crescendo"],"picked":"EmptyBody","floor":22},{"not_picked":["BowlingBash","WaveOfTheHand","Replay:DivineShield"],"picked":"SKIP","floor":24},{"not_picked":["Adaptation","SignatureMove+1","JustLucky"],"picked":"SKIP","floor":27}],"player_experience":78126,"relics_obtained":[{"floor":16,"key":"halation:EternalFortune"},{"floor":22,"key":"halation:EternalFortune"},{"floor":24,"key":"halation:EternalFortune"},{"floor":26,"key":"conspire:DecoderRing"}],"event_choices":[{"cards_removed":["hubris:Envy"],"damage_healed":0,"gold_gain":0,"player_choice":"Card Removal","damage_taken":7,"max_hp_gain":0,"max_hp_loss":0,"event_name":"Golden Wing","floor":3,"gold_loss":0},{"cards_removed":["Fasting2"],"damage_healed":0,"gold_gain":0,"player_choice":"Purged","damage_taken":0,"max_hp_gain":0,"max_hp_loss":0,"event_name":"Purifier","floor":25,"gold_loss":0}],"is_beta":false,"boss_relics":[{"not_picked":["ChewingGum","Replay:Grab Bag"],"picked":"energizedSpire:HugeHouse"}],"items_purged_floors":[4,21],"is_endless":false,"potions_floor_spawned":[7,10,16,18,22],"killed_by":"Snake Plant","ascension_level":2}}