{"host":"wik2u884rt5bbues","time":1611874149,"event":{"mods":["AchievementEnabler","BaseMod","Colored Map","Colored Powertips","DeckTracker","Googly Eyes","Minty Spire (QoL Compilation)","Permanent Neow","Quick Restart","Shop Mod","StSLib","SuperFastMode"],"gold_per_floor":[113,113,38,57,57,92,106,122,122,122,135,148,148,48,48,48,48],"floor_reached":16,"language":"ENG","playtime":807,"items_purged":["Strike_R","Defend_R"],"score":102,"play_id":"25cc3972-92f0-4e53-b03a-741cbf2a1687","local_time":"20210128224909","is_ascension_mode":false,"campfire_choices":[{"data":"Flex","floor":13,"key":"SMITH"},{"floor":15,"key":"REST"}],"circlet_count":0,"master_deck":["Strike_R","Strike_R","Defend_R+1","Defend_R+1","Bash","Flex+1"],"relics":["Burning Blood","Lantern"],"acts_visited":["Exordium"],"potions_floor_usage":[8],"damage_taken":[{"damage":8.0,"enemies":"Jaw Worm","floor":1.0,"turns":5.0},{"damage":2.0,"enemies":"Small Slimes","floor":4.0,"turns":4.0},{"damage":52.0,"enemies":"3 Sentries","floor":6.0,"turns":12.0},{"damage":0,"enemies":"2 Louse","floor":7,"turns":2},{"damage":0,"enemies":"Gremlin Gang","floor":8,"turns":5},{"damage":0,"enemies":"Blue Slaver","floor":11,"turns":5},{"damage":0,"enemies":"Large Slime","floor":12,"turns":9},{"damage":60,"enemies":"Hexaghost","floor":16,"turns":10}],"seed_played":"-1502158907200184520","potions_obtained":[{"floor":1.0,"key":"LiquidBronze"},{"floor":7,"key":"Energy Potion"}],"is_trial":false,"path_per_floor":["M","?","$","M","?","E","M","M","T","?","M","M","R","$","R","B"],"character_chosen":"IRONCLAD","items_purchased":[],"campfire_rested":1,"item_purchase_floors":[],"current_hp_per_floor":[70,63,63,67,53,7,13,19,19,24,30,36,36,36,59,0,0],"gold":48,"neow_bonus":"REMOVE_TWO","is_daily":false,"chose_seed":false,"campfire_upgraded":1,"win_rate":0.0,"timestamp":1611874149,"path_taken":["M","?","$","M","?","E","M","M","T","?","M","M","R","$","R","BOSS"],"items_purchased_type":[],"build_version":"2020-12-22","purchased_purges":2,"victory":false,"max_hp_per_floor":[72,72,72,72,72,72,72,72,72,77,77,77,77,77,77,77,77],"card_choices":[{"not_picked":["Carnage","Twin Strike","Thunderclap"],"picked":"SKIP","floor":1.0},{"not_picked":["Feel No Pain","Perfected Strike"],"picked":"Flex","floor":4.0},{"not_picked":["Carnage","Pommel Strike","Iron Wave"],"picked":"SKIP","floor":6.0},{"not_picked":["Twin Strike","Whirlwind","Battle Trance"],"picked":"SKIP","floor":7},{"not_picked":["Thunderclap","Clothesline","Second Wind"],"picked":"SKIP","floor":8},{"not_picked":["Iron Wave","Brutality","Warcry"],"picked":"SKIP","floor":11},{"not_picked":["Wild Strike","Feel No Pain","Dual Wield"],"picked":"SKIP","floor":12}],"player_experience":780908,"relics_obtained":[{"floor":6.0,"key":"Lantern"}],"event_choices":[{"cards_removed":["Strike_R"],"damage_healed":0.0,"max_hp_gain":0.0,"max_hp_loss":0.0,"gold_gain":0.0,"event_name":"Golden Wing","player_choice":"Card Removal","floor":2.0,"gold_loss":0.0,"damage_taken":7.0},{"damage_healed":0.0,"max_hp_gain":0.0,"max_hp_loss":0.0,"gold_gain":0.0,"event_name":"Shining Light","player_choice":"Entered Light","floor":5.0,"gold_loss":0.0,"damage_taken":14.0,"cards_upgraded":["Defend_R","Defend_R"]},{"damage_healed":0,"gold_gain":0,"player_choice":"Donut","damage_taken":0,"max_hp_gain":5,"max_hp_loss":0,"event_name":"Big Fish","floor":10,"gold_loss":0}],"is_beta":false,"boss_relics":[],"items_purged_floors":[3,14],"is_endless":false,"potions_floor_spawned":[1,7],"killed_by":"Hexaghost","ascension_level":0}}