{"host":"na09lpbrez4gbfiz","time":1611856083,"event":{"mods":["Act Like it!","BaseMod","BetterRewards","Colored Map","Colored Powertips","DeckTracker","Googly Eyes","Highlight Path","Minty Spire (QoL Compilation)","Quick Restart","Spicy Shops","StSLib","SuperFastMode","Synergy Search"],"gold_per_floor":[112,112,128,203,13,41,41,71,96,96,96,96,116,131,131,231,231,250,250,250,269,269,269,295,306,306,306,136,136,136,146,146,146,146],"floor_reached":33,"language":"ENG","playtime":655,"items_purged":["Strike_R"],"score":514,"play_id":"b93364de-94a0-4a59-a102-6663ebacbf95","local_time":"20210128184803","is_ascension_mode":true,"campfire_choices":[{"data":"Bash","floor":7,"key":"SMITH"},{"data":"Impervious","floor":10,"key":"SMITH"},{"data":"Inflame","floor":12,"key":"SMITH"},{"data":"Spot Weakness","floor":15,"key":"SMITH"},{"data":"Barricade","floor":23,"key":"SMITH"},{"data":"True Grit","floor":29,"key":"SMITH"},{"data":"Shrug It Off","floor":32,"key":"SMITH"}],"circlet_count":0,"master_deck":["AscendersBane","Strike_R","Strike_R","Defend_R","Defend_R+1","Defend_R","Defend_R+1","Bash+1","Headbutt","Inflame+1","Impervious+1","Twin Strike","Spot Weakness+1","Barricade+1","True Grit+1","Shrug It Off+1"],"relics":["Black Blood","NeowsBlessing","Happy Flower","War Paint","Art of War","Centennial Puzzle","Letter Opener","Potion Belt","Ornamental Fan","Peace Pipe","InkBottle"],"acts_visited":["Exordium","TheCity"],"potions_floor_usage":[8,8,18,24,24,33,33],"damage_taken":[{"damage":0,"enemies":"Cultist","floor":1,"turns":1},{"damage":0,"enemies":"Small Slimes","floor":3,"turns":2},{"damage":0,"enemies":"Gremlin Nob","floor":6,"turns":1},{"damage":0,"enemies":"3 Sentries","floor":8,"turns":3},{"damage":1,"enemies":"2 Louse","floor":13,"turns":2},{"damage":0,"enemies":"Looter","floor":14,"turns":2},{"damage":42,"enemies":"Slime Boss","floor":16,"turns":11},{"damage":35,"enemies":"2 Thieves","floor":18,"turns":4},{"damage":11,"enemies":"Chosen","floor":21,"turns":4},{"damage":49,"enemies":"Book of Stabbing","floor":24,"turns":6},{"damage":2,"enemies":"3 Cultists","floor":25,"turns":6},{"damage":15,"enemies":"Shelled Parasite and Fungi","floor":31,"turns":7},{"damage":61,"enemies":"Collector","floor":33,"turns":7}],"seed_played":"-6803665900793145012","potions_obtained":[{"floor":6,"key":"HeartOfIron"},{"floor":16,"key":"SteroidPotion"},{"floor":18,"key":"BloodPotion"},{"floor":21,"key":"SkillPotion"},{"floor":25,"key":"Strength Potion"},{"floor":31,"key":"Weak Potion"}],"is_trial":false,"path_per_floor":["M","?","M","?","$","E","R","E","T","R","?","R","M","M","R","B",null,"M","?","?","M","T","R","E","M","T","?","$","R","T","M","R","B"],"character_chosen":"IRONCLAD","items_purchased":["Inflame","AttackPotion","Peace Pipe"],"campfire_rested":0,"item_purchase_floors":[5,5,28],"current_hp_per_floor":[78,78,80,69,69,75,75,80,80,80,80,80,80,80,80,44,71,48,48,33,34,34,34,14,24,24,52,52,52,52,49,49,0,0],"gold":146,"neow_bonus":"THREE_ENEMY_KILL","is_daily":false,"chose_seed":false,"campfire_upgraded":7,"win_rate":0.0,"timestamp":1611856083,"path_taken":["M","?","?","?","$","E","R","E","T","R","?","R","?","M","R","BOSS","M","?","?","M","?","R","E","M","T","?","$","R","?","?","R","BOSS"],"items_purchased_type":["Card","Potion","Relic"],"build_version":"2020-12-22","purchased_purges":1,"victory":false,"max_hp_per_floor":[80,80,80,80,80,80,80,80,80,80,80,80,80,80,80,80,80,80,80,85,85,85,85,85,85,85,85,85,85,85,85,85,85,85],"card_choices":[{"not_picked":["Twin Strike","Flex","Infernal Blade"],"picked":"SKIP","floor":1},{"not_picked":["Bloodletting","Dual Wield","Reckless Charge"],"picked":"SKIP","floor":3},{"not_picked":["Iron Wave","Dark Embrace"],"picked":"Impervious","floor":6},{"not_picked":["Fire Breathing","Bloodletting","Blood for Blood"],"picked":"SKIP","floor":8},{"not_picked":["Twin Strike","Intimidate","Clash"],"picked":"SKIP","floor":13},{"not_picked":["Intimidate","Clash"],"picked":"Twin Strike","floor":13},{"not_picked":["Headbutt","Body Slam"],"picked":"Spot Weakness","floor":14},{"not_picked":["Corruption","Brutality"],"picked":"Barricade","floor":16},{"not_picked":["Bloodletting","Thunderclap"],"picked":"True Grit","floor":18},{"not_picked":["True Grit","Pommel Strike","Rage"],"picked":"SKIP","floor":21},{"not_picked":["Dual Wield","Spot Weakness","Clash"],"picked":"SKIP","floor":24},{"not_picked":["Rampage","Twin Strike"],"picked":"Shrug It Off","floor":25},{"not_picked":["Pommel Strike","Flex","Clash"],"picked":"SKIP","floor":31}],"player_experience":190701,"relics_obtained":[{"floor":6,"key":"Happy Flower"},{"floor":8,"key":"War Paint"},{"floor":9,"key":"Art of War"},{"floor":22,"key":"Letter Opener"},{"floor":24,"key":"Potion Belt"},{"floor":26,"key":"Ornamental Fan"},{"floor":30,"key":"InkBottle"}],"event_choices":[{"damage_healed":0,"gold_gain":0,"cards_transformed":["Strike_R"],"player_choice":"Transformed","damage_taken":0,"max_hp_gain":0,"max_hp_loss":0,"event_name":"Transmorgrifier","floor":2,"gold_loss":0,"cards_obtained":["Headbutt"]},{"damage_healed":0,"gold_gain":75,"player_choice":"Gather Gold","damage_taken":11,"max_hp_gain":0,"max_hp_loss":0,"event_name":"World of Goop","floor":4,"gold_loss":0},{"cards_removed":["Strike_R"],"damage_healed":0,"gold_gain":0,"player_choice":"Purged","damage_taken":0,"max_hp_gain":0,"max_hp_loss":0,"event_name":"Purifier","floor":11,"gold_loss":0},{"damage_healed":0,"gold_gain":0,"player_choice":"Opened","damage_taken":0,"relics_obtained":["Centennial Puzzle"],"max_hp_gain":0,"max_hp_loss":0,"event_name":"The Mausoleum","floor":19,"gold_loss":0},{"damage_healed":0,"gold_gain":0,"player_choice":"Shed Blood","damage_taken":20,"max_hp_gain":5,"max_hp_loss":0,"event_name":"Forgotten Altar","floor":20,"gold_loss":0},{"damage_healed":28,"gold_gain":0,"player_choice":"Heal","damage_taken":0,"max_hp_gain":0,"max_hp_loss":0,"event_name":"The Library","floor":27,"gold_loss":0}],"is_beta":false,"boss_relics":[{"not_picked":["Ectoplasm","Runic Dome"],"picked":"Black Blood"}],"items_purged_floors":[28],"is_endless":false,"potions_floor_spawned":[6,16,18,21,25,31],"killed_by":"Collector","ascension_level":12}}