{"host":"3h5qf14xt40jhha0","time":1611807681,"event":{"mods":["AlwaysNeverKeys","BaseMod","Colored Powertips","Minty Spire (QoL Compilation)","Permanent Neow","Relic Stats","StSLib"],"gold_per_floor":[114,134,160,172,42,73,73,99,152,195,207,219,231,260,272,362,374,396,408,439,451,513,525,537,537],"floor_reached":24,"language":"ENG","playtime":1196,"items_purged":[],"score":449,"play_id":"05cc8531-dd37-4d71-a465-7cf60bd636b0","local_time":"20210127232121","is_ascension_mode":true,"campfire_choices":[{"data":"Dash","floor":7.0,"key":"SMITH"},{"floor":13.0,"key":"REST"},{"data":"Prepared","floor":15.0,"key":"SMITH"},{"floor":23.0,"key":"REST"}],"circlet_count":0,"master_deck":["AscendersBane","Defend_G","Defend_G","Defend_G","Defend_G","Defend_G","Survivor","Neutralize","Dagger Spray","Dagger Throw","Bouncing Flask","Acrobatics","Dash+1","Slice","Corpse Explosion","Prepared+1","Storm of Steel","PiercingWail","Bite","Bite","Bite","Bite","Bite"],"relics":["HoveringKite","Tiny Chest","Blue Candle","Du-Vu Doll","MawBank","Lantern","PreservedInsect","WristBlade","Toxic Egg 2"],"acts_visited":["Exordium","TheCity"],"potions_floor_usage":[24],"damage_taken":[{"damage":8.0,"enemies":"Cultist","floor":1.0,"turns":5.0},{"damage":9.0,"enemies":"Jaw Worm","floor":2.0,"turns":5.0},{"damage":0.0,"enemies":"2 Louse","floor":4.0,"turns":3.0},{"damage":19.0,"enemies":"Gremlin Nob","floor":6.0,"turns":4.0},{"damage":19.0,"enemies":"3 Sentries","floor":8.0,"turns":8.0},{"damage":11.0,"enemies":"Gremlin Nob","floor":10.0,"turns":4.0},{"damage":0.0,"enemies":"2 Fungi Beasts","floor":14.0,"turns":2.0},{"damage":23.0,"enemies":"Slime Boss","floor":16.0,"turns":11.0},{"damage":17.0,"enemies":"Shell Parasite","floor":18.0,"turns":4.0},{"damage":32.0,"enemies":"Spheric Guardian","floor":20.0,"turns":6.0},{"damage":30,"enemies":"Slavers","floor":24,"turns":2}],"seed_played":"-437690508926427257","potions_obtained":[{"floor":1.0,"key":"EssenceOfSteel"},{"floor":4.0,"key":"SpeedPotion"},{"floor":8.0,"key":"EntropicBrew"},{"floor":14.0,"key":"Fruit Juice"},{"floor":20.0,"key":"EssenceOfSteel"}],"is_trial":false,"path_per_floor":["M","M","T","M","$","E","R","E","T","E","T","?","R","M","R","B",null,"M","T","M","?","?","R","E"],"character_chosen":"THE_SILENT","items_purchased":["Acrobatics","Dash"],"campfire_rested":2,"item_purchase_floors":[5,5],"current_hp_per_floor":[51,42,42,42,42,23,23,4,4,2,2,2,21,21,21,3,54,37,37,5,5,5,19,0,0],"gold":537,"neow_bonus":"BOSS_RELIC","is_daily":false,"chose_seed":false,"campfire_upgraded":2,"win_rate":0.0,"timestamp":1611807681,"path_taken":["M","M","?","?","$","E","R","E","T","E","?","?","R","M","R","BOSS","M","?","M","?","?","R","E"],"items_purchased_type":["Card","Card"],"build_version":"2020-12-22","purchased_purges":0,"victory":false,"max_hp_per_floor":[66,66,66,66,66,66,66,66,66,66,66,66,66,66,66,71,71,71,71,71,49,49,49,49,49],"relic_stats":{"counters":[11,54],"Blue Candle":[0],"HoveringKite":[29],"Tiny Chest":1,"PreservedInsect":41,"MawBank":180,"obtain_stats":[{"Du-Vu Doll":8,"Lantern":10,"WristBlade":17,"Blue Candle":6,"HoveringKite":0,"Tiny Chest":3,"PreservedInsect":11,"Toxic Egg 2":19,"MawBank":9,"Ring of the Snake":0},{"Du-Vu Doll":5,"Lantern":6,"WristBlade":8,"Blue Candle":4,"HoveringKite":0,"Tiny Chest":2,"PreservedInsect":6,"Toxic Egg 2":9,"MawBank":5,"Ring of the Snake":0},{"Du-Vu Doll":25,"Lantern":29,"WristBlade":42,"Blue Candle":17,"HoveringKite":0,"Tiny Chest":10,"PreservedInsect":29,"Toxic Egg 2":46,"MawBank":25,"Ring of the Snake":0}]},"card_choices":[{"not_picked":["Bane","Expertise"],"picked":"Dagger Spray","floor":1.0},{"not_picked":["Footwork","Blade Dance"],"picked":"Dagger Throw","floor":2.0},{"not_picked":["Catalyst","Quick Slash"],"picked":"Bouncing Flask","floor":4.0},{"not_picked":["Blade Dance","Quick Slash"],"picked":"Slice","floor":6.0},{"not_picked":["Dash","Dagger Spray"],"picked":"Corpse Explosion","floor":8.0},{"not_picked":["Escape Plan","Cloak And Dagger"],"picked":"Prepared","floor":10.0},{"not_picked":["PiercingWail","Poisoned Stab","Bane"],"picked":"SKIP","floor":14.0},{"not_picked":["PiercingWail","Poisoned Stab","Bane"],"picked":"SKIP","floor":14.0},{"not_picked":["Envenom","Doppelganger"],"picked":"Storm of Steel","floor":16.0},{"not_picked":["Flying Knee","Distraction"],"picked":"PiercingWail","floor":18.0},{"not_picked":["Setup+1","Outmaneuver+1","Dagger Spray"],"picked":"SKIP","floor":20.0}],"player_experience":1386518,"relics_obtained":[{"floor":3.0,"key":"Tiny Chest"},{"floor":6.0,"key":"Blue Candle"},{"floor":8.0,"key":"Du-Vu Doll"},{"floor":9.0,"key":"MawBank"},{"floor":10.0,"key":"Lantern"},{"floor":11.0,"key":"PreservedInsect"},{"floor":19.0,"key":"Toxic Egg 2"}],"event_choices":[{"damage_healed":0.0,"max_hp_gain":0.0,"max_hp_loss":0.0,"gold_gain":0.0,"event_name":"Dead Adventurer","player_choice":"Searched \u00270\u0027 times","floor":12.0,"gold_loss":0.0,"damage_taken":0.0},{"damage_healed":0.0,"max_hp_gain":0.0,"max_hp_loss":22.0,"gold_gain":0.0,"event_name":"Vampires","player_choice":"Became a vampire","floor":21.0,"gold_loss":0.0,"damage_taken":0.0,"cards_obtained":["Bite","Bite","Bite","Bite","Bite"]},{"damage_healed":0.0,"max_hp_gain":0.0,"max_hp_loss":0.0,"gold_gain":50.0,"event_name":"Nest","player_choice":"Stole From Cult","floor":22.0,"gold_loss":0.0,"damage_taken":0.0}],"is_beta":false,"boss_relics":[{"not_picked":["Empty Cage","Fusion Hammer"],"picked":"WristBlade"}],"items_purged_floors":[],"is_endless":false,"potions_floor_spawned":[1,4,8,14,20],"killed_by":"Slavers","ascension_level":20}}