{"host":"xmr2g8b7eju0288o","time":1611848117,"event":{"mods":["100% Spire Juice","AchievementEnabler","BaseMod","Colored Map","Colored Powertips","KOR Keyword Fix","Minty Spire (QoL Compilation)","Quick Restart","Spicy Shops","StSLib","SuperFastMode"],"gold_per_floor":[153,153,153,153,153,254,319,319,319],"floor_reached":8,"language":"KOR","playtime":127,"items_purged":[],"score":158,"play_id":"bbae6a3b-46a0-448a-9396-4314f3138302","local_time":"20210129003517","daily_mods":["Heirloom","DeadlyEvents","Elite Swarm","Midas"],"is_ascension_mode":true,"campfire_choices":[],"circlet_count":0,"master_deck":["AscendersBane","Moonworks:Strike","Moonworks:Strike","Moonworks:Strike","Moonworks:Strike","Moonworks:Defend","Moonworks:Defend","Moonworks:Defend","Moonworks:Defend","Moonworks:Ambush+1","Moonworks:LongDistanceShot","Injury","Moonworks:NicePresent","Moonworks:Gamble","Moonworks:NicePresent"],"relics":["Moonworks:BrokenBomb","Moonworks:Homemark","Ice Cream","Golden Idol","Letter Opener","Gambling Chip"],"acts_visited":["Exordium"],"potions_floor_usage":[],"damage_taken":[{"damage":2.0,"enemies":"Jaw Worm","floor":1.0,"turns":3.0},{"damage":43.0,"enemies":"Gremlin Nob","floor":6.0,"turns":5.0},{"damage":0,"enemies":"2 Louse","floor":7,"turns":2},{"damage":1498,"enemies":"3 Sentries","floor":8,"turns":3}],"seed_played":"-1087446781424653304","potions_obtained":[{"floor":1.0,"key":"Block Potion"},{"floor":7,"key":"GamblersBrew"}],"is_trial":true,"path_per_floor":["M","?","?","T","?","E","M","E"],"character_chosen":"THE_STARBREAKER","items_purchased":[],"campfire_rested":0,"item_purchase_floors":[],"current_hp_per_floor":[48,48,48,48,48,5,5,0,0],"gold":319,"neow_bonus":"","is_daily":false,"chose_seed":false,"campfire_upgraded":0,"win_rate":0.0,"timestamp":1611848117,"path_taken":["M","?","?","?","?","E","M","E"],"items_purchased_type":[],"build_version":"2020-12-22","purchased_purges":0,"victory":false,"max_hp_per_floor":[55,55,55,55,55,55,55,55,55],"card_choices":[{"not_picked":["Moonworks:ExtendedPhotonRifle","Moonworks:IndiscriminateFireSupport","Moonworks:LulusLuckyEgg"],"picked":"SKIP","floor":1.0},{"not_picked":["Moonworks:MetallicMonocoque","Moonworks:OutOfAmmo"],"picked":"Moonworks:Gamble","floor":6.0},{"not_picked":["Moonworks:ImOnFire","Moonworks:DeployBits"],"picked":"Moonworks:NicePresent","floor":7}],"player_experience":114780,"relics_obtained":[{"floor":4.0,"key":"Letter Opener"},{"floor":6.0,"key":"Gambling Chip"}],"event_choices":[{"damage_healed":0.0,"max_hp_gain":0.0,"max_hp_loss":0.0,"gold_gain":0.0,"event_name":"Golden Idol","player_choice":"Take Wound","floor":2.0,"gold_loss":0.0,"damage_taken":0.0,"relics_obtained":["Golden Idol"],"cards_obtained":["Injury"]},{"damage_healed":0.0,"max_hp_gain":0.0,"max_hp_loss":0.0,"gold_gain":0.0,"event_name":"Living Wall","player_choice":"Grow","floor":3.0,"gold_loss":0.0,"damage_taken":0.0,"cards_upgraded":["Moonworks:Ambush"]},{"damage_healed":0.0,"max_hp_gain":0.0,"max_hp_loss":0.0,"gold_gain":0.0,"event_name":"Match and Keep!","player_choice":"1 cards matched","floor":5.0,"gold_loss":0.0,"damage_taken":0.0,"cards_obtained":["Moonworks:NicePresent"]}],"is_beta":false,"boss_relics":[],"items_purged_floors":[],"is_endless":true,"potions_floor_spawned":[1,7],"killed_by":"3 Sentries","ascension_level":20}}