{"host":"hl3ams4am2ku5u4p","time":1611855708,"event":{"mods":["Aspiration","BaseMod","Beaked The Cultist","BetterRewards","CatGirl Mod","Colored Map","Colored Powertips","Conspire","Downfall","Energized Spire","Halation","HornydragonMod","Hubris","Infinite Spire","Mad Scientist","Magitek Elite","Minty Spire (QoL Compilation)","READ ME - Guardian Mod","Replay The Spire","Spikes Relics","StSLib","SuperFastMode","The Blackbeard","The Bug Knight","The Construct","The Disciple","The Jungle","The Mystic","The Necromancer","The Senshi"],"gold_per_floor":[113,125,4,4,4,36,36,36,36,71,90,15,33,67,67,171,171,183,195,95,114,128,154,164,190,190,206,206,206,81,97,97,201,201,217,236,236,236,236,236,263,263,290,290,300,317,327,339,339,339,339,339,189,223,223],"floor_reached":56,"language":"FRA","playtime":2904,"items_purged":["Strike_R","Defend_R","Strike_R","Strike_R"],"score":1550,"play_id":"bd6bfc33-e5ae-408c-bb3c-72b3e5f29972","local_time":"20210128184148","is_ascension_mode":true,"campfire_choices":[{"data":"Bash","floor":7,"key":"SMITH"},{"data":"Twin Strike","floor":15,"key":"SMITH"},{"data":"BarbarianYell","floor":29,"key":"SMITH"},{"data":"Barricade","floor":32,"key":"SMITH"},{"floor":40,"key":"RECALL"},{"data":"Demon Form","floor":42,"key":"SMITH"},{"data":"Flag","floor":44,"key":"PURGE"},{"data":"Metallicize","floor":49,"key":"SMITH"},{"data":"Flame Barrier","floor":52,"key":"SMITH"}],"circlet_count":0,"master_deck":["Strike_R","Strike_R","Defend_R","Defend_R","Defend_R","Bash+1","Shrug It Off","Clothesline+1","Twin Strike+1","Hemokinesis","Metallicize+1","Shrug It Off","Pummel+1","Rage","Rampage+1","Battle Trance","Barricade+1","Flame Barrier+1","Heavy Blade+1","Massacre+1","Spot Weakness","Reaper+1","Sword Boomerang+1","BarbarianYell+1","Demon Form+1","Metallicize+1","Metallicize+1","Body Slam+1"],"relics":["Burning Blood","halation:PromiseList","Oddly Smooth Stone","Molten Egg 2","RoseTintedShades","infinitespire:EmpoweringShard","InkBottle","energizedSpire:OgreHead","hubris:PeanutButter","Letter Opener","Pear","Cursed Key","hubris:Towel","Peace Pipe","HollowMod:PaleOreRelic","Gremlin Food"],"acts_visited":["Exordium","TheCity","TheBeyond","TheEnding"],"potions_floor_usage":[16,16,50,55,55],"damage_taken":[{"damage":0,"enemies":"Cultist","floor":1,"turns":4},{"damage":0,"enemies":"2 Louse","floor":2,"turns":2},{"damage":24,"enemies":"Gremlin Nob","floor":6,"turns":4},{"damage":2,"enemies":"3 Sentries","floor":10,"turns":7},{"damage":0,"enemies":"Small Slimes","floor":11,"turns":2},{"damage":3,"enemies":"conspire:2 RoseBushes","floor":13,"turns":5},{"damage":8,"enemies":"Gremlin Nob","floor":14,"turns":3},{"damage":28,"enemies":"Hexaghost","floor":16,"turns":6},{"damage":3,"enemies":"2 Thieves","floor":18,"turns":3},{"damage":1,"enemies":"Shell Parasite","floor":19,"turns":4},{"damage":0,"enemies":"Snake Plant","floor":21,"turns":1},{"damage":10,"enemies":"Cultist and Chosen","floor":22,"turns":3},{"damage":8,"enemies":"HollowMod:Nosk","floor":23,"turns":4},{"damage":0,"enemies":"Centurion and Healer","floor":24,"turns":2},{"damage":2,"enemies":"Replay:Snechameleon","floor":25,"turns":2},{"damage":0,"enemies":"Snake Plant","floor":27,"turns":2},{"damage":0,"enemies":"conspire:HollyBat","floor":31,"turns":6},{"damage":26,"enemies":"Champ","floor":33,"turns":6},{"damage":0,"enemies":"Orb Walker","floor":35,"turns":2},{"damage":9,"enemies":"3 Darklings","floor":36,"turns":2},{"damage":14,"enemies":"R_Hoarder","floor":41,"turns":5},{"damage":0,"enemies":"Sphere and 2 Shapes","floor":45,"turns":1},{"damage":0,"enemies":"Writhing Mass","floor":46,"turns":1},{"damage":6,"enemies":"Maw","floor":47,"turns":4},{"damage":4,"enemies":"3 Darklings","floor":48,"turns":3},{"damage":17,"enemies":"Time Eater","floor":50,"turns":6},{"damage":13,"enemies":"Shield and Spear","floor":54,"turns":3},{"damage":88,"enemies":"The Heart","floor":55,"turns":6}],"seed_played":"-6720718649510980285","potions_obtained":[{"floor":1,"key":"infinitespire:BlackPotion"},{"floor":2,"key":"sneckomod:MuddlingPotion"},{"floor":13,"key":"Swift Potion"},{"floor":14,"key":"LiquidMemories"},{"floor":16,"key":"BloodPotion"},{"floor":18,"key":"Dexterity Potion"},{"floor":35,"key":"PowerPotion"}],"is_trial":false,"path_per_floor":["M","M","$","?","?","E","R","?","T","E","M","$","M","E","R","B",null,"M","M","$","M","M","E","M","E","T","M","?","R","$","M","R","B",null,"M","M","?","$","?","R","E","R","T","R","M","M","M","M","R","B",null,"R","$","E","B",null],"character_chosen":"IRONCLAD","items_purchased":["halation:PromiseList","Shrug It Off","Clothesline+1","Oddly Smooth Stone","Metallicize","Shrug It Off"],"campfire_rested":0,"item_purchase_floors":[0,0,0,0,3,3],"current_hp_per_floor":[78,80,80,80,80,62,62,62,62,66,72,72,75,73,73,51,80,80,80,80,80,76,74,80,80,90,90,90,90,90,90,90,86,90,90,87,87,87,87,87,79,79,79,79,85,90,90,90,90,79,90,90,90,83,19],"gold":223,"neow_bonus":"","is_daily":false,"chose_seed":false,"campfire_upgraded":7,"win_rate":0.0,"timestamp":1611855708,"path_taken":["M","M","$","?","?","E","R","?","T","E","?","$","M","E","R","BOSS","M","M","$","M","M","E","M","E","T","M","?","R","?","M","R","BOSS","M","M","?","$","?","R","E","R","T","R","M","M","?","M","R","BOSS","R","$","E","BOSS"],"items_purchased_type":["Relic","Card","Card","Relic","Card","Card"],"build_version":"2020-12-22","purchased_purges":4,"victory":true,"max_hp_per_floor":[80,80,80,80,80,80,80,80,80,80,80,80,80,80,80,80,80,80,80,80,80,80,80,80,80,90,90,90,90,90,90,90,90,90,90,90,90,90,90,90,90,90,90,90,90,90,90,90,90,90,90,90,90,90,90],"card_choices":[{"not_picked":["Absolvement","Reckless Charge"],"picked":"Twin Strike","floor":1},{"not_picked":["Armaments","Clothesline"],"picked":"Hemokinesis","floor":2},{"not_picked":["Iron Wave+1","Bloodletting"],"picked":"Pummel+1","floor":6},{"not_picked":["Shrug It Off","Rupture"],"picked":"Rage","floor":10},{"not_picked":["Perfected Strike+1","hubris:CleavingFinish+1"],"picked":"Rampage+1","floor":11},{"not_picked":["Flex","Iron Wave+1"],"picked":"Battle Trance","floor":13},{"not_picked":["ReplayTheSpireMod:Stacked","Replay:Undeath\u0027s Touch+1","True Grit"],"picked":"SKIP","floor":14},{"not_picked":["Impervious","Demonic Infusion"],"picked":"Barricade","floor":16},{"not_picked":["Uppercut+1","Clash+1"],"picked":"Flame Barrier","floor":18},{"not_picked":["Shockwave","Cleave+1"],"picked":"Heavy Blade+1","floor":19},{"not_picked":["Twin Strike+1","Warcry+1"],"picked":"Massacre+1","floor":21},{"not_picked":["Run Through+1","Armaments"],"picked":"Spot Weakness","floor":22},{"not_picked":["Infernal Blade","Rupture"],"picked":"Reaper+1","floor":23},{"not_picked":["True Grit+1","Clothesline+1","ReplayTheSpireMod:Limb From Limb+1"],"picked":"SKIP","floor":24},{"not_picked":["Run Through+1","ReplayTheSpireMod:Muscle Training"],"picked":"Sword Boomerang+1","floor":25},{"not_picked":["ReplayTheSpireMod:Strike From Hell+1","Cleave+1"],"picked":"BarbarianYell","floor":27},{"not_picked":["Twin Strike+1","Dropkick+1","Replay:Undeath\u0027s Touch+1"],"picked":"SKIP","floor":31},{"not_picked":["Brutality","Offering"],"picked":"Demon Form","floor":33},{"not_picked":["Invigoration","Inflame"],"picked":"Metallicize","floor":35},{"not_picked":["Perfected Strike+1","Sword Boomerang+1","Fire Breathing+1"],"picked":"SKIP","floor":36},{"not_picked":["Iron Wave+1","Bludgeon+1","Twin Strike+1"],"picked":"SKIP","floor":41},{"not_picked":["Blood for Blood+1","Twin Strike+1"],"picked":"Metallicize+1","floor":45},{"not_picked":["Flex+1","ReplayTheSpireMod:Strike From Hell+1","Abandon"],"picked":"SKIP","floor":46},{"not_picked":["Infernal Blade+1","Headbutt+1","conspire:Purge"],"picked":"SKIP","floor":47},{"not_picked":["Heavy Blade+1","Warcry+1"],"picked":"Body Slam+1","floor":48},{"not_picked":["Massacre+1","Clash+1","Bludgeon+1"],"picked":"SKIP","floor":54}],"player_experience":16702,"relics_obtained":[{"floor":6,"key":"RoseTintedShades"},{"floor":10,"key":"infinitespire:EmpoweringShard"},{"floor":14,"key":"InkBottle"},{"floor":23,"key":"hubris:PeanutButter"},{"floor":25,"key":"Letter Opener"},{"floor":26,"key":"Pear"},{"floor":41,"key":"Peace Pipe"},{"floor":43,"key":"HollowMod:PaleOreRelic"},{"floor":54,"key":"Gremlin Food"}],"event_choices":[{"cards_removed":["Injury"],"damage_healed":0,"gold_gain":0,"player_choice":"Removed Curses","damage_taken":0,"max_hp_gain":0,"max_hp_loss":0,"event_name":"Fountain of Cleansing","floor":8,"gold_loss":0},{"damage_healed":0,"gold_gain":0,"player_choice":"Ignored","damage_taken":0,"max_hp_gain":0,"max_hp_loss":0,"event_name":"Transmorgrifier","floor":28,"gold_loss":0},{"damage_healed":0,"gold_gain":0,"player_choice":"Got Potions","damage_taken":0,"max_hp_gain":0,"max_hp_loss":0,"event_name":"Lab","floor":39,"gold_loss":0}],"is_beta":false,"boss_relics":[{"not_picked":["energizedSpire:DecayingSkull","Replay:Drink Me"],"picked":"energizedSpire:OgreHead"},{"not_picked":["beaked:MawFillet","energizedSpire:SpiderWeb"],"picked":"Cursed Key"}],"items_purged_floors":[12,20,30,53],"is_endless":false,"potions_floor_spawned":[1,2,13,14,16,18,21,23,27,35,36,45],"ascension_level":1}}