{"host":"c3lc60y5x60jlt1y","time":1611871855,"event":{"mods":["AchievementEnabler","BaseMod","Bestiary","Colored Map","Minty Spire (QoL Compilation)","Quick Restart","StSLib","ojb\u0027s Info Mod"],"gold_per_floor":[111,111,121,121,131,131,147,167,167,8,18,18,18,18,18,115,115,129,129,148,163,163,163,179,179,179,179,190,30,30,40,40,139,139,150,150,160,35,35,35,35,35,35,35,46,46,46,46,46,46,46],"floor_reached":50,"language":"ENG","playtime":1926,"items_purged":["Strike_R","Strike_R"],"score":455,"play_id":"1e068804-4464-4a2f-9302-2e056949bbb1","local_time":"20210129001055","is_ascension_mode":false,"campfire_choices":[{"data":"Armaments","floor":6.0,"key":"SMITH"},{"data":"Barricade","floor":13.0,"key":"SMITH"},{"data":"Inflame","floor":15.0,"key":"SMITH"},{"floor":23.0,"key":"REST"},{"data":"Offering","floor":25.0,"key":"SMITH"},{"data":"Seeing Red","floor":30.0,"key":"SMITH"},{"floor":32.0,"key":"REST"},{"floor":41.0,"key":"REST"},{"data":"Pommel Strike","floor":44.0,"key":"SMITH"},{"floor":49.0,"key":"REST"}],"circlet_count":0,"master_deck":["Strike_R","Strike_R","Defend_R","Defend_R","Defend_R","Defend_R","Bash","Inflame+1","Armaments+1","Carnage","Battle Trance","Seeing Red+1","Barricade+1","Offering+1","Heavy Blade","Rampage","Inflame","Pommel Strike+1","Demon Form","Uppercut+1","Havoc+1","Shrug It Off","Violence+1","Madness","Madness"],"relics":["Cursed Key"],"acts_visited":["Exordium","TheCity","TheBeyond"],"potions_floor_usage":[],"damage_taken":[{"damage":0.0,"enemies":"2 Louse","floor":1.0,"turns":2.0},{"damage":6.0,"enemies":"Jaw Worm","floor":3.0,"turns":3.0},{"damage":1.0,"enemies":"Cultist","floor":5.0,"turns":3.0},{"damage":15.0,"enemies":"Exordium Wildlife","floor":7.0,"turns":2.0},{"damage":6.0,"enemies":"3 Louse","floor":8.0,"turns":4.0},{"damage":0.0,"enemies":"2 Fungi Beasts","floor":11.0,"turns":3.0},{"damage":27.0,"enemies":"Hexaghost","floor":16.0,"turns":8.0},{"damage":6.0,"enemies":"Chosen","floor":18.0,"turns":3.0},{"damage":11.0,"enemies":"2 Thieves","floor":20.0,"turns":4.0},{"damage":12.0,"enemies":"Shelled Parasite and Fungi","floor":21.0,"turns":6.0},{"damage":21.0,"enemies":"Chosen and Byrds","floor":24.0,"turns":5.0},{"damage":13.0,"enemies":"Snecko","floor":28.0,"turns":4.0},{"damage":6.0,"enemies":"Sentry and Sphere","floor":31.0,"turns":5.0},{"damage":62.0,"enemies":"Automaton","floor":33.0,"turns":11.0},{"damage":28.0,"enemies":"3 Shapes","floor":35.0,"turns":5.0},{"damage":46.0,"enemies":"3 Darklings","floor":37.0,"turns":7.0},{"damage":11.0,"enemies":"Maw","floor":45.0,"turns":6.0},{"damage":79,"enemies":"Time Eater","floor":50,"turns":6}],"seed_played":"9030934779708758978","potions_obtained":[{"floor":1.0,"key":"FearPotion"},{"floor":8.0,"key":"Swift Potion"},{"floor":11.0,"key":"Strength Potion"},{"floor":24.0,"key":"FearPotion"},{"floor":31.0,"key":"Fruit Juice"}],"is_trial":false,"path_per_floor":["M","?","M","?","M","R","M","M","T","$","M","$","R","T","R","B",null,"M","?","M","M","?","R","M","R","T","T","M","$","R","M","R","B",null,"M","?","M","$","?","?","R","$","T","R","M","T","?","?","R","B"],"character_chosen":"IRONCLAD","items_purchased":["Barricade","Inflame","Block Potion","Shrug It Off"],"campfire_rested":4,"item_purchase_floors":[10,29,29,38],"current_hp_per_floor":[80,80,74,74,73,73,58,52,52,52,52,52,52,52,52,25,80,74,74,63,51,51,75,54,54,54,54,41,41,41,35,59,2,85,57,57,11,11,11,11,36,36,36,36,25,25,25,14,39,0,0],"gold":46,"neow_bonus":"BOSS_RELIC","is_daily":false,"chose_seed":false,"campfire_upgraded":6,"win_rate":0.0,"timestamp":1611871855,"path_taken":["M","?","M","?","?","R","M","M","T","$","M","$","R","?","R","BOSS","M","?","M","M","?","R","M","R","T","?","M","?","R","M","R","BOSS","M","?","M","$","?","?","R","$","T","R","?","?","?","?","R","BOSS"],"items_purchased_type":["Card","Card","Potion","Card"],"build_version":"2020-12-22","purchased_purges":2,"victory":false,"max_hp_per_floor":[80,80,80,80,80,80,80,80,80,80,80,80,80,80,80,80,80,80,80,80,80,80,80,80,80,80,80,80,80,80,80,80,85,85,85,85,85,85,85,85,85,85,85,85,85,85,85,85,85,85,85],"card_choices":[{"not_picked":["Wild Strike","Pommel Strike"],"picked":"Inflame","floor":1.0},{"not_picked":["Clash","Headbutt"],"picked":"Armaments","floor":3.0},{"not_picked":["Twin Strike","Perfected Strike"],"picked":"Carnage","floor":5.0},{"not_picked":["Infernal Blade","Sword Boomerang"],"picked":"Battle Trance","floor":7.0},{"not_picked":["Warcry","Wild Strike"],"picked":"Seeing Red","floor":8.0},{"not_picked":["Warcry","Iron Wave","Twin Strike"],"picked":"SKIP","floor":11.0},{"not_picked":["Exhume","Limit Break"],"picked":"Offering","floor":16.0},{"not_picked":["Clash","Feel No Pain"],"picked":"Heavy Blade","floor":18.0},{"not_picked":["Rupture","Hemokinesis"],"picked":"Clothesline+1","floor":20.0},{"not_picked":["Carnage+1","Dark Embrace"],"picked":"Rampage","floor":21.0},{"not_picked":["Cleave","Reckless Charge","Anger"],"picked":"SKIP","floor":24.0},{"not_picked":["Dropkick","Rupture","Armaments+1"],"picked":"SKIP","floor":28.0},{"not_picked":["Sever Soul","Feel No Pain"],"picked":"Pommel Strike","floor":31.0},{"not_picked":["Berserk","Immolate"],"picked":"Demon Form","floor":33.0},{"not_picked":["Ghostly Armor","Sentinel+1"],"picked":"Uppercut+1","floor":35.0},{"not_picked":["Anger+1","Uppercut+1"],"picked":"Havoc+1","floor":37.0},{"not_picked":["Dramatic Entrance","Secret Technique"],"picked":"Violence","floor":39.0},{"not_picked":["Heavy Blade","Combust+1","Iron Wave+1"],"picked":"SKIP","floor":45.0}],"player_experience":8744418,"relics_obtained":[],"event_choices":[{"damage_healed":0.0,"max_hp_gain":0.0,"max_hp_loss":0.0,"gold_gain":0.0,"event_name":"Liars Game","player_choice":"Ignored","floor":2.0,"gold_loss":0.0,"damage_taken":0.0},{"cards_removed":["Strike_R"],"damage_healed":0.0,"max_hp_gain":0.0,"max_hp_loss":0.0,"gold_gain":0.0,"event_name":"Purifier","player_choice":"Purged","floor":4.0,"gold_loss":0.0,"damage_taken":0.0},{"damage_healed":0.0,"max_hp_gain":0.0,"max_hp_loss":0.0,"gold_gain":0.0,"event_name":"The Mausoleum","player_choice":"Ignored","floor":19.0,"gold_loss":0.0,"damage_taken":0.0},{"damage_healed":0.0,"max_hp_gain":0.0,"max_hp_loss":0.0,"gold_gain":0.0,"event_name":"Mysterious Sphere","player_choice":"Ignored","floor":36.0,"gold_loss":0.0,"damage_taken":0.0},{"damage_healed":0.0,"max_hp_gain":0.0,"max_hp_loss":0.0,"gold_gain":0.0,"event_name":"SensoryStone","player_choice":"Memory 1","floor":39.0,"gold_loss":0.0,"damage_taken":0.0},{"damage_healed":0.0,"max_hp_gain":0.0,"max_hp_loss":0.0,"gold_gain":0.0,"event_name":"Accursed Blacksmith","player_choice":"Forge","floor":40.0,"gold_loss":0.0,"damage_taken":0.0,"cards_upgraded":["Violence"]},{"cards_removed":["Clothesline"],"damage_healed":0.0,"max_hp_gain":0.0,"max_hp_loss":0.0,"gold_gain":0.0,"event_name":"Falling","player_choice":"Removed Attack","floor":47.0,"gold_loss":0.0,"damage_taken":0.0},{"damage_healed":0.0,"max_hp_gain":0.0,"max_hp_loss":0.0,"gold_gain":0.0,"event_name":"Winding Halls","player_choice":"Embrace Madness","floor":48.0,"gold_loss":0.0,"damage_taken":11.0,"cards_obtained":["Madness","Madness"]}],"is_beta":false,"boss_relics":[{"not_picked":[]},{"not_picked":[]}],"items_purged_floors":[29,38],"is_endless":false,"potions_floor_spawned":[1,8,11,24,31],"killed_by":"Time Eater","ascension_level":0}}