{"host":"zwezhz46a5cjkxff","time":1611813596,"event":{"mods":["AchievementEnabler","BaseMod","Colored Map","Colored Powertips","DeckTracker","Hermit","Marisa????????","Minty Spire (QoL Compilation)","Permanent Neow","Quick Restart","Rare Cards Sparkle","Relic Stats","Robot Space Explorer","StSLib","SuperFastMode","The Hierophant","The Servant 0.9.4","Weighted Paths","slay the spire mod where everything is the same but ironclad has a cowboy hat"],"gold_per_floor":[111,130,150,150,162,196,196,224,275,286,286,317,317,350,350,455,455,471,488,488,498,60,90,90,90,90,90,101,101,134,134,134,134,134],"floor_reached":33,"language":"ENG","playtime":1155,"items_purged":[],"score":354,"play_id":"00172cd2-e9aa-420a-8116-d122ea54e039","local_time":"20210127235956","is_ascension_mode":true,"campfire_choices":[{"data":"Static Discharge","floor":7,"key":"SMITH"},{"floor":13,"key":"REST"},{"data":"Zap","floor":15,"key":"SMITH"},{"floor":25,"key":"REST"},{"data":"Seek","floor":27,"key":"SMITH"},{"floor":29,"key":"REST"},{"floor":32,"key":"REST"}],"circlet_count":0,"master_deck":["Defend_B","Defend_B","Defend_B","Zap+1","Dualcast","Cold Snap","Self Repair","Turbo","Static Discharge+1","BootSequence","Beam Cell","Buffer","Hologram","Echo Form","Streamline","Defragment","Seek+1","Writhe","Reinforced Body","FTL","Bite","Bite","Bite","Bite","Bite"],"relics":["Cracked Core","PreservedInsect","Nunchaku","Kunai","Question Card","Ancient Tea Set","Ice Cream","Philosopher\u0027s Stone","Chemical X","Lantern","Happy Flower","Bronze Scales","Bottled Lightning","Unceasing Top"],"acts_visited":["Exordium","TheCity"],"potions_floor_usage":[5,6,16,23,23,23],"damage_taken":[{"damage":8,"enemies":"Jaw Worm","floor":1,"turns":3},{"damage":4,"enemies":"Cultist","floor":2,"turns":3},{"damage":0,"enemies":"Small Slimes","floor":3,"turns":2},{"damage":0,"enemies":"Exordium Wildlife","floor":5,"turns":3},{"damage":17,"enemies":"Gremlin Nob","floor":6,"turns":4},{"damage":27,"enemies":"Lagavulin","floor":8,"turns":6},{"damage":11,"enemies":"Large Slime","floor":10,"turns":5},{"damage":28,"enemies":"3 Sentries","floor":12,"turns":4},{"damage":16,"enemies":"Gremlin Nob","floor":14,"turns":4},{"damage":16,"enemies":"Slime Boss","floor":16,"turns":9},{"damage":7,"enemies":"Spheric Guardian","floor":18,"turns":5},{"damage":28,"enemies":"Shell Parasite","floor":19,"turns":7},{"damage":33,"enemies":"Snecko","floor":21,"turns":5},{"damage":35,"enemies":"Book of Stabbing","floor":23,"turns":5},{"damage":32,"enemies":"Cultist and Chosen","floor":28,"turns":6},{"damage":39,"enemies":"Gremlin Leader","floor":30,"turns":4},{"damage":68,"enemies":"Collector","floor":33,"turns":7}],"seed_played":"-2083855226082081194","potions_obtained":[{"floor":2,"key":"Block Potion"},{"floor":5,"key":"Fruit Juice"},{"floor":8,"key":"SteroidPotion"},{"floor":14,"key":"Ancient Potion"},{"floor":19,"key":"PotionOfCapacity"},{"floor":21,"key":"LiquidBronze"}],"is_trial":false,"path_per_floor":["M","M","M","?","M","E","R","E","T","M","T","E","R","E","R","B",null,"M","M","?","M","$","E","?","R","T","R","M","R","E","?","R","B"],"character_chosen":"DEFECT","items_purchased":["Chemical X","Seek","Lantern"],"campfire_rested":4,"item_purchase_floors":[22,22,22],"current_hp_per_floor":[67,63,70,70,80,70,70,50,50,46,46,25,49,40,40,31,80,80,66,66,40,40,12,12,36,36,36,18,42,3,3,19,0,0],"gold":134,"neow_bonus":"RANDOM_COMMON_RELIC","is_daily":false,"chose_seed":false,"campfire_upgraded":3,"win_rate":0.0,"timestamp":1611813596,"path_taken":["M","M","M","?","?","E","R","E","T","M","?","E","R","E","R","BOSS","M","M","?","M","$","E","?","R","T","R","M","R","E","?","R","BOSS"],"items_purchased_type":["Relic","Card","Relic"],"build_version":"2020-12-22","purchased_purges":0,"victory":false,"max_hp_per_floor":[75,75,75,75,80,80,80,80,80,80,80,80,80,80,80,80,80,80,80,80,80,80,80,80,80,80,80,80,80,80,56,56,56,56],"relic_stats":{"Nunchaku":[12],"Happy Flower":[5],"counters":[17,82],"Bronze Scales":[54],"PreservedInsect":191,"Kunai":[20],"Chemical X":[2],"Question Card":9,"obtain_stats":[{"Ice Cream":14,"Lantern":22,"Happy Flower":23,"PreservedInsect":0,"Question Card":11,"Ancient Tea Set":12,"Nunchaku":6,"Bronze Scales":24,"Philosopher\u0027s Stone":17,"Kunai":8,"Chemical X":22,"Bottled Lightning":26,"Cracked Core":0,"Unceasing Top":30},{"Ice Cream":9,"Lantern":13,"Happy Flower":14,"PreservedInsect":0,"Question Card":7,"Ancient Tea Set":8,"Nunchaku":5,"Bronze Scales":14,"Philosopher\u0027s Stone":10,"Kunai":6,"Chemical X":13,"Bottled Lightning":14,"Cracked Core":0,"Unceasing Top":16},{"Ice Cream":34,"Lantern":60,"Happy Flower":65,"PreservedInsect":0,"Question Card":26,"Ancient Tea Set":30,"Nunchaku":15,"Bronze Scales":65,"Philosopher\u0027s Stone":43,"Kunai":21,"Chemical X":60,"Bottled Lightning":65,"Cracked Core":0,"Unceasing Top":75}],"Unceasing Top":[8]},"card_choices":[{"not_picked":["Ball Lightning","Double Energy"],"picked":"Cold Snap","floor":1},{"not_picked":["Steam","Compile Driver"],"picked":"Self Repair","floor":2},{"not_picked":["Conserve Battery","Compile Driver","Go for the Eyes"],"picked":"SKIP","floor":3},{"not_picked":["Doom and Gloom","Hello World"],"picked":"Turbo","floor":5},{"not_picked":["Go for the Eyes","Turbo"],"picked":"Static Discharge","floor":6},{"not_picked":["Consume","Melter"],"picked":"BootSequence","floor":8},{"not_picked":["Ball Lightning","Turbo"],"picked":"Beam Cell","floor":10},{"not_picked":["Steam Power","Chaos","BootSequence"],"picked":"Buffer","floor":12},{"not_picked":["Rip and Tear","Hello World","Force Field"],"picked":"Hologram","floor":14},{"not_picked":["Machine Learning","All For One","Reboot"],"picked":"Echo Form","floor":16},{"not_picked":["Undo","Steam Power","Conserve Battery"],"picked":"Streamline","floor":18},{"not_picked":["Sweeping Beam+1","Chaos","Beam Cell","Gash"],"picked":"SKIP","floor":19},{"not_picked":["Coolheaded","Leap","Static Discharge"],"picked":"Defragment","floor":21},{"not_picked":["Cold Snap","Redo","Heatsinks","Darkness"],"picked":"SKIP","floor":23},{"not_picked":["Sweeping Beam","Thunder Strike","Gash+1"],"picked":"Reinforced Body","floor":28},{"not_picked":["Chill","Skim","Ball Lightning"],"picked":"FTL","floor":30}],"player_experience":32927,"relics_obtained":[{"floor":6,"key":"Nunchaku"},{"floor":8,"key":"Kunai"},{"floor":11,"key":"Question Card"},{"floor":12,"key":"Ancient Tea Set"},{"floor":14,"key":"Ice Cream"},{"floor":23,"key":"Happy Flower"},{"floor":26,"key":"Bottled Lightning"},{"floor":30,"key":"Unceasing Top"}],"event_choices":[{"cards_removed":["Defend_B"],"damage_healed":0,"gold_gain":0,"player_choice":"Purged","damage_taken":0,"max_hp_gain":0,"max_hp_loss":0,"event_name":"Purifier","floor":4,"gold_loss":0},{"damage_healed":0,"gold_gain":0,"player_choice":"Ignored","damage_taken":0,"max_hp_gain":0,"max_hp_loss":0,"event_name":"Ghosts","floor":20,"gold_loss":0},{"damage_healed":0,"gold_gain":0,"player_choice":"Opened","damage_taken":0,"relics_obtained":["Bronze Scales"],"max_hp_gain":0,"max_hp_loss":0,"event_name":"The Mausoleum","floor":24,"gold_loss":0,"cards_obtained":["Writhe"]},{"damage_healed":0,"gold_gain":0,"player_choice":"Became a vampire","damage_taken":0,"max_hp_gain":0,"max_hp_loss":24,"event_name":"Vampires","floor":31,"gold_loss":0,"cards_obtained":["Bite","Bite","Bite","Bite","Bite"]}],"is_beta":false,"boss_relics":[{"not_picked":["Fusion Hammer","SlaversCollar"],"picked":"Philosopher\u0027s Stone"}],"items_purged_floors":[],"is_endless":false,"potions_floor_spawned":[2,5,8,14,19,21],"killed_by":"Collector","ascension_level":1}}