{"host":"li7nr9q4d53iu1rb","time":1611851117,"event":{"mods":["AchievementEnabler","BaseMod","Colored Map","Colored Powertips","Downfall","Highlight Path","Minty Spire (QoL Compilation)","Permanent Neow","Quick Restart","Random Character Button","StSLib"],"gold_per_floor":[20,20,31,46,46,46,71,71,98,23,23,23],"floor_reached":11,"language":"ENG","playtime":521,"items_purged":["Defend_P"],"score":75,"play_id":"08467941-0b0e-4ce5-9ce6-b5a886c4a0a7","local_time":"20210128122517","is_ascension_mode":true,"campfire_choices":[{"floor":6,"key":"RECALL"}],"circlet_count":0,"master_deck":["Strike_P","Strike_P","Defend_P","Defend_P","Eruption","Vigilance","MentalFortress","Consecrate","Crescendo","Meditate","Prostrate","Study","Eruption","Swift Strike"],"relics":["PureWater","Gremlin Horn","Nunchaku"],"acts_visited":["Exordium"],"potions_floor_usage":[7],"damage_taken":[{"damage":0,"enemies":"Jaw Worm","floor":1,"turns":4},{"damage":7,"enemies":"Cultist","floor":3,"turns":3},{"damage":7,"enemies":"2 Louse","floor":4,"turns":3},{"damage":19,"enemies":"3 Sentries","floor":7,"turns":8},{"damage":50,"enemies":"Gremlin Nob","floor":11,"turns":3}],"seed_played":"-5751519948364742131","potions_obtained":[{"floor":4,"key":"AttackPotion"}],"is_trial":false,"path_per_floor":["M","?","M","M","T","R","E","?","T","$","E"],"character_chosen":"WATCHER","items_purchased":[],"campfire_rested":0,"item_purchase_floors":[],"current_hp_per_floor":[72,72,65,58,58,58,39,39,39,39,0,0],"gold":23,"neow_bonus":"TRANSFORM_TWO_CARDS","is_daily":false,"chose_seed":false,"campfire_upgraded":0,"win_rate":0.0,"timestamp":1611851117,"path_taken":["M","?","M","?","?","R","E","?","T","$","E"],"items_purchased_type":[],"build_version":"2020-12-22","purchased_purges":1,"victory":false,"max_hp_per_floor":[72,72,72,72,72,72,72,72,72,72,72,72],"card_choices":[{"not_picked":["ReachHeaven","FlyingSleeves"],"picked":"Crescendo","floor":1},{"not_picked":["EmptyFist","Halt"],"picked":"Meditate","floor":3},{"not_picked":["FollowUp","EmptyFist"],"picked":"Prostrate","floor":4},{"not_picked":["FlyingSleeves","SashWhip"],"picked":"Study","floor":7}],"player_experience":253751,"relics_obtained":[{"floor":7,"key":"Gremlin Horn"},{"floor":9,"key":"Nunchaku"}],"event_choices":[{"cards_removed":["Strike_P"],"damage_healed":0,"gold_gain":0,"player_choice":"Card Removal","damage_taken":0,"max_hp_gain":0,"max_hp_loss":0,"event_name":"Wheel of Change","floor":2,"gold_loss":0},{"damage_healed":0,"gold_gain":0,"player_choice":"2 cards matched","damage_taken":0,"max_hp_gain":0,"max_hp_loss":0,"event_name":"Match and Keep!","floor":8,"gold_loss":0,"cards_obtained":["Eruption","Swift Strike"]}],"is_beta":false,"boss_relics":[],"items_purged_floors":[10],"is_endless":false,"potions_floor_spawned":[4],"killed_by":"Gremlin Nob","ascension_level":1}}