{"host":"1pwde2j81wdvsae3","time":1611808721,"event":{"mods":["BaseMod","Minty Spire (QoL Compilation)","Replay The Spire","Shop Mod","StSLib"],"gold_per_floor":[112,112,112,130,149,149,149],"floor_reached":6,"language":"ZHS","playtime":169,"items_purged":[],"score":63,"play_id":"fae8204f-6106-472a-946f-76b2bdef48bc","local_time":"20210128123841","is_ascension_mode":true,"campfire_choices":[],"circlet_count":0,"master_deck":["AscendersBane","Strike_R","Strike_R","Strike_R","Strike_R","Strike_R","Defend_R","Defend_R","Defend_R","Defend_R","Bash","Eruption","Defend_P","Abandon","Thunderclap","Bash","Pummel","Reaper","Shrug It Off","Wild Strike"],"relics":["Burning Blood","Replay:Kaleidoscope","Ancient Tea Set"],"acts_visited":["Exordium"],"potions_floor_usage":[5],"damage_taken":[{"damage":20.0,"enemies":"Small Slimes","floor":1.0,"turns":3.0},{"damage":11,"enemies":"Cultist","floor":4,"turns":4},{"damage":15,"enemies":"Jaw Worm","floor":5,"turns":4},{"damage":48,"enemies":"Lagavulin","floor":6,"turns":5}],"seed_played":"519480570397552225","potions_obtained":[{"floor":4,"key":"Explosive Potion"}],"is_trial":false,"path_per_floor":["M","?","?","M","M","E"],"character_chosen":"IRONCLAD","items_purchased":[],"campfire_rested":0,"item_purchase_floors":[],"current_hp_per_floor":[54,43,43,42,37,0,0],"gold":149,"neow_bonus":"ONE_RARE_RELIC","is_daily":false,"chose_seed":false,"campfire_upgraded":0,"win_rate":0.0,"timestamp":1611808721,"path_taken":["M","?","?","M","M","E"],"items_purchased_type":[],"build_version":"2020-12-22","purchased_purges":0,"victory":false,"max_hp_per_floor":[75,75,75,75,75,75,75],"card_choices":[{"not_picked":["Havoc","Warcry"],"picked":"Abandon","floor":1.0},{"not_picked":["Flex","Dual Wield"],"picked":"Shrug It Off","floor":4},{"not_picked":["Headbutt","Armaments"],"picked":"Wild Strike","floor":5}],"player_experience":247992,"relics_obtained":[],"event_choices":[{"damage_healed":0.0,"max_hp_gain":0.0,"max_hp_loss":0.0,"gold_gain":0.0,"event_name":"Scrap Ooze","player_choice":"Success","floor":2.0,"gold_loss":0.0,"damage_taken":11.0,"relics_obtained":["Ancient Tea Set"]},{"damage_healed":0,"gold_gain":0,"player_choice":"4 cards matched","damage_taken":0,"max_hp_gain":0,"max_hp_loss":0,"event_name":"Match and Keep!","floor":3,"gold_loss":0,"cards_obtained":["Thunderclap","Bash","Pummel","Reaper"]}],"is_beta":false,"boss_relics":[],"items_purged_floors":[],"is_endless":false,"potions_floor_spawned":[4],"killed_by":"Lagavulin","ascension_level":15}}