{"host":"phy652c7lim9lcu2","time":1611828207,"event":{"mods":["BaseMod","BetterRewards","Colored Powertips","Downfall","Googly Eyes","Hubris","Minty Spire (QoL Compilation)","Relic Stats","Spicy Shops","StSLib","everything is the same but u backflip on backflip"],"gold_per_floor":[99,110,110,124,140,140,192,218,230,230,58,58,75,86,97,97,97,97],"floor_reached":16,"language":"ENG","playtime":1042,"items_purged":["Guardian:Strike_Guardian"],"score":104,"play_id":"ca80d543-056e-4c95-914b-610a993032f7","local_time":"20210128200327","is_ascension_mode":false,"campfire_choices":[{"data":"Guardian:CurlUp","floor":1,"key":"SMITH"},{"data":"Guardian:TwinSlam","floor":6,"key":"SMITH"},{"data":"Guardian:ChargeCore","floor":12,"key":"SMITH"}],"circlet_count":0,"master_deck":["Guardian:Strike_Guardian","Guardian:Strike_Guardian","Guardian:Strike_Guardian","Guardian:Defend_Guardian","Guardian:Defend_Guardian","Guardian:Defend_Guardian","Guardian:CurlUp+1","Guardian:TwinSlam+1","Guardian:Preprogram","Guardian:DonusPower+1","Guardian:Gem_Crimson","Guardian:ChargeCore+1","Guardian:TemporalStrike","Guardian:CrystalBeam","Guardian:Gem_White","Guardian:RollAttack"],"relics":["Guardian:ModeShifter","Bronze Scales","hubris:DeckOfHolding"],"acts_visited":["Exordium"],"potions_floor_usage":[13,16,16,16],"damage_taken":[{"damage":0,"enemies":"Small Slimes","floor":2,"turns":4},{"damage":1,"enemies":"Cultist","floor":4,"turns":4},{"damage":0,"enemies":"2 Louse","floor":5,"turns":3},{"damage":14,"enemies":"Gremlin Nob","floor":8,"turns":5},{"damage":16,"enemies":"Large Slime","floor":9,"turns":6},{"damage":10,"enemies":"downfall:FleeingMerchant","floor":11,"turns":4},{"damage":11,"enemies":"Exordium Wildlife","floor":13,"turns":4},{"damage":10,"enemies":"Lots of Slimes","floor":14,"turns":4},{"damage":10,"enemies":"Exordium Thugs","floor":15,"turns":4},{"damage":37,"enemies":"WA_ARCHETYPE_RETAIN","floor":16,"turns":4}],"seed_played":"-7833853151537345753","potions_obtained":[{"floor":2,"key":"Weak Potion"},{"floor":4,"key":"champ:CounterPotion"},{"floor":14,"key":"hexamod:SoulburnPotion"},{"floor":15,"key":"Strength Potion"}],"is_trial":false,"path_per_floor":["R","M","?","M","M","R","T","E","M","?","$","R","M","M","M","B"],"character_chosen":"GUARDIAN","items_purchased":["Guardian:ChargeCore","Guardian:TemporalStrike"],"campfire_rested":0,"item_purchase_floors":[11,11],"current_hp_per_floor":[88,88,88,87,87,87,87,73,57,57,47,47,36,26,16,0,0,0],"gold":97,"neow_bonus":"TEN_PERCENT_HP_BONUS","is_daily":false,"chose_seed":false,"campfire_upgraded":3,"win_rate":0.0,"timestamp":1611828207,"path_taken":["R","M","?","?","M","R","T","E","M","?","?","R","M","M","M","BOSS"],"items_purchased_type":["Card","Card"],"build_version":"2020-12-22","purchased_purges":1,"victory":false,"max_hp_per_floor":[88,88,88,88,88,88,88,88,88,88,88,88,88,88,88,88,88,88],"relic_stats":{"counters":[10,42],"Bronze Scales":[49],"obtain_stats":[{"Bronze Scales":7,"Guardian:ModeShifter":0,"hubris:DeckOfHolding":8},{"Bronze Scales":3,"Guardian:ModeShifter":0,"hubris:DeckOfHolding":4},{"Bronze Scales":11,"Guardian:ModeShifter":0,"hubris:DeckOfHolding":16}]},"card_choices":[{"not_picked":["Guardian:Planning","Guardian:ShieldCharger"],"picked":"Guardian:Gem_Purple","floor":2},{"not_picked":["Guardian:TemporalStrike","Guardian:Gem_Purple"],"picked":"Guardian:Gem_Green","floor":4},{"not_picked":["Guardian:PolyBeam","Guardian:VentSteam"],"picked":"Guardian:Preprogram","floor":5},{"not_picked":["Guardian:PiercingHide","Guardian:TemporalStrike"],"picked":"Guardian:DonusPower","floor":8},{"not_picked":["Guardian:VentSteam","Guardian:GuardianWhirl"],"picked":"Guardian:Gem_Crimson","floor":9},{"not_picked":["Guardian:Gem_Cyan","Guardian:BaubleBeam","Guardian:Reroute"],"picked":"SKIP","floor":11},{"not_picked":["Guardian:BodySlam","Guardian:Recover"],"picked":"Guardian:CrystalBeam","floor":13},{"not_picked":["Guardian:Harden","Guardian:CrystalBeam"],"picked":"Guardian:Gem_White","floor":14},{"not_picked":["Guardian:TemporalStrike","Guardian:VentSteam"],"picked":"Guardian:RollAttack","floor":15}],"player_experience":265622,"relics_obtained":[{"floor":7,"key":"Bronze Scales"},{"floor":8,"key":"hubris:DeckOfHolding"}],"event_choices":[],"is_beta":false,"boss_relics":[],"items_purged_floors":[11],"is_endless":false,"potions_floor_spawned":[2,4,14,15],"killed_by":"WA_ARCHETYPE_RETAIN","ascension_level":0}}