{"host":"aqym1xxr3lb31d9m","time":1611821475,"event":{"mods":["BaseMod","Block Reminder","Colored Map","Colored Powertips","DeckTracker","Highlight Path","Minty Spire (QoL Compilation)","Quick Restart","Random Character Button","StSLib","SuperFastMode","UnlockEverythingMod"],"gold_per_floor":[109,109,119,269,269,269,303,303,355,355,1,29,89,101,101,175,175,193,4,4,4,29,29,58,58,58,72,72,72,72,90,90,90,90],"floor_reached":33,"language":"JPN","playtime":1341,"items_purged":["Doubt"],"score":634,"play_id":"31781b23-62ef-4528-ab07-15752c3ef73d","local_time":"20210128171115","is_ascension_mode":true,"campfire_choices":[{"data":"Darkness","floor":6.0,"key":"SMITH"},{"data":"Zap","floor":8.0,"key":"SMITH"},{"data":"Dualcast","floor":10.0,"key":"SMITH"},{"data":"Coolheaded","floor":15.0,"key":"SMITH"},{"data":"Seek","floor":23,"key":"SMITH"},{"data":"Fission","floor":30,"key":"SMITH"},{"data":"Defragment","floor":32,"key":"SMITH"}],"circlet_count":0,"master_deck":["AscendersBane","Strike_B","Strike_B","Strike_B","Defend_B","Defend_B","Defend_B+1","Defend_B+1","Zap+1","Dualcast+1","Darkness+1","Cold Snap","Sweeping Beam","Reboot","Coolheaded+1","Hologram","Seek+1","Hologram","FTL","Hologram","Fission+1","Go for the Eyes+1","Defragment+1"],"relics":["Cracked Core","NeowsBlessing","Sundial","Ancient Tea Set","Mummified Hand","Bottled Flame","Dream Catcher","Coffee Dripper","Membership Card","Enchiridion","Red Mask","Mercury Hourglass","Question Card","Bag of Preparation","Shuriken"],"acts_visited":["Exordium","TheCity"],"potions_floor_usage":[24,24,24,33],"damage_taken":[{"damage":0.0,"enemies":"2 Louse","floor":1.0,"turns":1.0},{"damage":0.0,"enemies":"Cultist","floor":3.0,"turns":1.0},{"damage":0.0,"enemies":"3 Sentries","floor":7.0,"turns":1.0},{"damage":12.0,"enemies":"Gremlin Nob","floor":12.0,"turns":3.0},{"damage":6.0,"enemies":"3 Sentries","floor":13.0,"turns":6.0},{"damage":4.0,"enemies":"Jaw Worm","floor":14.0,"turns":4.0},{"damage":15.0,"enemies":"The Guardian","floor":16.0,"turns":9.0},{"damage":11.0,"enemies":"3 Byrds","floor":18.0,"turns":7.0},{"damage":12,"enemies":"Masked Bandits","floor":22,"turns":5},{"damage":0,"enemies":"Slavers","floor":24,"turns":2},{"damage":0,"enemies":"Spheric Guardian","floor":27,"turns":3},{"damage":0,"enemies":"Centurion and Healer","floor":31,"turns":3},{"damage":25,"enemies":"Automaton","floor":33,"turns":6}],"seed_played":"5249450399456225797","potions_obtained":[{"floor":1.0,"key":"BlessingOfTheForge"},{"floor":3.0,"key":"Swift Potion"},{"floor":13.0,"key":"EntropicBrew"},{"floor":14.0,"key":"FocusPotion"},{"floor":24,"key":"Strength Potion"},{"floor":31,"key":"EntropicBrew"}],"is_trial":false,"path_per_floor":["M","?","M","?","?","R","E","R","T","R","$","E","?","M","R","B",null,"M","$","?","?","?","R","E","?","T","M","T","?","R","M","R","B"],"character_chosen":"DEFECT","items_purchased":["Mummified Hand","Membership Card","FTL"],"campfire_rested":0,"item_purchase_floors":[11,19,19],"current_hp_per_floor":[64,64,64,64,43,43,43,43,43,43,43,31,25,21,21,6,55,44,44,23,37,25,25,25,25,25,25,25,25,25,25,25,0,0],"gold":90,"neow_bonus":"THREE_ENEMY_KILL","is_daily":false,"chose_seed":false,"campfire_upgraded":7,"win_rate":0.0,"timestamp":1611821475,"path_taken":["M","?","?","?","?","R","E","R","T","R","$","E","?","M","R","BOSS","M","$","?","?","?","R","E","?","T","M","?","?","R","M","R","BOSS"],"items_purchased_type":["Relic","Relic","Card"],"build_version":"2020-12-22","purchased_purges":1,"victory":false,"max_hp_per_floor":[71,71,71,71,71,71,71,71,71,71,71,71,71,71,71,71,71,71,71,71,71,71,71,71,71,71,71,71,71,71,71,71,71,71],"card_choices":[{"not_picked":["Double Energy","Go for the Eyes"],"picked":"Darkness","floor":1.0},{"not_picked":["Stack","Coolheaded"],"picked":"Cold Snap","floor":3.0},{"not_picked":["Coolheaded","Stack"],"picked":"Sweeping Beam","floor":7.0},{"not_picked":["Glacier","Compile Driver"],"picked":"Reboot","floor":12.0},{"not_picked":["Beam Cell","Blizzard"],"picked":"Coolheaded","floor":13.0},{"not_picked":["Heatsinks","Chaos"],"picked":"Hologram","floor":14.0},{"not_picked":["Amplify","Creative AI"],"picked":"Seek","floor":16.0},{"not_picked":["Barrage","Steam"],"picked":"Hologram","floor":18.0},{"not_picked":["Barrage","Rebound"],"picked":"Hologram","floor":22},{"not_picked":["Glacier","Barrage"],"picked":"Fission","floor":24},{"not_picked":["Rebound","Ball Lightning","Streamline"],"picked":"Go for the Eyes+1","floor":27},{"not_picked":["Fusion","Rainbow","Cold Snap"],"picked":"Defragment","floor":31}],"player_experience":4117940,"relics_obtained":[{"floor":7.0,"key":"Sundial"},{"floor":9.0,"key":"Ancient Tea Set"},{"floor":12.0,"key":"Bottled Flame"},{"floor":13.0,"key":"Dream Catcher"},{"floor":20.0,"key":"Enchiridion"},{"floor":22,"key":"Red Mask"},{"floor":24,"key":"Mercury Hourglass"},{"floor":26,"key":"Bag of Preparation"},{"floor":28,"key":"Shuriken"}],"event_choices":[{"cards_removed":["Strike_B"],"damage_healed":0.0,"max_hp_gain":0.0,"max_hp_loss":0.0,"gold_gain":0.0,"event_name":"Wheel of Change","player_choice":"Card Removal","floor":2.0,"gold_loss":0.0,"damage_taken":0.0},{"damage_healed":0.0,"max_hp_gain":0.0,"max_hp_loss":0.0,"gold_gain":150.0,"event_name":"Liars Game","player_choice":"AGREE","floor":4.0,"gold_loss":0.0,"damage_taken":0.0,"cards_obtained":["Doubt"]},{"damage_healed":0.0,"max_hp_gain":0.0,"max_hp_loss":0.0,"gold_gain":0.0,"event_name":"Shining Light","player_choice":"Entered Light","floor":5.0,"gold_loss":0.0,"damage_taken":21.0,"cards_upgraded":["Defend_B","Defend_B"]},{"damage_healed":0.0,"max_hp_gain":0.0,"max_hp_loss":0.0,"gold_gain":0.0,"event_name":"Dead Adventurer","player_choice":"Searched \u00271\u0027 times","floor":13.0,"gold_loss":0.0,"damage_taken":0.0},{"damage_healed":0.0,"max_hp_gain":0.0,"max_hp_loss":0.0,"gold_gain":0.0,"event_name":"Cursed Tome","player_choice":"Obtained Book","floor":20.0,"gold_loss":0.0,"damage_taken":21.0},{"damage_healed":14.0,"max_hp_gain":0.0,"max_hp_loss":0.0,"gold_gain":0.0,"event_name":"The Library","player_choice":"Heal","floor":21.0,"gold_loss":0.0,"damage_taken":0.0},{"damage_healed":0,"gold_gain":0,"player_choice":"Fought Bandits","damage_taken":0,"max_hp_gain":0,"max_hp_loss":0,"event_name":"Masked Bandits","floor":22,"gold_loss":0},{"damage_healed":0,"gold_gain":0,"player_choice":"Stole Relic","damage_taken":0,"relics_obtained":["Question Card"],"max_hp_gain":0,"max_hp_loss":0,"event_name":"Addict","floor":25,"gold_loss":0,"cards_obtained":["Shame"]},{"cards_removed":["Shame"],"damage_healed":0,"gold_gain":0,"player_choice":"Elegance","damage_taken":0,"max_hp_gain":0,"max_hp_loss":0,"event_name":"Back to Basics","floor":29,"gold_loss":0}],"is_beta":false,"boss_relics":[{"not_picked":["Empty Cage","Ectoplasm"],"picked":"Coffee Dripper"}],"items_purged_floors":[11],"is_endless":false,"potions_floor_spawned":[1,3,13,14,22,24,31],"killed_by":"Automaton","ascension_level":20}}