{"host":"1qhzi8r9ejho5yph","time":1611827794,"event":{"mods":["AchievementEnabler","BaseMod","Colored Map","Colored Powertips","Highlight Path","Minty Spire (QoL Compilation)","Permanent Neow","Quick Restart","Random Character Button","StSLib","SuperFastMode"],"gold_per_floor":[115,115,115,129,148,148,161,181,232,247,247,247,3,23,23,120,120,137,154,154,154,170,170,185,185,185,196,7,7,7,7,7,7,7],"floor_reached":33,"language":"ENG","playtime":1117,"items_purged":["Strike_P"],"score":239,"play_id":"2527cf68-339d-48f8-93a5-29149580ff00","local_time":"20210128175634","is_ascension_mode":false,"campfire_choices":[{"data":"Eruption","floor":6,"key":"SMITH"},{"data":"Vigilance","floor":11,"key":"SMITH"},{"data":"TalkToTheHand","floor":15,"key":"SMITH"},{"data":"Establishment","floor":23,"key":"SMITH"},{"data":"Halt","floor":25,"key":"SMITH"},{"data":"Trip","floor":29,"key":"SMITH"},{"data":"TalkToTheHand","floor":32,"key":"SMITH"}],"circlet_count":0,"master_deck":["Strike_P","Strike_P","Strike_P","Defend_P","Defend_P","Eruption+1","Vigilance+1","CutThroughFate","CutThroughFate","Consecrate","ReachHeaven","CutThroughFate","Halt+1","Protect","Flash of Steel","TalkToTheHand+1","FollowUp","Establishment+1","JustLucky","Sanctity+1","FollowUp","Halt+1","EmptyBody","Swivel","Trip+1","TalkToTheHand+1"],"relics":["PureWater"],"acts_visited":["Exordium","TheCity"],"potions_floor_usage":[19,22,22,33],"damage_taken":[{"damage":1,"enemies":"2 Louse","floor":1,"turns":3},{"damage":0,"enemies":"Small Slimes","floor":4,"turns":2},{"damage":1,"enemies":"Cultist","floor":5,"turns":4},{"damage":8,"enemies":"2 Fungi Beasts","floor":7,"turns":3},{"damage":4,"enemies":"Blue Slaver","floor":8,"turns":4},{"damage":0,"enemies":"Looter","floor":10,"turns":3},{"damage":1,"enemies":"Red Slaver","floor":14,"turns":2},{"damage":12,"enemies":"The Guardian","floor":16,"turns":8},{"damage":2,"enemies":"Chosen","floor":18,"turns":3},{"damage":5,"enemies":"2 Thieves","floor":19,"turns":4},{"damage":7,"enemies":"Snecko","floor":22,"turns":6},{"damage":12,"enemies":"Centurion and Healer","floor":24,"turns":5},{"damage":0,"enemies":"Cultist and Chosen","floor":27,"turns":3},{"damage":52,"enemies":"Champ","floor":33,"turns":9}],"seed_played":"1264866968974975994","potions_obtained":[{"floor":4,"key":"Weak Potion"},{"floor":5,"key":"AttackPotion"},{"floor":10,"key":"GamblersBrew"},{"floor":18,"key":"LiquidBronze"},{"floor":19,"key":"DistilledChaos"}],"is_trial":false,"path_per_floor":["M","?","?","M","M","R","M","M","T","M","R","?","$","M","R","B",null,"M","M","?","?","M","R","M","R","T","M","$","R","?","$","R","B"],"character_chosen":"WATCHER","items_purchased":["Flash of Steel","TalkToTheHand","Swivel","Trip","TalkToTheHand"],"campfire_rested":0,"item_purchase_floors":[13,13,28,28,28],"current_hp_per_floor":[71,71,71,71,70,70,62,58,58,58,58,63,63,62,62,50,77,75,70,70,70,63,63,51,51,51,51,51,51,51,51,51,0,0],"gold":7,"neow_bonus":"THREE_CARDS","is_daily":false,"chose_seed":false,"campfire_upgraded":7,"win_rate":0.0,"timestamp":1611827794,"path_taken":["M","?","?","M","M","R","M","?","T","M","R","?","$","M","R","BOSS","M","M","?","?","M","R","?","R","T","M","$","R","?","$","R","BOSS"],"items_purchased_type":["Card","Card","Card","Card","Card"],"build_version":"2020-12-22","purchased_purges":1,"victory":false,"max_hp_per_floor":[72,72,72,72,72,72,72,72,72,72,72,77,77,77,77,77,77,77,77,77,77,77,77,77,77,77,77,77,77,77,77,77,77,77],"card_choices":[{"not_picked":["Protect","Consecrate"],"picked":"CutThroughFate","floor":0},{"not_picked":["Indignation","FlyingSleeves"],"picked":"CutThroughFate","floor":1},{"not_picked":["Brilliance","FearNoEvil"],"picked":"Consecrate","floor":4},{"not_picked":["EmptyMind","FlyingSleeves"],"picked":"ReachHeaven","floor":5},{"not_picked":["Fasting2","Evaluate"],"picked":"CutThroughFate","floor":7},{"not_picked":["WindmillStrike","Conclude"],"picked":"Halt","floor":8},{"not_picked":["ClearTheMind","CutThroughFate"],"picked":"Protect","floor":10},{"not_picked":["LikeWater","Fasting2"],"picked":"FollowUp","floor":14},{"not_picked":["Scrawl","Judgement"],"picked":"Establishment","floor":16},{"not_picked":["Evaluate","FollowUp"],"picked":"JustLucky","floor":18},{"not_picked":["ReachHeaven","MentalFortress"],"picked":"Sanctity+1","floor":19},{"not_picked":["Protect","Nirvana"],"picked":"FollowUp","floor":22},{"not_picked":["FollowUp","FlurryOfBlows"],"picked":"Halt+1","floor":24},{"not_picked":["Consecrate","EmptyFist"],"picked":"EmptyBody","floor":27}],"player_experience":344254,"relics_obtained":[],"event_choices":[{"damage_healed":0,"gold_gain":0,"player_choice":"Ignored","damage_taken":0,"max_hp_gain":0,"max_hp_loss":0,"event_name":"Liars Game","floor":2,"gold_loss":0},{"cards_removed":["Defend_P"],"damage_healed":0,"gold_gain":0,"player_choice":"Purged","damage_taken":0,"max_hp_gain":0,"max_hp_loss":0,"event_name":"Purifier","floor":3,"gold_loss":0},{"damage_healed":0,"gold_gain":0,"player_choice":"Donut","damage_taken":0,"max_hp_gain":5,"max_hp_loss":0,"event_name":"Big Fish","floor":12,"gold_loss":0},{"cards_removed":["Defend_P"],"damage_healed":0,"gold_gain":0,"player_choice":"Offered Basic","damage_taken":0,"max_hp_gain":0,"max_hp_loss":0,"event_name":"Bonfire Elementals","floor":21,"gold_loss":0},{"damage_healed":0,"gold_gain":0,"player_choice":"Ignored","damage_taken":0,"max_hp_gain":0,"max_hp_loss":0,"event_name":"Vampires","floor":30,"gold_loss":0}],"is_beta":false,"boss_relics":[{"not_picked":["Fusion Hammer","Velvet Choker","Calling Bell"]}],"items_purged_floors":[13],"is_endless":false,"potions_floor_spawned":[1,4,5,10,18,19],"killed_by":"Champ","ascension_level":0}}