{"host":"sygfylmorsvdndbx","time":1611811808,"event":{"mods":["AchievementEnabler","BaseMod","Highlight Path","Minty Spire (QoL Compilation)","Permanent Neow","Quick Restart","Relic Stats"],"gold_per_floor":[113,67,67,81,13,13,46,58,70,115,127,164,176,213,225,339,351,383,407,439,366,140,174,174,190,190,223,223,323,323,342,342,445,445,459,459,384,395,208,234,254,287,287,303,303,328,343,355,355,355,355,355,32,59,59,59],"floor_reached":55,"language":"ENG","playtime":6365,"items_purged":["Pain","Shame"],"score":1092,"play_id":"b733eeae-98d2-4563-ae8a-7ef46ba846d5","local_time":"20210128003008","is_ascension_mode":true,"campfire_choices":[{"data":"Dualcast","floor":6.0,"key":"SMITH"},{"data":"Darkness","floor":8.0,"key":"SMITH"},{"floor":13.0,"key":"REST"},{"data":"Loop","floor":15.0,"key":"SMITH"},{"data":"Machine Learning","floor":24.0,"key":"SMITH"},{"data":"Creative AI","floor":28.0,"key":"SMITH"},{"data":"Ball Lightning","floor":32.0,"key":"SMITH"},{"data":"Seek","floor":45,"key":"SMITH"},{"floor":49,"key":"RECALL"},{"data":"Storm","floor":52,"key":"SMITH"}],"circlet_count":0,"master_deck":["Strike_B","Strike_B","Defend_B","Defend_B","Defend_B","Zap","Dualcast+1","Darkness+1","Ball Lightning+1","Cold Snap","Doom and Gloom","Rainbow","Ball Lightning","Conserve Battery","Loop+1","Machine Learning+1","Self Repair","Go for the Eyes+1","Creative AI+1","Steam","Skim","Steam+1","Machine Learning","Loop","Storm+1","Seek+1","Compile Driver+1","Loop+1","Conserve Battery","Storm","Creative AI"],"relics":["Empty Cage","MawBank","Bottled Lightning","Bronze Scales","PreservedInsect","Symbiotic Virus","Cursed Key","Bird Faced Urn","Mummified Hand","Nunchaku","White Beast Statue","Pear","Mango","Letter Opener","Nuclear Battery","Toolbox","Sundial","Bottled Flame","Meat on the Bone","Bag of Preparation","Mercury Hourglass"],"acts_visited":["Exordium","TheCity","TheBeyond","TheEnding"],"potions_floor_usage":[54,55,55],"damage_taken":[{"damage":1.0,"enemies":"Cultist","floor":1.0,"turns":3.0},{"damage":2.0,"enemies":"Jaw Worm","floor":4.0,"turns":3.0},{"damage":23.0,"enemies":"Lagavulin","floor":7.0,"turns":5.0},{"damage":2.0,"enemies":"Gremlin Nob","floor":10.0,"turns":3.0},{"damage":13.0,"enemies":"Lagavulin","floor":12.0,"turns":3.0},{"damage":0.0,"enemies":"3 Sentries","floor":14.0,"turns":2.0},{"damage":1.0,"enemies":"The Guardian","floor":16.0,"turns":7.0},{"damage":0.0,"enemies":"Spheric Guardian","floor":18.0,"turns":3.0},{"damage":0.0,"enemies":"3 Byrds","floor":19.0,"turns":3.0},{"damage":12.0,"enemies":"Shelled Parasite and Fungi","floor":20.0,"turns":4.0},{"damage":23.0,"enemies":"Book of Stabbing","floor":23.0,"turns":4.0},{"damage":17.0,"enemies":"Centurion and Healer","floor":25.0,"turns":3.0},{"damage":23.0,"enemies":"Gremlin Leader","floor":27.0,"turns":3.0},{"damage":25.0,"enemies":"Colosseum Slavers","floor":29.0,"turns":5.0},{"damage":9.0,"enemies":"Colosseum Nobs","floor":29.0,"turns":3.0},{"damage":12.0,"enemies":"Snake Plant","floor":31.0,"turns":4.0},{"damage":31.0,"enemies":"Automaton","floor":33.0,"turns":6.0},{"damage":6.0,"enemies":"Orb Walker","floor":35.0,"turns":3.0},{"damage":4.0,"enemies":"3 Shapes","floor":38.0,"turns":4.0},{"damage":31.0,"enemies":"Nemesis","floor":40.0,"turns":5.0},{"damage":0.0,"enemies":"Sphere and 2 Shapes","floor":41.0,"turns":3.0},{"damage":0.0,"enemies":"Giant Head","floor":42.0,"turns":5.0},{"damage":10,"enemies":"4 Shapes","floor":44,"turns":3},{"damage":33,"enemies":"Nemesis","floor":46,"turns":3},{"damage":15,"enemies":"Writhing Mass","floor":47,"turns":3},{"damage":0,"enemies":"Transient","floor":48,"turns":5},{"damage":84,"enemies":"Donu and Deca","floor":50,"turns":7},{"damage":66,"enemies":"Shield and Spear","floor":54,"turns":4},{"damage":114,"enemies":"The Heart","floor":55,"turns":3}],"seed_played":"1946034167767406275","potions_obtained":[{"floor":1.0,"key":"DistilledChaos"},{"floor":7.0,"key":"Ancient Potion"},{"floor":12.0,"key":"Dexterity Potion"},{"floor":23.0,"key":"Explosive Potion"},{"floor":25.0,"key":"GamblersBrew"},{"floor":29.0,"key":"LiquidMemories"},{"floor":31.0,"key":"Explosive Potion"},{"floor":33.0,"key":"SkillPotion"},{"floor":35.0,"key":"Ancient Potion"},{"floor":38.0,"key":"Swift Potion"},{"floor":40.0,"key":"LiquidMemories"},{"floor":48,"key":"PowerPotion"},{"floor":54,"key":"Fire Potion"}],"is_trial":false,"path_per_floor":["M","$","?","M","$","R","E","R","T","E","$","E","R","E","R","B",null,"M","M","M","?","$","E","R","M","T","E","R","?","?","M","R","B",null,"M","?","$","M","$","E","M","E","T","M","R","E","M","M","R","B",null,"R","$","E","B"],"character_chosen":"DEFECT","items_purchased":["Ball Lightning","Doom and Gloom","Mummified Hand","Storm","Toolbox","Bag of Preparation","Storm"],"campfire_rested":1,"item_purchase_floors":[2,5,22,39,39,53,53],"current_hp_per_floor":[67,67,67,65,65,65,42,42,42,40,40,27,49,49,49,48,68,68,68,56,56,56,44,44,40,40,40,40,54,54,57,57,53,88,99,99,99,99,99,87,99,99,99,97,97,66,78,99,99,62,90,90,90,62,0,0],"gold":59,"neow_bonus":"BOSS_RELIC","is_daily":false,"chose_seed":false,"campfire_upgraded":8,"win_rate":0.0,"timestamp":1611811808,"path_taken":["M","?","?","?","$","R","E","R","T","E","$","E","R","E","R","BOSS","M","?","M","?","$","E","R","M","T","E","R","?","?","M","R","BOSS","M","?","$","?","?","E","M","E","T","M","R","E","M","M","R","BOSS","R","$","E","BOSS"],"items_purchased_type":["Card","Card","Relic","Card","Relic","Relic","Card"],"build_version":"2020-12-22","purchased_purges":2,"victory":false,"max_hp_per_floor":[75,75,75,75,75,75,75,75,75,75,75,75,75,75,75,75,75,75,75,75,75,75,75,75,75,75,85,85,99,99,99,99,99,99,99,99,99,99,99,99,99,99,99,99,99,99,99,99,99,99,99,99,99,99,99,99],"relic_stats":{"counters":[29,111],"PreservedInsect":441,"Bag of Preparation":[4],"Letter Opener":[185],"MawBank":180,"Cursed Key":2,"Mercury Hourglass":[9],"Nunchaku":[11],"Mummified Hand":[172],"Sundial":[4],"Bronze Scales":[273],"Bird Faced Urn":[224],"obtain_stats":[{"Pear":27,"Mango":29,"PreservedInsect":12,"Bag of Preparation":53,"Letter Opener":29,"Empty Cage":0,"MawBank":7,"Cursed Key":17,"White Beast Statue":26,"Nuclear Battery":34,"Mercury Hourglass":54,"Nunchaku":23,"Bottled Flame":42,"Mummified Hand":22,"Sundial":40,"Bronze Scales":10,"Bird Faced Urn":21,"Toolbox":39,"Bottled Lightning":9,"Cracked Core":0,"Symbiotic Virus":14,"Meat on the Bone":46},{"Pear":13,"Mango":15,"PreservedInsect":5,"Bag of Preparation":27,"Letter Opener":15,"Empty Cage":0,"MawBank":3,"Cursed Key":7,"White Beast Statue":12,"Nuclear Battery":17,"Mercury Hourglass":28,"Nunchaku":11,"Bottled Flame":22,"Mummified Hand":10,"Sundial":20,"Bronze Scales":4,"Bird Faced Urn":10,"Toolbox":19,"Bottled Lightning":3,"Cracked Core":0,"Symbiotic Virus":6,"Meat on the Bone":24},{"Pear":46,"Mango":54,"PreservedInsect":17,"Bag of Preparation":104,"Letter Opener":54,"Empty Cage":0,"MawBank":11,"Cursed Key":26,"White Beast Statue":43,"Nuclear Battery":64,"Mercury Hourglass":108,"Nunchaku":40,"Bottled Flame":83,"Mummified Hand":36,"Sundial":75,"Bronze Scales":14,"Bird Faced Urn":36,"Toolbox":71,"Bottled Lightning":11,"Cracked Core":0,"Symbiotic Virus":19,"Meat on the Bone":89}],"Meat on the Bone":24},"card_choices":[{"not_picked":["Undo","Go for the Eyes"],"picked":"Darkness","floor":1.0},{"not_picked":["Gash","Auto Shields"],"picked":"Cold Snap","floor":4.0},{"not_picked":["Skim","Ball Lightning"],"picked":"Rainbow","floor":7.0},{"not_picked":["Self Repair","Hello World"],"picked":"Ball Lightning","floor":10.0},{"not_picked":["All For One","Sunder"],"picked":"Conserve Battery","floor":12.0},{"not_picked":["Turbo","Go for the Eyes"],"picked":"Loop","floor":14.0},{"not_picked":["Meteor Strike","Amplify"],"picked":"Machine Learning","floor":16.0},{"not_picked":["Streamline","Cold Snap","Rebound"],"picked":"SKIP","floor":18.0},{"not_picked":["Ball Lightning","Barrage"],"picked":"Self Repair","floor":19.0},{"not_picked":["Auto Shields","Reinforced Body"],"picked":"Go for the Eyes+1","floor":20.0},{"not_picked":["Steam","Chill"],"picked":"Creative AI","floor":23.0},{"not_picked":["Rebound","Stack","Lockon"],"picked":"SKIP","floor":25.0},{"not_picked":["Double Energy","Ball Lightning"],"picked":"Steam","floor":27.0},{"not_picked":["Blizzard","Double Energy"],"picked":"Skim","floor":29.0},{"not_picked":["Sunder+1","Rip and Tear+1"],"picked":"Steam+1","floor":31.0},{"not_picked":["Core Surge","All For One"],"picked":"Machine Learning","floor":33.0},{"not_picked":["Barrage+1","Leap","Go for the Eyes"],"picked":"SKIP","floor":35.0},{"not_picked":["Streamline+1","Barrage+1"],"picked":"Loop","floor":38.0},{"not_picked":["Core Surge","Cold Snap+1"],"picked":"Seek","floor":40.0},{"not_picked":["Blizzard","Lockon+1","Sweeping Beam+1"],"picked":"SKIP","floor":41.0},{"not_picked":["Scrape+1","Ball Lightning+1"],"picked":"Compile Driver+1","floor":42},{"not_picked":["Redo","Rebound"],"picked":"Loop+1","floor":44},{"not_picked":["Aggregate+1","Rip and Tear+1","Recycle+1"],"picked":"SKIP","floor":46},{"not_picked":["Darkness","Sunder+1","Beam Cell+1"],"picked":"SKIP","floor":47},{"not_picked":["Rainbow","Ball Lightning+1"],"picked":"Conserve Battery","floor":48},{"not_picked":["Electrodynamics","Beam Cell+1"],"picked":"Creative AI","floor":54}],"player_experience":322313,"relics_obtained":[{"floor":7.0,"key":"MawBank"},{"floor":9.0,"key":"Bottled Lightning"},{"floor":10.0,"key":"Bronze Scales"},{"floor":12.0,"key":"PreservedInsect"},{"floor":14.0,"key":"Symbiotic Virus"},{"floor":23.0,"key":"Nunchaku"},{"floor":26.0,"key":"White Beast Statue"},{"floor":27.0,"key":"Pear"},{"floor":29.0,"key":"Mango"},{"floor":29.0,"key":"Letter Opener"},{"floor":40.0,"key":"Sundial"},{"floor":42,"key":"Bottled Flame"},{"floor":46,"key":"Meat on the Bone"},{"floor":54,"key":"Mercury Hourglass"}],"event_choices":[{"cards_removed":["Strike_B"],"damage_healed":0.0,"max_hp_gain":0.0,"max_hp_loss":0.0,"gold_gain":0.0,"event_name":"Bonfire Elementals","player_choice":"Offered Basic","floor":3.0,"gold_loss":0.0,"damage_taken":0.0},{"damage_healed":0.0,"max_hp_gain":0.0,"max_hp_loss":0.0,"gold_gain":0.0,"event_name":"Addict","player_choice":"Obtained Relic","floor":21.0,"gold_loss":85.0,"damage_taken":0.0,"relics_obtained":["Bird Faced Urn"]},{"damage_healed":0.0,"max_hp_gain":0.0,"max_hp_loss":0.0,"gold_gain":0.0,"event_name":"Colosseum","player_choice":"Fight","floor":29.0,"gold_loss":0.0,"damage_taken":0.0},{"damage_healed":0.0,"max_hp_gain":0.0,"max_hp_loss":0.0,"gold_gain":0.0,"event_name":"Colosseum","player_choice":"Fought Nobs","floor":29.0,"gold_loss":0.0,"damage_taken":0.0},{"damage_healed":0.0,"max_hp_gain":0.0,"max_hp_loss":0.0,"gold_gain":0.0,"event_name":"Vampires","player_choice":"Ignored","floor":30.0,"gold_loss":0.0,"damage_taken":0.0},{"damage_healed":0.0,"max_hp_gain":0.0,"max_hp_loss":0.0,"gold_gain":0.0,"event_name":"The Woman in Blue","player_choice":"Bought 0 Potions","floor":36.0,"gold_loss":0.0,"damage_taken":0.0}],"is_beta":false,"boss_relics":[{"not_picked":["Pandora\u0027s Box","SacredBark"],"picked":"Cursed Key"},{"not_picked":["Velvet Choker","Busted Crown"],"picked":"Nuclear Battery"}],"items_purged_floors":[37,53],"is_endless":false,"potions_floor_spawned":[1,7,12,23,25,27,29,29,31,33,35,38,40,41,42,44,46,47,48,54],"killed_by":"The Heart","ascension_level":6}}