{"host":"hoz3ngw650fbea07","time":1611826966,"event":{"mods":["AchievementEnabler","Aspiration","BaseMod","CCEM2","Colored Map","Conspire","Downfall","GifTheSpireLib","Infinite Spire","Minty Spire (QoL Compilation)","Permanent Neow","StSLib","Waifu the Spire"],"gold_per_floor":[99,119,129,144,50,70,70,94,94,122,133,33,59,70,85,180,180,80,95,95,95,107,107,107,119,141,53,85,117,147,185,209,317,329,341,389,64,78,91,91,162,181,201,201,220,220,219,231,243,347,347,347,347],"floor_reached":51,"language":"ENG","playtime":2709,"items_purged":["Guardian:SentryBeam","Guardian:DonusPower","Guardian:Reroute+1"],"score":687,"play_id":"997fffe6-14b5-46a5-b567-2ba0d1c2b2be","local_time":"20210128024246","is_ascension_mode":false,"campfire_choices":[{"floor":1,"key":"RECALL"},{"data":"Guardian:FloatingOrbs","floor":9,"key":"SMITH"},{"data":"Guardian:TwinSlam","floor":12,"key":"SMITH"},{"data":"Guardian:ShieldSpikes","floor":18,"key":"SMITH"},{"data":"infinitespire:Starlight","floor":27,"key":"SMITH"},{"data":"Guardian:GemFinder","floor":35,"key":"SMITH"},{"data":"Guardian:StasisStrike","floor":40,"key":"SMITH"},{"data":"Guardian:EvasiveProtocol","floor":44,"key":"SMITH"}],"circlet_count":0,"master_deck":["Guardian:Strike_Guardian","Guardian:Strike_Guardian","Guardian:Defend_Guardian","Guardian:Defend_Guardian","Guardian:Defend_Guardian","Guardian:Defend_Guardian","Guardian:CurlUp","Guardian:TwinSlam+1","Guardian:PiercingHide","Guardian:GuardianWhirl","Guardian:FloatingOrbs+1","Guardian:ShieldSpikes+1","Guardian:EvasiveProtocol+1","Guardian:StasisStrike+1","Guardian:FloatingOrbs+1","infinitespire:Starlight+1","Guardian:GemFinder+1","Guardian:Orbwalk+1","Guardian:SpikerProtocol","Guardian:Repulse","Guardian:SpikerProtocol"],"relics":["Guardian:ModeShifter","PreservedInsect","Matryoshka","Bronze Scales","Toy Ornithopter","downfall:HeartBlessingRed","Centennial Puzzle","Guardian:StasisSlotReductionRelic","downfall:HeartBlessingGreen","aspiration:RitualStick","MawBank","conspire:Dentures","TheAbacus","downfall:HeartBlessingBlue","Blood Vial","Empty Cage","CCEMRelics:Francisca","CCEMRelics:HeirloomTomato","Gremlin Horn","CCEMRelics:JestersCrown","Black Star"],"acts_visited":["Exordium","TheCity","TheBeyond","Exordium"],"potions_floor_usage":[5,10,11,16,33,36,36,36,43,43,45,50,50,50],"damage_taken":[{"damage":12,"enemies":"infinitespire:Voidling","floor":2,"turns":5},{"damage":0,"enemies":"Cultist","floor":3,"turns":4},{"damage":0,"enemies":"2 Louse","floor":4,"turns":2},{"damage":0,"enemies":"downfall:FleeingMerchant","floor":5,"turns":4},{"damage":16,"enemies":"3 Louse","floor":6,"turns":5},{"damage":8,"enemies":"Lagavulin","floor":10,"turns":6},{"damage":6,"enemies":"Lots of Slimes","floor":11,"turns":2},{"damage":14,"enemies":"Gremlin Nob","floor":13,"turns":3},{"damage":16,"enemies":"Exordium Wildlife","floor":14,"turns":2},{"damage":10,"enemies":"Exordium Thugs","floor":15,"turns":3},{"damage":13,"enemies":"IC_STATUS_ARCHETYPE","floor":16,"turns":6},{"damage":0,"enemies":"Chosen","floor":19,"turns":4},{"damage":18,"enemies":"3 Cultists","floor":22,"turns":4},{"damage":6,"enemies":"conspire:HollyBat","floor":26,"turns":7},{"damage":14,"enemies":"Sentry and Sphere","floor":28,"turns":6},{"damage":0,"enemies":"Snake Plant","floor":29,"turns":5},{"damage":6,"enemies":"3 Cultists","floor":30,"turns":5},{"damage":11,"enemies":"Nightmare","floor":31,"turns":7},{"damage":4,"enemies":"Snecko","floor":32,"turns":4},{"damage":3,"enemies":"WA_ARCHETYPE_CALM","floor":33,"turns":8},{"damage":30,"enemies":"conspire:MimicChest","floor":36,"turns":7},{"damage":5,"enemies":"downfall:FleeingMerchant","floor":37,"turns":4},{"damage":12,"enemies":"3 Darklings","floor":38,"turns":4},{"damage":0,"enemies":"Orb Walker","floor":39,"turns":4},{"damage":27,"enemies":"3 Darklings","floor":42,"turns":5},{"damage":17,"enemies":"Transient","floor":43,"turns":5},{"damage":5,"enemies":"Writhing Mass","floor":45,"turns":7},{"damage":8,"enemies":"downfall:FleeingMerchant","floor":47,"turns":4},{"damage":5,"enemies":"3 Darklings","floor":48,"turns":4},{"damage":0,"enemies":"4 Shapes","floor":49,"turns":6},{"damage":72,"enemies":"SI_POISON_ARCHETYPE","floor":50,"turns":8}],"seed_played":"-544499063187326755","potions_obtained":[{"floor":3,"key":"BlessingOfTheForge"},{"floor":6,"key":"Fire Potion"},{"floor":10,"key":"SpeedPotion"},{"floor":11,"key":"Slimebound:ThreeZeroPotion"},{"floor":19,"key":"Block Potion"},{"floor":26,"key":"GamblersBrew"},{"floor":31,"key":"Strength Potion"},{"floor":33,"key":"SpeedPotion"},{"floor":39,"key":"Block Potion"},{"floor":42,"key":"champ:CounterPotion"},{"floor":43,"key":"Guardian:DefensiveModePotion"},{"floor":48,"key":"PowerPotion"},{"floor":49,"key":"hexamod:SoulburnPotion"}],"is_trial":false,"path_per_floor":["R","M","M","M","$","M","T","T","R","E","M","R","E","M","M","B",null,"R","M","?","?","M","?","T","AVR","M","R","M","M","M","NM","M","B",null,"R","?","$","M","M","R","T","M","M","R","M","T","$","M","M","B",null],"character_chosen":"GUARDIAN","items_purchased":["Guardian:FloatingOrbs","CCEMRelics:HeirloomTomato","Guardian:SpikerProtocol","Fire Potion","SpeedPotion","sneckomod:MuddlingPotion"],"campfire_rested":0,"item_purchase_floors":[5,37,47,47,47,47],"current_hp_per_floor":[80,77,77,77,77,61,61,61,61,53,52,52,38,22,12,4,80,80,80,64,64,46,46,46,46,50,60,61,76,85,89,86,87,90,90,80,82,74,93,93,93,85,93,93,92,92,88,87,95,40,95,95,95],"gold":347,"neow_bonus":"RANDOM_COMMON_RELIC","is_daily":false,"chose_seed":false,"campfire_upgraded":7,"win_rate":0.0,"timestamp":1611826966,"path_taken":["R","M","M","M","$","?","T","?","R","E","M","R","E","M","M","BOSS","R","M","?","?","M","?","T","AVR","M","R","?","M","M","NM","M","BOSS","R","?","?","?","M","R","T","M","M","R","M","?","$","M","M","BOSS"],"items_purchased_type":["Card","Relic","Card","Potion","Potion","Potion"],"build_version":"2020-12-22","purchased_purges":3,"victory":false,"max_hp_per_floor":[80,80,80,80,80,80,80,80,80,80,80,80,80,80,80,80,80,80,80,80,80,80,80,80,80,80,90,90,90,90,90,90,90,90,90,90,95,95,95,95,95,95,95,95,95,95,95,95,95,95,95,95,95],"card_choices":[{"not_picked":["Guardian:RollAttack","Guardian:Planning"],"picked":"Guardian:PiercingHide","floor":2},{"not_picked":["Guardian:TemporalShield","Guardian:Reroute"],"picked":"Guardian:Gem_Fragmented","floor":3},{"not_picked":["Guardian:ChargeCore","Guardian:Emergency"],"picked":"Guardian:Gem_Lightblue","floor":4},{"not_picked":["Guardian:FierceBash","Guardian:ChargeCore"],"picked":"Guardian:GuardianWhirl","floor":5},{"not_picked":["Guardian:Reroute","Guardian:BronzeOrb"],"picked":"Guardian:ShieldSpikes","floor":6},{"not_picked":["Guardian:PrismaticBarrier","Guardian:Reroute","Guardian:ShieldSpikes"],"picked":"SKIP","floor":10},{"not_picked":["Guardian:Clone","Guardian:TemporalStrike"],"picked":"Guardian:Gem_White","floor":11},{"not_picked":["Guardian:Recover","Guardian:PrismaticBeam"],"picked":"Guardian:SentryBeam","floor":13},{"not_picked":["Guardian:CrystalBeam","Guardian:BodySlam"],"picked":"Guardian:Gem_Fragmented","floor":14},{"not_picked":["Guardian:Gem_Cyan","Guardian:Clone"],"picked":"Guardian:EvasiveProtocol","floor":15},{"not_picked":["Guardian:ConstructionForm","Guardian:GemFire"],"picked":"Guardian:StasisStrike","floor":16},{"not_picked":["Guardian:Gem_Purple","Guardian:Gem_Green","Guardian:PiercingHide"],"picked":"SKIP","floor":19},{"not_picked":["Guardian:VentSteam","Guardian:TemporalStrike","Guardian:Gem_Red"],"picked":"SKIP","floor":22},{"not_picked":["Guardian:ShieldCharger","Guardian:ChargeCore","Guardian:SentryBeam"],"picked":"SKIP","floor":26},{"not_picked":["Guardian:Reroute","Guardian:Recover","Guardian:Gem_Red"],"picked":"SKIP","floor":28},{"not_picked":["Guardian:SentryBeam","Guardian:Gem_Yellow","Guardian:TemporalStrike"],"picked":"SKIP","floor":29},{"not_picked":["Guardian:Suspension+1","Guardian:RollAttack+1","Guardian:EvasiveProtocol"],"picked":"SKIP","floor":30},{"not_picked":["Guardian:FierceBash","Guardian:VentSteam+1"],"picked":"Guardian:DonusPower","floor":31},{"not_picked":["Guardian:Preprogram","Guardian:FloatingOrbs","Guardian:ChargeCore"],"picked":"SKIP","floor":32},{"not_picked":["Guardian:SphericShield","Guardian:ConstructionForm"],"picked":"Guardian:GemFinder","floor":33},{"not_picked":["Guardian:Gem_Purple","Guardian:WalkerClaw"],"picked":"Guardian:Orbwalk+1","floor":36},{"not_picked":["Guardian:ChargeCore+1","Guardian:RollAttack+1","Guardian:FierceBash"],"picked":"SKIP","floor":37},{"not_picked":["Guardian:ShieldCharger","Guardian:Gem_Purple","Guardian:PrismaticBeam"],"picked":"SKIP","floor":38},{"not_picked":["Guardian:PolyBeam+1","Guardian:Reroute+1","Guardian:PrimingBeam"],"picked":"SKIP","floor":39},{"not_picked":["Guardian:Planning","Guardian:SentryBeam"],"picked":"Guardian:Reroute+1","floor":42},{"not_picked":["Guardian:TemporalStrike+1","Guardian:RollAttack+1","Guardian:PrismaticBarrier"],"picked":"SKIP","floor":43},{"not_picked":["Guardian:PrimingBeam+1","Guardian:BodySlam","Guardian:Gem_Purple"],"picked":"SKIP","floor":45},{"not_picked":["Guardian:TemporalStrike","Guardian:PolyBeam+1","Guardian:Gem_Green"],"picked":"SKIP","floor":47},{"not_picked":["Guardian:Clone","Guardian:Incinerate+1"],"picked":"Guardian:Repulse","floor":48},{"not_picked":["Guardian:TemporalShield+1","Guardian:ShieldCharger"],"picked":"Guardian:SpikerProtocol","floor":49}],"player_experience":125036,"relics_obtained":[{"floor":7,"key":"Matryoshka"},{"floor":8,"key":"Bronze Scales"},{"floor":10,"key":"Toy Ornithopter"},{"floor":13,"key":"Centennial Puzzle"},{"floor":24,"key":"MawBank"},{"floor":24,"key":"conspire:Dentures"},{"floor":31,"key":"Blood Vial"},{"floor":36,"key":"CCEMRelics:Francisca"},{"floor":41,"key":"Gremlin Horn"},{"floor":46,"key":"CCEMRelics:JestersCrown"}],"event_choices":[{"damage_healed":0,"gold_gain":0,"player_choice":"Ignored","damage_taken":0,"max_hp_gain":0,"max_hp_loss":0,"event_name":"Ghosts","floor":21,"gold_loss":0}],"is_beta":false,"boss_relics":[{"not_picked":["CCEMRelics:ReaperScythe","conspire:SpecialSausage"],"picked":"Guardian:StasisSlotReductionRelic"},{"not_picked":["aspiration:SilentSkillbook","aspiration:SecretTechniqueScroll"],"picked":"Empty Cage"},{"not_picked":["infinitespire:Cupcake","conspire:RunicOctahedron"],"picked":"Black Star"}],"items_purged_floors":[25,37,47],"is_endless":true,"potions_floor_spawned":[3,6,10,11,19,26,31,33,39,42,43,48,49],"ascension_level":0}}