{"host":"zxd2l8an9de7z7b9","time":1611806938,"event":{"mods":["2.2 Compatiblity","BaseMod","CapriCore","Colored Map","Colored Powertips","Minty Spire (QoL Compilation)","Rare Cards Sparkle","StSLib","SuperFastMode"],"gold_per_floor":[114,133,233,244,257,257,270,270,570,589,69,101,112,127,127,226,226,237,252,48,48,48,48],"floor_reached":22,"language":"KOR","playtime":1393,"items_purged":["Defend_P","Strike_P"],"score":200,"play_id":"1e49c942-4fc3-4301-9472-3bea13f9b51f","local_time":"20210128130858","is_ascension_mode":true,"campfire_choices":[{"data":"Study","floor":6.0,"key":"SMITH"},{"floor":15.0,"key":"REST"}],"circlet_count":0,"master_deck":["Strike_P","Strike_P","Strike_P","Defend_P","Defend_P","Defend_P","Eruption","Vigilance","MentalFortress","MentalFortress","Study+1","Adaptation","Perseverance","CutThroughFate","Fasting2","EmptyMind","Crescendo","Adaptation","MentalFortress","Tantrum","Wish","SpiritShield","LikeWater"],"relics":["PureWater","NeowsBlessing","Old Coin","Membership Card","Bag of Preparation","Sundial","Girya","Philosopher\u0027s Stone","Toxic Egg 2","Pocketwatch"],"acts_visited":["Exordium","TheCity"],"potions_floor_usage":[19],"damage_taken":[{"damage":0.0,"enemies":"Cultist","floor":1.0,"turns":1.0},{"damage":0.0,"enemies":"2 Louse","floor":2.0,"turns":1.0},{"damage":0.0,"enemies":"Small Slimes","floor":4.0,"turns":1.0},{"damage":14.0,"enemies":"Red Slaver","floor":5.0,"turns":6.0},{"damage":4.0,"enemies":"Gremlin Gang","floor":7.0,"turns":6.0},{"damage":20.0,"enemies":"3 Louse","floor":10.0,"turns":5.0},{"damage":10.0,"enemies":"3 Sentries","floor":12.0,"turns":6.0},{"damage":12.0,"enemies":"Large Slime","floor":13.0,"turns":11.0},{"damage":10.0,"enemies":"Looter","floor":14.0,"turns":3.0},{"damage":11,"enemies":"Hexaghost","floor":16,"turns":10},{"damage":17,"enemies":"Shell Parasite","floor":18,"turns":8},{"damage":9,"enemies":"3 Byrds","floor":19,"turns":6},{"damage":30,"enemies":"3 Cultists","floor":22,"turns":4}],"seed_played":"1499121160729597102","potions_obtained":[{"floor":1.0,"key":"AttackPotion"},{"floor":4.0,"key":"EssenceOfSteel"},{"floor":5.0,"key":"PowerPotion"},{"floor":10.0,"key":"Swift Potion"},{"floor":13.0,"key":"FearPotion"},{"floor":16,"key":"AttackPotion"}],"is_trial":false,"path_per_floor":["M","M","?","M","M","R","M","?","T","M","$","E","M","M","R","B",null,"M","M","$","?","M"],"character_chosen":"WATCHER","items_purchased":["EmptyMind","Membership Card","Bag of Preparation","Sundial","Crescendo","Adaptation","Toxic Egg 2","Block Potion"],"campfire_rested":1,"item_purchase_floors":[11,11,11,11,11,11,20,20],"current_hp_per_floor":[72,72,72,72,58,58,54,54,54,34,34,24,12,2,23,12,72,55,46,46,46,16,16],"gold":48,"neow_bonus":"THREE_ENEMY_KILL","is_daily":false,"chose_seed":false,"campfire_upgraded":1,"win_rate":0.0,"timestamp":1611806938,"path_taken":["M","?","?","?","M","R","M","?","T","?","$","E","M","M","R","BOSS","M","M","$","?","?"],"items_purchased_type":["Card","Relic","Relic","Relic","Card","Card","Relic","Potion"],"build_version":"2020-12-22","purchased_purges":2,"victory":false,"max_hp_per_floor":[72,72,72,72,72,72,72,72,72,72,72,72,72,72,72,72,72,72,72,72,72,72,72],"card_choices":[{"not_picked":["ClearTheMind","WreathOfFlame"],"picked":"MentalFortress","floor":1.0},{"not_picked":["TalkToTheHand","Nirvana"],"picked":"MentalFortress","floor":2.0},{"not_picked":["SashWhip","Wireheading"],"picked":"Study","floor":4.0},{"not_picked":["Study","BowlingBash"],"picked":"Adaptation","floor":5.0},{"not_picked":["CarveReality","Halt"],"picked":"Perseverance","floor":7.0},{"not_picked":["CutThroughFate","Protect"],"picked":"Fasting2","floor":10.0},{"not_picked":["SandsOfTime","EmptyMind"],"picked":"MentalFortress","floor":12.0},{"not_picked":["Consecrate","ThirdEye"],"picked":"Tantrum","floor":13.0},{"not_picked":["SandsOfTime","Prostrate"],"picked":"Wish","floor":14.0},{"not_picked":["MasterReality","Wish"],"picked":"SpiritShield","floor":16},{"not_picked":["JustLucky","FlurryOfBlows","Swivel"],"picked":"SKIP","floor":18},{"not_picked":["SashWhip","Conclude"],"picked":"LikeWater","floor":19}],"player_experience":332238,"relics_obtained":[{"floor":9.0,"key":"Old Coin"},{"floor":12.0,"key":"Girya"}],"event_choices":[{"damage_healed":0.0,"max_hp_gain":0.0,"max_hp_loss":0.0,"gold_gain":100.0,"event_name":"Golden Shrine","player_choice":"Pray","floor":3.0,"gold_loss":0.0,"damage_taken":0.0},{"damage_healed":0.0,"max_hp_gain":0.0,"max_hp_loss":0.0,"gold_gain":0.0,"event_name":"Match and Keep!","player_choice":"1 cards matched","floor":8.0,"gold_loss":0.0,"damage_taken":0.0,"cards_obtained":["CutThroughFate"]},{"damage_healed":0,"gold_gain":0,"player_choice":"Gave Potion","damage_taken":0,"relics_obtained":["Pocketwatch"],"max_hp_gain":0,"max_hp_loss":0,"event_name":"WeMeetAgain","floor":21,"gold_loss":0}],"is_beta":false,"boss_relics":[{"not_picked":["Sozu","Empty Cage"],"picked":"Philosopher\u0027s Stone"}],"items_purged_floors":[11,20],"is_endless":false,"potions_floor_spawned":[1,4,5,10,13,16],"killed_by":"3 Cultists","ascension_level":1}}