{"host":"rb2p2z6v6vieend5","time":1611874642,"event":{"mods":["BaseMod","Block Reminder","Colored Map","DeckTracker","Highlight Path","Minty Spire (QoL Compilation)","Random Character Button","Relic Stats"],"gold_per_floor":[114,114,114,124,144,144,172,188,211,211,242,259,287,299,311,420,432,462,98,116,132,151,151,151],"floor_reached":23,"language":"ENG","playtime":1426,"items_purged":["Defend_P"],"score":316,"play_id":"5b357c32-a974-45a7-9fc4-46343baca31d","local_time":"20210128235722","is_ascension_mode":true,"campfire_choices":[{"data":"Eruption","floor":6,"key":"SMITH"},{"data":"Conclude","floor":10,"key":"SMITH"},{"floor":15,"key":"REST"}],"circlet_count":0,"master_deck":["Strike_P","Strike_P","Strike_P","Strike_P","Defend_P","Defend_P","Eruption+1","Vigilance","Conclude+1","CarveReality","Protect","Crescendo","Collect+1","SpiritShield","Nirvana","Wireheading","ClearTheMind","Weave","BattleHymn","FollowUp","Perseverance"],"relics":["PureWater","MealTicket","Vajra","Potion Belt","MawBank","Philosopher\u0027s Stone","Melange"],"acts_visited":["Exordium","TheCity"],"potions_floor_usage":[16,16,16,21,21,23],"damage_taken":[{"damage":0,"enemies":"2 Louse","floor":1,"turns":1},{"damage":0,"enemies":"Jaw Worm","floor":4,"turns":2},{"damage":0,"enemies":"Cultist","floor":5,"turns":3},{"damage":36,"enemies":"Gremlin Nob","floor":7,"turns":3},{"damage":5,"enemies":"Large Slime","floor":8,"turns":2},{"damage":0,"enemies":"Lagavulin","floor":11,"turns":2},{"damage":6,"enemies":"Lots of Slimes","floor":12,"turns":2},{"damage":0,"enemies":"Gremlin Nob","floor":13,"turns":2},{"damage":45,"enemies":"Hexaghost","floor":16,"turns":11},{"damage":22,"enemies":"Shell Parasite","floor":18,"turns":7},{"damage":1,"enemies":"Chosen","floor":20,"turns":3},{"damage":4,"enemies":"Snake Plant","floor":21,"turns":3},{"damage":20,"enemies":"3 Cultists","floor":22,"turns":4},{"damage":40,"enemies":"Book of Stabbing","floor":23,"turns":5}],"seed_played":"-6995631509251484939","potions_obtained":[{"floor":3,"key":"GamblersBrew"},{"floor":3,"key":"EntropicBrew"},{"floor":3,"key":"Block Potion"},{"floor":4,"key":"Explosive Potion"},{"floor":12,"key":"BlessingOfTheForge"},{"floor":16,"key":"LiquidBronze"},{"floor":18,"key":"Dexterity Potion"},{"floor":22,"key":"BlessingOfTheForge"}],"is_trial":false,"path_per_floor":["M","?","?","M","M","R","E","M","T","R","E","M","E","?","R","B",null,"M","$","M","M","M","E"],"character_chosen":"WATCHER","items_purchased":["Wireheading","Melange","ClearTheMind","Weave"],"campfire_rested":1,"item_purchase_floors":[19,19,19,19],"current_hp_per_floor":[72,72,72,72,72,72,36,31,31,31,31,25,25,25,46,1,72,50,65,64,60,40,0,0],"gold":151,"neow_bonus":"REMOVE_CARD","is_daily":false,"chose_seed":false,"campfire_upgraded":2,"win_rate":0.0,"timestamp":1611874642,"path_taken":["M","?","?","?","M","R","E","M","T","R","E","M","E","?","R","BOSS","M","?","M","?","M","E"],"items_purchased_type":["Card","Relic","Card","Card"],"build_version":"2020-12-22","purchased_purges":1,"victory":false,"max_hp_per_floor":[72,72,72,72,72,72,72,72,72,72,72,72,72,72,72,72,72,72,72,72,72,72,72,72],"relic_stats":{"counters":[14,50],"Melange":[9],"MealTicket":15,"MawBank":72,"obtain_stats":[{"Potion Belt":11,"Vajra":9,"Melange":19,"MealTicket":7,"Philosopher\u0027s Stone":17,"PureWater":0,"MawBank":13},{"Potion Belt":6,"Vajra":5,"Melange":10,"MealTicket":4,"Philosopher\u0027s Stone":9,"PureWater":0,"MawBank":8},{"Potion Belt":13,"Vajra":11,"Melange":35,"MealTicket":9,"Philosopher\u0027s Stone":28,"PureWater":0,"MawBank":17}]},"card_choices":[{"not_picked":["Evaluate","ThirdEye"],"picked":"Conclude","floor":1},{"not_picked":["BowlingBash","WaveOfTheHand","FearNoEvil"],"picked":"SKIP","floor":4},{"not_picked":["SashWhip","Sanctity"],"picked":"CarveReality","floor":5},{"not_picked":["Consecrate","WheelKick","Evaluate"],"picked":"SKIP","floor":7},{"not_picked":["WindmillStrike","Sanctity"],"picked":"Protect","floor":8},{"not_picked":["BowlingBash","FollowUp"],"picked":"Crescendo","floor":11},{"not_picked":["FlyingSleeves","DeceiveReality","BowlingBash"],"picked":"SKIP","floor":12},{"not_picked":["ConjureBlade","WreathOfFlame"],"picked":"Collect","floor":13},{"not_picked":["Devotion","Vault"],"picked":"SpiritShield","floor":16},{"not_picked":["Weave","Tantrum+1"],"picked":"Nirvana","floor":18},{"not_picked":["CrushJoints","FlyingSleeves+1"],"picked":"BattleHymn","floor":20},{"not_picked":["EmptyBody","Wish"],"picked":"FollowUp","floor":21},{"not_picked":["PathToVictory","Consecrate"],"picked":"Perseverance","floor":22}],"player_experience":640145,"relics_obtained":[{"floor":7,"key":"MealTicket"},{"floor":9,"key":"Vajra"},{"floor":11,"key":"Potion Belt"},{"floor":13,"key":"MawBank"}],"event_choices":[{"damage_healed":0,"gold_gain":0,"player_choice":"Ignored","damage_taken":0,"max_hp_gain":0,"max_hp_loss":0,"event_name":"Liars Game","floor":2,"gold_loss":0},{"damage_healed":0,"gold_gain":0,"player_choice":"Got Potions","damage_taken":0,"max_hp_gain":0,"max_hp_loss":0,"event_name":"Lab","floor":3,"gold_loss":0},{"damage_healed":0,"gold_gain":0,"player_choice":"Upgraded","damage_taken":0,"max_hp_gain":0,"max_hp_loss":0,"event_name":"Upgrade Shrine","floor":14,"gold_loss":0,"cards_upgraded":["Collect"]}],"is_beta":false,"boss_relics":[{"not_picked":["Fusion Hammer","Coffee Dripper"],"picked":"Philosopher\u0027s Stone"}],"items_purged_floors":[19],"is_endless":false,"potions_floor_spawned":[4,7,12,16,18,22],"killed_by":"Book of Stabbing","ascension_level":4}}