{"host":"hpn0uxah5qjr7pa6","time":1611869942,"event":{"mods":["Act Like it!","BaseMod","BetterRewards","Colored Powertips","Conspire","Downfall","Hallownest","Hermit","Hubris","Infinite Spire","Minty Spire (QoL Compilation)","Quick Restart","Replay The Spire","StSLib","The Jungle"],"gold_per_floor":[99,116,116,132,142,142,142,142,156,156,86,97,112,126,141,141,141,141],"floor_reached":16,"language":"ENG","playtime":793,"items_purged":[],"score":110,"play_id":"c13bca95-1583-4464-b9ea-8bdb14439a19","local_time":"20210128133902","is_ascension_mode":true,"campfire_choices":[{"data":"bronze:Strike","floor":1,"key":"SMITH"},{"floor":6,"key":"REST"},{"data":"bronze:Replicate","floor":8,"key":"SMITH"}],"circlet_count":0,"master_deck":["bronze:Strike","bronze:Strike","bronze:Strike","bronze:Strike+1","bronze:Defend","bronze:Defend","bronze:Defend","bronze:Defend","bronze:Replicate+1","bronze:Goto","bronze:Separator","bronze:WhirlingStrike","bronze:Repair"],"relics":["bronze:BronzeCore","Tiny Chest","hubris:Icosahedron","Hallownest:StagBellRelic1"],"acts_visited":["Hallownest:Greenpath"],"potions_floor_usage":[15,16,16,16],"damage_taken":[{"damage":10,"enemies":"Hallownest:monsterHuskGuard","floor":2,"turns":5},{"damage":2,"enemies":"Hallownest:monsterHuskWarrior","floor":4,"turns":4},{"damage":4,"enemies":"2_ Uuma","floor":5,"turns":5},{"damage":36,"enemies":"Hallownest:1_Ooma_and_2_Uuma","floor":9,"turns":9},{"damage":0,"enemies":"Hallownest:Wandering_and_Horned","floor":12,"turns":5},{"damage":0,"enemies":"Hallownest:monsterAspidMother","floor":13,"turns":3},{"damage":1,"enemies":"Hallownest:MossCreep_and_Mosskin","floor":14,"turns":4},{"damage":25,"enemies":"Hallownest:1_Ooma_and_2_Uuma","floor":15,"turns":7},{"damage":59,"enemies":"WA_ARCHETYPE_RETAIN","floor":16,"turns":7}],"seed_played":"-3222651030718718911","potions_obtained":[{"floor":5,"key":"Elixir"},{"floor":12,"key":"sneckomod:MuddlingPotion"},{"floor":13,"key":"SteroidPotion"},{"floor":15,"key":"AttackPotion"}],"is_trial":false,"path_per_floor":["R","M","?","M","M","R","T","R","M","?","?","M","M","M","M","B"],"character_chosen":"THE_AUTOMATON","items_purchased":[],"campfire_rested":1,"item_purchase_floors":[],"current_hp_per_floor":[77,67,67,65,61,77,77,77,41,41,41,41,41,47,29,0,0,0],"gold":141,"neow_bonus":"TEN_PERCENT_HP_BONUS","is_daily":false,"chose_seed":false,"campfire_upgraded":2,"win_rate":0.0,"timestamp":1611869942,"path_taken":["R","M","?","M","M","R","T","R","M","?","?","M","M","M","M","BOSS"],"items_purchased_type":[],"build_version":"2020-12-22","purchased_purges":0,"victory":false,"max_hp_per_floor":[77,77,77,77,77,77,77,77,77,77,77,77,77,77,77,77,77,77],"card_choices":[{"not_picked":["bronze:ClassDefault","bronze:Shield","bronze:Boost"],"picked":"SKIP","floor":2},{"not_picked":["bronze:NullPointer","bronze:BugBarrage","bronze:Allocate"],"picked":"SKIP","floor":4},{"not_picked":["bronze:FollowUp","bronze:NullPointer"],"picked":"bronze:Separator","floor":5},{"not_picked":["bronze:BitShift","bronze:NullPointer","bronze:Frontload"],"picked":"SKIP","floor":9},{"not_picked":["bronze:DelayedGuard","bronze:Philosophize"],"picked":"bronze:WhirlingStrike","floor":12},{"not_picked":["bronze:BugBarrage","bronze:Mutator"],"picked":"bronze:Repair","floor":13},{"not_picked":["bronze:Fortify","bronze:FollowUp","bronze:InfiniteBeams"],"picked":"SKIP","floor":14},{"not_picked":["bronze:BitShift","bronze:CutThrough","bronze:Assembly"],"picked":"SKIP","floor":15}],"player_experience":119647,"relics_obtained":[{"floor":7,"key":"Tiny Chest"}],"event_choices":[],"is_beta":false,"boss_relics":[],"items_purged_floors":[],"is_endless":false,"potions_floor_spawned":[5,12,13,15],"killed_by":"WA_ARCHETYPE_RETAIN","ascension_level":3}}