{"host":"ec92uj331shyp3mz","time":1611854797,"event":{"mods":["AchievementEnabler","Alarm Clock","BaseMod","Better Third Choice","Colored Map","Colored Powertips","Hermit","Highlight Path","Minty Spire (QoL Compilation)","Quick Restart","Random Character Button","Rare Cards Sparkle","Relic Stats","StSLib"],"gold_per_floor":[109,109,84,84,108,152,152,175,175,189,222,297,330,330],"floor_reached":13,"language":"ENG","playtime":843,"items_purged":[],"score":128,"play_id":"bcdadd25-3dfd-4974-bcae-48e8c28e0a24","local_time":"20210128112637","is_ascension_mode":false,"campfire_choices":[{"data":"Shrug It Off","floor":7,"key":"SMITH"}],"circlet_count":0,"master_deck":["Strike_R","Strike_R","Strike_R","Strike_R","Defend_R","Defend_R","Defend_R+1","Defend_R+1","Bash","Heavy Blade","Flex","Dropkick","Shrug It Off+1","Shrug It Off","Disarm","Thunderclap"],"relics":["Burning Blood","NeowsBlessing","Golden Idol","Eternal Feather","Omamori","InkBottle","War Paint"],"acts_visited":["Exordium"],"potions_floor_usage":[13],"damage_taken":[{"damage":0,"enemies":"Small Slimes","floor":1,"turns":1},{"damage":0,"enemies":"Cultist","floor":5,"turns":1},{"damage":0,"enemies":"Lagavulin","floor":6,"turns":1},{"damage":0,"enemies":"2 Louse","floor":8,"turns":2},{"damage":6,"enemies":"Looter","floor":10,"turns":4},{"damage":26,"enemies":"3 Sentries","floor":11,"turns":11},{"damage":32,"enemies":"Gremlin Nob","floor":13,"turns":5}],"seed_played":"8161391076051943578","potions_obtained":[{"floor":1,"key":"EntropicBrew"},{"floor":6,"key":"Energy Potion"},{"floor":13,"key":"Swift Potion"}],"is_trial":false,"path_per_floor":["M","?","$","?","M","E","R","M","T","M","E","?","E"],"character_chosen":"IRONCLAD","items_purchased":["Flex"],"campfire_rested":0,"item_purchase_floors":[3],"current_hp_per_floor":[80,80,80,60,66,72,78,80,80,80,60,49,23,23],"gold":330,"neow_bonus":"THREE_ENEMY_KILL","is_daily":false,"chose_seed":false,"campfire_upgraded":1,"win_rate":0.0,"timestamp":1611854797,"path_taken":["M","?","?","?","M","E","R","M","T","M","E","?","E"],"items_purchased_type":["Card"],"build_version":"2020-12-22","purchased_purges":0,"victory":false,"max_hp_per_floor":[80,80,80,80,80,80,80,80,80,80,80,80,80,80],"relic_stats":{"counters":[7,25],"Golden Idol":36,"Eternal Feather":6,"War Paint":["Defend_R","Defend_R"],"obtain_stats":[{"NeowsBlessing":0,"Golden Idol":4,"Eternal Feather":6,"Omamori":9,"War Paint":13,"Burning Blood":0,"InkBottle":11},{"NeowsBlessing":0,"Golden Idol":1,"Eternal Feather":3,"Omamori":4,"War Paint":7,"Burning Blood":0,"InkBottle":6},{"NeowsBlessing":0,"Golden Idol":1,"Eternal Feather":3,"Omamori":5,"War Paint":25,"Burning Blood":0,"InkBottle":20}],"Burning Blood":32,"InkBottle":[1]},"card_choices":[{"not_picked":["Dropkick","Battle Trance"],"picked":"Heavy Blade","floor":1},{"not_picked":["Dark Embrace","Bloodletting"],"picked":"Dropkick","floor":5},{"not_picked":["Entrench","Clash"],"picked":"Shrug It Off","floor":6},{"not_picked":["Ghostly Armor","Wild Strike"],"picked":"Shrug It Off","floor":8},{"not_picked":["Dual Wield","Shrug It Off"],"picked":"Disarm","floor":10},{"not_picked":["Clothesline","Perfected Strike"],"picked":"Thunderclap","floor":11}],"player_experience":177102,"relics_obtained":[{"floor":6,"key":"Eternal Feather"},{"floor":9,"key":"Omamori"},{"floor":11,"key":"InkBottle"},{"floor":13,"key":"War Paint"}],"event_choices":[{"cards_removed":["Strike_R"],"damage_healed":0,"gold_gain":0,"player_choice":"Offered Basic","damage_taken":0,"max_hp_gain":0,"max_hp_loss":0,"event_name":"Bonfire Elementals","floor":2,"gold_loss":0},{"damage_healed":0,"gold_gain":0,"player_choice":"Take Damage","damage_taken":20,"relics_obtained":["Golden Idol"],"max_hp_gain":0,"max_hp_loss":0,"event_name":"Golden Idol","floor":4,"gold_loss":0},{"damage_healed":0,"gold_gain":75,"player_choice":"Gold","damage_taken":11,"max_hp_gain":0,"max_hp_loss":0,"event_name":"betterThird:BetterGoop","floor":12,"gold_loss":0}],"is_beta":false,"boss_relics":[],"items_purged_floors":[],"is_endless":false,"potions_floor_spawned":[1,6,13],"killed_by":"Gremlin Nob","ascension_level":0}}