{"host":"6p0attdrtjqaih7v","time":1611810287,"event":{"mods":["2.2 Compatiblity","AchievementEnabler","Bard","BaseMod","Beaked The Cultist","Better Skull","Better Third Choice","Colored Powertips","Hermit","Highlight Path","Key Reminder","Mad Scientist","Minty Spire (QoL Compilation)","Permanent Neow","Quick Restart","Random Character Button","Relic Stats","Replay The Spire","Robot Space Explorer","Somnambulant","StSLib","The Hierophant","The Mystic","The Runesmith"],"gold_per_floor":[109,123,123,13,25,50,50,50,98,116,136,136,151,168,168,272,272,284,304,229,246,246,246,260,260,309,309,8,21,21,34,34,138,138,153,171,1,51,66,66,82,82,107,107,0,15,15,29,29,29],"floor_reached":51,"language":"ENG","playtime":2958,"items_purged":["mysticmod:Strike_Mystic"],"score":678,"play_id":"f2bee98c-d199-4718-99cb-33b21f90d390","local_time":"20210128000447","is_ascension_mode":false,"campfire_choices":[{"data":"mysticmod:Dedication","floor":8,"key":"SMITH"},{"data":"mysticmod:SuddenClarity","floor":12,"key":"SMITH"},{"floor":15,"key":"REST"},{"data":"mysticmod:Dedication+1","floor":23,"key":"SMITH"},{"floor":25,"key":"REST"},{"data":"mysticmod:Dedication+2","floor":27,"key":"SMITH"},{"data":"mysticmod:MagicWeapon","floor":30,"key":"SMITH"},{"data":"mysticmod:Dedication+3","floor":32,"key":"SMITH"},{"data":"mysticmod:Dedication+4","floor":40,"key":"SMITH"},{"data":"mysticmod:Dedication+5","floor":47,"key":"SMITH"},{"data":"mysticmod:Dedication+6","floor":49,"key":"SMITH"}],"circlet_count":0,"master_deck":["mysticmod:Strike_Mystic","mysticmod:Strike_Mystic","mysticmod:Defend_Mystic","mysticmod:Defend_Mystic","mysticmod:Defend_Mystic","mysticmod:Defend_Mystic","mysticmod:ArcaneDodge","mysticmod:ShockingGrasp","mysticmod:Sideswipe+1","mysticmod:ArcaneAccuracy","mysticmod:Fireball","mysticmod:Dedication+7","mysticmod:SuddenClarity+1","mysticmod:Fireball","mysticmod:DiviningBlow","mysticmod:Discipline","mysticmod:DiviningBlow+1","mysticmod:Shield","mysticmod:Sideswipe+1","mysticmod:MagicWeapon+1","mysticmod:Stoneskin","mysticmod:ClosingBarrage","Good Instincts","mysticmod:PureInstinct","mysticmod:BladeMaster+1","mysticmod:PureInstinct"],"relics":["mysticmod:SpellBook","Replay:Baseball","Potion Belt","Runic Pyramid","Centennial Puzzle","Replay:Bottled Eggs","Painkiller Herb","Ginger","Simple Rune","Red Mask"],"acts_visited":["Exordium","TheCity","TheBeyond"],"potions_floor_usage":[6,16,21,35,50,50],"damage_taken":[{"damage":0.0,"enemies":"Jaw Worm","floor":1.0,"turns":4.0},{"damage":6,"enemies":"Cultist","floor":2,"turns":5},{"damage":4,"enemies":"Small Slimes","floor":5,"turns":4},{"damage":48,"enemies":"Lagavulin","floor":6,"turns":7},{"damage":2,"enemies":"Exordium Wildlife","floor":10,"turns":4},{"damage":1,"enemies":"3 Louse","floor":11,"turns":3},{"damage":1,"enemies":"Looter","floor":13,"turns":3},{"damage":1,"enemies":"Large Slime","floor":14,"turns":7},{"damage":28,"enemies":"Slime Boss","floor":16,"turns":8},{"damage":30,"enemies":"3 Byrds","floor":18,"turns":7},{"damage":18,"enemies":"Shell Parasite","floor":19,"turns":8},{"damage":8,"enemies":"Cultist and Chosen","floor":21,"turns":9},{"damage":3,"enemies":"Centurion and Healer","floor":24,"turns":8},{"damage":13,"enemies":"Chosen and Byrds","floor":29,"turns":8},{"damage":3,"enemies":"Snake Plant","floor":31,"turns":7},{"damage":4,"enemies":"Champ","floor":33,"turns":16},{"damage":21,"enemies":"3 Darklings","floor":35,"turns":6},{"damage":0,"enemies":"3 Shapes","floor":36,"turns":3},{"damage":0,"enemies":"Mind Bloom Boss Battle","floor":38,"turns":5},{"damage":0,"enemies":"Sphere and 2 Shapes","floor":39,"turns":4},{"damage":12,"enemies":"Spire Growth","floor":41,"turns":5},{"damage":9,"enemies":"Transient","floor":46,"turns":5},{"damage":0,"enemies":"Maw","floor":48,"turns":7},{"damage":0,"enemies":"Awakened One","floor":50,"turns":10}],"seed_played":"4473622782671316327","potions_obtained":[{"floor":2,"key":"DuplicationPotion"},{"floor":5,"key":"SteroidPotion"},{"floor":11,"key":"Dexterity Potion"},{"floor":16,"key":"SneckoOil"},{"floor":19,"key":"SteroidPotion"},{"floor":29,"key":"Fire Potion"},{"floor":31,"key":"SneckoOil"},{"floor":33,"key":"BlessingOfTheForge"},{"floor":39,"key":"PowerPotion"}],"is_trial":false,"path_per_floor":["M","M","?","$","M","E","$","R","T","M","M","R","M","M","R","B",null,"M","M","?","M","?","R","M","R","T","R","$","M","R","M","R","B",null,"?","?","T","?","?","T","?","T","T","?","?","?","T","?","T","B",null],"character_chosen":"MYSTIC_CLASS","items_purchased":["mysticmod:Fireball","mysticmod:Dedication","Replay:Bottled Eggs","SteroidPotion","Good Instincts"],"campfire_rested":2,"item_purchase_floors":[4,4,28,28,37],"current_hp_per_floor":[84,78,78,78,74,26,26,26,26,24,23,23,22,21,46,18,84,54,36,36,28,28,28,25,50,50,50,50,37,37,34,34,30,84,63,63,63,63,63,63,51,51,51,51,51,42,42,42,42,42],"gold":29,"neow_bonus":"TEN_PERCENT_HP_BONUS","is_daily":false,"chose_seed":false,"campfire_upgraded":9,"win_rate":0.0,"timestamp":1611810287,"path_taken":["M","M","?","$","M","E","$","R","T","M","?","R","?","M","R","BOSS","M","M","?","M","?","R","M","R","T","R","$","M","R","M","R","BOSS","?","?","T","?","?","T","?","T","T","?","?","?","T","?","T","BOSS"],"items_purchased_type":["Card","Card","Relic","Potion","Card"],"build_version":"2020-12-22","purchased_purges":1,"victory":true,"max_hp_per_floor":[84,84,84,84,84,84,84,84,84,84,84,84,84,84,84,84,84,84,84,84,84,84,84,84,84,84,84,84,84,84,84,84,84,84,84,84,84,84,84,84,84,84,84,80,80,80,80,80,80,80],"relic_stats":{"Centennial Puzzle":[18],"counters":[24,153],"Ginger":[3],"obtain_stats":[{"Potion Belt":9,"Replay:Baseball":6,"Centennial Puzzle":26,"mysticmod:SpellBook":0,"Painkiller Herb":34,"Simple Rune":43,"Red Mask":45,"Ginger":38,"Replay:Bottled Eggs":28,"Runic Pyramid":17},{"Potion Belt":4,"Replay:Baseball":4,"Centennial Puzzle":13,"mysticmod:SpellBook":0,"Painkiller Herb":16,"Simple Rune":21,"Red Mask":21,"Ginger":19,"Replay:Bottled Eggs":13,"Runic Pyramid":9},{"Potion Belt":20,"Replay:Baseball":20,"Centennial Puzzle":77,"mysticmod:SpellBook":0,"Painkiller Herb":108,"Simple Rune":131,"Red Mask":131,"Ginger":122,"Replay:Bottled Eggs":77,"Runic Pyramid":45}]},"card_choices":[{"not_picked":["mysticmod:PowerSlash","mysticmod:LightningBolt"],"picked":"mysticmod:Sideswipe","floor":1},{"not_picked":["mysticmod:Flurry","mysticmod:Probe"],"picked":"mysticmod:ArcaneAccuracy","floor":2},{"not_picked":["mysticmod:LightningBolt","mysticmod:CorrosiveTouch"],"picked":"mysticmod:SuddenClarity","floor":5},{"not_picked":["mysticmod:GeminiForm","mysticmod:PreparedCaster","mysticmod:Disengage"],"picked":"SKIP","floor":6},{"not_picked":["mysticmod:MightyMagic","mysticmod:CureLightWounds","mysticmod:Alacrity"],"picked":"SKIP","floor":10},{"not_picked":["mysticmod:PureInstinct","mysticmod:Sideswipe"],"picked":"mysticmod:Fireball","floor":11},{"not_picked":["mysticmod:BulkUp","mysticmod:Daze"],"picked":"mysticmod:DiviningBlow","floor":13},{"not_picked":["mysticmod:CorrosiveTouch","mysticmod:FloatingDisk","mysticmod:Stoneskin"],"picked":"SKIP","floor":14},{"not_picked":["mysticmod:EnchantedMoulinet","mysticmod:Doublecast"],"picked":"mysticmod:Discipline","floor":16},{"not_picked":["mysticmod:BulkUp","mysticmod:Flourish"],"picked":"mysticmod:DiviningBlow+1","floor":18},{"not_picked":["mysticmod:Alacrity","mysticmod:VorpalThrust","mysticmod:EbbAndFlow+1"],"picked":"SKIP","floor":19},{"not_picked":["mysticmod:Alacrity","mysticmod:Grapple"],"picked":"mysticmod:Shield","floor":21},{"not_picked":["mysticmod:Riposte","mysticmod:PureInstinct"],"picked":"mysticmod:Sideswipe+1","floor":24},{"not_picked":["mysticmod:EbbAndFlow","mysticmod:HeavyStrike"],"picked":"mysticmod:MagicWeapon","floor":29},{"not_picked":["mysticmod:PureInstinct","mysticmod:BladeMaster+1"],"picked":"mysticmod:Stoneskin","floor":31},{"not_picked":["mysticmod:Lunge","mysticmod:Disintegrate"],"picked":"mysticmod:ClosingBarrage","floor":33},{"not_picked":["mysticmod:LightningBolt","mysticmod:AllIn+1","mysticmod:PunishingArmor"],"picked":"SKIP","floor":35},{"not_picked":["mysticmod:Disengage","mysticmod:Alacrity","mysticmod:PreparedCaster+1"],"picked":"SKIP","floor":36},{"not_picked":["mysticmod:Shield+1","mysticmod:LightningBolt+1"],"picked":"mysticmod:PureInstinct","floor":38},{"not_picked":["mysticmod:LightningBolt","mysticmod:FloatingDisk"],"picked":"mysticmod:BladeMaster+1","floor":39},{"not_picked":["mysticmod:Probe","mysticmod:Daze+1","mysticmod:PureInstinct"],"picked":"SKIP","floor":41},{"not_picked":["mysticmod:MagicWeapon","mysticmod:LightningBolt","mysticmod:Alacrity+1"],"picked":"SKIP","floor":46},{"not_picked":["mysticmod:MightyMagic+1","mysticmod:EarthenWall"],"picked":"mysticmod:PureInstinct","floor":48}],"player_experience":930588,"relics_obtained":[{"floor":6,"key":"Replay:Baseball"},{"floor":9,"key":"Potion Belt"},{"floor":26,"key":"Centennial Puzzle"},{"floor":38,"key":"Ginger"},{"floor":43,"key":"Simple Rune"}],"event_choices":[{"damage_healed":0,"gold_gain":0,"player_choice":"Upgraded","damage_taken":0,"max_hp_gain":0,"max_hp_loss":0,"event_name":"Upgrade Shrine","floor":3,"gold_loss":0,"cards_upgraded":["mysticmod:Sideswipe"]},{"cards_removed":["mysticmod:Strike_Mystic"],"damage_healed":0,"gold_gain":0,"player_choice":"Gave Gold","damage_taken":0,"max_hp_gain":0,"max_hp_loss":0,"event_name":"Beggar","floor":20,"gold_loss":75},{"damage_healed":0,"gold_gain":0,"player_choice":"Ignored","damage_taken":0,"max_hp_gain":0,"max_hp_loss":0,"event_name":"The Mausoleum","floor":22,"gold_loss":0},{"damage_healed":0,"gold_gain":0,"player_choice":"Fight","damage_taken":0,"max_hp_gain":0,"max_hp_loss":0,"event_name":"MindBloom","floor":38,"gold_loss":0},{"damage_healed":0,"gold_gain":0,"player_choice":"Max HP","damage_taken":0,"max_hp_gain":0,"max_hp_loss":4,"event_name":"Winding Halls","floor":44,"gold_loss":0},{"damage_healed":0,"gold_gain":0,"player_choice":"Paid","damage_taken":0,"relics_obtained":["Red Mask"],"max_hp_gain":0,"max_hp_loss":0,"event_name":"Tomb of Lord Red Mask","floor":45,"gold_loss":107}],"is_beta":false,"boss_relics":[{"not_picked":["Replay:Wanted Poster","Abe\u0027s Treasure"],"picked":"Runic Pyramid"},{"not_picked":["Kintsugi","Snecko Heart"],"picked":"Painkiller Herb"}],"items_purged_floors":[37],"is_endless":false,"potions_floor_spawned":[2,5,11,16,19,29,31,33,39],"ascension_level":0}}