{"host":"3zb3nk4wvq0dtbuh","time":1611832724,"event":{"mods":["AchievementEnabler","BaseMod","Lobotomy","Minty Spire (QoL Compilation)","Quick Restart","Relic Filter Mod","StSLib","SuperFastMode","The Blackbeard"],"gold_per_floor":[113,113,113,38,57,57,82,82,82,82,109,109,184,203,203,301,301,318,318,332,332,332],"floor_reached":21,"language":"ZHS","playtime":201,"items_purged":["Shame"],"score":310,"play_id":"d9a8de12-47e0-4a2e-899c-f9907637d8d4","local_time":"20210128191844","is_ascension_mode":false,"campfire_choices":[{"data":"Neutralize","floor":6.0,"key":"SMITH"},{"data":"Strike_G","floor":8.0,"key":"SMITH"},{"data":"Strike_G","floor":10,"key":"SMITH"},{"data":"Strike_G","floor":12,"key":"SMITH"},{"data":"Strike_G","floor":15,"key":"SMITH"}],"circlet_count":3,"master_deck":["Strike_G+1","Strike_G","Strike_G+1","Strike_G+1","Strike_G+1","Defend_G","Defend_G","Defend_G","Survivor","Neutralize+1"],"relics":["Ring of the Snake","Unceasing Top","Shuriken","Circlet","Empty Cage"],"acts_visited":["Exordium","TheCity"],"potions_floor_usage":[],"damage_taken":[{"damage":0.0,"enemies":"Jaw Worm","floor":1.0,"turns":5.0},{"damage":0.0,"enemies":"Small Slimes","floor":5.0,"turns":3.0},{"damage":0.0,"enemies":"Lagavulin","floor":7.0,"turns":3.0},{"damage":0,"enemies":"Gremlin Nob","floor":11,"turns":3},{"damage":0,"enemies":"Cultist","floor":14,"turns":3},{"damage":0,"enemies":"Slime Boss","floor":16,"turns":3},{"damage":0,"enemies":"2 Thieves","floor":18,"turns":3},{"damage":0,"enemies":"Shell Parasite","floor":20,"turns":3}],"seed_played":"-957735046451909522","potions_obtained":[{"floor":1.0,"key":"FearPotion"},{"floor":7.0,"key":"LiquidBronze"}],"is_trial":false,"path_per_floor":["M","?","?","$","M","R","E","R","T","R","E","R","?","M","R","B",null,"M","?","M","$"],"character_chosen":"THE_SILENT","items_purchased":[],"campfire_rested":0,"item_purchase_floors":[],"current_hp_per_floor":[70,56,70,70,70,70,70,70,70,70,70,70,70,70,70,70,70,70,75,75,75,75],"gold":332,"neow_bonus":"ONE_RARE_RELIC","is_daily":false,"chose_seed":false,"campfire_upgraded":5,"win_rate":0.0,"timestamp":1611832724,"path_taken":["M","?","?","?","?","R","E","R","T","R","E","R","?","M","R","BOSS","M","?","M","$"],"items_purchased_type":[],"build_version":"2020-12-22","purchased_purges":1,"victory":false,"max_hp_per_floor":[70,70,70,70,70,70,70,70,70,70,70,70,70,70,70,70,70,70,75,75,75,75],"card_choices":[{"not_picked":["Deflect","Backflip","Setup"],"picked":"SKIP","floor":1.0},{"not_picked":["Acrobatics","Prepared","Poisoned Stab"],"picked":"SKIP","floor":5.0},{"not_picked":["Phantasmal Killer","Setup","Dagger Spray"],"picked":"SKIP","floor":7.0},{"not_picked":["Flying Knee","Masterful Stab","Poisoned Stab"],"picked":"SKIP","floor":11},{"not_picked":["Blade Dance","Acrobatics","Underhanded Strike"],"picked":"SKIP","floor":14},{"not_picked":["Infinite Blades","Deadly Poison","Blade Dance+1"],"picked":"SKIP","floor":18},{"not_picked":["Deflect+1","Poisoned Stab","Noxious Fumes+1"],"picked":"SKIP","floor":20}],"player_experience":40145,"relics_obtained":[{"floor":7.0,"key":"Circlet"},{"floor":9,"key":"Circlet"},{"floor":11,"key":"Circlet"}],"event_choices":[{"damage_healed":0.0,"max_hp_gain":0.0,"max_hp_loss":0.0,"gold_gain":0.0,"event_name":"Shining Light","player_choice":"Entered Light","floor":2.0,"gold_loss":0.0,"damage_taken":14.0,"cards_upgraded":["Defend_G","Defend_G"]},{"damage_healed":0.0,"max_hp_gain":0.0,"max_hp_loss":0.0,"gold_gain":0.0,"event_name":"Scrap Ooze","player_choice":"Success","floor":3.0,"gold_loss":0.0,"damage_taken":7.0,"relics_obtained":["Shuriken"]},{"damage_healed":0,"gold_gain":75,"player_choice":"Gather Gold","damage_taken":11,"max_hp_gain":0,"max_hp_loss":0,"event_name":"World of Goop","floor":13,"gold_loss":0},{"damage_healed":0,"gold_gain":0,"player_choice":"Shed Blood","damage_taken":18,"max_hp_gain":5,"max_hp_loss":0,"event_name":"Forgotten Altar","floor":19,"gold_loss":0}],"is_beta":false,"boss_relics":[{"not_picked":["Circlet","Circlet"],"picked":"Empty Cage"}],"items_purged_floors":[4],"is_endless":false,"potions_floor_spawned":[1,7],"ascension_level":0}}