{"host":"yn1175etg9ni8l0q","time":1611817156,"event":{"mods":["AchievementEnabler","BaseMod","Colored Map","Colored Powertips","DeckTracker","Minty Spire (QoL Compilation)","Rare Cards Sparkle","Relic Stats","SuperFastMode","everything is the same but u backflip on backflip"],"gold_per_floor":[14,14,32,32,43,43,99,114,140,153,228,298,344,362,362,465,465,479,492,417,428,441,441,461,495,567,581,581,581,581,680,680,680,680],"floor_reached":33,"language":"KOR","playtime":1095,"items_purged":["Strike_G"],"score":271,"play_id":"907dba51-001c-4b95-b764-28d325ef5e87","local_time":"20210128155916","is_ascension_mode":false,"campfire_choices":[{"data":"Cloak And Dagger","floor":6,"key":"SMITH"},{"data":"Malaise","floor":15,"key":"SMITH"},{"data":"Phantasmal Killer","floor":23,"key":"SMITH"},{"floor":30,"key":"REST"},{"data":"Phantasmal Killer","floor":32,"key":"SMITH"}],"circlet_count":0,"master_deck":["Strike_G+1","Strike_G+1","Strike_G+1","Defend_G+1","Defend_G+1","Defend_G+1","Defend_G+1","Survivor","Neutralize","Cloak And Dagger+1","Dagger Throw","Blade Dance","Eviscerate","Malaise+1","Terror","Footwork","Phantasmal Killer+1","Prepared+1","Deflect","Cloak And Dagger+1","Dodge and Roll+1","Phantasmal Killer+1"],"relics":["Ring of the Snake","CaptainsWheel","Juzu Bracelet","Nunchaku","Bottled Lightning","Tiny Chest","Empty Cage","Centennial Puzzle","The Courier"],"acts_visited":["Exordium","TheCity"],"potions_floor_usage":[12,25,29,29,33],"damage_taken":[{"damage":4,"enemies":"Cultist","floor":1,"turns":5},{"damage":0,"enemies":"Jaw Worm","floor":3,"turns":4},{"damage":2,"enemies":"Small Slimes","floor":5,"turns":3},{"damage":8,"enemies":"3 Sentries","floor":7,"turns":9},{"damage":1,"enemies":"2 Fungi Beasts","floor":8,"turns":3},{"damage":0,"enemies":"Large Slime","floor":10,"turns":4},{"damage":11,"enemies":"3 Sentries","floor":12,"turns":11},{"damage":6,"enemies":"3 Louse","floor":14,"turns":4},{"damage":16,"enemies":"The Guardian","floor":16,"turns":16},{"damage":0,"enemies":"Spheric Guardian","floor":18,"turns":4},{"damage":0,"enemies":"Shell Parasite","floor":19,"turns":4},{"damage":19,"enemies":"3 Cultists","floor":21,"turns":7},{"damage":3,"enemies":"Shelled Parasite and Fungi","floor":22,"turns":6},{"damage":22,"enemies":"Centurion and Healer","floor":24,"turns":7},{"damage":4,"enemies":"Slavers","floor":25,"turns":5},{"damage":6,"enemies":"Snake Plant","floor":27,"turns":4},{"damage":14,"enemies":"Cultist and Chosen","floor":29,"turns":9},{"damage":31,"enemies":"Collector","floor":33,"turns":10}],"seed_played":"3518596924585241492","potions_obtained":[{"floor":5,"key":"SmokeBomb"},{"floor":8,"key":"ColorlessPotion"},{"floor":16,"key":"Fire Potion"},{"floor":18,"key":"PowerPotion"},{"floor":25,"key":"DuplicationPotion"}],"is_trial":false,"path_per_floor":["M","$","M","?","M","R","?","M","T","M","?","E","T","M","R","B",null,"M","M","$","M","M","R","M","E","T","M","?","M","R","?","R","B"],"character_chosen":"THE_SILENT","items_purchased":[],"campfire_rested":1,"item_purchase_floors":[],"current_hp_per_floor":[66,66,66,71,69,69,61,60,60,60,49,38,38,32,32,16,75,75,75,75,56,53,53,31,27,27,21,21,7,29,29,29,0,0],"gold":680,"neow_bonus":"ONE_RARE_RELIC","is_daily":false,"chose_seed":false,"campfire_upgraded":4,"win_rate":0.0,"timestamp":1611817156,"path_taken":["M","?","M","?","M","R","?","M","T","M","?","E","?","M","R","BOSS","M","M","$","M","M","R","M","E","T","M","?","M","R","?","R","BOSS"],"items_purchased_type":[],"build_version":"2020-12-22","purchased_purges":1,"victory":false,"max_hp_per_floor":[70,70,70,75,75,75,75,75,75,75,75,75,75,75,75,75,75,75,75,75,75,75,75,75,75,75,75,75,75,75,75,75,75,75],"relic_stats":{"Nunchaku":[22],"Centennial Puzzle":[9],"counters":[18,115],"Tiny Chest":0,"Juzu Bracelet":0,"obtain_stats":[{"CaptainsWheel":0,"Nunchaku":9,"Centennial Puzzle":25,"Tiny Chest":13,"The Courier":26,"Juzu Bracelet":7,"Bottled Lightning":12,"Empty Cage":17,"Ring of the Snake":0},{"CaptainsWheel":0,"Nunchaku":5,"Centennial Puzzle":15,"Tiny Chest":7,"The Courier":15,"Juzu Bracelet":3,"Bottled Lightning":7,"Empty Cage":9,"Ring of the Snake":0},{"CaptainsWheel":0,"Nunchaku":24,"Centennial Puzzle":92,"Tiny Chest":39,"The Courier":92,"Juzu Bracelet":12,"Bottled Lightning":39,"Empty Cage":59,"Ring of the Snake":0}],"Ring of the Snake":[36]},"card_choices":[{"not_picked":["Dagger Spray","Distraction"],"picked":"Cloak And Dagger","floor":1},{"not_picked":["Prepared","Dodge and Roll"],"picked":"Dagger Throw","floor":3},{"not_picked":["Accuracy","Flying Knee"],"picked":"Blade Dance","floor":5},{"not_picked":["Predator","Prepared"],"picked":"Eviscerate","floor":7},{"not_picked":["PiercingWail","Skewer","Dagger Throw"],"picked":"SKIP","floor":8},{"not_picked":["Cloak And Dagger","Leg Sweep"],"picked":"Malaise","floor":10},{"not_picked":["Blur","Prepared"],"picked":"Terror","floor":12},{"not_picked":["Flying Knee","Calculated Gamble"],"picked":"Footwork","floor":14},{"not_picked":["Die Die Die","Envenom"],"picked":"Phantasmal Killer","floor":16},{"not_picked":["Backflip+1","Sucker Punch"],"picked":"Prepared+1","floor":18},{"not_picked":["Riddle With Holes+1","Accuracy"],"picked":"Deflect","floor":19},{"not_picked":["Predator","Deflect","Masterful Stab+1"],"picked":"SKIP","floor":21},{"not_picked":["Predator","Slice+1"],"picked":"Cloak And Dagger+1","floor":22},{"not_picked":["Dash","PiercingWail"],"picked":"Dodge and Roll+1","floor":24},{"not_picked":["Dagger Spray","Bane"],"picked":"Phantasmal Killer","floor":25},{"not_picked":["Masterful Stab","Flying Knee","Bane"],"picked":"SKIP","floor":27}],"player_experience":350732,"relics_obtained":[{"floor":9,"key":"Nunchaku"},{"floor":12,"key":"Bottled Lightning"},{"floor":13,"key":"Tiny Chest"},{"floor":25,"key":"Centennial Puzzle"},{"floor":26,"key":"The Courier"}],"event_choices":[{"damage_healed":0,"gold_gain":0,"player_choice":"Donut","damage_taken":0,"max_hp_gain":5,"max_hp_loss":0,"event_name":"Big Fish","floor":4,"gold_loss":0},{"damage_healed":0,"gold_gain":0,"player_choice":"Searched \u00273\u0027 times","damage_taken":0,"relics_obtained":["Juzu Bracelet"],"max_hp_gain":0,"max_hp_loss":0,"event_name":"Dead Adventurer","floor":7,"gold_loss":0},{"damage_healed":0,"gold_gain":75,"player_choice":"Gather Gold","damage_taken":11,"max_hp_gain":0,"max_hp_loss":0,"event_name":"World of Goop","floor":11,"gold_loss":0},{"damage_healed":0,"gold_gain":0,"player_choice":"Simplicity","damage_taken":0,"max_hp_gain":0,"max_hp_loss":0,"event_name":"Back to Basics","floor":28,"gold_loss":0,"cards_upgraded":["Strike_G","Strike_G","Strike_G","Defend_G","Defend_G","Defend_G","Defend_G"]},{"damage_healed":0,"gold_gain":99,"player_choice":"Stole From Cult","damage_taken":0,"max_hp_gain":0,"max_hp_loss":0,"event_name":"Nest","floor":31,"gold_loss":0}],"is_beta":false,"boss_relics":[{"not_picked":["Snecko Eye","Busted Crown"],"picked":"Empty Cage"}],"items_purged_floors":[20],"is_endless":false,"potions_floor_spawned":[5,8,16,18,22,25,29],"killed_by":"Collector","ascension_level":0}}