{"host":"j4g6ia6asvpyu2b0","time":1611861811,"event":{"mods":["BaseMod","Colored Map","Minty Spire (QoL Compilation)","Permanent Neow","Quick Restart","Relic Stats","StSLib","Unceasing Turn Reminder"],"gold_per_floor":[365,315,490,510,510,541,541,541,541],"floor_reached":8,"language":"ENG","playtime":152,"items_purged":[],"score":68,"play_id":"6a952896-94f6-43e7-8768-7332987a4750","local_time":"20210128122331","is_ascension_mode":true,"campfire_choices":[{"data":"Study","floor":7,"key":"SMITH"}],"circlet_count":0,"master_deck":["Strike_P","Strike_P","Strike_P","Defend_P","Defend_P","Defend_P","Defend_P","Eruption","Vigilance","Protect","PathToVictory","Study+1"],"relics":["PureWater","Damaru"],"acts_visited":["Exordium"],"potions_floor_usage":[6],"damage_taken":[{"damage":1,"enemies":"Jaw Worm","floor":1,"turns":5},{"damage":0,"enemies":"2 Louse","floor":4,"turns":4},{"damage":30,"enemies":"Gremlin Nob","floor":6,"turns":4},{"damage":2,"enemies":"3 Sentries","floor":8,"turns":2}],"seed_played":"-6214634012738185804","potions_obtained":[{"floor":1,"key":"Fire Potion"}],"is_trial":false,"path_per_floor":["M","?","?","M","?","E","R","E"],"character_chosen":"WATCHER","items_purchased":[],"campfire_rested":0,"item_purchase_floors":[],"current_hp_per_floor":[64,64,64,64,64,34,34,32,32],"gold":541,"neow_bonus":"TWO_FIFTY_GOLD","is_daily":false,"chose_seed":false,"campfire_upgraded":1,"win_rate":0.0,"timestamp":1611861811,"path_taken":["M","?","?","M","?","E","R","E"],"items_purchased_type":[],"build_version":"2020-12-22","purchased_purges":0,"victory":false,"max_hp_per_floor":[65,65,65,65,65,65,65,65,65],"relic_stats":{"counters":[4,15],"obtain_stats":[{"Damaru":6,"PureWater":0},{"Damaru":3,"PureWater":0},{"Damaru":13,"PureWater":0}]},"card_choices":[{"not_picked":["InnerPeace","Crescendo"],"picked":"Protect","floor":1},{"not_picked":["SandsOfTime","SashWhip"],"picked":"PathToVictory","floor":4},{"not_picked":["ThirdEye","JustLucky"],"picked":"Study","floor":6}],"player_experience":1061555,"relics_obtained":[{"floor":6,"key":"Damaru"}],"event_choices":[{"cards_removed":["Strike_P"],"damage_healed":0,"gold_gain":0,"player_choice":"Card Removal","damage_taken":0,"max_hp_gain":0,"max_hp_loss":0,"event_name":"The Cleric","floor":2,"gold_loss":50},{"damage_healed":0,"gold_gain":175,"player_choice":"AGREE","damage_taken":0,"max_hp_gain":0,"max_hp_loss":0,"event_name":"Liars Game","floor":3,"gold_loss":0,"cards_obtained":["Doubt"]},{"cards_removed":["Doubt"],"damage_healed":0,"gold_gain":0,"player_choice":"Forget","damage_taken":0,"max_hp_gain":0,"max_hp_loss":0,"event_name":"Living Wall","floor":5,"gold_loss":0}],"is_beta":false,"boss_relics":[],"items_purged_floors":[],"is_endless":false,"potions_floor_spawned":[1],"killed_by":"3 Sentries","ascension_level":5}}