{"host":"rolltorest","time":1611877686,"event":{"mods":["BaseMod","Jorbs\u0027s Wanderer Trilogy","Koishi","Minty Spire (QoL Compilation)","Relic Stats","Robot Space Explorer","Slay the Relics Exporter","StSLib","The Servant 0.9.4"],"gold_per_floor":[110,110,125,137,137,137,176,176,200,200,45,83,233,130,130,224,224,248,92,92,105,105,105,144,144,144,182,3,24,24,24,24,120,120,133,164,54,78,24,24,63,77,100,100,144,144,182,182,182,182,182,182,182,33,76,76],"floor_reached":57,"language":"ENG","playtime":1830,"items_purged":["Doubt","Koishi:BasicStrike+1"],"score":2956,"play_id":"8175734d-8913-41f6-9622-e6f2c4469adb","local_time":"20210128154806","is_ascension_mode":true,"campfire_choices":[{"data":"Koishi:CatchAndRose","floor":6,"key":"SMITH"},{"data":"Koishi:HauntingSlash","floor":8,"key":"SMITH"},{"data":"Trip","floor":15,"key":"SMITH"},{"floor":23,"key":"REST"},{"data":"Koishi:GhostParty","floor":30,"key":"SMITH"},{"data":"Koishi:TerrifyingSpectre","floor":32,"key":"SMITH"},{"data":"Koishi:Untouchable","floor":40,"key":"SMITH"},{"data":"Koishi:RuptureMind","floor":44,"key":"SMITH"},{"data":"Koishi:UnseenTerror","floor":46,"key":"SMITH"},{"floor":49,"key":"RECALL"},{"data":"Koishi:Vanish","floor":53,"key":"SMITH"}],"circlet_count":0,"master_deck":["AscendersBane","Koishi:BasicStrike+1","Koishi:BasicStrike+1","Koishi:BasicDefend+1","Koishi:BasicDefend+1","Koishi:BasicDefend+1","Koishi:BasicDefend+1","Koishi:Provoke","Koishi:HauntingSlash+1","Koishi:Prune+1","Koishi:CatchAndRose+1","Koishi:DreadfulBlow+1","Koishi:MentalBreakdown","Koishi:StingingMind","Trip+1","Koishi:SprinkleStarAndHeart","Koishi:SpiritedAway","Koishi:RuptureMind+1","Koishi:Untouchable+1","Koishi:TerrifyingSpectre+1","Necronomicurse","Koishi:EmbryosDream+1","Writhe","Koishi:StingingMind","Koishi:UnseenTerror+1","Koishi:GhostParty+1","Koishi:SilentAndRestless","Koishi:FleetingPhantom","Koishi:Vanish+1","Koishi:RacingHeart+1","Koishi:VengefulSpirit+1","Koishi:FadingMemory"],"relics":["Runic Pyramid","Golden Idol","Vajra","Juzu Bracelet","Bottled Flame","Philosopher\u0027s Stone","Necronomicon","TungstenRod","Happy Flower","Gremlin Horn","Mercury Hourglass","MutagenicStrength","Coffee Dripper","Dead Branch","PreservedInsect","Bag of Preparation","Mango","Eternal Feather"],"acts_visited":["Exordium","TheCity","TheBeyond","TheEnding"],"potions_floor_usage":[12,16,18,24,33,41,45,50],"damage_taken":[{"damage":3,"enemies":"Cultist","floor":1,"turns":5},{"damage":1,"enemies":"Small Slimes","floor":3,"turns":4},{"damage":7,"enemies":"2 Louse","floor":4,"turns":3},{"damage":28,"enemies":"Gremlin Nob","floor":7,"turns":4},{"damage":8,"enemies":"3 Sentries","floor":12,"turns":7},{"damage":11,"enemies":"Slime Boss","floor":16,"turns":10},{"damage":2,"enemies":"Spheric Guardian","floor":18,"turns":3},{"damage":16,"enemies":"Shell Parasite","floor":21,"turns":2},{"damage":23,"enemies":"Book of Stabbing","floor":24,"turns":4},{"damage":0,"enemies":"Gremlin Leader","floor":27,"turns":4},{"damage":0,"enemies":"3 Cultists","floor":29,"turns":4},{"damage":0,"enemies":"Collector","floor":33,"turns":6},{"damage":10,"enemies":"Orb Walker","floor":35,"turns":4},{"damage":0,"enemies":"Mind Bloom Boss Battle","floor":36,"turns":4},{"damage":0,"enemies":"3 Shapes","floor":38,"turns":3},{"damage":0,"enemies":"Reptomancer","floor":41,"turns":5},{"damage":14,"enemies":"Writhing Mass","floor":42,"turns":5},{"damage":3,"enemies":"Nemesis","floor":45,"turns":4},{"damage":0,"enemies":"Giant Head","floor":47,"turns":6},{"damage":35,"enemies":"Donu and Deca","floor":50,"turns":7},{"damage":41,"enemies":"Awakened One","floor":51,"turns":16},{"damage":56,"enemies":"Shield and Spear","floor":55,"turns":10},{"damage":6,"enemies":"The Heart","floor":56,"turns":10}],"seed_played":"-7557153655059486991","potions_obtained":[{"floor":3,"key":"Energy Potion"},{"floor":4,"key":"BlessingOfTheForge"},{"floor":12,"key":"Explosive Potion"},{"floor":21,"key":"DuplicationPotion"},{"floor":29,"key":"DistilledChaos"},{"floor":35,"key":"LiquidMemories"},{"floor":42,"key":"Weak Potion"}],"is_trial":false,"path_per_floor":["M","?","M","M","?","R","E","R","T","?","$","E","?","$","R","B",null,"M","$","?","M","?","R","E","?","T","E","$","M","R","?","R","B",null,"M","?","?","M","$","R","E","M","T","R","E","R","E","?","R","B","B",null,"R","$","E","B",null],"character_chosen":"KOISHI","items_purchased":["Koishi:StingingMind","Trip","Koishi:SpiritedAway","Koishi:TerrifyingSpectre","Koishi:UnseenTerror","PowerPotion","Koishi:FadingMemory"],"campfire_rested":1,"item_purchase_floors":[11,11,14,19,28,39,54],"current_hp_per_floor":[51,51,52,46,46,46,22,22,22,22,22,23,23,23,23,16,43,42,42,21,13,13,28,15,15,15,16,16,21,21,21,21,48,51,50,52,52,52,52,52,52,52,52,52,52,52,66,63,63,54,63,63,63,63,63,63],"gold":76,"neow_bonus":"BOSS_RELIC","is_daily":false,"chose_seed":false,"campfire_upgraded":9,"win_rate":0.0,"timestamp":1611877686,"path_taken":["M","?","M","M","?","R","E","R","T","?","$","E","?","?","R","BOSS","M","$","?","M","?","R","E","?","T","E","$","M","R","?","R","BOSS","M","?","?","M","$","R","E","M","T","R","E","R","E","?","R","BOSS","BOSS","R","$","E","BOSS"],"items_purchased_type":["Card","Card","Card","Card","Card","Potion","Card"],"build_version":"2020-12-18","purchased_purges":2,"victory":true,"max_hp_per_floor":[57,57,57,57,52,52,52,52,52,52,52,52,52,52,52,52,52,52,52,52,52,52,52,52,52,52,52,52,52,52,52,52,52,52,52,52,52,52,52,52,52,52,52,52,52,52,66,63,63,63,63,63,63,63,63,63],"relic_stats":{"Happy Flower":[29],"Gremlin Horn":[10,14],"counters":[23,129],"Golden Idol":191,"Dead Branch":[40],"Eternal Feather":0,"PreservedInsect":257,"Juzu Bracelet":2,"Bag of Preparation":[10],"Mercury Hourglass":[302],"Necronomicon":[65],"obtain_stats":[{"Happy Flower":24,"Gremlin Horn":26,"Golden Idol":5,"Dead Branch":36,"Vajra":7,"Mango":47,"Eternal Feather":55,"PreservedInsect":41,"Juzu Bracelet":9,"Bag of Preparation":45,"Mercury Hourglass":27,"Bottled Flame":12,"MutagenicStrength":31,"Philosopher\u0027s Stone":17,"Necronomicon":20,"Coffee Dripper":34,"TungstenRod":22,"Koishi:ImaginaryFriend":0,"Runic Pyramid":0},{"Happy Flower":9,"Gremlin Horn":9,"Golden Idol":3,"Dead Branch":14,"Vajra":4,"Mango":19,"Eternal Feather":22,"PreservedInsect":16,"Juzu Bracelet":4,"Bag of Preparation":18,"Mercury Hourglass":10,"Bottled Flame":5,"MutagenicStrength":11,"Philosopher\u0027s Stone":6,"Necronomicon":7,"Coffee Dripper":12,"TungstenRod":8,"Koishi:ImaginaryFriend":0,"Runic Pyramid":0},{"Happy Flower":42,"Gremlin Horn":42,"Golden Idol":12,"Dead Branch":63,"Vajra":16,"Mango":86,"Eternal Feather":119,"PreservedInsect":71,"Juzu Bracelet":16,"Bag of Preparation":80,"Mercury Hourglass":46,"Bottled Flame":23,"MutagenicStrength":49,"Philosopher\u0027s Stone":33,"Necronomicon":36,"Coffee Dripper":55,"TungstenRod":38,"Koishi:ImaginaryFriend":0,"Runic Pyramid":0}],"TungstenRod":41},"card_choices":[{"not_picked":["Koishi:IdleWhim","Koishi:Possession"],"picked":"Koishi:Prune","floor":1},{"not_picked":["Koishi:PhantomBarrier","Koishi:UnansweredLove"],"picked":"Koishi:CatchAndRose","floor":3},{"not_picked":["Koishi:PhantomStrike","Koishi:TremblingHands"],"picked":"Koishi:DreadfulBlow","floor":4},{"not_picked":["Koishi:SubconsciousSweep","Koishi:ApparitionsStalkTheNight"],"picked":"Koishi:MentalBreakdown","floor":7},{"not_picked":["Koishi:SubconsciousSweep","Koishi:JumpScare"],"picked":"Koishi:SprinkleStarAndHeart","floor":12},{"not_picked":["Koishi:MentalBreakdown","Koishi:SuperEgo"],"picked":"Koishi:RuptureMind","floor":16},{"not_picked":["Koishi:ReleaseOfTheId","Koishi:UnseenTerror"],"picked":"Koishi:Untouchable","floor":18},{"not_picked":["Koishi:CatchAndRose","Koishi:EmbersOfLove+1"],"picked":"Koishi:EmbryosDream+1","floor":21},{"not_picked":["Koishi:EmbryosDream","Koishi:UnconsciousUrges","Koishi:PhantomStrike"],"picked":"SKIP","floor":24},{"not_picked":["Koishi:FleetingPhantom","Koishi:SubconsciousSweep+1"],"picked":"Koishi:StingingMind","floor":27},{"not_picked":["Koishi:CatchAndRose","Koishi:StingingMind"],"picked":"Koishi:GhostParty","floor":29},{"not_picked":["Koishi:GrowingPain","Koishi:MindStellarRelief"],"picked":"Koishi:SilentAndRestless","floor":33},{"not_picked":["Koishi:DreadfulBlow","Koishi:UnansweredLove","Koishi:SubconsciousSweep"],"picked":"SKIP","floor":35},{"not_picked":["Koishi:DNAsFlaw","Koishi:EmbryosDream+1"],"picked":"Koishi:FleetingPhantom","floor":36},{"not_picked":["Koishi:MassHysteria","Koishi:Vanish","Koishi:StingingMind"],"picked":"SKIP","floor":38},{"not_picked":["Koishi:MassHysteria","Koishi:StingingMind"],"picked":"Koishi:Vanish","floor":38},{"not_picked":["Koishi:PhantomBarrier","Koishi:FourthEye+1","Koishi:DreadfulBlow"],"picked":"SKIP","floor":41},{"not_picked":["Koishi:SubterraneanRose","Koishi:SpiritedAway+1"],"picked":"Koishi:RacingHeart+1","floor":42},{"not_picked":["Koishi:PhantomBarrier","Koishi:MentalBreakdown"],"picked":"Koishi:VengefulSpirit+1","floor":45},{"not_picked":["Koishi:StingingMind","Koishi:BloodcurdlingScream","Koishi:RacingHeart+1"],"picked":"SKIP","floor":47},{"not_picked":["Koishi:BloodcurdlingScream","Koishi:CatchAndRose+1","Koishi:SubconsciousSweep"],"picked":"SKIP","floor":55}],"player_experience":2268026,"relics_obtained":[{"floor":7,"key":"Vajra"},{"floor":9,"key":"Juzu Bracelet"},{"floor":12,"key":"Bottled Flame"},{"floor":20,"key":"Necronomicon"},{"floor":24,"key":"Happy Flower"},{"floor":26,"key":"Gremlin Horn"},{"floor":27,"key":"Mercury Hourglass"},{"floor":36,"key":"Dead Branch"},{"floor":41,"key":"PreservedInsect"},{"floor":45,"key":"Bag of Preparation"},{"floor":47,"key":"Mango"},{"floor":55,"key":"Eternal Feather"}],"event_choices":[{"damage_healed":0,"gold_gain":0,"player_choice":"Grow","damage_taken":0,"max_hp_gain":0,"max_hp_loss":0,"event_name":"Living Wall","floor":2,"gold_loss":0,"cards_upgraded":["Koishi:Prune"]},{"damage_healed":0,"gold_gain":0,"player_choice":"Lose Max HP","damage_taken":0,"relics_obtained":["Golden Idol"],"max_hp_gain":0,"max_hp_loss":5,"event_name":"Golden Idol","floor":5,"gold_loss":0},{"damage_healed":0,"gold_gain":0,"player_choice":"Ignored","damage_taken":0,"max_hp_gain":0,"max_hp_loss":0,"event_name":"Shining Light","floor":10,"gold_loss":0},{"damage_healed":0,"gold_gain":150,"player_choice":"AGREE","damage_taken":0,"max_hp_gain":0,"max_hp_loss":0,"event_name":"Liars Game","floor":13,"gold_loss":0,"cards_obtained":["Doubt"]},{"damage_healed":0,"gold_gain":0,"player_choice":"Obtained Book","damage_taken":21,"max_hp_gain":0,"max_hp_loss":0,"event_name":"Cursed Tome","floor":20,"gold_loss":0},{"damage_healed":0,"gold_gain":0,"player_choice":"Opened","damage_taken":0,"relics_obtained":["TungstenRod"],"max_hp_gain":0,"max_hp_loss":0,"event_name":"The Mausoleum","floor":22,"gold_loss":0,"cards_obtained":["Writhe"]},{"damage_healed":0,"gold_gain":0,"player_choice":"Simplicity","damage_taken":0,"max_hp_gain":0,"max_hp_loss":0,"event_name":"Back to Basics","floor":25,"gold_loss":0,"cards_upgraded":["Koishi:BasicStrike","Koishi:BasicStrike","Koishi:BasicStrike","Koishi:BasicStrike","Koishi:BasicDefend","Koishi:BasicDefend","Koishi:BasicDefend","Koishi:BasicDefend"]},{"damage_healed":0,"gold_gain":0,"player_choice":"Inject Mutagens","damage_taken":0,"relics_obtained":["MutagenicStrength"],"max_hp_gain":0,"max_hp_loss":0,"event_name":"Drug Dealer","floor":31,"gold_loss":0},{"damage_healed":0,"gold_gain":0,"player_choice":"Fight","damage_taken":0,"max_hp_gain":0,"max_hp_loss":0,"event_name":"MindBloom","floor":36,"gold_loss":0},{"cards_removed":["Koishi:BasicStrike"],"damage_healed":0,"gold_gain":0,"player_choice":"Upgrade and Remove","damage_taken":0,"max_hp_gain":0,"max_hp_loss":0,"event_name":"Designer","floor":37,"gold_loss":110,"cards_upgraded":["Koishi:DreadfulBlow"]},{"damage_healed":0,"gold_gain":0,"player_choice":"Max HP","damage_taken":0,"max_hp_gain":0,"max_hp_loss":3,"event_name":"Winding Halls","floor":48,"gold_loss":0}],"is_beta":true,"boss_relics":[{"not_picked":["SlaversCollar","Busted Crown"],"picked":"Philosopher\u0027s Stone"},{"not_picked":["SacredBark","Empty Cage"],"picked":"Coffee Dripper"}],"items_purged_floors":[14,28],"is_endless":false,"potions_floor_spawned":[3,4,12,21,29,35,42],"ascension_level":20}}