{"host":"1dz819zv7fs9tsdy","time":1611868610,"event":{"mods":["AchievementEnabler","BaseMod","Colored Powertips","Curses Come First","Hubris","Minty Spire (QoL Compilation)","Rare Cards Sparkle","StSLib"],"gold_per_floor":[114,127,127,127,302,302,302,312,338,370,390,44,61,90,90,190,190,200,200,200,220,220,251,251,102,102,135,148,160,180,213,213,315,315,334,334,46,63,73,104,104,0,0,0,34,51,51,69,69,69,69,69,18,18,18],"floor_reached":54,"language":"ENG","playtime":9609,"items_purged":[],"score":1040,"play_id":"acfa7490-b698-437c-8f58-aff4583e3414","local_time":"20210128211650","is_ascension_mode":true,"campfire_choices":[{"data":"Eruption","floor":6.0,"key":"SMITH"},{"floor":15.0,"key":"REST"},{"data":"Vault","floor":24.0,"key":"SMITH"},{"data":"Omniscience","floor":32.0,"key":"SMITH"},{"floor":41.0,"key":"RECALL"},{"data":"Omniscience","floor":44.0,"key":"SMITH"},{"data":"Establishment","floor":47,"key":"SMITH"},{"data":"PathToVictory","floor":49,"key":"SMITH"},{"data":"Worship","floor":52,"key":"SMITH"}],"circlet_count":0,"master_deck":["Strike_P","Strike_P","Strike_P","Defend_P","Defend_P","Defend_P","Defend_P","JustLucky","JustLucky","SandsOfTime","CrushJoints","Worship+1","Pray","Adaptation","PathToVictory","EmptyBody","ClearTheMind","Vault+1","Consecrate","EmptyMind","PathToVictory","CutThroughFate","MentalFortress","ThirdEye","ClearTheMind+1","ReachHeaven","Omniscience+1","Omniscience+1","Prostrate+1","FlurryOfBlows+1","hubris:DuctTapeCard","FollowUp+1","Establishment+1","PathToVictory+1"],"relics":["PureWater","NeowsBlessing","Potion Belt","Dream Catcher","Bag of Marbles","Dead Branch","MealTicket","hubris:GrandSneckoEye","hubris:BottledHeart","Regal Pillow","hubris:EmptyBottle","hubris:DuctTape","Bronze Scales","Tiny Chest","SacredBark","Toy Ornithopter","hubris:SlimyHat","Art of War"],"acts_visited":["Exordium","TheCity","TheBeyond","TheEnding"],"potions_floor_usage":[46,46,46,50,50,50,50,50,50,54,54,54,54],"damage_taken":[{"damage":0.0,"enemies":"Cultist","floor":1.0,"turns":1.0},{"damage":0.0,"enemies":"Jaw Worm","floor":2.0,"turns":1.0},{"damage":0.0,"enemies":"Small Slimes","floor":8.0,"turns":1.0},{"damage":3.0,"enemies":"Lagavulin","floor":10.0,"turns":5.0},{"damage":0.0,"enemies":"2 Fungi Beasts","floor":11.0,"turns":2.0},{"damage":3.0,"enemies":"Large Slime","floor":13.0,"turns":5.0},{"damage":18.0,"enemies":"Gremlin Nob","floor":14.0,"turns":4.0},{"damage":15.0,"enemies":"Slime Boss","floor":16.0,"turns":8.0},{"damage":0.0,"enemies":"Spheric Guardian","floor":18.0,"turns":4.0},{"damage":0.0,"enemies":"Chosen","floor":21.0,"turns":4.0},{"damage":0.0,"enemies":"Book of Stabbing","floor":23.0,"turns":3.0},{"damage":0.0,"enemies":"Slavers","floor":27.0,"turns":5.0},{"damage":0.0,"enemies":"Sentry and Sphere","floor":28.0,"turns":4.0},{"damage":0.0,"enemies":"Snake Plant","floor":29.0,"turns":3.0},{"damage":0.0,"enemies":"Centurion and Healer","floor":30.0,"turns":3.0},{"damage":0.0,"enemies":"Gremlin Leader","floor":31.0,"turns":3.0},{"damage":0.0,"enemies":"Automaton","floor":33.0,"turns":7.0},{"damage":0.0,"enemies":"3 Darklings","floor":35.0,"turns":4.0},{"damage":0.0,"enemies":"Orb Walker","floor":38.0,"turns":4.0},{"damage":0.0,"enemies":"Transient","floor":39.0,"turns":6.0},{"damage":0.0,"enemies":"Nemesis","floor":40.0,"turns":5.0},{"damage":0,"enemies":"Reptomancer","floor":45,"turns":5},{"damage":0,"enemies":"Writhing Mass","floor":46,"turns":3},{"damage":0,"enemies":"3 Darklings","floor":48,"turns":3},{"damage":0,"enemies":"Awakened One","floor":50,"turns":6},{"damage":1,"enemies":"Shield and Spear","floor":54,"turns":3}],"seed_played":"-1929627058893421667","potions_obtained":[{"floor":2.0,"key":"LiquidMemories"},{"floor":8.0,"key":"BlessingOfTheForge"},{"floor":11.0,"key":"SpeedPotion"},{"floor":14.0,"key":"SmokeBomb"},{"floor":18.0,"key":"ColorlessPotion"},{"floor":27.0,"key":"ColorlessPotion"},{"floor":29.0,"key":"Explosive Potion"},{"floor":40.0,"key":"Regen Potion"},{"floor":46,"key":"SkillPotion"},{"floor":48,"key":"LiquidBronze"}],"is_trial":false,"path_per_floor":["M","M","?","?","?","R","?","M","T","E","M","$","M","E","R","B",null,"M","?","?","M","?","E","R","$","T","E","M","M","M","E","R","B",null,"M","?","$","M","M","E","R","$","T","R","E","M","R","M","R","B",null,"R","$","E"],"character_chosen":"WATCHER","items_purchased":["Dead Branch","Adaptation","hubris:EmptyBottle","Toy Ornithopter","LiquidMemories","LiquidBronze","ColorlessPotion","Explosive Potion","SpeedPotion"],"campfire_rested":1,"item_purchase_floors":[12,12,25,37,37,37,42,42,53],"current_hp_per_floor":[72,72,72,65,65,65,53,53,53,50,50,50,47,29,50,35,72,72,1,1,1,1,1,1,1,1,1,1,1,1,1,1,1,1,1,1,1,1,1,1,1,1,1,1,1,1,1,1,1,1,1,1,1,0,0],"gold":18,"neow_bonus":"THREE_ENEMY_KILL","is_daily":false,"chose_seed":false,"campfire_upgraded":7,"win_rate":0.0,"timestamp":1611868610,"path_taken":["M","?","?","?","?","R","?","M","T","E","M","$","M","E","R","BOSS","M","?","?","M","?","E","R","$","T","E","M","?","M","E","R","BOSS","M","?","$","M","M","E","R","$","T","R","E","M","R","M","R","BOSS","R","$","E"],"items_purchased_type":["Relic","Card","Relic","Relic","Potion","Potion","Potion","Potion","Potion"],"build_version":"2020-12-22","purchased_purges":0,"victory":false,"max_hp_per_floor":[72,72,72,72,72,72,72,72,72,72,72,72,72,72,72,72,72,72,1,1,1,1,1,1,1,1,1,1,1,1,1,1,1,1,1,1,1,1,1,1,1,1,1,1,1,1,1,1,1,1,1,1,1,1,1],"card_choices":[{"not_picked":["FlyingSleeves","CarveReality"],"picked":"JustLucky","floor":1.0},{"not_picked":["Indignation","Weave"],"picked":"JustLucky","floor":2.0},{"not_picked":["MentalFortress","Omniscience"],"picked":"CrushJoints","floor":8.0},{"not_picked":["CarveReality","Sanctity"],"picked":"Worship","floor":10.0},{"not_picked":["JustLucky","CarveReality"],"picked":"Pray","floor":11.0},{"not_picked":["Evaluate","EmptyFist"],"picked":"PathToVictory","floor":13.0},{"not_picked":["Crescendo","FlurryOfBlows"],"picked":"EmptyBody","floor":14.0},{"not_picked":["Halt","SandsOfTime"],"picked":"ClearTheMind","floor":15.0},{"not_picked":["Wish","MasterReality"],"picked":"Vault","floor":16.0},{"not_picked":["SashWhip+1","FlurryOfBlows"],"picked":"Consecrate","floor":18.0},{"not_picked":["Halt","EmptyBody+1"],"picked":"PathToVictory","floor":21.0},{"not_picked":["Conclude","SignatureMove"],"picked":"CutThroughFate","floor":23.0},{"not_picked":["EmptyFist","Conclude"],"picked":"MentalFortress","floor":27.0},{"not_picked":["Conclude","BowlingBash+1"],"picked":"ThirdEye","floor":28.0},{"not_picked":["SandsOfTime","FearNoEvil"],"picked":"ClearTheMind+1","floor":29.0},{"not_picked":["TalkToTheHand","Collect+1"],"picked":"ReachHeaven","floor":30.0},{"not_picked":["SashWhip","CutThroughFate"],"picked":"Omniscience","floor":31.0},{"not_picked":["Scrawl","Blasphemy"],"picked":"Omniscience","floor":33.0},{"not_picked":["Crescendo+1","Vengeance+1","Halt"],"picked":"SKIP","floor":35.0},{"not_picked":["Crescendo+1","EmptyFist+1"],"picked":"Prostrate+1","floor":38.0},{"not_picked":["TalkToTheHand+1","ClearTheMind+1"],"picked":"FlurryOfBlows+1","floor":39.0},{"not_picked":["Protect","InnerPeace","FlyingSleeves"],"picked":"SKIP","floor":40.0},{"not_picked":["SandsOfTime","WheelKick"],"picked":"FollowUp+1","floor":45},{"not_picked":["EmptyFist","WindmillStrike+1"],"picked":"Establishment","floor":46},{"not_picked":["ClearTheMind+1","JustLucky"],"picked":"PathToVictory","floor":48}],"player_experience":328238,"relics_obtained":[{"floor":9.0,"key":"Dream Catcher"},{"floor":10.0,"key":"Bag of Marbles"},{"floor":14.0,"key":"MealTicket"},{"floor":23.0,"key":"Regal Pillow"},{"floor":26.0,"key":"hubris:DuctTape"},{"floor":27.0,"key":"Bronze Scales"},{"floor":31.0,"key":"Tiny Chest"},{"floor":40.0,"key":"hubris:SlimyHat"},{"floor":45,"key":"Art of War"}],"event_choices":[{"cards_removed":["Strike_P"],"damage_healed":0.0,"max_hp_gain":0.0,"max_hp_loss":0.0,"gold_gain":0.0,"event_name":"Golden Wing","player_choice":"Card Removal","floor":4.0,"gold_loss":0.0,"damage_taken":7.0},{"damage_healed":0.0,"max_hp_gain":0.0,"max_hp_loss":0.0,"gold_gain":175.0,"event_name":"Liars Game","player_choice":"AGREE","floor":5.0,"gold_loss":0.0,"damage_taken":0.0,"cards_obtained":["Doubt"]},{"damage_healed":0.0,"max_hp_gain":0.0,"max_hp_loss":0.0,"gold_gain":0.0,"event_name":"Scrap Ooze","player_choice":"Success","floor":7.0,"gold_loss":0.0,"damage_taken":12.0,"relics_obtained":["Potion Belt"]},{"damage_healed":0.0,"max_hp_gain":0.0,"max_hp_loss":0.0,"gold_gain":0.0,"event_name":"The Library","player_choice":"Read","floor":20.0,"gold_loss":0.0,"damage_taken":0.0,"cards_obtained":["EmptyMind"]},{"cards_removed":["Doubt"],"damage_healed":0.0,"max_hp_gain":0.0,"max_hp_loss":0.0,"gold_gain":0.0,"event_name":"Wheel of Change","player_choice":"Card Removal","floor":22.0,"gold_loss":0.0,"damage_taken":0.0},{"damage_healed":0.0,"max_hp_gain":0.0,"max_hp_loss":0.0,"gold_gain":0.0,"event_name":"Tomb of Lord Red Mask","player_choice":"Ignored","floor":36.0,"gold_loss":0.0,"damage_taken":0.0}],"is_beta":false,"boss_relics":[{"not_picked":["Snecko Eye","Fusion Hammer"],"picked":"hubris:GrandSneckoEye"},{"not_picked":["hubris:Stopwatch","Sozu"],"picked":"SacredBark"}],"items_purged_floors":[],"is_endless":false,"potions_floor_spawned":[2,8,11,14,18,27,29,40,46,48],"killed_by":"Shield and Spear","ascension_level":1}}