{"host":"40vzoph344nwp0en","time":1611842847,"event":{"mods":["2.2 Compatiblity","BaseMod","Bestiary","Challenge The Spire","Colored Map","GifTheSpireLib","Highlight Path","Infinite Spire","Minty Spire (QoL Compilation)","Potionbrewer","Relic Sorter","Reliquary","Replay The Spire","StSLib","SuperFastMode","TheSurvivalist"],"gold_per_floor":[100110,100110,99194,99211,99211,99211,99211,99230,99230,99240,98497,98510,98510,98529,98529,98631,98631,98643,98643,98660,98670,97518,97553,97553,97573,97573,97590,97620,97535,97535,97547,97547,97547,97547],"floor_reached":33,"language":"ENG","playtime":2212,"items_purged":["survmod:Strike","survmod:Defend","Hallucinations","survmod:Strike"],"score":404,"play_id":"658e91d0-a469-48dc-8325-e25b5d67564a","local_time":"20210128070727","is_ascension_mode":false,"campfire_choices":[{"data":"Replay:Bootleg Shield Generator","floor":6,"key":"SMITH"},{"data":"survmod:MarkTrap","floor":13,"key":"SMITH"},{"data":"survmod:SurpriseTrap","floor":15,"key":"SMITH"},{"data":"survmod:DuckAndFlare","floor":24,"key":"SMITH"},{"data":"survmod:ComplexMutation","floor":32,"key":"SMITH"}],"circlet_count":0,"master_deck":["survmod:Strike","survmod:Strike","survmod:Defend+1","survmod:Defend","survmod:Defend","survmod:VersatileOffense","survmod:Sprint+1","survmod:FlashbangTrap","survmod:MarkTrap+1","survmod:PinningSnipe","survmod:ComplexMutation+1","survmod:GoForFace","Replay:Bootleg Shield Generator+1","survmod:AcidArrow","survmod:DuckAndFlare+1","survmod:NockAnArrow","survmod:SurpriseTrap+1","survmod:TrapTrap","CurseOfTheBell","survmod:SurpriseTrap+1","survmod:MarkedShot","survmod:EscapeMechanism+1","survmod:SurpriseTrap","survmod:FlashbangShot+1"],"relics":["survmod:InnateMutation","NeowsBlessing","Pocketwatch","potionbrewer:BoosterPack","reliquary:FeatherDuster","reliquary:QuartzCube","Replay:Multitool","Orichalcum","reliquary:Bookmark","Calling Bell","survmod:RunningShoes","infinitespire:Joker Card","reliquary:Aerogel","survmod:GoodBoy","potionbrewer:WarMedal","infinitespire:CheckeredPen","Molten Egg 2","ReplayTheSpireMod:Shallot","infinitespire:Satchel","Replay:Baseball","PrismaticShard"],"acts_visited":["Exordium","TheCity"],"potions_floor_usage":[16,16,31],"damage_taken":[{"damage":0,"enemies":"Jaw Worm","floor":1,"turns":1},{"damage":0,"enemies":"2 Louse","floor":4,"turns":1},{"damage":0,"enemies":"Small Slimes","floor":8,"turns":2},{"damage":0,"enemies":"Exordium Thugs","floor":10,"turns":6},{"damage":0,"enemies":"Blue Slaver","floor":12,"turns":5},{"damage":0,"enemies":"Exordium Wildlife","floor":14,"turns":4},{"damage":20,"enemies":"Slime Boss","floor":16,"turns":14},{"damage":0,"enemies":"Spheric Guardian","floor":18,"turns":4},{"damage":0,"enemies":"3 Byrds","floor":20,"turns":6},{"damage":0,"enemies":"Centurion and Healer","floor":21,"turns":9},{"damage":0,"enemies":"Book of Stabbing","floor":23,"turns":6},{"damage":0,"enemies":"Cultist and Chosen","floor":25,"turns":5},{"damage":0,"enemies":"3 Cultists","floor":27,"turns":4},{"damage":0,"enemies":"Nightmare","floor":28,"turns":6},{"damage":0,"enemies":"Snecko","floor":31,"turns":5},{"damage":0,"enemies":"Automaton","floor":33,"turns":2}],"seed_played":"-7876561699171869435","potions_obtained":[{"floor":4,"key":"LifebloodPotion"},{"floor":10,"key":"ColorlessPotion"},{"floor":16,"key":"Adrenaline Potion"}],"is_trial":false,"path_per_floor":["M","?","$","M","?","R","?","M","T","M","$","M","R","M","R","B",null,"M","?","M","M","$","E","R","M","T","M","NM","?","AVR","M","R","B"],"character_chosen":"THE_SURVIVOR","items_purchased":["Pocketwatch","potionbrewer:BoosterPack","reliquary:FeatherDuster","survmod:GoForFace","Replay:Bootleg Shield Generator","Replay:Multitool","Orichalcum","reliquary:Bookmark","survmod:NockAnArrow","survmod:GoodBoy","potionbrewer:WarMedal","infinitespire:CheckeredPen","survmod:EscapeMechanism+1","survmod:SurpriseTrap","infinitespire:BlackPotion","Explosive Potion"],"campfire_rested":0,"item_purchase_floors":[3,3,3,3,3,11,11,11,11,22,22,22,22,22,22,22],"current_hp_per_floor":[50,50,50,50,50,50,50,50,50,50,50,50,50,50,50,30,50,50,50,50,50,50,50,50,50,50,50,50,50,50,50,50,50,50],"gold":97547,"neow_bonus":"THREE_ENEMY_KILL","is_daily":false,"chose_seed":false,"campfire_upgraded":5,"win_rate":0.0,"timestamp":1611842847,"path_taken":["M","?","$","M","?","R","?","M","T","?","$","M","R","M","R","BOSS","M","?","M","M","$","E","R","M","T","M","NM","?","AVR","M","R","BOSS"],"items_purchased_type":["Relic","Relic","Relic","Card","Card","Relic","Relic","Relic","Card","Relic","Relic","Relic","Card","Card","Potion","Potion"],"build_version":"2020-12-22","purchased_purges":4,"victory":false,"max_hp_per_floor":[50,50,50,50,50,50,50,50,50,50,50,50,50,50,50,50,50,50,50,50,50,50,50,50,50,50,50,50,50,50,50,50,50,50],"card_choices":[{"not_picked":["survmod:FlareBarrage","survmod:AcidTrap"],"picked":"survmod:FlashbangTrap","floor":1},{"not_picked":["survmod:FocusedFire","survmod:BendAndBow"],"picked":"survmod:AcidArrow","floor":4},{"not_picked":["survmod:QuickDash","survmod:Exploit","survmod:FocusedFire"],"picked":"SKIP","floor":8},{"not_picked":["survmod:FindCover","survmod:UnfortunateEscape"],"picked":"survmod:DuckAndFlare","floor":10},{"not_picked":["survmod:SimpleMutation","survmod:AcidTrap","survmod:SkillfulManeuver"],"picked":"SKIP","floor":12},{"not_picked":["survmod:DuckAndFlare","survmod:BearTrap"],"picked":"survmod:SurpriseTrap","floor":14},{"not_picked":["survmod:ConcussiveShot","survmod:CloseCall"],"picked":"survmod:TrapTrap","floor":16},{"not_picked":["survmod:LongShot","survmod:PinningSnipe","survmod:FindCover+1"],"picked":"SKIP","floor":18},{"not_picked":["survmod:PoisonTrap","survmod:BearTrap"],"picked":"survmod:SurpriseTrap+1","floor":20},{"not_picked":["survmod:SwiftKick","survmod:FlashbangTrap"],"picked":"survmod:MarkedShot","floor":21},{"not_picked":["survmod:Adaptability","survmod:Heartseeker+1","survmod:GoForFace"],"picked":"SKIP","floor":23},{"not_picked":["survmod:MarkTrap","survmod:FenceTrap","survmod:TrickShot+1"],"picked":"SKIP","floor":25},{"not_picked":["survmod:FocusedFire+1","survmod:FindCover"],"picked":"survmod:FlashbangShot+1","floor":27},{"not_picked":["survmod:CloseCall","survmod:EmptyQuiver","survmod:SwiftKick+1"],"picked":"SKIP","floor":28},{"not_picked":["Hologram","survmod:FindCover","Cloak And Dagger"],"picked":"SKIP","floor":31}],"player_experience":399720,"relics_obtained":[{"floor":9,"key":"reliquary:QuartzCube"},{"floor":17,"key":"survmod:RunningShoes"},{"floor":17,"key":"infinitespire:Joker Card"},{"floor":17,"key":"reliquary:Aerogel"},{"floor":23,"key":"Molten Egg 2"},{"floor":26,"key":"ReplayTheSpireMod:Shallot"},{"floor":28,"key":"infinitespire:Satchel"}],"event_choices":[{"damage_healed":0,"gold_gain":0,"player_choice":"Grow","damage_taken":0,"max_hp_gain":0,"max_hp_loss":0,"event_name":"Living Wall","floor":2,"gold_loss":0,"cards_upgraded":["survmod:Sprint"]},{"damage_healed":0,"gold_gain":0,"player_choice":"Obtained Relic","damage_taken":0,"relics_obtained":["Replay:Baseball"],"max_hp_gain":0,"max_hp_loss":0,"event_name":"Addict","floor":29,"gold_loss":85}],"is_beta":false,"boss_relics":[{"not_picked":["Cursed Key","Replay:Ancient Bell"],"picked":"Calling Bell"}],"items_purged_floors":[3,11,22,30],"is_endless":true,"potions_floor_spawned":[4,10,16,23,25],"killed_by":"Automaton","ascension_level":0}}