{"host":"lp8gi2x5rrw4z3b7","time":1611807130,"event":{"mods":["AchievementEnabler","BaseMod","Colored Map","Downfall","Minty Spire (QoL Compilation)","Quick Restart","Rare Cards Sparkle","StSLib"],"gold_per_floor":[99,99,99,99,199,214,263,276,376,376,405,20,49,68,84,184,184,84,104,104,115,0,27,51,84,103,118,149,149,49,34,49,148,148,148,166,186,203,347,400,452,352,363,363,363,363,363,375,394,394,394,394,394,394],"floor_reached":52,"language":"ENG","playtime":6059,"items_purged":["downfall:Bewildered","Shame","champ:Strike"],"score":833,"play_id":"06763cc8-86bc-4a31-8d83-9b4cf867b604","local_time":"20210127231210","is_ascension_mode":true,"campfire_choices":[{"floor":1,"key":"RECALL"},{"data":"champ:DancingMaster","floor":18,"key":"SMITH"},{"floor":30,"key":"REST"},{"data":"champ:StrikeOfGenius","floor":35,"key":"SMITH"},{"floor":42,"key":"REST"},{"floor":45,"key":"REST"},{"floor":47,"key":"REST"}],"circlet_count":0,"master_deck":["champ:Strike+1","champ:Strike","champ:Strike","champ:Defend","champ:Defend","champ:Defend","champ:Defend","champ:Execute","champ:Taunt","champ:StanceDance","champ:Duel","champ:FlashCut","champ:Taunt","champ:FlashCut","champ:DeathBlow","champ:Devastate","Flash of Steel","champ:GladiatorStyle","champ:SkillfulDodge","champ:Duel+1","champ:FanOfKnives","champ:DancingMaster","expansioncontent:AwakenDeath","Master of Strategy","champ:ArenaPreparation","champ:Circumvent","champ:FocusedDefense","champ:EnragedBash","champ:DancingMaster+1","champ:CrookedStrike","expansioncontent:AwakenDeath","Master of Strategy","champ:Haymaker","champ:GutPunch","champ:IgnorePain","champ:Shatter","champ:RisingSlash+1","champ:PreciseThrust+1","champ:BerserkerStyle","champ:FocusedBerserking","champ:StrikeOfGenius+1","champ:RapidStrikes+1","champ:FlashCut+1","champ:SteelEdge","champ:GladiatorForm","Parasite","champ:FaceSlap"],"relics":["champ:ChampionCrownUpgraded","downfall:HeartsMalice","downfall:GremlinSack","Nunchaku","Darkstone Periapt","Philosopher\u0027s Stone","downfall:HeartBlessingRed","Lizard Tail","Lantern","Thread and Needle","Smiling Mask","Nloth\u0027s Gift","downfall:HeartBlessingGreen","Blood Vial","CaptainsWheel","downfall:HeartBlessingBlue"],"acts_visited":["Exordium","TheCity","TheBeyond","TheEnding"],"potions_floor_usage":[13,16,21,25,25,25,27,28,28,28,28,28,33,40,46,49,50],"damage_taken":[{"damage":0,"enemies":"Small Slimes","floor":2,"turns":1},{"damage":0,"enemies":"Cultist","floor":3,"turns":1},{"damage":0,"enemies":"Jaw Worm","floor":4,"turns":1},{"damage":21,"enemies":"Jaw Worm","floor":5,"turns":5},{"damage":16,"enemies":"Exordium Wildlife","floor":6,"turns":4},{"damage":0,"enemies":"Blue Slaver","floor":8,"turns":3},{"damage":45,"enemies":"3 Sentries","floor":11,"turns":7},{"damage":20,"enemies":"downfall:FleeingMerchant","floor":12,"turns":4},{"damage":5,"enemies":"Gremlin Nob","floor":13,"turns":3},{"damage":32,"enemies":"Exordium Thugs","floor":14,"turns":4},{"damage":5,"enemies":"2 Fungi Beasts","floor":15,"turns":3},{"damage":37,"enemies":"SI_SHIV_ARCHETYPE","floor":16,"turns":8},{"damage":46,"enemies":"Spheric Guardian","floor":19,"turns":3},{"damage":48,"enemies":"Cultist and Chosen","floor":21,"turns":5},{"damage":45,"enemies":"downfall:FleeingMerchant","floor":22,"turns":4},{"damage":32,"enemies":"Slavers","floor":23,"turns":4},{"damage":34,"enemies":"Book of Stabbing","floor":25,"turns":4},{"damage":29,"enemies":"Shelled Parasite and Fungi","floor":26,"turns":5},{"damage":6,"enemies":"Snecko","floor":27,"turns":5},{"damage":6,"enemies":"Gremlin Leader","floor":28,"turns":7},{"damage":30,"enemies":"downfall:FleeingMerchant","floor":31,"turns":4},{"damage":29,"enemies":"Cultist and Chosen","floor":32,"turns":6},{"damage":55,"enemies":"WA_ARCHETYPE_CALM","floor":33,"turns":8},{"damage":18,"enemies":"3 Shapes","floor":36,"turns":5},{"damage":38,"enemies":"Orb Walker","floor":37,"turns":5},{"damage":42,"enemies":"3 Darklings","floor":38,"turns":5},{"damage":35,"enemies":"downfall:FleeingMerchant","floor":39,"turns":2},{"damage":74,"enemies":"2 Orb Walkers","floor":40,"turns":7},{"damage":71,"enemies":"Transient","floor":43,"turns":5},{"damage":20,"enemies":"Maw","floor":46,"turns":2},{"damage":37,"enemies":"Writhing Mass","floor":48,"turns":5},{"damage":15,"enemies":"Spire Growth","floor":49,"turns":4},{"damage":126,"enemies":"DF_ARCHETYPE_ORBS","floor":50,"turns":8},{"damage":228,"enemies":"downfall:CharBossMerchant","floor":52,"turns":9}],"seed_played":"2824327030211559690","potions_obtained":[{"floor":5,"key":"sneckomod:MuddlingPotion"},{"floor":11,"key":"hexamod:SoulburnPotion"},{"floor":13,"key":"PowerPotion"},{"floor":14,"key":"EntropicBrew"},{"floor":15,"key":"EntropicBrew"},{"floor":25,"key":"Swift Potion"},{"floor":26,"key":"ColorlessPotion"},{"floor":28,"key":"Strength Potion"},{"floor":32,"key":"SmokeBomb"},{"floor":33,"key":"GamblersBrew"},{"floor":40,"key":"Dexterity Potion"},{"floor":43,"key":"SpeedPotion"},{"floor":48,"key":"AttackPotion"}],"is_trial":false,"path_per_floor":["R","M","M","M","?","M","T","M","?","T","E","$","E","M","M","B",null,"R","M","?","M","$","E","T","E","M","M","E","?","R","$","M","B",null,"R","M","M","M","$","?","T","R","M","?","R","M","R","M","M","B",null,"E"],"character_chosen":"THE_CHAMP","items_purchased":["expansioncontent:AwakenDeath","Master of Strategy","champ:ArenaPreparation","Blood Vial"],"campfire_rested":4,"item_purchase_floors":[12,12,12,39],"current_hp_per_floor":[90,90,90,90,79,73,73,73,73,73,53,53,53,36,36,55,90,90,79,85,67,52,35,35,30,7,7,7,7,35,35,34,56,96,96,93,75,75,75,13,13,54,31,31,62,64,95,91,93,34,112,0,0,0],"gold":394,"neow_bonus":"THREE_ENEMY_KILL","is_daily":false,"chose_seed":false,"campfire_upgraded":2,"win_rate":0.0,"timestamp":1611807130,"path_taken":["R","M","M","M","?","?","T","M","?","?","E","?","E","M","M","BOSS","R","M","?","M","$","E","T","E","M","?","E","?","R","$","M","BOSS","R","M","M","M","$","?","T","R","M","?","R","M","R","M","M","BOSS","E"],"items_purchased_type":["Card","Card","Card","Relic"],"build_version":"2020-12-22","purchased_purges":3,"victory":false,"max_hp_per_floor":[90,90,90,90,90,90,90,90,90,90,90,90,90,90,90,90,90,90,90,96,96,96,96,96,96,96,96,96,96,96,96,96,96,96,96,96,96,96,96,96,96,106,106,106,106,106,106,112,112,112,112,112,112,112],"card_choices":[{"not_picked":["champ:EndlessRage","champ:ShieldSlam"],"picked":"champ:StanceDance","floor":2},{"not_picked":["champ:BringItOn","champ:EnragedBash"],"picked":"champ:Duel","floor":3},{"not_picked":["champ:Encircle","champ:Backstep"],"picked":"champ:FlashCut","floor":4},{"not_picked":["champ:FancyFootwork","champ:DefensiveShout"],"picked":"champ:GladiatorStyle","floor":5},{"not_picked":["champ:Haymaker","champ:StanceDance"],"picked":"champ:SkillfulDodge","floor":6},{"not_picked":["champ:Encircle","champ:FlashCut"],"picked":"champ:Duel","floor":8},{"not_picked":["champ:PreemptiveStrike","champ:FancyFootwork"],"picked":"champ:FanOfKnives","floor":11},{"not_picked":["champ:Backstep","champ:HeartStrike"],"picked":"champ:DancingMaster","floor":12},{"not_picked":["champ:EnGarde","champ:DeathBlow"],"picked":"champ:Circumvent","floor":13},{"not_picked":["champ:Haymaker","champ:DefensiveShout"],"picked":"champ:FocusedDefense","floor":14},{"not_picked":["champ:PerfectedStrike","champ:Encircle"],"picked":"champ:EnragedBash","floor":15},{"not_picked":["champ:SteelEdge","champ:Improvising"],"picked":"champ:DancingMaster","floor":16},{"not_picked":["champ:FlashCut","champ:Haymaker"],"picked":"champ:CrookedStrike","floor":19},{"not_picked":["champ:EnGarde+1","champ:Parry"],"picked":"champ:Haymaker","floor":21},{"not_picked":["champ:Circumvent","champ:Haymaker+1"],"picked":"champ:GutPunch","floor":22},{"not_picked":["champ:BringItOn","champ:PreciseThrust+1"],"picked":"champ:IgnorePain","floor":23},{"not_picked":["champ:FlashCut","champ:Circumvent"],"picked":"champ:Shatter","floor":25},{"not_picked":["champ:Shatter","champ:StanceDance+1"],"picked":"champ:RisingSlash+1","floor":26},{"not_picked":["champ:IgnorePain","champ:FalseCounter+1"],"picked":"champ:PreciseThrust+1","floor":27},{"not_picked":["champ:BladeFlurry","champ:DefensiveStyle"],"picked":"champ:BerserkerStyle","floor":28},{"not_picked":["champ:FlashCut","champ:AdrenalArmor","champ:ShieldSlam+1"],"picked":"SKIP","floor":31},{"not_picked":["champ:PreciseThrust","champ:AdrenalArmor"],"picked":"champ:FocusedBerserking","floor":32},{"not_picked":["champ:UltimateStance","champ:Improvising"],"picked":"champ:StrikeOfGenius","floor":33},{"not_picked":["champ:ArenaPreparation","champ:EnGarde","champ:Shatter"],"picked":"SKIP","floor":36},{"not_picked":["champ:DefensiveShout+1","champ:RisingSlash+1"],"picked":"champ:RapidStrikes+1","floor":37},{"not_picked":["champ:Circumvent","champ:PreemptiveStrike+1"],"picked":"champ:FlashCut+1","floor":38},{"not_picked":["champ:BladeFlurry+1","champ:DefensiveShout"],"picked":"champ:SteelEdge","floor":39},{"not_picked":["champ:TornadoPunch+1","champ:BerserkersShout","champ:BringItOn"],"picked":"SKIP","floor":43},{"not_picked":["champ:BladeFlurry","champ:DefensiveStyle","champ:StanceDance"],"picked":"SKIP","floor":48},{"not_picked":["champ:Circumvent+1","champ:EndlessRage+1"],"picked":"champ:FaceSlap","floor":49}],"player_experience":941282,"relics_obtained":[{"floor":5,"key":"downfall:GremlinSack"},{"floor":7,"key":"Art of War"},{"floor":10,"key":"Nunchaku"},{"floor":11,"key":"Whetstone"},{"floor":13,"key":"Darkstone Periapt"},{"floor":23,"key":"Lizard Tail"},{"floor":24,"key":"Lantern"},{"floor":25,"key":"Thread and Needle"},{"floor":28,"key":"Smiling Mask"},{"floor":40,"key":"CaptainsWheel"}],"event_choices":[{"damage_healed":0,"gold_gain":0,"player_choice":"Fight","damage_taken":0,"max_hp_gain":0,"max_hp_loss":0,"event_name":"Mysterious Sphere","floor":40,"gold_loss":0}],"is_beta":false,"boss_relics":[{"not_picked":["Empty Cage","SlaversCollar"],"picked":"Philosopher\u0027s Stone"},{"not_picked":["Velvet Choker","Sozu"],"picked":"champ:ChampionCrownUpgraded"}],"items_purged_floors":[12,22,39],"is_endless":false,"potions_floor_spawned":[5,11,13,14,15,25,26,28,32,33,40,43,46,48],"killed_by":"downfall:CharBossMerchant","ascension_level":1}}