{"host":"1gh1pdv85cipbjj7","time":1611798776,"event":{"mods":["BaseMod","Colored Map","Downfall","GifTheSpireLib","Infinite Spire","Minty Spire (QoL Compilation)","Permanent Neow","StSLib","The Jungle"],"gold_per_floor":[99,115,127,141,141,155,155,185,218,235,18,18,93,109,123,123,123,123],"floor_reached":16,"language":"ENG","playtime":1352,"items_purged":["Slimebound:Strike_Slimebound"],"score":125,"play_id":"3ac159ac-7501-4b17-9007-03459cb2a6e8","local_time":"20210127195256","is_ascension_mode":true,"campfire_choices":[{"data":"Slimebound:CorrosiveSpit","floor":1.0,"key":"SMITH"},{"floor":12,"key":"REST"}],"circlet_count":0,"master_deck":["Slimebound:Strike_Slimebound","Slimebound:Strike_Slimebound","Slimebound:Tackle","Slimebound:Defend_Slimebound","Slimebound:Defend_Slimebound","Slimebound:Defend_Slimebound","Slimebound:Defend_Slimebound","Slimebound:Split","Slimebound:CorrosiveSpit+1","Slimebound:MassRepurpose","Slimebound:Chomp","Slimebound:ServeAndProtect","Slimebound:SplitBruiser","Slimebound:Dissolve","Slimebound:DivideAndConquer","Slimebound:MegaLick","Slimebound:LevelUp","Slimebound:LeechingTouch+1","Slimebound:HauntingLick","Slimebound:ViciousTackle+1","Slimebound:SplitMire","Slimebound:LeechEnergy+1"],"relics":["Slimebound:AbsorbEndCombat","Molten Egg 2","Shovel","Bag of Preparation"],"acts_visited":["Exordium"],"potions_floor_usage":[10,14,16],"damage_taken":[{"damage":9.0,"enemies":"Jaw Worm","floor":2.0,"turns":4.0},{"damage":4.0,"enemies":"Cultist","floor":3.0,"turns":3.0},{"damage":3.0,"enemies":"Small Slimes","floor":4.0,"turns":3.0},{"damage":12.0,"enemies":"2 Fungi Beasts","floor":6.0,"turns":4.0},{"damage":46.0,"enemies":"3 Sentries","floor":9.0,"turns":7.0},{"damage":4,"enemies":"Blue Slaver","floor":10,"turns":4},{"damage":0,"enemies":"downfall:FleeingMerchant","floor":11,"turns":4},{"damage":6,"enemies":"Exordium Thugs","floor":14,"turns":5},{"damage":0,"enemies":"Red Slaver","floor":15,"turns":1},{"damage":45,"enemies":"WA_ARCHETYPE_RETAIN","floor":16,"turns":7}],"seed_played":"8208879096185091294","potions_obtained":[{"floor":2.0,"key":"SneckoOil"},{"floor":6.0,"key":"FearPotion"},{"floor":10,"key":"Swift Potion"},{"floor":15,"key":"Slimebound:SlimyTonguePotion"}],"is_trial":false,"path_per_floor":["R","M","M","M","?","M","T","?","E","M","$","R","?","M","M","B"],"character_chosen":"SLIMEBOUND","items_purchased":["Slimebound:HauntingLick","Slimebound:ViciousTackle+1"],"campfire_rested":1,"item_purchase_floors":[11,11],"current_hp_per_floor":[65,60,58,59,59,51,51,51,9,7,13,32,32,34,34,0,0,0],"gold":123,"neow_bonus":"ONE_RANDOM_RARE_CARD","is_daily":false,"chose_seed":false,"campfire_upgraded":1,"win_rate":0.0,"timestamp":1611798776,"path_taken":["R","M","M","M","?","?","T","?","E","M","$","R","?","M","M","BOSS"],"items_purchased_type":["Card","Card"],"build_version":"2020-12-22","purchased_purges":1,"victory":false,"max_hp_per_floor":[65,65,65,65,65,65,65,65,65,65,65,65,65,65,65,65,65,65],"card_choices":[{"not_picked":["Slimebound:SamplingLick","Slimebound:LivingWall"],"picked":"Slimebound:Chomp","floor":2.0},{"not_picked":["Slimebound:SpikyOuterGoop","Slimebound:ComboTackle"],"picked":"Slimebound:ServeAndProtect","floor":3.0},{"not_picked":["Slimebound:PressTheAttack","Slimebound:SplitLeeching"],"picked":"Slimebound:SplitBruiser","floor":4.0},{"not_picked":["Slimebound:FormOfPuddle","Slimebound:Replication"],"picked":"Slimebound:DivideAndConquer","floor":6.0},{"not_picked":["Slimebound:SplitSpecialist","Slimebound:OneTwoCombo+1"],"picked":"Slimebound:MegaLick","floor":9.0},{"not_picked":["Slimebound:SamplingLick","Slimebound:GoopTackle+1"],"picked":"Slimebound:LevelUp","floor":10},{"not_picked":["Slimebound:PressTheAttack+1","Slimebound:ServeAndProtect"],"picked":"Slimebound:LeechingTouch+1","floor":11},{"not_picked":["Slimebound:Prepare","Slimebound:SlimeBrawl"],"picked":"Slimebound:SplitMire","floor":14},{"not_picked":["Slimebound:SamplingLick","Slimebound:LeadByExample"],"picked":"Slimebound:LeechEnergy+1","floor":15}],"player_experience":771711,"relics_obtained":[{"floor":7.0,"key":"Molten Egg 2"},{"floor":9.0,"key":"Bag of Preparation"}],"event_choices":[],"is_beta":false,"boss_relics":[],"items_purged_floors":[11],"is_endless":false,"potions_floor_spawned":[2,6,10,15],"killed_by":"WA_ARCHETYPE_RETAIN","ascension_level":4}}