{"host":"1qhzi8r9ejho5yph","time":1611829245,"event":{"mods":["AchievementEnabler","BaseMod","Colored Map","Colored Powertips","Highlight Path","Minty Spire (QoL Compilation)","Permanent Neow","Quick Restart","Random Character Button","StSLib","SuperFastMode"],"gold_per_floor":[113,113,125,125,31,31,50,65,137,151,169,169,169,181,181,281,281,300,314,413,413,430,430,117,137,137,137,156,173,173,173],"floor_reached":30,"language":"ENG","playtime":1130,"items_purged":["Strike_P"],"score":226,"play_id":"74d9abc2-46d1-445b-90b6-38be15f663f9","local_time":"20210128182045","is_ascension_mode":false,"campfire_choices":[{"data":"Vigilance","floor":6,"key":"SMITH"},{"data":"Meditate","floor":13,"key":"SMITH"},{"floor":15,"key":"REST"},{"floor":23,"key":"REST"},{"floor":27,"key":"REST"}],"circlet_count":0,"master_deck":["Strike_P","Strike_P","Strike_P","Defend_P","Eruption+1","Vigilance+1","Weave","Vengeance","ThirdEye","ReachHeaven","Meditate+1","Evaluate","TalkToTheHand","ThirdEye","ClearTheMind","Devotion","SashWhip+1","Consecrate+1","JustLucky","Flash of Steel","Study","Evaluate","Halt","Prostrate","ThirdEye+1","JustLucky"],"relics":["PureWater"],"acts_visited":["Exordium","TheCity"],"potions_floor_usage":[16,16,28],"damage_taken":[{"damage":0,"enemies":"Cultist","floor":1,"turns":2},{"damage":0,"enemies":"Small Slimes","floor":3,"turns":2},{"damage":0,"enemies":"Jaw Worm","floor":7,"turns":3},{"damage":5,"enemies":"3 Louse","floor":8,"turns":3},{"damage":6,"enemies":"Exordium Wildlife","floor":10,"turns":3},{"damage":3,"enemies":"Exordium Thugs","floor":11,"turns":3},{"damage":24,"enemies":"Gremlin Gang","floor":14,"turns":4},{"damage":21,"enemies":"Hexaghost","floor":16,"turns":8},{"damage":10,"enemies":"Spheric Guardian","floor":18,"turns":3},{"damage":1,"enemies":"Chosen","floor":19,"turns":6},{"damage":23,"enemies":"Snake Plant","floor":22,"turns":5},{"damage":25,"enemies":"Shelled Parasite and Fungi","floor":25,"turns":4},{"damage":22,"enemies":"Chosen and Byrds","floor":28,"turns":5},{"damage":15,"enemies":"Snake Plant","floor":29,"turns":6},{"damage":12,"enemies":"Snecko","floor":30,"turns":3}],"seed_played":"8857232546846432494","potions_obtained":[{"floor":1,"key":"Swift Potion"},{"floor":7,"key":"GamblersBrew"},{"floor":11,"key":"Regen Potion"},{"floor":16,"key":"Ambrosia"},{"floor":22,"key":"Weak Potion"},{"floor":25,"key":"Dexterity Potion"},{"floor":29,"key":"Swift Potion"}],"is_trial":false,"path_per_floor":["M","?","M","?","$","R","M","M","T","M","M","?","R","M","R","B",null,"M","M","?","T","M","R","$","M","T","R","M","M","M"],"character_chosen":"WATCHER","items_purchased":["ThirdEye","ReachHeaven","Flash of Steel","Study","Evaluate","Halt"],"campfire_rested":3,"item_purchase_floors":[5,5,24,24,24,24],"current_hp_per_floor":[72,72,72,72,72,72,72,67,67,61,58,51,51,27,48,42,72,62,61,61,61,38,59,59,34,34,55,33,18,6,6],"gold":173,"neow_bonus":"UPGRADE_CARD","is_daily":false,"chose_seed":false,"campfire_upgraded":2,"win_rate":0.0,"timestamp":1611829245,"path_taken":["M","?","M","?","$","R","M","M","T","?","M","?","R","M","R","BOSS","M","M","?","?","M","R","$","M","T","R","M","?","?"],"items_purchased_type":["Card","Card","Card","Card","Card","Card"],"build_version":"2020-12-22","purchased_purges":1,"victory":false,"max_hp_per_floor":[72,72,72,72,72,72,72,72,72,72,72,72,72,72,72,72,72,72,72,72,72,72,72,72,72,72,72,72,72,72,72],"card_choices":[{"not_picked":["FlyingSleeves","PathToVictory"],"picked":"Weave","floor":1},{"not_picked":["InnerPeace","PathToVictory"],"picked":"Vengeance","floor":3},{"not_picked":["SashWhip","Collect"],"picked":"Meditate","floor":7},{"not_picked":["BowlingBash","EmptyMind"],"picked":"Evaluate","floor":8},{"not_picked":["Prostrate","PathToVictory"],"picked":"TalkToTheHand","floor":10},{"not_picked":["SashWhip","SandsOfTime"],"picked":"ThirdEye","floor":11},{"not_picked":["Scrawl","EmptyFist"],"picked":"ClearTheMind","floor":14},{"not_picked":["Omniscience","Judgement"],"picked":"Devotion","floor":16},{"not_picked":["Study","ClearTheMind+1"],"picked":"SashWhip+1","floor":18},{"not_picked":["WaveOfTheHand","WreathOfFlame"],"picked":"Consecrate+1","floor":19},{"not_picked":["Halt","WaveOfTheHand"],"picked":"JustLucky","floor":22},{"not_picked":["FollowUp+1","Halt+1"],"picked":"Prostrate","floor":25},{"not_picked":["Halt","Evaluate"],"picked":"ThirdEye+1","floor":28},{"not_picked":["InnerPeace","EmptyFist"],"picked":"JustLucky","floor":29}],"player_experience":344254,"relics_obtained":[],"event_choices":[{"cards_removed":["Defend_P"],"damage_healed":0,"gold_gain":0,"player_choice":"Forget","damage_taken":0,"max_hp_gain":0,"max_hp_loss":0,"event_name":"Living Wall","floor":2,"gold_loss":0},{"cards_removed":["Defend_P"],"damage_healed":0,"gold_gain":0,"player_choice":"Purged","damage_taken":0,"max_hp_gain":0,"max_hp_loss":0,"event_name":"Purifier","floor":4,"gold_loss":0},{"cards_removed":["Defend_P"],"damage_healed":0,"gold_gain":0,"player_choice":"Card Removal","damage_taken":7,"max_hp_gain":0,"max_hp_loss":0,"event_name":"Golden Wing","floor":12,"gold_loss":0},{"damage_healed":0,"gold_gain":99,"player_choice":"Stole From Cult","damage_taken":0,"max_hp_gain":0,"max_hp_loss":0,"event_name":"Nest","floor":20,"gold_loss":0}],"is_beta":false,"boss_relics":[{"not_picked":["Fusion Hammer","Velvet Choker","Calling Bell"]}],"items_purged_floors":[24],"is_endless":false,"potions_floor_spawned":[1,7,11,16,22,25,29],"killed_by":"Snecko","ascension_level":0}}