{"host":"ewns8ifhbubwkcum","time":1611862585,"event":{"mods":["BaseMod","Block Reminder","Colored Map","Colored Powertips","Downfall","Highlight Path","Minty Spire (QoL Compilation)","Permanent Neow","Quick Restart","Random Character Button","StSLib"],"gold_per_floor":[99,99,199,199,2,2,2,2,37,37,54,54,68,53,69,164,164,64,82,98,14,85,97,97,130,130,130,158,58,135,150,169,272,272,172,183,199,199,209,242,242,258,258,258,14,49,49,24,38,38,38,67,0,0,0,0],"floor_reached":57,"language":"ENG","playtime":5673,"items_purged":["Pride"],"score":1418,"play_id":"38da80fd-e49d-4441-8062-1fcff76d2111","local_time":"20210128133625","is_ascension_mode":true,"campfire_choices":[{"floor":1.0,"key":"RECALL"},{"floor":10.0,"key":"DIG"},{"floor":18.0,"key":"DIG"},{"floor":29,"key":"DIG"},{"floor":35,"key":"DIG"},{"floor":43,"key":"DIG"},{"floor":47,"key":"DIG"},{"floor":54,"key":"REST"}],"circlet_count":0,"master_deck":["bronze:Strike+1","bronze:Defend+1","bronze:Defend+1","bronze:Defend","bronze:Replicate","bronze:Goto","bronze:Iterate","bronze:CloningBeam","bronze:DelayedGuard","bronze:Boost","bronze:Fortify","bronze:ThunderWave","bronze:Frontload","downfall:Haunted","bronze:DelayedSlice","bronze:WhirlingStrike","bronze:Iterate","bronze:Frontload","bronze:Format","bronze:WhirlingStrike","bronze:Iterate+1","bronze:FineTuning","bronze:InfiniteBeams","bronze:Flail","bronze:Terminator","bronze:BronzeOrb+1","bronze:ItsAFeature","bronze:ChildClass","bronze:DelayedGuard","bronze:ThunderWave","bronze:HardenedForm","bronze:Separator","bronze:Constructor","Parasite","bronze:Frontload+1","bronze:Optimize","bronze:BronzeOrb+1","bronze:Optimize","bronze:Iterate","bronze:Branch","bronze:ChildClass+1","bronze:DelayedSlice","bronze:Frontload","bronze:Shell+1","bronze:Repulsor"],"relics":["bronze:BronzeCore","downfall:HeartsMalice","Juzu Bracelet","Shovel","Lantern","Mummified Hand","SacredBark","downfall:HeartBlessingRed","White Beast Statue","Kunai","Bird Faced Urn","Bag of Marbles","bronze:ProtectiveGoggles","downfall:HeartBlessingBlue","Anchor","OrangePellets","Runic Dome","downfall:HeartBlessingGreen","Mercury Hourglass","Nunchaku","Vajra","Ancient Tea Set","Singing Bowl","Potion Belt","Ornamental Fan"],"acts_visited":["Exordium","TheCity","TheBeyond","TheEnding"],"potions_floor_usage":[21,21,25,28,30,31,37,39,40,46,52,52,55,56,56,56,56,56,56],"damage_taken":[{"damage":0.0,"enemies":"2 Louse","floor":2.0,"turns":1.0},{"damage":0.0,"enemies":"downfall:FleeingMerchant","floor":5.0,"turns":1.0},{"damage":0.0,"enemies":"Lagavulin","floor":9.0,"turns":1.0},{"damage":0.0,"enemies":"Jaw Worm","floor":11.0,"turns":5.0},{"damage":0.0,"enemies":"Small Slimes","floor":13.0,"turns":3.0},{"damage":0.0,"enemies":"downfall:FleeingMerchant","floor":14.0,"turns":4.0},{"damage":0.0,"enemies":"Blue Slaver","floor":15.0,"turns":3.0},{"damage":59.0,"enemies":"IC_STATUS_ARCHETYPE","floor":16.0,"turns":14.0},{"damage":0,"enemies":"Chosen","floor":19,"turns":6},{"damage":5,"enemies":"Spheric Guardian","floor":20,"turns":4},{"damage":0,"enemies":"downfall:FleeingMerchant","floor":21,"turns":4},{"damage":17,"enemies":"Shelled Parasite and Fungi","floor":23,"turns":6},{"damage":13,"enemies":"Gremlin Leader","floor":25,"turns":6},{"damage":26,"enemies":"Slavers","floor":28,"turns":4},{"damage":0,"enemies":"downfall:FleeingMerchant","floor":30,"turns":2},{"damage":0,"enemies":"Sentry and Sphere","floor":31,"turns":3},{"damage":0,"enemies":"Snecko","floor":32,"turns":3},{"damage":23,"enemies":"WA_ARCHETYPE_CALM","floor":33,"turns":8},{"damage":0,"enemies":"3 Shapes","floor":36,"turns":2},{"damage":20,"enemies":"3 Darklings","floor":37,"turns":3},{"damage":0,"enemies":"Writhing Mass","floor":39,"turns":5},{"damage":10,"enemies":"Giant Head","floor":40,"turns":9},{"damage":0,"enemies":"Sphere and 2 Shapes","floor":42,"turns":3},{"damage":24,"enemies":"Nemesis","floor":46,"turns":7},{"damage":0,"enemies":"3 Darklings","floor":49,"turns":2},{"damage":16,"enemies":"DF_ARCHETYPE_ORBS","floor":50,"turns":9},{"damage":53,"enemies":"downfall:CharBossMerchant","floor":52,"turns":7},{"damage":0,"enemies":"downfall:NeowBoss","floor":55,"turns":12},{"damage":6,"enemies":"downfall:NeowBossFinal","floor":56,"turns":8}],"seed_played":"-2007308116653129900","potions_obtained":[{"floor":11.0,"key":"SkillPotion"},{"floor":13.0,"key":"SpeedPotion"},{"floor":15.0,"key":"DistilledChaos"},{"floor":19,"key":"Swift Potion"},{"floor":20,"key":"SteroidPotion"},{"floor":21,"key":"Energy Potion"},{"floor":23,"key":"bronze:CleanCodePotion"},{"floor":25,"key":"Fire Potion"},{"floor":28,"key":"Fruit Juice"},{"floor":30,"key":"SkillPotion"},{"floor":31,"key":"sneckomod:MuddlingPotion"},{"floor":32,"key":"Explosive Potion"},{"floor":33,"key":"PowerPotion"},{"floor":37,"key":"Guardian:BlockOnCardUsePotion"},{"floor":38,"key":"DistilledChaos"},{"floor":39,"key":"Block Potion"},{"floor":40,"key":"SmokeBomb"},{"floor":42,"key":"bronze:CleanCodePotion"},{"floor":46,"key":"Slimebound:ThreeZeroPotion"},{"floor":49,"key":"EntropicBrew"},{"floor":52,"key":"SkillPotion"}],"is_trial":false,"path_per_floor":["R","M","?","?","$","?","T","?","E","R","M","?","M","$","M","B",null,"R","M","M","$","T","M","T","E","?","?","E","R","$","M","M","B",null,"R","M","M","?","M","E","T","M","R","?","$","E","R","$","M","B",null,"E","$","R","B","B",null],"character_chosen":"THE_AUTOMATON","items_purchased":["Juzu Bracelet","bronze:DelayedGuard","bronze:InfiniteBeams","bronze:ItsAFeature","bronze:ChildClass","OrangePellets","bronze:Optimize","bronze:Iterate","bronze:Branch","bronze:DelayedSlice","bronze:Repulsor"],"campfire_rested":1,"item_purchase_floors":[5,5,21,30,30,30,45,45,45,48,53],"current_hp_per_floor":[70,70,70,70,70,70,70,70,70,70,70,70,70,70,70,11,70,70,70,65,65,65,48,48,35,35,35,11,21,31,31,31,12,90,90,90,70,70,74,74,74,76,76,76,76,62,62,62,64,58,90,37,37,64,76,86],"gold":0,"neow_bonus":"THREE_ENEMY_KILL","is_daily":false,"chose_seed":false,"campfire_upgraded":0,"win_rate":0.0,"timestamp":1611862585,"path_taken":["R","M","?","?","$","?","T","?","E","R","M","?","M","?","M","BOSS","R","M","M","?","?","M","T","E","?","?","E","R","?","M","M","BOSS","R","M","M","?","M","E","T","M","R","?","$","E","R","$","M","BOSS","E","$","R","BOSS","BOSS"],"items_purchased_type":["Relic","Card","Card","Card","Card","Relic","Card","Card","Card","Card","Card"],"build_version":"2020-12-22","purchased_purges":1,"victory":true,"max_hp_per_floor":[70,70,70,70,70,70,70,70,70,70,70,70,70,70,70,70,70,70,70,70,70,70,70,70,70,70,70,70,80,90,90,90,90,90,90,90,90,90,90,90,90,90,90,90,90,90,90,90,90,90,90,90,90,90,90,90],"card_choices":[{"not_picked":["bronze:DelayedGuard","bronze:BugBarrage"],"picked":"bronze:Iterate","floor":2.0},{"not_picked":["bronze:MaxOutput","bronze:ItsAFeature"],"picked":"bronze:CloningBeam","floor":5.0},{"not_picked":["bronze:BitShift","bronze:Turbo","bronze:BuggyMess"],"picked":"SKIP","floor":9.0},{"not_picked":["bronze:Constructor","bronze:Invalidate"],"picked":"bronze:Fortify","floor":11.0},{"not_picked":["bronze:DelayedSlice","bronze:Mutator"],"picked":"bronze:WhirlingStrike","floor":13.0},{"not_picked":["bronze:BronzeArmor","bronze:OilSpill"],"picked":"bronze:Iterate","floor":14.0},{"not_picked":["bronze:OilSpill","bronze:Separator"],"picked":"bronze:Frontload","floor":15.0},{"not_picked":["bronze:Assembly","bronze:Mutator"],"picked":"bronze:Format","floor":16.0},{"not_picked":["bronze:Shield","bronze:Overload+1"],"picked":"bronze:WhirlingStrike","floor":19},{"not_picked":["bronze:CloningBeam+1","bronze:Shield+1"],"picked":"bronze:Iterate+1","floor":20},{"not_picked":["bronze:Overload","bronze:Repair"],"picked":"bronze:FineTuning","floor":21},{"not_picked":["bronze:WhirlingStrike","bronze:BitShift"],"picked":"bronze:Flail","floor":23},{"not_picked":["bronze:FollowUp+1","bronze:Overheat"],"picked":"bronze:Terminator","floor":25},{"not_picked":["bronze:Iterate","bronze:CutThrough+1","bronze:MaxOutput"],"picked":"SKIP","floor":28},{"not_picked":["bronze:BugBarrage","bronze:Frontload"],"picked":"bronze:BronzeOrb+1","floor":30},{"not_picked":["bronze:MaxOutput","bronze:CutThrough+1"],"picked":"bronze:DelayedGuard","floor":31},{"not_picked":["bronze:Invalidate","bronze:Deprecate"],"picked":"bronze:ThunderWave","floor":32},{"not_picked":["bronze:CleanCode","bronze:Hardcode"],"picked":"bronze:HardenedForm","floor":33},{"not_picked":["bronze:Invalidate+1","bronze:OilSpill+1"],"picked":"bronze:Separator","floor":36},{"not_picked":["bronze:Break","bronze:Separator"],"picked":"bronze:Constructor","floor":37},{"not_picked":["bronze:Deprecate","bronze:CutThrough"],"picked":"bronze:Frontload+1","floor":39},{"not_picked":["bronze:Repair+1","bronze:ChosenStrike+1"],"picked":"bronze:Optimize","floor":40},{"not_picked":["bronze:Constructor+1","bronze:HyperBeam"],"picked":"bronze:BronzeOrb+1","floor":42},{"not_picked":["bronze:Branch","bronze:WildBeam"],"picked":"bronze:ChildClass+1","floor":46},{"not_picked":["bronze:Constructor","bronze:CutThrough"],"picked":"bronze:Frontload","floor":49},{"not_picked":["bronze:Return+1","bronze:DelayedGuard+1"],"picked":"bronze:Shell+1","floor":52}],"player_experience":1044649,"relics_obtained":[{"floor":7.0,"key":"Shovel"},{"floor":9.0,"key":"Lantern"},{"floor":10.0,"key":"Mummified Hand"},{"floor":18.0,"key":"White Beast Statue"},{"floor":22,"key":"Kunai"},{"floor":25,"key":"Bird Faced Urn"},{"floor":28,"key":"bronze:ProtectiveGoggles"},{"floor":29,"key":"Anchor"},{"floor":35,"key":"Mercury Hourglass"},{"floor":40,"key":"Nunchaku"},{"floor":41,"key":"Vajra"},{"floor":43,"key":"Ancient Tea Set"},{"floor":46,"key":"Singing Bowl"},{"floor":47,"key":"Potion Belt"},{"floor":52,"key":"Ornamental Fan"}],"event_choices":[{"cards_removed":["downfall:Malfunctioning"],"damage_healed":0.0,"max_hp_gain":0.0,"max_hp_loss":0.0,"gold_gain":0.0,"event_name":"The Cleric","player_choice":"Card Removal","floor":6.0,"gold_loss":0.0,"damage_taken":0.0},{"damage_healed":0,"gold_gain":0,"player_choice":"Stole Relic","damage_taken":0,"relics_obtained":["Bag of Marbles"],"max_hp_gain":0,"max_hp_loss":0,"event_name":"Addict","floor":26,"gold_loss":0,"cards_obtained":["Pride"]},{"damage_healed":0,"gold_gain":0,"player_choice":"Ignored","damage_taken":0,"max_hp_gain":0,"max_hp_loss":0,"event_name":"Vampires","floor":27,"gold_loss":0},{"damage_healed":0,"gold_gain":0,"player_choice":"Got Potions","damage_taken":0,"max_hp_gain":0,"max_hp_loss":0,"event_name":"Lab","floor":38,"gold_loss":0}],"is_beta":false,"boss_relics":[{"not_picked":["Astrolabe","Empty Cage"],"picked":"SacredBark"},{"not_picked":["Sozu","Velvet Choker"],"picked":"Runic Dome"}],"items_purged_floors":[45],"is_endless":false,"potions_floor_spawned":[11,13,15,19,20,21,23,25,28,30,31,32,33,36,37,39,40,42,46,49,52],"ascension_level":1}}