{"host":"ow66nzv2xecjoor3","time":1611814946,"event":{"mods":["BaseMod","Bestiary","Block Reminder","Colored Powertips","Curses Come First","Highlight Path","Keyboard Shortcuts","Minty Spire (QoL Compilation)","Permanent Neow","Relic Stats","StSLib","UnlockEverythingMod"],"gold_per_floor":[114,31,31,42,52,81,81,93,93,111,145,159,124,37,37,111,111,128,128,142,158,158,158],"floor_reached":22,"language":"ENG","playtime":767,"items_purged":[],"score":496,"play_id":"e8c2107b-d4a9-4f00-9f08-e835d5235c2a","local_time":"20210128002226","is_ascension_mode":true,"campfire_choices":[{"data":"Electrodynamics","floor":7.0,"key":"SMITH"},{"data":"Sunder","floor":15.0,"key":"SMITH"}],"circlet_count":0,"master_deck":["AscendersBane","Strike_B","Strike_B+1","Strike_B","Strike_B+1","Defend_B","Defend_B","Defend_B","Defend_B","Zap","Dualcast","Chaos+1","Core Surge","Reinforced Body","Compile Driver","Electrodynamics+1","Capacitor","Cold Snap","Turbo+1","Sunder+1","Coolheaded+1","Turbo+1","Echo Form","Redo+1","Capacitor","Reinforced Body+1","Auto Shields+1"],"relics":["Cracked Core","Bronze Scales","Whetstone","Toxic Egg 2","Shuriken","Nuclear Battery"],"acts_visited":["Exordium","TheCity"],"potions_floor_usage":[22],"damage_taken":[{"damage":0.0,"enemies":"Cultist","floor":1.0,"turns":3.0},{"damage":0.0,"enemies":"2 Louse","floor":4.0,"turns":2.0},{"damage":0.0,"enemies":"Small Slimes","floor":5.0,"turns":3.0},{"damage":40.0,"enemies":"3 Sentries","floor":6.0,"turns":8.0},{"damage":9.0,"enemies":"Exordium Wildlife","floor":8.0,"turns":2.0},{"damage":0.0,"enemies":"3 Louse","floor":10.0,"turns":1.0},{"damage":6.0,"enemies":"Gremlin Nob","floor":11.0,"turns":3.0},{"damage":3.0,"enemies":"Blue Slaver","floor":12.0,"turns":2.0},{"damage":0.0,"enemies":"Slime Boss","floor":16.0,"turns":6.0},{"damage":21.0,"enemies":"Spheric Guardian","floor":18.0,"turns":4.0},{"damage":23.0,"enemies":"Shell Parasite","floor":20.0,"turns":3.0},{"damage":13.0,"enemies":"Centurion and Healer","floor":21.0,"turns":3.0},{"damage":6,"enemies":"Snecko","floor":22,"turns":3}],"seed_played":"6986371772137814218","potions_obtained":[{"floor":1.0,"key":"FearPotion"},{"floor":11.0,"key":"AttackPotion"},{"floor":12.0,"key":"Dexterity Potion"},{"floor":18.0,"key":"GamblersBrew"},{"floor":21.0,"key":"Explosive Potion"}],"is_trial":false,"path_per_floor":["M","$","?","M","M","E","R","M","T","M","E","M","?","$","R","B",null,"M","?","M","M","M"],"character_chosen":"DEFECT","items_purchased":["Core Surge","Coolheaded+1","Turbo+1"],"campfire_rested":0,"item_purchase_floors":[2,14,14],"current_hp_per_floor":[64,64,64,64,64,24,24,15,15,15,9,6,23,23,23,23,59,38,38,15,2,0,0],"gold":158,"neow_bonus":"RANDOM_COMMON_RELIC","is_daily":false,"chose_seed":false,"campfire_upgraded":2,"win_rate":0.0,"timestamp":1611814946,"path_taken":["M","?","?","M","M","E","R","M","T","M","E","?","?","?","R","BOSS","M","?","M","M","M"],"items_purchased_type":["Card","Card","Card"],"build_version":"2020-12-22","purchased_purges":0,"victory":false,"max_hp_per_floor":[71,71,71,71,71,71,71,71,71,71,71,71,71,71,71,71,71,71,71,71,71,71,71],"relic_stats":{"counters":[13,43],"Shuriken":[4],"Bronze Scales":[65],"Whetstone":["Strike_B","Strike_B"],"obtain_stats":[{"Shuriken":11,"Bronze Scales":0,"Whetstone":6,"Toxic Egg 2":9,"Cracked Core":0,"Nuclear Battery":17},{"Shuriken":7,"Bronze Scales":0,"Whetstone":4,"Toxic Egg 2":5,"Cracked Core":0,"Nuclear Battery":9},{"Shuriken":22,"Bronze Scales":0,"Whetstone":16,"Toxic Egg 2":18,"Cracked Core":0,"Nuclear Battery":30}]},"card_choices":[{"not_picked":["Coolheaded","Consume"],"picked":"Chaos","floor":1.0},{"not_picked":["Lockon","Hello World"],"picked":"Reinforced Body","floor":4.0},{"not_picked":["Steam","Ball Lightning"],"picked":"Compile Driver","floor":5.0},{"not_picked":["Rebound","Cold Snap"],"picked":"Electrodynamics","floor":6.0},{"not_picked":["Glacier","Stack"],"picked":"Capacitor","floor":8.0},{"not_picked":["Beam Cell","Fusion+1"],"picked":"Cold Snap","floor":10.0},{"not_picked":["Stack+1","Cold Snap"],"picked":"Turbo+1","floor":11.0},{"not_picked":["Genetic Algorithm+1","Barrage"],"picked":"Sunder","floor":12.0},{"not_picked":["Thunder Strike","Creative AI"],"picked":"Echo Form","floor":16.0},{"not_picked":["Ball Lightning","Heatsinks"],"picked":"Redo+1","floor":18.0},{"not_picked":["Skim+1","Gash"],"picked":"Reinforced Body+1","floor":20.0},{"not_picked":["Chaos+1","Doom and Gloom"],"picked":"Auto Shields+1","floor":21.0}],"player_experience":2750339,"relics_obtained":[{"floor":6.0,"key":"Whetstone"},{"floor":9.0,"key":"Toxic Egg 2"},{"floor":11.0,"key":"Shuriken"}],"event_choices":[{"damage_healed":0.0,"max_hp_gain":0.0,"max_hp_loss":0.0,"gold_gain":0.0,"event_name":"Upgrade Shrine","player_choice":"Upgraded","floor":3.0,"gold_loss":0.0,"damage_taken":0.0,"cards_upgraded":["Chaos"]},{"damage_healed":17.0,"max_hp_gain":0.0,"max_hp_loss":0.0,"gold_gain":0.0,"event_name":"The Cleric","player_choice":"Healed","floor":13.0,"gold_loss":35.0,"damage_taken":0.0},{"damage_healed":0.0,"max_hp_gain":0.0,"max_hp_loss":0.0,"gold_gain":0.0,"event_name":"The Library","player_choice":"Read","floor":19.0,"gold_loss":0.0,"damage_taken":0.0,"cards_obtained":["Capacitor"]}],"is_beta":false,"boss_relics":[{"not_picked":["Philosopher\u0027s Stone","SacredBark"],"picked":"Nuclear Battery"}],"items_purged_floors":[],"is_endless":false,"potions_floor_spawned":[1,11,12,18,21],"killed_by":"Snecko","ascension_level":20}}