{"host":"zy8sn0tmwn4g7fne","time":1611824082,"event":{"mods":["BaseMod","Better-Laid Plans","CapriCore","Marisa（F雨　魔理沙）","Minty Spire (QoL Compilation)","MostiFishMod","Permanent Neow","Quick Restart","Remilia（蕾米莉亚）","Replay The Spire","StSLib","The Immortal","UnlockEverythingMod","[IsaacMod]以撒尖塔","【功能Mod】Neow奖励","【功能Mod】强力的原版药水","【功能Mod】精心准备"],"gold_per_floor":[109,159,186,215,247,592,624,636,648,695,718,730,768,780,792,876,888,915,977,343,357,357,383,402,437,437,437,470,480,514,526,526,600,600,618,618,628,46,57,112,127,127,127,157,170,195,195,230,230,230,230,230,230,35,64,64,64],"floor_reached":56,"language":"ZHS","playtime":5163,"items_purged":["Strike_G","Strike_G","Acrobatics"],"score":3139,"play_id":"db72d143-ccfd-4c44-9449-dc1fab5c08f5","local_time":"20210128165442","is_ascension_mode":true,"campfire_choices":[{"data":"MostiFishMod:Opportunism","floor":8.0,"key":"SMITH"},{"data":"Well Laid Plans","floor":15.0,"key":"SMITH"},{"data":"MostiFishMod:Dislodge","floor":27.0,"key":"SMITH"},{"floor":32.0,"key":"DIG"},{"floor":42.0,"key":"RECALL"},{"data":"Acrobatics","floor":47.0,"key":"SMITH"},{"data":"MostiFishMod:FrostNova","floor":49.0,"key":"SMITH"},{"data":"ReplayTheSpireMod:The Works","floor":53.0,"key":"SMITH"}],"circlet_count":0,"master_deck":["AscendersBane","Strike_G","Strike_G","Strike_G","Defend_G","Defend_G","Defend_G","Defend_G","Survivor","Neutralize","MostiFishMod:Opportunism+1","Well Laid Plans+1","Venomology","Prepared","Acrobatics","After Image","Acrobatics+1","ReplayTheSpireMod:Tripwire","MostiFishMod:Dislodge+1","Footwork","Prepared","Blade Dance","Footwork","Adrenaline","Well Laid Plans+1","Prepared+1","MostiFishMod:FrostNova+1","ReplayTheSpireMod:The Works+1","Night Terror"],"relics":["Ring of the Snake","DaveBox","HushsDoor","RhineSuit","ReplayTheSpireMod:TigerMarble","SynthV:TestCard","Replay:WaspNest","MawBank","Old Coin","CombinedTypeHook","BelialBook","Replay:Rubber Ducky","Philosopher\u0027s Stone","Meat on the Bone","Anchor","Bag of Preparation","Snake Skull","Civilization","Quantum Egg","Garlic","Juzu Bracelet","DeadEye","ChiXiaoBlade","Dodecahedron","Oddly Smooth Stone","Omamori","Kunai","Replay:Mystery Machine","BookOfRevelations","Gremlin Food","Durian","SalivaCoin","BloodDonationBag","Ying","Toy Ornithopter","Snack Pack"],"acts_visited":["Exordium","TheCity","TheBeyond","TheEnding"],"potions_floor_usage":[56,56,56,56,56,56],"damage_taken":[{"damage":0.0,"enemies":"2 Louse","floor":1.0,"turns":2.0},{"damage":23.0,"enemies":"Hiden Room Battle","floor":2.0,"turns":5.0},{"damage":0.0,"enemies":"Cultist","floor":3.0,"turns":2.0},{"damage":1.0,"enemies":"Jaw Worm","floor":4.0,"turns":3.0},{"damage":0.0,"enemies":"Exordium Wildlife","floor":5.0,"turns":3.0},{"damage":5.0,"enemies":"Lagavulin","floor":6.0,"turns":6.0},{"damage":0.0,"enemies":"Large Slime","floor":7.0,"turns":4.0},{"damage":6.0,"enemies":"Gremlin Nob","floor":10.0,"turns":3.0},{"damage":0.0,"enemies":"2 Fungi Beasts","floor":11.0,"turns":2.0},{"damage":0.0,"enemies":"Fading Forest","floor":16.0,"turns":11.0},{"damage":0.0,"enemies":"3 Byrds","floor":18.0,"turns":2.0},{"damage":0.0,"enemies":"Hiden Room Battle","floor":19.0,"turns":1.0},{"damage":0.0,"enemies":"2 Thieves","floor":21.0,"turns":3.0},{"damage":0.0,"enemies":"Slavers","floor":23.0,"turns":3.0},{"damage":0.0,"enemies":"Centurion and Healer","floor":24.0,"turns":2.0},{"damage":0.0,"enemies":"Book of Stabbing","floor":25.0,"turns":3.0},{"damage":0.0,"enemies":"Gremlin Leader","floor":28.0,"turns":2.0},{"damage":0.0,"enemies":"Snake Plant","floor":29.0,"turns":2.0},{"damage":0.0,"enemies":"Book of Stabbing","floor":30.0,"turns":3.0},{"damage":0.0,"enemies":"Cultist and Chosen","floor":31.0,"turns":2.0},{"damage":0.0,"enemies":"Pondfish","floor":33.0,"turns":4.0},{"damage":0.0,"enemies":"Orb Walker","floor":35.0,"turns":2.0},{"damage":0.0,"enemies":"3 Shapes","floor":37.0,"turns":3.0},{"damage":0.0,"enemies":"3 Darklings","floor":39.0,"turns":2.0},{"damage":0.0,"enemies":"R_Hoarder","floor":40.0,"turns":4.0},{"damage":0.0,"enemies":"Spire Growth","floor":41.0,"turns":2.0},{"damage":0.0,"enemies":"Giant Head","floor":44.0,"turns":2.0},{"damage":0.0,"enemies":"Transient","floor":45.0,"turns":3.0},{"damage":0.0,"enemies":"R_Hoarder","floor":46.0,"turns":4.0},{"damage":0.0,"enemies":"Giant Head","floor":48.0,"turns":4.0},{"damage":0.0,"enemies":"Time Eater","floor":50.0,"turns":5.0},{"damage":0.0,"enemies":"Awakened One","floor":51.0,"turns":5.0},{"damage":0.0,"enemies":"Shield and Spear","floor":55.0,"turns":3.0},{"damage":0,"enemies":"Delirium","floor":56,"turns":11}],"seed_played":"3244338892551883047","potions_obtained":[{"floor":3.0,"key":"Explosive Potion"},{"floor":6.0,"key":"SteroidPotion"},{"floor":16.0,"key":"Swift Potion"},{"floor":21.0,"key":"Toxic Potion"},{"floor":24.0,"key":"Strength Potion"},{"floor":37.0,"key":"Poison Potion"}],"is_trial":false,"path_per_floor":["M","?","M","M","M","E","M","R","T","E","M","?","T","?","R","B",null,"M","?","$","M","?","E","M","E","T","R","E","M","E","M","R","B",null,"M","?","M","$","M","E","M","R","T","E","M","E","R","E","R","B","B",null,"R","$","E","B"],"character_chosen":"THE_SILENT","items_purchased":["EntropicBrew","Bag of Preparation","Snake Skull","MostiFishMod:Dislodge","Footwork","Civilization","EntropicBrew","Dodecahedron","Oddly Smooth Stone","Omamori","SalivaCoin","Ying","Toy Ornithopter","Milkshake"],"campfire_rested":0,"item_purchase_floors":[17,20,20,20,20,20,34,38,38,38,54,54,54,54],"current_hp_per_floor":[59,21,21,20,20,15,15,15,15,9,9,9,9,9,9,9,49,49,34,34,36,36,41,46,51,51,51,56,61,66,71,71,76,88,93,97,102,102,107,112,117,117,117,122,127,132,132,142,142,147,152,152,152,117,127,157,157],"gold":64,"neow_bonus":"RANDOM_COMMON_RELIC","is_daily":false,"chose_seed":false,"campfire_upgraded":6,"win_rate":0.0,"timestamp":1611824082,"path_taken":["M","?","M","?","M","E","M","R","T","E","M","?","?","?","R","BOSS","M","?","$","M","?","E","M","E","T","R","E","M","E","M","R","BOSS","M","?","M","$","M","E","M","R","T","E","M","E","R","E","R","BOSS","BOSS","R","$","E","BOSS"],"items_purchased_type":["Potion","Relic","Relic","Card","Card","Relic","Potion","Relic","Relic","Relic","Relic","Relic","Relic","Potion"],"build_version":"2020-12-22","purchased_purges":3,"victory":false,"max_hp_per_floor":[66,66,66,66,66,66,66,66,66,66,66,66,66,66,66,66,62,62,59,59,61,61,66,71,76,76,76,81,86,91,96,96,101,92,97,97,102,102,107,112,117,117,117,122,127,132,132,142,142,147,152,152,152,152,157,157,157],"card_choices":[{"not_picked":[],"picked":"ChaosCard","floor":0.0},{"not_picked":["Backstab","Toxin Wave","Slice"],"picked":"SKIP","floor":1.0},{"not_picked":["PiercingWail","Bomb","ReplayTheSpireMod:Shiv Toss","Deadly Poison"],"picked":"MostiFishMod:Opportunism","floor":3.0},{"not_picked":["Quick Slash","MostiFishMod:PerfectParry","PiercingWail","Terror"],"picked":"Well Laid Plans","floor":4.0},{"not_picked":["MostiFishMod:PerfectParry","Bomb","PiercingWail","Poisoned Stab","Underhanded Strike"],"picked":"SKIP","floor":5.0},{"not_picked":["Underhanded Strike","Dodge and Roll","MostiFishMod:PreservedThorns","Backflip"],"picked":"Acrobatics","floor":6.0},{"not_picked":["Prepared","Blade Dance","Slice","Dagger Spray"],"picked":"Venomology","floor":7.0},{"not_picked":["Flying Knee","Dodge and Roll","Distraction","Leg Sweep"],"picked":"Prepared","floor":10.0},{"not_picked":["Dagger Spray","ReplayTheSpireMod:Speed Training","Deadly Poison","PiercingWail"],"picked":"Acrobatics","floor":11.0},{"not_picked":["MostiFishMod:LethalBlade","Unload","Adrenaline","ReplayTheSpireMod:From All Sides"],"picked":"After Image","floor":16.0},{"not_picked":["Concentrate","Dagger Throw","Flying Knee","Outmaneuver"],"picked":"Acrobatics","floor":18.0},{"not_picked":["ReplayTheSpireMod:Scrap Shanks","Deadly Poison","Slice","Prepared"],"picked":"ReplayTheSpireMod:Tripwire","floor":19.0},{"not_picked":["Deflect","Slice+1","MostiFishMod:PoisonShield","Bouncing Flask"],"picked":"Hidden Blade","floor":21.0},{"not_picked":["MostiFishMod:ThornCasing","Dagger Spray","Cloak And Dagger","Flechettes"],"picked":"MostiFishMod:FullyArmed","floor":23.0},{"not_picked":["Deflect+1","Underhanded Strike","Flechettes","Blade Dance+1"],"picked":"Prepared","floor":24.0},{"not_picked":["Acrobatics","Flying Knee","MostiFishMod:HiddenBlade","Predator"],"picked":"Blade Dance","floor":25.0},{"not_picked":["Dagger Throw","Dodge and Roll","Poisoned Stab","ReplayTheSpireMod:Tripwire"],"picked":"Footwork","floor":28.0},{"not_picked":["PiercingWail","MostiFishMod:PerfectParry","Doppelganger","Bane","Eviscerate"],"picked":"SKIP","floor":29.0},{"not_picked":["All Out Attack","Quick Slash","MostiFishMod:InvigoratingSolution","Noxious Fumes","Burst"],"picked":"SKIP","floor":30.0},{"not_picked":["Dodge and Roll","Poisoned Stab","Acrobatics","Quick Slash","Atom Bomb"],"picked":"SKIP","floor":31.0},{"not_picked":["Unload","Die Die Die","Corpse Explosion","MostiFishMod:SpreadingSpore"],"picked":"Adrenaline","floor":33.0},{"not_picked":["Deflect+1","MostiFishMod:PerfectParry","Underhanded Strike","Endless Agony+1"],"picked":"Well Laid Plans+1","floor":35.0},{"not_picked":["Dagger Throw+1","MostiFishMod:PoisonShield+1","Cloak And Dagger","Flechettes"],"picked":"Prepared+1","floor":37.0},{"not_picked":["Dagger Spray","Hidden Blade","Underhanded Strike","Cloak And Dagger+1","Footwork"],"picked":"SKIP","floor":39.0},{"not_picked":["Prepared","Deadly Poison","Caltrops","Dagger Spray"],"picked":"MostiFishMod:FrostNova","floor":40.0},{"not_picked":["Dodge and Roll","MostiFishMod:WinterMarkForm","MostiFishMod:PoisonShield+1","Blade Dance+1","Prepared+1"],"picked":"SKIP","floor":41.0},{"not_picked":["Hidden Blade+1","MostiFishMod:PoisonShield","Acrobatics","MostiFishMod:LethalBlade"],"picked":"ReplayTheSpireMod:The Works","floor":44.0},{"not_picked":["Deflect+1","Prepared","Footwork","ReplayTheSpireMod:Scrap Shanks","Deadly Poison"],"picked":"SKIP","floor":45.0},{"not_picked":["Cloak And Dagger","Poisoned Stab","Dagger Spray+1","Bane+1","Night Terror"],"picked":"SKIP","floor":46.0},{"not_picked":["Cloak And Dagger","Poisoned Stab","Dagger Spray+1","Bane+1"],"picked":"Night Terror","floor":46.0},{"not_picked":["Noxious Fumes","Underhanded Strike+1","ReplayTheSpireMod:Scrap Shanks+1","Blade Dance","MostiFishMod:PreservedThorns"],"picked":"SKIP","floor":48.0},{"not_picked":["Infinite Blades+1","Toxin Wave","Heel Hook","Poisoned Stab","ReplayTheSpireMod:Shiv Toss"],"picked":"SKIP","floor":55.0}],"player_experience":617941,"relics_obtained":[{"floor":1.0,"key":"SynthV:TestCard"},{"floor":2.0,"key":"Replay:WaspNest"},{"floor":2.0,"key":"MawBank"},{"floor":6.0,"key":"Old Coin"},{"floor":9.0,"key":"CombinedTypeHook"},{"floor":10.0,"key":"BelialBook"},{"floor":13.0,"key":"Replay:Rubber Ducky"},{"floor":19.0,"key":"Meat on the Bone"},{"floor":19.0,"key":"Anchor"},{"floor":23.0,"key":"Quantum Egg"},{"floor":25.0,"key":"Garlic"},{"floor":28.0,"key":"Juzu Bracelet"},{"floor":32.0,"key":"DeadEye"},{"floor":40.0,"key":"Kunai"},{"floor":43.0,"key":"Replay:Mystery Machine"},{"floor":44.0,"key":"BookOfRevelations"},{"floor":46.0,"key":"Gremlin Food"},{"floor":48.0,"key":"Durian"},{"floor":55.0,"key":"Snack Pack"}],"event_choices":[{"damage_healed":0.0,"max_hp_gain":0.0,"max_hp_loss":0.0,"gold_gain":0.0,"event_name":"HidenRoomEvent","player_choice":"Fight","floor":2.0,"gold_loss":0.0,"damage_taken":0.0},{"damage_healed":0.0,"max_hp_gain":0.0,"max_hp_loss":0.0,"gold_gain":0.0,"event_name":"HidenRoomEvent","player_choice":"Fight","floor":19.0,"gold_loss":0.0,"damage_taken":0.0},{"damage_healed":0.0,"max_hp_gain":0.0,"max_hp_loss":0.0,"gold_gain":0.0,"event_name":"Ghosts","player_choice":"Ignored","floor":22.0,"gold_loss":0.0,"damage_taken":0.0},{"cards_removed":["Hidden Blade"],"damage_healed":5.0,"max_hp_gain":0.0,"max_hp_loss":0.0,"gold_gain":0.0,"event_name":"Bonfire Elementals","player_choice":"Offered Common","floor":36.0,"gold_loss":0.0,"damage_taken":0.0},{"cards_removed":["Hidden Blade"],"damage_healed":5.0,"max_hp_gain":0.0,"max_hp_loss":0.0,"gold_gain":0.0,"event_name":"Bonfire Elementals","player_choice":"Offered Special","floor":36.0,"gold_loss":0.0,"damage_taken":0.0}],"is_beta":false,"boss_relics":[{"not_picked":["Coffee Dripper","Transparent"],"picked":"Philosopher\u0027s Stone"},{"not_picked":[]},{"not_picked":["NightmareShop","Replay:Grab Bag"],"picked":"ChiXiaoBlade"},{"not_picked":[]}],"items_purged_floors":[34,38,54],"is_endless":false,"potions_floor_spawned":[3,6,7,10,16,21,24,28,31,37,39,45,46],"killed_by":"Delirium","ascension_level":20}}