{"host":"5v9rfzf5qju8k9wy","time":1611821279,"event":{"mods":["Act Like it!","Arknights The Spire","BaseMod","Gensokyo","Marisa£®ÏF”Í°°ƒß¿Ì…≥£©","Minty Spire (QoL Compilation)","Reimu£®≤©¿ˆ¡È√Œ£©","Remilia£®¿Ÿ√◊¿Ú—«£©","Replay The Spire","StSLib","The Administrix"],"gold_per_floor":[115,125,125,141,17,17,46,46,127,143,160,171,171,171,171,275,275,275,275,50,0,0,0,0,0,0,0,0],"floor_reached":27,"language":"ZHS","playtime":1859,"items_purged":["Defend_Lin:ReiMu"],"score":256,"play_id":"e22398d7-7bf8-4d85-a859-1489c3615bcc","local_time":"20210128160759","is_ascension_mode":false,"campfire_choices":[{"data":"NB:ReiMu","floor":6.0,"key":"SMITH"},{"data":"TakeOff:ReiMu","floor":13.0,"key":"SMITH"},{"data":"Revelation:ReiMu","floor":15.0,"key":"SMITH"},{"data":"PrayRite:ReiMu","floor":24,"key":"SMITH"}],"circlet_count":0,"master_deck":["Strike_Lin:ReiMu","Strike_Lin:ReiMu","Strike_Lin:ReiMu","Strike_Lin:ReiMu","Defend_Lin:ReiMu+1","Defend_Lin:ReiMu","Defend_Lin:ReiMu","NB:ReiMu+1","Stagnation:ReiMu","SpringWay:ReiMu","SubcavityInstant:ReiMu","Revelation:ReiMu+1","LovePray:ReiMu+1","WonderfulDomain:ReiMu","CeremonyResonance:ReiMu","BlastKick2:ReiMu","Dreaming2:ReiMu","TakeOff:ReiMu+1","PrayRite:ReiMu+1","ShadowOfCrow2:ReiMu","InherentArray:ReiMu","ForcedLanding:ReiMu+1","TightArray:ReiMu+1"],"relics":["FlyPower:ReiMu","NeowsBlessing","FossilizedHelix","Vajra","Replay:Bottled Steam","Happy Flower","Molten Egg 2","Ectoplasm","Gensokyo:RedStar","ReplayTheSpireMod:Ring of Collecting","Mango","ReplayTheSpireMod:Ring of Addiction","Potion Belt","Toy Ornithopter"],"acts_visited":["Gensokyo:Gensokyo","Gensokyo:Gensokyoer"],"potions_floor_usage":[25,27],"damage_taken":[{"damage":4.0,"enemies":"Gensokyo:3_Fairies","floor":1.0,"turns":3.0},{"damage":0.0,"enemies":"Gensokyo:2_Kodama","floor":2.0,"turns":1.0},{"damage":0.0,"enemies":"Gensokyo:Python","floor":4.0,"turns":1.0},{"damage":6.0,"enemies":"Gensokyo:Mamizou","floor":7.0,"turns":13.0},{"damage":11.0,"enemies":"Gensokyo:Gryphon_and_Rabbit","floor":10.0,"turns":7.0},{"damage":4.0,"enemies":"Gensokyo:CorruptedTreant","floor":11.0,"turns":5.0},{"damage":9.0,"enemies":"Gensokyo:5_Fairies","floor":12.0,"turns":5.0},{"damage":1.0,"enemies":"Gensokyo:Yukari","floor":16.0,"turns":9.0},{"damage":39.0,"enemies":"Gensokyo:3_Dogs","floor":18.0,"turns":7.0},{"damage":3,"enemies":"Gensokyo:CosmicMonolith","floor":22,"turns":3},{"damage":15,"enemies":"Gensokyo:Koishi","floor":25,"turns":7},{"damage":4,"enemies":"Gensokyo:Mirror_and_Dog","floor":27,"turns":5}],"seed_played":"5168222443329744791","potions_obtained":[{"floor":10.0,"key":"Energy Potion"},{"floor":12.0,"key":"Languid Potion"},{"floor":18.0,"key":"ZuzhouPotion:ReiMu"},{"floor":26,"key":"Languid Potion"},{"floor":26,"key":"FearPotion"},{"floor":26,"key":"Venom Potion"}],"is_trial":false,"path_per_floor":["M","M","T","M","COS","R","E","?","T","M","M","M","R","T","R","B",null,"M","?","$","?","M","?","R","E","T","M"],"character_chosen":"REIMU","items_purchased":["InherentArray:ReiMu","ForcedLanding:ReiMu+1"],"campfire_rested":0,"item_purchase_floors":[20,20],"current_hp_per_floor":[61,61,61,61,61,61,55,61,61,50,46,37,37,37,37,36,71,32,32,32,32,29,29,29,28,28,29,29],"gold":0,"neow_bonus":"THREE_ENEMY_KILL","is_daily":false,"chose_seed":false,"campfire_upgraded":4,"win_rate":0.0,"timestamp":1611821279,"path_taken":["M","M","?","M","COS","R","E","?","T","M","M","?","R","?","R","BOSS","M","?","?","?","M","?","R","E","T","M"],"items_purchased_type":["Card","Card"],"build_version":"2020-12-22","purchased_purges":1,"victory":false,"max_hp_per_floor":[65,65,65,65,65,65,65,71,71,71,71,71,71,71,71,71,71,71,71,71,71,71,71,71,85,85,85,85],"card_choices":[{"not_picked":["CareerPray:ReiMu","OrbThrow:ReiMu"],"picked":"SpringWay:ReiMu","floor":1.0},{"not_picked":["PayForSelf:ReiMu","SpringWay:ReiMu"],"picked":"SubcavityInstant:ReiMu","floor":2.0},{"not_picked":["SubcavityInstant:ReiMu","Meditation:ReiMu"],"picked":"Revelation:ReiMu","floor":4.0},{"not_picked":["InherentArray:ReiMu+1","Conquer:ReiMu+1"],"picked":"LovePray:ReiMu+1","floor":7.0},{"not_picked":["Conquer:ReiMu","SealNeedle:ReiMu"],"picked":"WonderfulDomain:ReiMu","floor":7.0},{"not_picked":["SubcavityInstant:ReiMu","EmergencyTakeOff:ReiMu"],"picked":"CeremonyResonance:ReiMu","floor":10.0},{"not_picked":["CeremonyResonance:ReiMu","KyokaiOfKami:ReiMu"],"picked":"BlastKick2:ReiMu","floor":11.0},{"not_picked":["OrbThrow:ReiMu","SpringWay:ReiMu"],"picked":"Dreaming2:ReiMu","floor":11.0},{"not_picked":["SpringWay:ReiMu","AlertArray:ReiMu"],"picked":"TakeOff:ReiMu","floor":12.0},{"not_picked":["OctopathSalyBorderN:ReiMu+1","Determination:ReiMu+1"],"picked":"PrayRite:ReiMu","floor":16.0},{"not_picked":["Amulet:ReiMu","YinYangSign:ReiMu+1"],"picked":"ShadowOfCrow2:ReiMu","floor":18.0},{"not_picked":["RainPray2:ReiMu","Conquer:ReiMu+1"],"picked":"TightArray:ReiMu+1","floor":22},{"not_picked":["CareerPray:ReiMu","SubcavityInstant:ReiMu","EmergencyTakeOff:ReiMu"],"picked":"SKIP","floor":25}],"player_experience":99983,"relics_obtained":[{"floor":3.0,"key":"FossilizedHelix"},{"floor":7.0,"key":"Vajra"},{"floor":9.0,"key":"Replay:Bottled Steam"},{"floor":14.0,"key":"Molten Egg 2"},{"floor":23,"key":"ReplayTheSpireMod:Ring of Collecting"},{"floor":25,"key":"Mango"},{"floor":26,"key":"ReplayTheSpireMod:Ring of Addiction"},{"floor":26,"key":"Potion Belt"},{"floor":26,"key":"Toy Ornithopter"}],"event_choices":[],"is_beta":false,"boss_relics":[{"not_picked":["ChewingGum","Kintsugi"],"picked":"Ectoplasm"}],"items_purged_floors":[20],"is_endless":false,"potions_floor_spawned":[10,12,18],"killed_by":"Gensokyo:Mirror_and_Dog","ascension_level":0}}