{"host":"mum3ai8oz7qfp6jm","time":1611854292,"event":{"mods":["BaseMod","Minty Spire (QoL Compilation)","Reliquary","Replay The Spire","Shop Mod","StSLib"],"gold_per_floor":[2333,2333,2333,2333,2333,2333,2333,2333,2333,2333,2333,2333,2333,2333,2333,2333,2333,2333,2333,2333,2333,2333,2333,2333,2333,2333,2333,2333,2333,2333,2333,2333,2333,2333,2333,2333,2333,2333,2333,2333,2333,2333,2333,2333,2333,2333,2333,2333,2333,2333,2333,2333,2333,2333,2333,2333],"floor_reached":57,"language":"ZHS","playtime":1962,"items_purged":["Strike_R","Defend_R","Strike_R","Battle Trance+1","Pummel","Twin Strike+1","Bash"],"score":3625,"play_id":"d452667d-708e-49d0-9cdb-0b9ca6506fef","local_time":"20210129011812","is_ascension_mode":true,"campfire_choices":[{"data":"Double Tap","floor":6.0,"key":"SMITH"},{"data":"Battle Trance","floor":8.0,"key":"SMITH"},{"data":"Strike_R","floor":15.0,"key":"PURGE"},{"data":"Flex","floor":23.0,"key":"SMITH"},{"data":"Crow Ritual","floor":27,"key":"SMITH"},{"data":"Pommel Strike","floor":32,"key":"SMITH"},{"data":"Offering","floor":41,"key":"SMITH"},{"floor":49,"key":"RECALL"},{"data":"ReplayTheSpireMod:Private Reserves","floor":53,"key":"SMITH"}],"circlet_count":0,"master_deck":["AscendersBane","Pommel Strike+1","Double Tap+1","Inflame","Dropkick","Flex+1","Shockwave","Crow Ritual+1","Panache","Rage+1","Offering+1","Power Through+1","Offering+1","Panache","Body Slam+1","ReplayTheSpireMod:Private Reserves+1"],"relics":["Burning Blood","Red Skull","Juzu Bracelet","CeramicFish","Matryoshka","Akabeko","White Beast Statue","Medical Kit","Oddly Smooth Stone","Pantograph","Pandora\u0027s Box","ClockworkSouvenir","Blood Vial","Ginger","Dream Catcher","Ancient Tea Set","Shuriken","Pear","Regal Pillow","Nunchaku","Lantern","TheAbacus","Bag of Preparation","Philosopher\u0027s Stone","StoneCalendar","Thread and Needle","Champion Belt","Omamori","Red Mask","Bag of Marbles","Sundial","DollysMirror","Happy Flower","Art of War","War Paint","Orrery","Self Forming Clay","Vajra","Kunai","Lee\u0027s Waffle","Boot"],"acts_visited":["TheCity","TheBeyond","TheEnding"],"potions_floor_usage":[30,31,56],"damage_taken":[{"damage":19.0,"enemies":"Jaw Worm","floor":1.0,"turns":4.0},{"damage":3.0,"enemies":"Small Slimes","floor":7.0,"turns":2.0},{"damage":7.0,"enemies":"2 Louse","floor":12.0,"turns":2.0},{"damage":0.0,"enemies":"Gremlin Nob","floor":14.0,"turns":2.0},{"damage":54.0,"enemies":"Hexaghost","floor":16.0,"turns":4.0},{"damage":22.0,"enemies":"2 Thieves","floor":18.0,"turns":3.0},{"damage":0,"enemies":"3 Byrds","floor":30,"turns":2},{"damage":12,"enemies":"Cultist and Chosen","floor":31,"turns":3},{"damage":7,"enemies":"Automaton","floor":33,"turns":4},{"damage":6,"enemies":"3 Shapes","floor":35,"turns":1},{"damage":6,"enemies":"3 Darklings","floor":36,"turns":2},{"damage":6,"enemies":"Mind Bloom Boss Battle","floor":37,"turns":1},{"damage":6,"enemies":"2 Orb Walkers","floor":38,"turns":2},{"damage":12,"enemies":"R_Hoarder","floor":44,"turns":3},{"damage":6,"enemies":"4 Shapes","floor":45,"turns":2},{"damage":12,"enemies":"Transient","floor":46,"turns":4},{"damage":12,"enemies":"Nemesis","floor":47,"turns":1},{"damage":12,"enemies":"Donu and Deca","floor":50,"turns":2},{"damage":32,"enemies":"Time Eater","floor":51,"turns":3},{"damage":6,"enemies":"Shield and Spear","floor":55,"turns":2},{"damage":40,"enemies":"The Heart","floor":56,"turns":4}],"seed_played":"-7283029301905897977","potions_obtained":[{"floor":16.0,"key":"PowerPotion"},{"floor":18.0,"key":"Regen Potion"},{"floor":30,"key":"BloodPotion"},{"floor":31,"key":"SkillPotion"},{"floor":33,"key":"Adrenaline Potion"},{"floor":35,"key":"PowerPotion"}],"is_trial":false,"path_per_floor":["M","?","?","$","?","R","M","R","T","?","$","M","$","E","R","B",null,"M","?","$","T","?","R","?","$","T","R","T","$","M","M","R","B",null,"M","M","?","?","$","?","R","$","T","E","M","M","E","$","R","B","B",null,"R","$","E","B",null],"character_chosen":"IRONCLAD","items_purchased":["Juzu Bracelet","CeramicFish","Double Tap","PowerPotion","SkillPotion","Inflame","Akabeko","White Beast Statue","Medical Kit","Oddly Smooth Stone","Pantograph","ClockworkSouvenir","Blood Vial","Ginger","Flex","Regal Pillow","Crow Ritual","Lantern","TheAbacus","Bag of Preparation","Death Potion","Panache","Champion Belt","Omamori","Power Through","Bag of Marbles","Sundial","DollysMirror","Panache","Orrery","Self Forming Clay","ReplayTheSpireMod:Private Reserves","Vajra","Kunai","Lee\u0027s Waffle"],"campfire_rested":0,"item_purchase_floors":[4,4,4,4,4,11,11,11,13,13,13,20,20,20,20,25,25,29,29,29,29,29,39,39,39,42,42,42,42,48,48,48,54,54,54],"current_hp_per_floor":[55,55,50,50,39,39,42,42,42,42,42,41,41,47,47,24,77,61,47,47,47,47,47,19,19,19,19,19,19,48,44,44,70,96,98,100,105,105,105,105,105,105,105,103,105,99,95,95,95,99,79,99,99,112,112,78],"gold":2333,"neow_bonus":"REMOVE_CARD","is_daily":false,"chose_seed":false,"campfire_upgraded":7,"win_rate":0.0,"timestamp":1611854292,"path_taken":["M","?","?","$","?","R","M","R","T","?","$","M","?","E","R","BOSS","M","?","?","?","?","R","?","$","T","R","?","$","M","M","R","BOSS","M","M","?","?","?","?","R","$","T","E","M","M","E","$","R","BOSS","BOSS","R","$","E","BOSS"],"items_purchased_type":["Relic","Relic","Card","Potion","Potion","Card","Relic","Relic","Relic","Relic","Relic","Relic","Relic","Relic","Card","Relic","Card","Relic","Relic","Relic","Potion","Card","Relic","Relic","Card","Relic","Relic","Relic","Card","Relic","Relic","Card","Relic","Relic","Relic"],"build_version":"2020-12-22","purchased_purges":7,"victory":true,"max_hp_per_floor":[95,95,95,95,95,95,95,95,95,95,95,95,95,95,95,95,95,95,95,95,95,95,95,105,105,105,105,105,105,105,105,105,105,105,105,105,105,105,105,105,105,105,105,105,105,105,105,105,105,105,105,105,105,112,112,112],"card_choices":[{"not_picked":["ReplayTheSpireMod:Strike From Hell","Clothesline"],"picked":"Pommel Strike","floor":1.0},{"not_picked":["Dual Wield","ReplayTheSpireMod:LeadingStrike"],"picked":"Battle Trance","floor":7.0},{"not_picked":["Iron Wave","Dual Wield"],"picked":"Dropkick","floor":12.0},{"not_picked":["Thunderclap","ReplayReversal"],"picked":"Pummel","floor":14.0},{"not_picked":["Iron Wave","Headbutt","Second Wind"],"picked":"SKIP","floor":18.0},{"not_picked":["Feel No Pain","Searing Blow"],"picked":"Twin Strike+1","floor":24.0},{"not_picked":["Twin Strike","Anger"],"picked":"Shockwave","floor":24.0},{"not_picked":["Second Wind","Heavy Blade"],"picked":"Rage","floor":30},{"not_picked":["Shockwave","Clothesline","Clash"],"picked":"SKIP","floor":31},{"not_picked":["Brutality","Demonic Infusion"],"picked":"Offering","floor":33},{"not_picked":["Flex","Heavy Blade","ReplayTheSpireMod:Stacked+1"],"picked":"SKIP","floor":35},{"not_picked":["Body Slam","Cleave","Warcry"],"picked":"SKIP","floor":36},{"not_picked":["ReplayReversal","Searing Blow","Rupture"],"picked":"SKIP","floor":44},{"not_picked":["Reaper","Wild Strike","Flex+1"],"picked":"SKIP","floor":45},{"not_picked":["Run Through","Replay:Undeath\u0027s Touch","Spot Weakness"],"picked":"SKIP","floor":46},{"not_picked":["Spot Weakness","Uppercut","ReplayTheSpireMod:Strike From Hell"],"picked":"SKIP","floor":47},{"not_picked":["Abandon","Warcry"],"picked":"Body Slam+1","floor":48},{"not_picked":["Shrug It Off","Evolve","Replay:Many Hands"],"picked":"SKIP","floor":55}],"player_experience":656957,"relics_obtained":[{"floor":9.0,"key":"Matryoshka"},{"floor":21.0,"key":"Dream Catcher"},{"floor":21.0,"key":"Ancient Tea Set"},{"floor":24.0,"key":"Shuriken"},{"floor":24.0,"key":"Pear"},{"floor":28,"key":"Nunchaku"},{"floor":37,"key":"StoneCalendar"},{"floor":38,"key":"Thread and Needle"},{"floor":43,"key":"Happy Flower"},{"floor":44,"key":"Art of War"},{"floor":47,"key":"War Paint"},{"floor":55,"key":"Boot"}],"event_choices":[{"damage_healed":0.0,"max_hp_gain":0.0,"max_hp_loss":0.0,"gold_gain":0.0,"event_name":"Liars Game","player_choice":"Ignored","floor":2.0,"gold_loss":0.0,"damage_taken":0.0},{"damage_healed":0.0,"max_hp_gain":0.0,"max_hp_loss":0.0,"gold_gain":0.0,"event_name":"Scrap Ooze","player_choice":"Success","floor":3.0,"gold_loss":0.0,"damage_taken":5.0,"relics_obtained":["Red Skull"]},{"damage_healed":0.0,"max_hp_gain":0.0,"max_hp_loss":0.0,"gold_gain":75.0,"event_name":"World of Goop","player_choice":"Gather Gold","floor":5.0,"gold_loss":0.0,"damage_taken":11.0},{"cards_removed":["Strike_R"],"damage_healed":0.0,"max_hp_gain":0.0,"max_hp_loss":0.0,"gold_gain":0.0,"event_name":"Bonfire Elementals","player_choice":"Offered Basic","floor":10.0,"gold_loss":0.0,"damage_taken":0.0},{"damage_healed":0.0,"max_hp_gain":0.0,"max_hp_loss":0.0,"gold_gain":0.0,"event_name":"Wheel of Change","player_choice":"Damaged","floor":19.0,"gold_loss":0.0,"damage_taken":14.0},{"damage_healed":0,"gold_gain":0,"player_choice":"Fight","damage_taken":0,"max_hp_gain":0,"max_hp_loss":0,"event_name":"MindBloom","floor":37,"gold_loss":0},{"damage_healed":0,"gold_gain":0,"player_choice":"Fight","damage_taken":0,"max_hp_gain":0,"max_hp_loss":0,"event_name":"Mysterious Sphere","floor":38,"gold_loss":0},{"damage_healed":0,"gold_gain":0,"player_choice":"Paid","damage_taken":0,"relics_obtained":["Red Mask"],"max_hp_gain":0,"max_hp_loss":0,"event_name":"Tomb of Lord Red Mask","floor":40,"gold_loss":2333}],"is_beta":false,"boss_relics":[{"not_picked":["Tiny House","Runic Pyramid"],"picked":"Pandora\u0027s Box"},{"not_picked":["Astrolabe","Velvet Choker"],"picked":"Philosopher\u0027s Stone"}],"items_purged_floors":[4,11,13,20,25,48,54],"is_endless":false,"potions_floor_spawned":[7,12,14,16,18,30,31,33,35,36,37,38,44,45,46,47,55],"ascension_level":20}}