{"host":"1omuyl0df1yi03p2","time":1611864081,"event":{"mods":["BaseMod","Colored Map","Colored Powertips","Downfall","Hubris","Infinite Spire","Minty Spire (QoL Compilation)","Replay The Spire","StSLib","The Bug Knight","The Necromancer","The Wild Card"],"gold_per_floor":[215,235,246,1,1,1,33,33,33,33,60,71,71,71,71,71,71],"floor_reached":16,"language":"ENG","playtime":717,"items_purged":[],"score":124,"play_id":"10238f21-ddfd-42b1-b8f3-eaa186ea207b","local_time":"20210128140121","is_ascension_mode":true,"campfire_choices":[{"data":"Darkness","floor":6,"key":"SMITH"},{"floor":8,"key":"REST"},{"floor":10,"key":"REST"},{"floor":15,"key":"REST"}],"circlet_count":0,"master_deck":["Strike_B","Strike_B","Strike_B","Strike_B","Defend_B","Defend_B","Defend_B","Defend_B+1","Zap","Dualcast","Darkness+1","Conserve Battery","Panic Button","BasicCrystalCard+1","Go for the Eyes","Regret","White Noise","FIFO Queue","Cold Snap","Leap"],"relics":["Cracked Core","Raider\u0027s Mask","Replay:Rubber Ducky","Prayer Wheel","Solar Panel","War Paint","hubris:Towel"],"acts_visited":["Exordium"],"potions_floor_usage":[7,7,16],"damage_taken":[{"damage":3,"enemies":"2 Louse","floor":1,"turns":3},{"damage":13,"enemies":"Small Slimes","floor":2,"turns":4},{"damage":0,"enemies":"Cultist","floor":3,"turns":3},{"damage":54,"enemies":"Gremlin Nob","floor":7,"turns":5},{"damage":45,"enemies":"3 Sentries","floor":11,"turns":6},{"damage":3,"enemies":"Looter","floor":12,"turns":3},{"damage":23,"enemies":"The Guardian","floor":16,"turns":5}],"seed_played":"3663009874881556727","potions_obtained":[{"floor":1,"key":"Block Potion"},{"floor":3,"key":"bronze:BurnAndBuffPotion"},{"floor":7,"key":"hexamod:SoulburnPotion"}],"is_trial":false,"path_per_floor":["M","M","M","$","?","R","E","R","T","R","E","M","?","?","R","B"],"character_chosen":"DEFECT","items_purchased":["Raider\u0027s Mask","BasicCrystalCard","Go for the Eyes"],"campfire_rested":3,"item_purchase_floors":[4,4,4],"current_hp_per_floor":[72,59,59,59,59,59,5,27,27,49,4,1,1,1,23,0,0],"gold":71,"neow_bonus":"HUNDRED_GOLD","is_daily":false,"chose_seed":false,"campfire_upgraded":1,"win_rate":0.0,"timestamp":1611864081,"path_taken":["M","M","M","$","?","R","E","R","T","R","E","M","?","?","R","BOSS"],"items_purchased_type":["Relic","Card","Card"],"build_version":"2020-12-22","purchased_purges":0,"victory":false,"max_hp_per_floor":[75,75,75,75,75,75,75,75,75,75,75,75,75,75,75,75,75],"card_choices":[{"not_picked":["Leap","Sweeping Beam"],"picked":"Darkness","floor":1},{"not_picked":["All For One","Coolheaded"],"picked":"Conserve Battery","floor":2},{"not_picked":["Steam","Aggregate"],"picked":"Panic Button","floor":3},{"not_picked":["Go for the Eyes","Hologram"],"picked":"White Noise","floor":7},{"not_picked":["Stack","Reinforced Body"],"picked":"FIFO Queue","floor":11},{"not_picked":["Heatsinks","BasicCrystalCard"],"picked":"Cold Snap","floor":12},{"not_picked":["ReplayTheSpireMod:System Scan","Double Energy"],"picked":"Leap","floor":12}],"player_experience":185697,"relics_obtained":[{"floor":7,"key":"Prayer Wheel"},{"floor":9,"key":"Solar Panel"},{"floor":11,"key":"War Paint"}],"event_choices":[{"damage_healed":0,"gold_gain":0,"player_choice":"Box","damage_taken":0,"relics_obtained":["Replay:Rubber Ducky"],"max_hp_gain":0,"max_hp_loss":0,"event_name":"Big Fish","floor":5,"gold_loss":0,"cards_obtained":["Regret"]},{"damage_healed":0,"gold_gain":0,"player_choice":"Ignored","damage_taken":0,"max_hp_gain":0,"max_hp_loss":0,"event_name":"Shining Light","floor":14,"gold_loss":0}],"is_beta":false,"boss_relics":[],"items_purged_floors":[],"is_endless":false,"potions_floor_spawned":[1,3,7],"killed_by":"The Guardian","ascension_level":3}}