{"host":"jhywql2x2v3ppvhm","time":1611853850,"event":{"mods":["BaseMod","Colored Map","Colored Powertips","Downfall","Googly Eyes","Hermit","Marisa????????","Minty Spire (QoL Compilation)","Rare Cards Sparkle","Slay the Relics Exporter","StSLib","The Animator","The Bug Knight","The Cursed","The Disciple","The Necromancer","The Runesmith","The Servant 0.9.4","slay the spire mod where everything is the same but ironclad has a cowboy hat"],"gold_per_floor":[99,115,115,132,142,142,142,74,74,99,549,349,383,462,474,474,474,474],"floor_reached":16,"language":"ENG","playtime":911,"items_purged":[],"score":123,"play_id":"aaaea206-f0bf-41c8-a47b-610b28a60be6","local_time":"20210128121050","is_ascension_mode":false,"campfire_choices":[{"data":"champ:Taunt","floor":1,"key":"SMITH"},{"data":"champ:PreciseThrust","floor":6,"key":"SMITH"},{"floor":9,"key":"RECALL"},{"data":"champ:Shatter","floor":12,"key":"SMITH"}],"circlet_count":0,"master_deck":["champ:Strike","champ:Strike","champ:Strike","champ:Strike","champ:Defend","champ:Defend","champ:Defend","champ:Defend","champ:Execute","champ:Taunt+1","champ:FlashCut","Regret","champ:PreciseThrust+1","champ:EnGarde","champ:BringItOn","champ:Shatter+1","champ:TornadoPunch","downfall:Icky","downfall:Icky","downfall:Icky","champ:SetATrap","champ:AdrenalArmor"],"relics":["champ:ChampionCrown","Juzu Bracelet","Odd Mushroom","downfall:HeartBlessingRed","downfall:HeartBlessingBlue","Peace Pipe","Sundial"],"acts_visited":["Exordium"],"potions_floor_usage":[16],"damage_taken":[{"damage":22,"enemies":"Jaw Worm","floor":2,"turns":6},{"damage":3,"enemies":"2 Louse","floor":4,"turns":3},{"damage":14,"enemies":"Cultist","floor":5,"turns":4},{"damage":7,"enemies":"downfall:FleeingMerchant","floor":8,"turns":4},{"damage":12,"enemies":"The Mushroom Lair","floor":10,"turns":5},{"damage":22,"enemies":"Gremlin Nob","floor":13,"turns":4},{"damage":19,"enemies":"Gremlin Gang","floor":15,"turns":5},{"damage":66,"enemies":"IC_STATUS_ARCHETYPE","floor":16,"turns":8}],"seed_played":"7106611505718546052","potions_obtained":[{"floor":4,"key":"SpeedPotion"},{"floor":5,"key":"DistilledChaos"},{"floor":13,"key":"Strength Potion"}],"is_trial":false,"path_per_floor":["R","M","?","M","M","R","T","$","R","?","?","R","E","T","M","B"],"character_chosen":"THE_CHAMP","items_purchased":["champ:Shatter"],"campfire_rested":0,"item_purchase_floors":[8],"current_hp_per_floor":[99,92,92,89,85,85,85,83,83,71,71,81,59,59,50,0,0,0],"gold":474,"neow_bonus":"TEN_PERCENT_HP_BONUS","is_daily":false,"chose_seed":false,"campfire_upgraded":3,"win_rate":0.0,"timestamp":1611853850,"path_taken":["R","M","?","M","M","R","T","$","R","?","?","R","E","?","M","BOSS"],"items_purchased_type":["Card"],"build_version":"2020-12-22","purchased_purges":0,"victory":false,"max_hp_per_floor":[99,99,99,99,99,99,99,99,99,99,99,109,109,109,109,109,109,109],"card_choices":[{"not_picked":["champ:GladiatorStyle","champ:FalseCounter"],"picked":"champ:FlashCut","floor":2},{"not_picked":["champ:FanOfKnives","champ:Circumvent"],"picked":"champ:PreciseThrust","floor":4},{"not_picked":["champ:PreciseThrust","champ:ShieldSlam"],"picked":"champ:EnGarde","floor":5},{"not_picked":["champ:Encircle","champ:FlashCut"],"picked":"champ:BringItOn","floor":8},{"not_picked":["champ:Duel","champ:Parry"],"picked":"champ:TornadoPunch","floor":10},{"not_picked":["champ:Haymaker","champ:RisingSlash"],"picked":"champ:SetATrap","floor":13},{"not_picked":["champ:PreemptiveStrike","champ:Lariat"],"picked":"champ:AdrenalArmor","floor":15}],"player_experience":185761,"relics_obtained":[{"floor":10,"key":"Odd Mushroom"},{"floor":13,"key":"Peace Pipe"},{"floor":14,"key":"Sundial"}],"event_choices":[{"damage_healed":0,"gold_gain":0,"player_choice":"Box","damage_taken":0,"relics_obtained":["Juzu Bracelet"],"max_hp_gain":0,"max_hp_loss":0,"event_name":"Big Fish","floor":3,"gold_loss":0,"cards_obtained":["Regret"]},{"damage_healed":0,"gold_gain":0,"player_choice":"Fought Mushrooms","damage_taken":0,"max_hp_gain":0,"max_hp_loss":0,"event_name":"Mushrooms","floor":10,"gold_loss":0}],"is_beta":false,"boss_relics":[],"items_purged_floors":[],"is_endless":false,"potions_floor_spawned":[4,5,13],"killed_by":"IC_STATUS_ARCHETYPE","ascension_level":0}}