{"host":"sav7uxregyirlf69","time":1611820899,"event":{"mods":["AchievementEnabler","BaseMod","Colored Map","DeckTracker","Keyboard Shortcuts","Minty Spire (QoL Compilation)","READ ME - Guardian Mod","StSLib","SuperFastMode"],"gold_per_floor":[111,124,49,49,69,69,81,28,28,55,55,55,55],"floor_reached":12,"language":"KOR","playtime":185,"items_purged":[],"score":156,"play_id":"0fb03be5-f98e-4c09-b2a6-83553b22d582","local_time":"20210128170139","is_ascension_mode":true,"campfire_choices":[{"floor":6,"key":"REST"}],"circlet_count":0,"master_deck":["AscendersBane","Strike_R","Strike_R","Strike_R","Strike_R","Defend_R+1","Defend_R","Defend_R+1","Defend_R","Bash","Purity","Shrug It Off","Hemokinesis","Battle Trance+1","Warcry+1","Body Slam","Dark Embrace"],"relics":["Burning Blood","Toxic Egg 2","War Paint","Darkstone Periapt"],"acts_visited":["Exordium"],"potions_floor_usage":[10],"damage_taken":[{"damage":6,"enemies":"2 Louse","floor":1,"turns":3},{"damage":12,"enemies":"Jaw Worm","floor":2,"turns":6},{"damage":8,"enemies":"Cultist","floor":5,"turns":3},{"damage":12,"enemies":"2 Fungi Beasts","floor":7,"turns":3},{"damage":36,"enemies":"3 Sentries","floor":10,"turns":10},{"damage":62,"enemies":"Gremlin Nob","floor":12,"turns":4}],"seed_played":"4086116784731130548","potions_obtained":[{"floor":1,"key":"Weak Potion"},{"floor":5,"key":"BloodPotion"}],"is_trial":false,"path_per_floor":["M","M","?","?","M","R","M","$","T","E","?","E"],"character_chosen":"IRONCLAD","items_purchased":["Body Slam"],"campfire_rested":1,"item_purchase_floors":[8],"current_hp_per_floor":[68,62,62,17,15,37,31,31,31,16,41,0,0],"gold":55,"neow_bonus":"RANDOM_COLORLESS","is_daily":false,"chose_seed":false,"campfire_upgraded":0,"win_rate":0.0,"timestamp":1611820899,"path_taken":["M","M","?","?","M","R","M","$","T","E","?","E"],"items_purchased_type":["Card"],"build_version":"2020-12-22","purchased_purges":0,"victory":false,"max_hp_per_floor":[75,75,75,75,75,75,75,75,75,75,75,75,75],"card_choices":[{"not_picked":["Discovery","Mind Blast"],"picked":"Purity","floor":0},{"not_picked":["Entrench","Body Slam"],"picked":"Shrug It Off","floor":1},{"not_picked":["Reckless Charge","Clothesline"],"picked":"Hemokinesis","floor":2},{"not_picked":["Carnage","Havoc+1"],"picked":"Battle Trance+1","floor":5},{"not_picked":["Iron Wave","Searing Blow"],"picked":"Warcry+1","floor":7},{"not_picked":["Warcry+1","Heavy Blade"],"picked":"Dark Embrace","floor":10}],"player_experience":1416608,"relics_obtained":[{"floor":9,"key":"War Paint"},{"floor":10,"key":"Darkstone Periapt"}],"event_choices":[{"cards_removed":["Strike_R"],"damage_healed":0,"gold_gain":0,"player_choice":"Card Removal","damage_taken":0,"max_hp_gain":0,"max_hp_loss":0,"event_name":"The Cleric","floor":3,"gold_loss":75},{"damage_healed":0,"gold_gain":0,"player_choice":"Success","damage_taken":45,"relics_obtained":["Toxic Egg 2"],"max_hp_gain":0,"max_hp_loss":0,"event_name":"Scrap Ooze","floor":4,"gold_loss":0},{"damage_healed":25,"gold_gain":0,"player_choice":"Banana","damage_taken":0,"max_hp_gain":0,"max_hp_loss":0,"event_name":"Big Fish","floor":11,"gold_loss":0}],"is_beta":false,"boss_relics":[],"items_purged_floors":[],"is_endless":false,"potions_floor_spawned":[1,5],"killed_by":"Gremlin Nob","ascension_level":20}}