{"host":"6r9t33axn0fzb9aq","time":1611844208,"event":{"mods":["Aspiration","BaseMod","Better Altar","Better Match","Better Note","Better Third Choice","CatGirl Mod","Clockwork Mod","Colored Map","Colored Powertips","Conspire","Curses Come First","Custom Start","Energized Spire","Halation","Hubris","Infinite Spire","Koishi","Marisa????????","Minty Spire (QoL Compilation)","Onozuka Komachi Mod","Poor People Problems","Reliquary","Remilia??????","Replay The Spire","Reworked Bosses","Shade Mod","Spicy Shops","Spire Arcade","StSLib","The Blue Laboratory","The Cursed","The Death Knight","The Hierophant","The Marked","The Necromancer","The Servant 0.9.4","TheHero","Trackpad","Waifu the Spire","Wandering Minibosses"],"gold_per_floor":[115,185,201,31,51,85,148,178,232,212,229,229,262,280,380,484,484,494,434,411,426,426,426,437,464,464,611,611,626,640,740,740,837,837,847,862,655,655,672,672,1002,1017,1017,1017,1045,1045,1072,1087,1087,1087,1087,1087,585,616,636],"floor_reached":56,"language":"ENG","playtime":5971,"items_purged":[],"score":1399,"play_id":"72added0-e61b-41d5-ac93-8c00e7e4fde2","local_time":"20210128143008","is_ascension_mode":false,"campfire_choices":[{"data":"EternalNight","floor":12.0,"key":"SMITH"},{"floor":23.0,"key":"RECALL"},{"data":"BloodRain","floor":32.0,"key":"SMITH"},{"data":"MastersStateliness+1","floor":40,"key":"SMITH"},{"floor":49,"key":"DIG"},{"data":"DemonKingCradle+1","floor":52,"key":"SMITH"}],"circlet_count":0,"master_deck":["Strike_RM","Strike_RM","Strike_RM","Defend_RM","Defend_RM","Defend_RM","Defend_RM","RedMoon","ScarletShoot","VampireKiss","StarOfDavid","HeartBreak","EternalNight+1","VampireKiss","MastersStateliness","BloodHunter","MastersStateliness","RedNightlessCastle","MastersStateliness","BloodRain+1","UnderTheZenith","RedRainbow","RedRainbow","UnstableMagic","DiffusionOfMisfortune+1","BombardNight","RedNightlessCastle","MastersStateliness+2","MastersStateliness","DemonKingCradle+2","RedRainbow","NightDance","BloodRain+1","DiffusionOfMisfortune","RedRainbow","RedRainbow","Madness","HunterOfTheNight"],"relics":["ScarletHat","NeowsBlessing","halation:SwordOfLegend","Gremlin Horn","reliquary:WeakTea","conspire:InfiniteJournal","conspire:SpecialSausage","Mercury Hourglass","infinitespire:EmpoweringShard","Centennial Puzzle","Vajra","Replay:Wanted Poster","Busted Crown","Membership Card","wanderingMiniBosses:LockLocket","infinitespire:Satchel","Replay:WaspNest","theCatGirl:Ambush","halation:LettersToHer","trackpad:WindUpAutoDealer","infinitespire:Joker Card","aspiration:Lifesprig","Kunai","reliquary:Stiletto"],"acts_visited":["Exordium","TheCity","TheBeyond","TheEnding"],"potions_floor_usage":[45,55,55],"damage_taken":[{"damage":0.0,"enemies":"Jaw Worm","floor":1.0,"turns":1.0},{"damage":0.0,"enemies":"2 Louse","floor":3.0,"turns":2.0},{"damage":0.0,"enemies":"conspire:RoseBush","floor":5.0,"turns":1.0},{"damage":7.0,"enemies":"Replay:BlueRogue","floor":6.0,"turns":11.0},{"damage":1.0,"enemies":"Lagavulin Event","floor":7.0,"turns":5.0},{"damage":0.0,"enemies":"Gremlin Nob","floor":8.0,"turns":3.0},{"damage":0.0,"enemies":"Exordium Thugs","floor":11.0,"turns":4.0},{"damage":7.0,"enemies":"3 Sentries","floor":13.0,"turns":10.0},{"damage":9.0,"enemies":"Gremlin Gang","floor":14.0,"turns":4.0},{"damage":35.0,"enemies":"Fading Forest","floor":16.0,"turns":11.0},{"damage":0.0,"enemies":"Shell Parasite","floor":18.0,"turns":6.0},{"damage":11.0,"enemies":"2 Thieves","floor":21.0,"turns":4.0},{"damage":0.0,"enemies":"Chosen and Byrds","floor":24.0,"turns":6.0},{"damage":11.0,"enemies":"Gremlin Leader","floor":25.0,"turns":3.0},{"damage":0.0,"enemies":"conspire:HollyBat","floor":27.0,"turns":8.0},{"damage":0.0,"enemies":"Sentry and Sphere","floor":29.0,"turns":2.0},{"damage":0.0,"enemies":"Chosen and Byrds","floor":30.0,"turns":3.0},{"damage":0.0,"enemies":"conspire:MysteriousRune","floor":33.0,"turns":4.0},{"damage":0.0,"enemies":"Orb Walker","floor":35.0,"turns":2.0},{"damage":0.0,"enemies":"3 Darklings","floor":36.0,"turns":2.0},{"damage":18,"enemies":"Sphere and 2 Shapes","floor":39,"turns":2},{"damage":20,"enemies":"4 Shapes","floor":41,"turns":3},{"damage":0,"enemies":"Transient","floor":42,"turns":5},{"damage":11,"enemies":"Nemesis","floor":45,"turns":5},{"damage":1,"enemies":"Giant Head","floor":47,"turns":5},{"damage":6,"enemies":"3 Darklings","floor":48,"turns":3},{"damage":0,"enemies":"bossMod:newAwakened","floor":50,"turns":8},{"damage":63,"enemies":"Shield and Spear","floor":54,"turns":4},{"damage":35,"enemies":"The Heart","floor":55,"turns":5}],"seed_played":"3439828292604500209","potions_obtained":[{"floor":1.0,"key":"DistilledChaos"},{"floor":6.0,"key":"SkillPotion"},{"floor":7.0,"key":"blueLaboratory:HorrorPotion"},{"floor":10.0,"key":"blueLaboratory:EnragingPotion"},{"floor":13.0,"key":"blueLaboratory:RememoryPotion"},{"floor":21.0,"key":"Elixir"},{"floor":25.0,"key":"Dexterity Potion"},{"floor":29.0,"key":"blueLaboratory:BottledHope"},{"floor":33.0,"key":"Adrenaline Potion"},{"floor":39,"key":"blueLaboratory:BottleOfRum"},{"floor":42,"key":"blueLaboratory:LouseDecoction"},{"floor":47,"key":"Languid Potion"}],"is_trial":false,"path_per_floor":["M","?","M","$","M","E","?","E","T","?","M","R","E","M","R_BF","B",null,"M","?","$","M","$","R","M","E","T","M","T","M","M","AVR","R","B",null,"M","M","$","?","M","R","M","M","T","?","E","?","E","M","R_BF","B",null,"R","$","E","B",null],"character_chosen":"REMILIA","items_purchased":["HeartBreak","RedRainbow","Membership Card","RedRainbow","NightDance","RedRainbow","Madness","trackpad:WindUpAutoDealer","infinitespire:Joker Card","aspiration:Lifesprig","SkillPotion","BlessingOfTheForge","Kunai"],"campfire_rested":0,"item_purchase_floors":[4,20,37,37,37,53,53,53,53,53,53,53,53],"current_hp_per_floor":[75,75,75,75,75,73,74,75,75,75,75,75,72,64,67,68,75,75,75,75,67,67,75,75,75,75,75,75,75,75,75,75,75,75,75,75,75,75,61,73,75,75,75,75,69,69,75,72,75,75,75,75,75,35,20],"gold":636,"neow_bonus":"THREE_ENEMY_KILL","is_daily":false,"chose_seed":false,"campfire_upgraded":4,"win_rate":0.0,"timestamp":1611844208,"path_taken":["M","?","M","$","M","E","?","E","T","?","M","R","E","?","R_BF","BOSS","M","?","$","M","$","R","M","E","T","M","?","M","M","AVR","R","BOSS","M","M","$","?","M","R","?","M","T","?","E","?","E","M","R_BF","BOSS","R","$","E","BOSS"],"items_purchased_type":["Card","Card","Relic","Card","Card","Card","Card","Relic","Relic","Relic","Potion","Potion","Relic"],"build_version":"2020-12-22","purchased_purges":0,"victory":true,"max_hp_per_floor":[75,75,75,75,75,75,75,75,75,75,75,75,75,75,75,75,75,75,75,75,75,75,75,75,75,75,75,75,75,75,75,75,75,75,75,75,75,75,75,75,75,75,75,75,75,75,75,75,75,75,75,75,75,75,75],"card_choices":[{"not_picked":["VampireClaw","BloodHunter"],"picked":"VampireKiss","floor":1.0},{"not_picked":["VampireKiss","Stigmanizer"],"picked":"StarOfDavid","floor":3.0},{"not_picked":["ScarletGensokyo","UnstableMagic"],"picked":"EternalNight","floor":5.0},{"not_picked":["VampireSweep","DevilSight"],"picked":"VampireKiss","floor":6.0},{"not_picked":["StarOfDavid","ScarletCoffin"],"picked":"MastersStateliness","floor":7.0},{"not_picked":["ScarletImprint","VampireKiss"],"picked":"BloodHunter","floor":8.0},{"not_picked":["EndlessAdversity","UnstableMagic"],"picked":"MastersStateliness","floor":11.0},{"not_picked":["EndlessAdversity","UltimateOffering"],"picked":"RedNightlessCastle","floor":13.0},{"not_picked":["ForbiddenFruit","RedNightlessCastle"],"picked":"MastersStateliness","floor":14.0},{"not_picked":["ScarletMeister","HellCatastrophe"],"picked":"BloodRain","floor":16.0},{"not_picked":["EndlessAdversity","ScarletImprint"],"picked":"Stigmanizer+1","floor":18.0},{"not_picked":["HellCatastrophe","ScarletDevil"],"picked":"UnstableMagic","floor":21.0},{"not_picked":["VampirishNight","UltimateOffering+1"],"picked":"DiffusionOfMisfortune+1","floor":24.0},{"not_picked":["EmergencyRegeneration+1","StarOfDavid"],"picked":"BombardNight","floor":25.0},{"not_picked":["VampireFantasy","FavorOfDestiny"],"picked":"RedNightlessCastle","floor":27.0},{"not_picked":["MiserableFate","BombardNight"],"picked":"MastersStateliness+1","floor":29.0},{"not_picked":["RedRainbow","StarOfDavid"],"picked":"MastersStateliness","floor":30.0},{"not_picked":["ScarletCoffin","ForecastOfChange"],"picked":"DemonKingCradle","floor":33.0},{"not_picked":["CharismaGuard+1"],"picked":"SKIP","floor":35.0},{"not_picked":["EmergencyRegeneration"],"picked":"SKIP","floor":36.0},{"not_picked":["NightLord"],"picked":"SKIP","floor":39},{"not_picked":[],"picked":"DiffusionOfMisfortune","floor":41},{"not_picked":["ScarletImprint"],"picked":"SKIP","floor":42},{"not_picked":[],"picked":"RedRainbow","floor":45},{"not_picked":["EndlessAdversity"],"picked":"SKIP","floor":47},{"not_picked":["SuperhumanBloodyKnife+1"],"picked":"SKIP","floor":48},{"not_picked":[],"picked":"HunterOfTheNight","floor":54}],"player_experience":416115,"relics_obtained":[{"floor":6.0,"key":"halation:SwordOfLegend"},{"floor":7.0,"key":"Gremlin Horn"},{"floor":8.0,"key":"reliquary:WeakTea"},{"floor":13.0,"key":"conspire:InfiniteJournal"},{"floor":25.0,"key":"Mercury Hourglass"},{"floor":26.0,"key":"infinitespire:EmpoweringShard"},{"floor":28.0,"key":"Centennial Puzzle"},{"floor":41,"key":"wanderingMiniBosses:LockLocket"},{"floor":43,"key":"infinitespire:Satchel"},{"floor":45,"key":"Replay:WaspNest"},{"floor":47,"key":"theCatGirl:Ambush"},{"floor":49,"key":"halation:LettersToHer"},{"floor":54,"key":"reliquary:Stiletto"}],"event_choices":[{"damage_healed":0.0,"max_hp_gain":0.0,"max_hp_loss":0.0,"gold_gain":70.0,"event_name":"Golden Wing","player_choice":"Gained Gold","floor":2.0,"gold_loss":0.0,"damage_taken":0.0},{"damage_healed":0.0,"max_hp_gain":0.0,"max_hp_loss":0.0,"gold_gain":0.0,"event_name":"Dead Adventurer","player_choice":"Searched \u00271\u0027 times","floor":7.0,"gold_loss":0.0,"damage_taken":0.0},{"damage_healed":0.0,"max_hp_gain":0.0,"max_hp_loss":0.0,"gold_gain":0.0,"event_name":"The Woman in Blue","player_choice":"Bought 1 Potion","floor":10.0,"gold_loss":0.0,"damage_taken":0.0},{"damage_healed":0.0,"max_hp_gain":0.0,"max_hp_loss":0.0,"gold_gain":100.0,"event_name":"Wheel of Change","player_choice":"Gold","floor":15.0,"gold_loss":0.0,"damage_taken":0.0},{"damage_healed":0.0,"max_hp_gain":0.0,"max_hp_loss":0.0,"gold_gain":0.0,"cards_transformed":["Strike_RM","Stigmanizer"],"event_name":"Designer","player_choice":"Transformed Cards","floor":19.0,"gold_loss":60.0,"damage_taken":0.0,"cards_obtained":["UnderTheZenith","RedRainbow"]},{"damage_healed":0,"gold_gain":0,"player_choice":"Copied","damage_taken":0,"max_hp_gain":0,"max_hp_loss":0,"event_name":"Duplicator","floor":38,"gold_loss":0,"cards_obtained":["BloodRain"]},{"damage_healed":0,"gold_gain":0,"player_choice":"Leave","damage_taken":0,"max_hp_gain":0,"max_hp_loss":0,"event_name":"conspire:Investor","floor":44,"gold_loss":0},{"damage_healed":0,"gold_gain":0,"player_choice":"Forge","damage_taken":0,"max_hp_gain":0,"max_hp_loss":0,"event_name":"Accursed Blacksmith","floor":46,"gold_loss":0,"cards_upgraded":["DemonKingCradle"]}],"is_beta":false,"boss_relics":[{"not_picked":["Kintsugi","aspiration:FutureDiary"],"picked":"conspire:SpecialSausage"},{"not_picked":["Sozu","Coffee Dripper"],"picked":"Busted Crown"}],"items_purged_floors":[],"is_endless":false,"potions_floor_spawned":[1,6,7,11,13,21,25,29,33,35,39,42,47],"ascension_level":0}}