{"host":"xnmm48bggm313m0r","time":1611811754,"event":{"mods":["Arknights The Spire","BaseMod","Curses Come First","Hermit","KOR Keyword Fix","Lobotomy","Minty Spire (QoL Compilation)","Replay The Spire","StSLib"],"gold_per_floor":[115,190,210,230,230,230,180,212,212,212,224,224,124,152,152,257,257,276,351,373,378,378],"floor_reached":21,"language":"KOR","playtime":1235,"items_purged":["hermit:Strike_Hermit"],"score":187,"play_id":"857002c6-e019-485b-b7a5-857373779bb9","local_time":"20210128142914","daily_mods":["Heirloom","Time Dilation"],"is_ascension_mode":false,"campfire_choices":[{"data":"hermit:Snapshot","floor":6,"key":"SMITH"},{"floor":10,"key":"REST"},{"floor":15,"key":"REST"}],"circlet_count":0,"master_deck":["Wraith Form v2","Echo Form","DevaForm","hermit:Strike_Hermit","hermit:Strike_Hermit","hermit:Defend_Hermit","hermit:Defend_Hermit","hermit:Defend_Hermit","hermit:Defend_Hermit","hermit:Snapshot+1","hermit:Covet","hermit:Scavenge","hermit:Dive","hermit:Quickdraw","hermit:Coalescence+1","hermit:LowProfile","hermit:Grudge","hermit:LowProfile","hermit:Showdown","hermit:FatalDesire","hermit:TrackingShot","hermit:Deadeye+1"],"relics":["hermit:Momento","hermit:RedScarf","StrikeDummy","InkBottle","Oddly Smooth Stone","Bag of Preparation"],"acts_visited":["Exordium","TheCity"],"potions_floor_usage":[8,14,16],"damage_taken":[{"damage":2,"enemies":"Small Slimes","floor":1,"turns":4},{"damage":14,"enemies":"Jaw Worm","floor":3,"turns":6},{"damage":1,"enemies":"2 Louse","floor":4,"turns":5},{"damage":56,"enemies":"3 Sentries","floor":8,"turns":11},{"damage":0,"enemies":"Large Slime","floor":11,"turns":5},{"damage":7,"enemies":"Lagavulin","floor":14,"turns":7},{"damage":24,"enemies":"The Guardian","floor":16,"turns":10},{"damage":29,"enemies":"Chosen","floor":18,"turns":6},{"damage":26,"enemies":"3 Byrds","floor":20,"turns":8},{"damage":2,"enemies":"Centurion and Healer","floor":21,"turns":3}],"seed_played":"-6013513579554784234","potions_obtained":[{"floor":3,"key":"Energy Potion"},{"floor":11,"key":"Energy Potion"},{"floor":14,"key":"Block Potion"},{"floor":16,"key":"BlessingOfTheForge"},{"floor":18,"key":"SteroidPotion"}],"is_trial":true,"path_per_floor":["M","?","M","M","?","R","?","E","T","R","M","?","$","E","R","B",null,"M","?","M","M"],"character_chosen":"HERMIT","items_purchased":["hermit:LowProfile"],"campfire_rested":2,"item_purchase_floors":[13],"current_hp_per_floor":[73,73,59,58,58,58,58,2,2,24,24,21,21,14,36,12,75,46,39,13,11,11],"gold":378,"neow_bonus":"","is_daily":false,"chose_seed":false,"campfire_upgraded":1,"win_rate":0.0,"timestamp":1611811754,"path_taken":["M","?","M","M","?","R","?","E","T","R","M","?","$","E","R","BOSS","M","?","M","M"],"items_purchased_type":["Card"],"build_version":"2020-12-22","purchased_purges":1,"victory":false,"max_hp_per_floor":[75,75,75,75,75,75,75,75,75,75,75,75,75,75,75,75,75,75,75,75,75,75],"card_choices":[{"not_picked":["hermit:Desperado","hermit:CalledShot"],"picked":"hermit:Scavenge","floor":1},{"not_picked":["hermit:Glare","hermit:Snipe"],"picked":"hermit:Dive","floor":3},{"not_picked":["hermit:Glare","hermit:FullyLoaded"],"picked":"hermit:Quickdraw","floor":4},{"not_picked":["hermit:Feint","hermit:TakeAim"],"picked":"hermit:LowProfile","floor":8},{"not_picked":["hermit:Misfire","hermit:Cheat"],"picked":"hermit:Grudge","floor":11},{"not_picked":["hermit:Quickdraw","hermit:Malice"],"picked":"hermit:Showdown","floor":14},{"not_picked":["hermit:OverwhelmingPower","hermit:EternalForm"],"picked":"hermit:FatalDesire","floor":16},{"not_picked":["hermit:Feint+1","hermit:EyeOfTheStorm"],"picked":"hermit:TrackingShot","floor":18},{"not_picked":["hermit:Desperado","hermit:BigShot"],"picked":"hermit:Deadeye+1","floor":20}],"player_experience":144361,"relics_obtained":[{"floor":8,"key":"StrikeDummy"},{"floor":9,"key":"InkBottle"},{"floor":14,"key":"Bag of Preparation"}],"event_choices":[{"damage_healed":0,"gold_gain":75,"player_choice":"Gained Gold","damage_taken":0,"max_hp_gain":0,"max_hp_loss":0,"event_name":"Golden Wing","floor":2,"gold_loss":0},{"cards_removed":["Demon Form"],"damage_healed":0,"gold_gain":0,"player_choice":"Card Removal","damage_taken":0,"max_hp_gain":0,"max_hp_loss":0,"event_name":"The Cleric","floor":7,"gold_loss":50},{"damage_healed":0,"gold_gain":0,"player_choice":"Success","damage_taken":3,"relics_obtained":["Oddly Smooth Stone"],"max_hp_gain":0,"max_hp_loss":0,"event_name":"Scrap Ooze","floor":12,"gold_loss":0},{"damage_healed":0,"gold_gain":75,"player_choice":"Touch","damage_taken":7,"max_hp_gain":0,"max_hp_loss":0,"event_name":"FaceTrader","floor":19,"gold_loss":0}],"is_beta":false,"boss_relics":[{"not_picked":["Runic Dome","Replay:Bronze Core","Ectoplasm"]}],"items_purged_floors":[13],"is_endless":true,"potions_floor_spawned":[3,11,14,16,18],"killed_by":"Centurion and Healer","ascension_level":0}}