{"host":"lnnm69al9x392px5","time":1611812761,"event":{"mods":["BaseMod","Downfall","Hermit","Minty Spire (QoL Compilation)","Replay The Spire","StSLib","The Cursed"],"gold_per_floor":[99,122,572,175,175,201,224,224,65,65,92,133,133,167,188,334,334,334,355,355,383,426,426,426,460,490,490,490],"floor_reached":26,"language":"ENG","playtime":994,"items_purged":[],"score":264,"play_id":"56b8fcdd-d893-4e75-b758-af27d9b2f526","local_time":"20210127214601","is_ascension_mode":true,"campfire_choices":[{"floor":1,"key":"DIG"},{"data":"expansioncontent:StudyTheSpire","floor":8,"key":"SMITH"},{"data":"sneckomod:DangerNoodle","floor":10,"key":"SMITH"},{"data":"sneckomod:UnknownRareSkill","floor":13,"key":"SMITH"},{"data":"sneckomod:Transmogrify","floor":18,"key":"SMITH"}],"circlet_count":0,"master_deck":["sneckomod:Strike","sneckomod:Strike","sneckomod:Strike","sneckomod:Defend","sneckomod:Defend","sneckomod:Defend","sneckomod:TailWhip","sneckomod:SnekBite","sneckomod:Unknown","sneckomod:Unknown","sneckomod:WideSting+1","downfall:Icky","downfall:Icky","downfall:Icky","sneckomod:SerpentIdol+1","expansioncontent:StudyTheSpire+1","sneckomod:SerpentIdol","sneckomod:UnendingSupply","sneckomod:UnknownRareSkill+1","sneckomod:DangerNoodle+1","sneckomod:UnknownDraw","sneckomod:Unknown0Cost","sneckomod:ImprovisedGuard","sneckomod:GlitteringGambit","sneckomod:Transmogrify+1","AbeCurse","sneckomod:SnakeSap+1","sneckomod:IronFang+1","sneckomod:UnknownVulnerable+1","sneckomod:UnknownBoss","sneckomod:IronFang+1"],"relics":["Painkiller Herb","Guide Book","Happy Flower","Molten Egg 2","Abe\u0027s Treasure","Blood Vial","Golden Egg","Calipers"],"acts_visited":["Exordium","TheCity"],"potions_floor_usage":[25,25,25],"damage_taken":[{"damage":0,"enemies":"2 Louse","floor":2,"turns":2},{"damage":0,"enemies":"downfall:FleeingMerchant","floor":4,"turns":4},{"damage":3,"enemies":"Small Slimes","floor":6,"turns":2},{"damage":15,"enemies":"downfall:FleeingMerchant","floor":9,"turns":4},{"damage":0,"enemies":"Cultist","floor":11,"turns":1},{"damage":0,"enemies":"Gremlin Nob","floor":12,"turns":2},{"damage":7,"enemies":"3 Louse","floor":14,"turns":2},{"damage":9,"enemies":"Red Slaver","floor":15,"turns":3},{"damage":20,"enemies":"IC_STATUS_ARCHETYPE","floor":16,"turns":7},{"damage":15,"enemies":"3 Byrds","floor":19,"turns":6},{"damage":18,"enemies":"downfall:FleeingMerchant","floor":20,"turns":4},{"damage":27,"enemies":"Centurion and Healer","floor":21,"turns":6},{"damage":21,"enemies":"Snecko","floor":22,"turns":4},{"damage":1,"enemies":"Slavers","floor":25,"turns":2},{"damage":16,"enemies":"Snake Plant","floor":26,"turns":2}],"seed_played":"-2779372036768224974","potions_obtained":[{"floor":2,"key":"Block Potion"},{"floor":5,"key":"Flashbang"},{"floor":5,"key":"Swift Potion"}],"is_trial":false,"path_per_floor":["T","?","?","T","?","?","T","T","T","T","?","E","T","?","?","B",null,"T","?","T","?","?","?","T","E","?"],"character_chosen":"THE_SNECKO","items_purchased":["Guide Book","expansioncontent:StudyTheSpire","sneckomod:SerpentIdol","sneckomod:DangerNoodle"],"campfire_rested":0,"item_purchase_floors":[4,4,4,9],"current_hp_per_floor":[90,90,90,90,90,87,87,87,72,72,72,72,72,65,56,36,90,90,75,57,30,11,11,11,12,0,0,0],"gold":490,"neow_bonus":"BOSS_RELIC","is_daily":false,"chose_seed":false,"campfire_upgraded":4,"win_rate":0.0,"timestamp":1611812761,"path_taken":["T","?","?","T","?","?","T","T","T","T","?","E","T","?","?","BOSS","T","?","T","?","?","?","T","E","?"],"items_purchased_type":["Relic","Card","Card","Card"],"build_version":"2020-12-22","purchased_purges":0,"victory":false,"max_hp_per_floor":[90,90,90,90,90,90,90,90,90,90,90,90,90,90,90,90,90,90,90,90,90,90,90,90,90,90,90,90],"card_choices":[{"not_picked":["sneckomod:UnknownStrike","sneckomod:SoulRoll"],"picked":"sneckomod:WideSting","floor":2},{"not_picked":["sneckomod:PureSnecko","sneckomod:UnknownStrike"],"picked":"sneckomod:SerpentIdol","floor":4},{"not_picked":["sneckomod:SoulRoll","sneckomod:UnknownUncommonSkill"],"picked":"sneckomod:UnendingSupply","floor":6},{"not_picked":["sneckomod:QuickBite","sneckomod:UnknownDexterity"],"picked":"sneckomod:UnknownRareSkill","floor":9},{"not_picked":["sneckomod:Unknown1Cost","sneckomod:QuickBite"],"picked":"sneckomod:UnknownDraw","floor":11},{"not_picked":["sneckomod:Rotation","sneckomod:UnknownBlock"],"picked":"sneckomod:Unknown0Cost","floor":12},{"not_picked":["sneckomod:SoulRoll","sneckomod:UnendingSupply"],"picked":"sneckomod:ImprovisedGuard","floor":14},{"not_picked":["sneckomod:UnknownDraw","sneckomod:Memorize"],"picked":"sneckomod:GlitteringGambit","floor":15},{"not_picked":["sneckomod:UnknownRarePower","sneckomod:SerpentMind"],"picked":"sneckomod:Transmogrify","floor":16},{"not_picked":["sneckomod:SoulDraw","sneckomod:Unknown1Cost"],"picked":"sneckomod:SnakeSap+1","floor":19},{"not_picked":["sneckomod:UnknownBlock","sneckomod:Unknown0Cost"],"picked":"sneckomod:IronFang+1","floor":20},{"not_picked":["sneckomod:PureSnecko","sneckomod:UnknownCommonSkill"],"picked":"sneckomod:UnknownVulnerable+1","floor":21},{"not_picked":["sneckomod:UnknownDraw","sneckomod:SlitherStrike+1"],"picked":"sneckomod:UnknownBoss","floor":22},{"not_picked":["sneckomod:DefensiveFlair","sneckomod:UnknownClassBLUE+1"],"picked":"sneckomod:IronFang+1","floor":25}],"player_experience":348615,"relics_obtained":[{"floor":1,"key":"Replay:Bandana"},{"floor":7,"key":"Happy Flower"},{"floor":12,"key":"Molten Egg 2"},{"floor":19,"key":"Smiling Mask"},{"floor":20,"key":"Gremlin Food"},{"floor":21,"key":"Blood Vial"},{"floor":24,"key":"Golden Egg"},{"floor":25,"key":"Golden Egg"},{"floor":25,"key":"Calipers"}],"event_choices":[{"damage_healed":0,"gold_gain":0,"player_choice":"Got Potions","damage_taken":0,"max_hp_gain":0,"max_hp_loss":0,"event_name":"Lab","floor":5,"gold_loss":0}],"is_beta":false,"boss_relics":[{"not_picked":["Sozu","ReplayTheSpireMod:DimensionalGlitch"],"picked":"Abe\u0027s Treasure"}],"items_purged_floors":[],"is_endless":false,"potions_floor_spawned":[2,11,16,19,22],"killed_by":"Snake Plant","ascension_level":1}}