{"host":"kdt6w7ix8lwe69i9","time":1611813317,"event":{"mods":["100% Spire Juice","BaseMod","ChefMod","Evolution","Minty Spire (QoL Compilation)","Poor People Problems","Reimu（博丽灵梦）","Robot Space Explorer","Shade Mod","StSLib","The Dragonkin","The Gatherer","TheSurvivalist"],"gold_per_floor":[119,119,132,8,8,8,41,41,41,54,54,71,82,92,92,187,187,197,43,43,43,63,63,38,70,70,70,87,100,125,136,136,238,238,256,110,129,129,144,144,144,170,170,213,242,268,289,360,372,384,384],"floor_reached":50,"language":"ENG","playtime":4172,"items_purged":[],"score":565,"play_id":"5059381f-153c-497f-b053-84be8a9d4556","local_time":"20210128005517","is_ascension_mode":false,"campfire_choices":[{"data":"survmod:DuckAndFlare","floor":6.0,"key":"SMITH"},{"data":"survmod:VersatilePower","floor":11.0,"key":"SMITH"},{"data":"survmod:DuckAndFlare","floor":15.0,"key":"SMITH"},{"data":"survmod:CloseCombat","floor":23.0,"key":"SMITH"},{"data":"1","floor":27.0,"key":"LIFT"},{"data":"2","floor":32.0,"key":"LIFT"},{"floor":40.0,"key":"REST"},{"floor":49,"key":"RECALL"}],"circlet_count":0,"master_deck":["survmod:MarkedShot","survmod:MarkedShot","survmod:MarkedShot","survmod:MarkedShot","survmod:Defend","survmod:VersatileOffense","survmod:Sprint","survmod:BearTrap","survmod:DuckAndFlare+1","survmod:NockAnArrow","survmod:FlashbangShot+1","survmod:VersatilePower+1","survmod:SurpriseTrap","survmod:OverexertingShot","survmod:DuckAndFlare+1","survmod:AcidTrap","survmod:CloseCombat+1","CurseOfTheBell","survmod:MarkTrap","survmod:MarkedShot+1","survmod:GoForFace","survmod:QuickDash+1","survmod:SimpleMutation","survmod:GoForFace","survmod:NeedleShot","survmod:ShrapnelTraps+1","survmod:Adaptability+1","survmod:PinningSnipe+1","Parasite","survmod:GoForFace+1","survmod:FenceTrap+1","survmod:SwiftKick+1","Sadistic Nature","survmod:ComplexMutation"],"relics":["EVO:Axolotl","Velvet Choker","Orichalcum","StrikeDummy","Gremlin Horn","Calling Bell","Tiny Chest","Turnip","Singing Bowl","Oddly Smooth Stone","MutagenicStrength","Girya","MealTicket","Astrolabe","Strawberry","CeramicFish","Smiling Mask","Bottled Flame","MawBank","Ice Cream"],"acts_visited":["Exordium","TheCity","TheBeyond"],"potions_floor_usage":[44,44,45],"damage_taken":[{"damage":0.0,"enemies":"2 Louse","floor":1.0,"turns":2.0},{"damage":0.0,"enemies":"Jaw Worm","floor":3.0,"turns":3.0},{"damage":5.0,"enemies":"Lagavulin","floor":7.0,"turns":4.0},{"damage":0.0,"enemies":"Cultist","floor":10.0,"turns":3.0},{"damage":0.0,"enemies":"3 Louse","floor":12.0,"turns":1.0},{"damage":0.0,"enemies":"2 Fungi Beasts","floor":13.0,"turns":3.0},{"damage":0.0,"enemies":"Blue Slaver","floor":14.0,"turns":2.0},{"damage":3.0,"enemies":"The Guardian","floor":16.0,"turns":8.0},{"damage":0.0,"enemies":"Spheric Guardian","floor":18.0,"turns":3.0},{"damage":0.0,"enemies":"2 Thieves","floor":22.0,"turns":3.0},{"damage":3.0,"enemies":"Gremlin Leader","floor":25.0,"turns":4.0},{"damage":0.0,"enemies":"Snake Plant","floor":28.0,"turns":3.0},{"damage":5.0,"enemies":"Snecko","floor":29.0,"turns":3.0},{"damage":13.0,"enemies":"Shelled Parasite and Fungi","floor":31.0,"turns":4.0},{"damage":15.0,"enemies":"Collector","floor":33.0,"turns":6.0},{"damage":11.0,"enemies":"3 Shapes","floor":35.0,"turns":6.0},{"damage":1.0,"enemies":"Orb Walker","floor":37.0,"turns":3.0},{"damage":31.0,"enemies":"Writhing Mass","floor":39.0,"turns":5.0},{"damage":38,"enemies":"Nemesis","floor":44,"turns":7},{"damage":5,"enemies":"3 Darklings","floor":45,"turns":4},{"damage":8,"enemies":"Mind Bloom Boss Battle","floor":48,"turns":5},{"damage":6,"enemies":"Time Eater","floor":50,"turns":1}],"seed_played":"-7837610163095561278","potions_obtained":[{"floor":7.0,"key":"Weak Potion"},{"floor":10.0,"key":"Swift Potion"},{"floor":16.0,"key":"AttackPotion"},{"floor":18.0,"key":"Strength Potion"},{"floor":25.0,"key":"Regen Potion"},{"floor":28.0,"key":"Weak Potion"},{"floor":33.0,"key":"BlessingOfTheForge"},{"floor":37.0,"key":"CultistPotion"},{"floor":44,"key":"SkillPotion"}],"is_trial":false,"path_per_floor":["M","?","M","$","?","R","E","T","T","M","R","M","M","M","R","B",null,"M","$","?","?","M","R","$","E","T","R","M","M","T","M","R","B",null,"M","$","M","?","M","R","$","T","T","E","M","T","?","?","R","B"],"character_chosen":"THE_SURVIVOR","items_purchased":["survmod:NockAnArrow","survmod:FlashbangShot","Oddly Smooth Stone","survmod:GoForFace","Strawberry"],"campfire_rested":1,"item_purchase_floors":[4,4,19,24,36],"current_hp_per_floor":[50,50,50,50,50,50,45,45,45,45,45,45,45,45,45,42,50,50,50,50,50,50,50,50,47,47,47,47,44,44,31,31,30,52,43,61,60,60,29,47,61,61,61,23,18,18,12,4,4,0,0],"gold":384,"neow_bonus":"BOSS_RELIC","is_daily":false,"chose_seed":false,"campfire_upgraded":4,"win_rate":0.0,"timestamp":1611813317,"path_taken":["M","?","M","$","?","R","E","?","T","M","R","M","M","?","R","BOSS","M","$","?","?","M","R","?","E","T","R","M","M","?","M","R","BOSS","M","$","?","?","M","R","?","?","T","E","M","?","?","?","R","BOSS"],"items_purchased_type":["Card","Card","Relic","Card","Relic"],"build_version":"2020-12-22","purchased_purges":0,"victory":false,"max_hp_per_floor":[50,50,50,50,50,50,50,50,50,50,50,50,50,50,50,50,50,50,50,50,50,50,50,50,50,50,50,50,52,52,52,52,52,52,54,61,61,61,61,61,61,61,61,61,61,61,65,65,65,65,65],"card_choices":[{"not_picked":["survmod:UnfortunateEscape","survmod:FlashbangTrap"],"picked":"survmod:BearTrap","floor":1.0},{"not_picked":["survmod:FindCover","survmod:SkillfulManeuver"],"picked":"survmod:DuckAndFlare","floor":3.0},{"not_picked":["survmod:PenetratingShot","survmod:UnfortunateEscape"],"picked":"survmod:VersatilePower","floor":7.0},{"not_picked":["survmod:UnfortunateEscape","survmod:LongShot"],"picked":"survmod:SurpriseTrap","floor":10.0},{"not_picked":["survmod:MarkedShot","survmod:SimpleMutation"],"picked":"survmod:OverexertingShot","floor":12.0},{"not_picked":["survmod:Adaptability","survmod:PinningSnipe"],"picked":"survmod:DuckAndFlare","floor":13.0},{"not_picked":["survmod:UnfortunateEscape","survmod:SwiftKick"],"picked":"survmod:AcidTrap","floor":14.0},{"not_picked":["survmod:ConcussiveShot","survmod:RobFromTheRich"],"picked":"survmod:CloseCombat","floor":16.0},{"not_picked":["survmod:PiercingShot+1","survmod:FindCover"],"picked":"survmod:MarkTrap","floor":18.0},{"not_picked":["survmod:HiddenTactic","survmod:ComplexMutation"],"picked":"survmod:MarkedShot+1","floor":22.0},{"not_picked":["survmod:SwiftKick","survmod:LongShot"],"picked":"survmod:QuickDash+1","floor":25.0},{"not_picked":["survmod:UnfortunateEscape","survmod:PoisonTrap"],"picked":"survmod:SimpleMutation","floor":28.0},{"not_picked":["survmod:PinningSnipe","survmod:BearTrap","survmod:AcidTrap"],"picked":"Singing Bowl","floor":29.0},{"not_picked":["survmod:BearTrap","survmod:TwinShot"],"picked":"survmod:GoForFace","floor":31.0},{"not_picked":["survmod:RobFromTheRich","survmod:Heartseeker"],"picked":"survmod:NeedleShot","floor":33.0},{"not_picked":["survmod:QuickDash","survmod:BearTrap","survmod:Adaptability"],"picked":"Singing Bowl","floor":35.0},{"not_picked":["survmod:PersonalMark+1","survmod:TwinShot"],"picked":"survmod:PinningSnipe+1","floor":37.0},{"not_picked":["survmod:MutantEnergy","survmod:UnfortunateEscape+1"],"picked":"survmod:GoForFace+1","floor":39.0},{"not_picked":["survmod:OverwhelmingAssault","survmod:PiercingShot"],"picked":"survmod:FenceTrap+1","floor":44},{"not_picked":["survmod:MarkTrap","survmod:BearTrap+1"],"picked":"survmod:SwiftKick+1","floor":45},{"not_picked":["Jack Of All Trades","Impatience","Thinking Ahead"],"picked":"Singing Bowl","floor":47},{"not_picked":["Violence","Forethought","Blind"],"picked":"Singing Bowl","floor":47},{"not_picked":["Jack Of All Trades","Panacea"],"picked":"Sadistic Nature","floor":47},{"not_picked":["survmod:LongShot+1","survmod:QuickThinking+1"],"picked":"survmod:ComplexMutation","floor":48}],"player_experience":1096370,"relics_obtained":[{"floor":7.0,"key":"Orichalcum"},{"floor":8.0,"key":"StrikeDummy"},{"floor":9.0,"key":"Gremlin Horn"},{"floor":17.0,"key":"Tiny Chest"},{"floor":17.0,"key":"Turnip"},{"floor":17.0,"key":"Singing Bowl"},{"floor":25.0,"key":"Girya"},{"floor":26.0,"key":"MealTicket"},{"floor":42,"key":"CeramicFish"},{"floor":43,"key":"Smiling Mask"},{"floor":44,"key":"Bottled Flame"},{"floor":46,"key":"MawBank"},{"floor":48,"key":"Ice Cream"}],"event_choices":[{"damage_healed":0.0,"max_hp_gain":0.0,"max_hp_loss":0.0,"gold_gain":0.0,"event_name":"The Cleric","player_choice":"Leave","floor":2.0,"gold_loss":0.0,"damage_taken":0.0},{"damage_healed":0.0,"max_hp_gain":0.0,"max_hp_loss":0.0,"gold_gain":0.0,"event_name":"Living Wall","player_choice":"Grow","floor":5.0,"gold_loss":0.0,"damage_taken":0.0,"cards_upgraded":["survmod:FlashbangShot"]},{"damage_healed":0.0,"max_hp_gain":0.0,"max_hp_loss":0.0,"gold_gain":0.0,"event_name":"Ghosts","player_choice":"Ignored","floor":20.0,"gold_loss":0.0,"damage_taken":0.0},{"damage_healed":0.0,"max_hp_gain":0.0,"max_hp_loss":0.0,"gold_gain":0.0,"event_name":"Drug Dealer","player_choice":"Inject Mutagens","floor":21.0,"gold_loss":0.0,"damage_taken":0.0,"relics_obtained":["MutagenicStrength"]},{"cards_removed":["survmod:DeadlyAim"],"damage_healed":0.0,"max_hp_gain":0.0,"max_hp_loss":0.0,"gold_gain":0.0,"event_name":"Purifier","player_choice":"Purged","floor":38.0,"gold_loss":0.0,"damage_taken":0.0},{"damage_healed":0,"gold_gain":0,"player_choice":"Memory 3","damage_taken":10,"max_hp_gain":0,"max_hp_loss":0,"event_name":"SensoryStone","floor":47,"gold_loss":0},{"damage_healed":0,"gold_gain":0,"player_choice":"Fight","damage_taken":0,"max_hp_gain":0,"max_hp_loss":0,"event_name":"MindBloom","floor":48,"gold_loss":0}],"is_beta":false,"boss_relics":[{"not_picked":["Black Star","Cursed Key"],"picked":"Calling Bell"},{"not_picked":["RedLine:ReiMu","Empty Cage"],"picked":"Astrolabe"}],"items_purged_floors":[],"is_endless":false,"potions_floor_spawned":[7,10,16,18,25,28,33,37,44],"killed_by":"Time Eater","ascension_level":0}}