{"host":"sum4dy402bbv9y4o","time":1611871012,"event":{"mods":["Aspiration","BaseMod","Conspire","Highlight Path","Minty Spire (QoL Compilation)","StSLib"],"gold_per_floor":[111,111,111,124,17,43,43,77,77,111,131,161,175,189,189,266,266,280,298,298,316,316,316],"floor_reached":22,"language":"ENG","playtime":1041,"items_purged":[],"score":432,"play_id":"50dd7a6e-dc2a-4bd4-af53-b84892cf378d","local_time":"20210129005652","is_ascension_mode":true,"campfire_choices":[{"data":"ForeignInfluence","floor":7,"key":"SMITH"},{"data":"MentalFortress","floor":15,"key":"SMITH"}],"circlet_count":0,"master_deck":["AscendersBane","Strike_P","Strike_P","Strike_P","Strike_P","Defend_P","Defend_P","Defend_P","Defend_P","Eruption+1","Vigilance","EmptyBody","FlurryOfBlows","EmptyFist","ForeignInfluence+1","Halt","Adaptation","SashWhip","Halt","MentalFortress+1","Brilliance","BowlingBash+1","ForeignInfluence+1","Writhe","FlurryOfBlows"],"relics":["PureWater","aspiration:Nostalgia","Burning Blood","conspire:InfiniteJournal","The Courier","Pantograph","Question Card","Calipers","conspire:SpecialSausage","conspire:GlowingRock"],"acts_visited":["Exordium","TheCity"],"potions_floor_usage":[6,8,12,16,16,21],"damage_taken":[{"damage":4,"enemies":"Jaw Worm","floor":1,"turns":5},{"damage":0,"enemies":"Small Slimes","floor":4,"turns":2},{"damage":3,"enemies":"3 Sentries","floor":6,"turns":4},{"damage":40,"enemies":"Lagavulin","floor":8,"turns":7},{"damage":31,"enemies":"Gremlin Nob","floor":10,"turns":4},{"damage":0,"enemies":"Cultist","floor":11,"turns":3},{"damage":10,"enemies":"Lagavulin","floor":12,"turns":6},{"damage":0,"enemies":"Gremlin Gang","floor":13,"turns":3},{"damage":0,"enemies":"Large Slime","floor":14,"turns":2},{"damage":7,"enemies":"Hexaghost","floor":16,"turns":8},{"damage":47,"enemies":"3 Byrds","floor":18,"turns":7},{"damage":7,"enemies":"conspire:FuzzyDice","floor":19,"turns":6},{"damage":0,"enemies":"3 Cultists","floor":21,"turns":4},{"damage":29,"enemies":"Snake Plant","floor":22,"turns":3}],"seed_played":"2487608918749162543","potions_obtained":[{"floor":6,"key":"Swift Potion"},{"floor":10,"key":"ColorlessPotion"},{"floor":12,"key":"Strength Potion"},{"floor":14,"key":"Weak Potion"},{"floor":18,"key":"ColorlessPotion"},{"floor":19,"key":"Energy Potion"}],"is_trial":false,"path_per_floor":["M","?","?","M","$","E","R","E","T","E","M","E","M","M","R","B",null,"M","M","?","M","M"],"character_chosen":"WATCHER","items_purchased":["EmptyFist","AttackPotion"],"campfire_rested":0,"item_purchase_floors":[5,5],"current_hp_per_floor":[63,59,59,65,65,68,68,34,34,9,15,11,17,23,23,47,63,22,21,21,27,0,0],"gold":316,"neow_bonus":"NOSTALGIA","is_daily":false,"chose_seed":false,"campfire_upgraded":2,"win_rate":0.0,"timestamp":1611871012,"path_taken":["M","?","?","?","$","E","R","E","T","E","M","E","M","M","R","BOSS","M","?","?","M","M"],"items_purchased_type":["Card","Potion"],"build_version":"2020-12-22","purchased_purges":0,"victory":false,"max_hp_per_floor":[68,68,68,68,68,68,68,68,68,68,68,68,68,68,68,68,68,68,68,68,68,68,68],"card_choices":[{"not_picked":["PathToVictory","EmptyFist"],"picked":"EmptyBody","floor":1},{"not_picked":["CrushJoints","ClearTheMind"],"picked":"FlurryOfBlows","floor":4},{"not_picked":["Establishment","Crescendo"],"picked":"ForeignInfluence","floor":6},{"not_picked":["Omniscience","Prostrate","Wireheading"],"picked":"SKIP","floor":8},{"not_picked":["Judgement","Study"],"picked":"Halt","floor":10},{"not_picked":["Worship","ClearTheMind","SignatureMove"],"picked":"Adaptation","floor":11},{"not_picked":["WreathOfFlame","BattleHymn","Indignation"],"picked":"SashWhip","floor":12},{"not_picked":["Vengeance","PathToVictory","Fasting2"],"picked":"Halt","floor":13},{"not_picked":["Adaptation","PathToVictory","CutThroughFate"],"picked":"MentalFortress","floor":14},{"not_picked":["Wish","SpiritShield","Judgement"],"picked":"Brilliance","floor":16},{"not_picked":["Crescendo+1","CutThroughFate","FlyingSleeves"],"picked":"BowlingBash+1","floor":18},{"not_picked":["Collect","Vengeance","FollowUp"],"picked":"ForeignInfluence+1","floor":19},{"not_picked":["CutThroughFate","Prostrate","ThirdEye"],"picked":"FlurryOfBlows","floor":21}],"player_experience":3009860,"relics_obtained":[{"floor":6,"key":"conspire:InfiniteJournal"},{"floor":8,"key":"The Courier"},{"floor":9,"key":"Pantograph"},{"floor":10,"key":"Question Card"},{"floor":12,"key":"Calipers"}],"event_choices":[{"damage_healed":0,"gold_gain":0,"player_choice":"Leave","damage_taken":0,"max_hp_gain":0,"max_hp_loss":0,"event_name":"conspire:Investor","floor":2,"gold_loss":0},{"damage_healed":0,"gold_gain":0,"player_choice":"Upgraded","damage_taken":0,"max_hp_gain":0,"max_hp_loss":0,"event_name":"Upgrade Shrine","floor":3,"gold_loss":0,"cards_upgraded":["Eruption"]},{"damage_healed":0,"gold_gain":0,"player_choice":"Opened","damage_taken":0,"relics_obtained":["conspire:GlowingRock"],"max_hp_gain":0,"max_hp_loss":0,"event_name":"The Mausoleum","floor":20,"gold_loss":0,"cards_obtained":["Writhe"]}],"is_beta":false,"boss_relics":[{"not_picked":["Ectoplasm","Calling Bell"],"picked":"conspire:SpecialSausage"}],"items_purged_floors":[],"is_endless":false,"potions_floor_spawned":[6,10,12,14,18,19],"killed_by":"Snake Plant","ascension_level":20}}