{"host":"tq99ucv8ezzqzioe","time":1611796469,"event":{"mods":["BaseMod","Colored Map","Downfall","Highlight Path","Minty Spire (QoL Compilation)","StSLib"],"gold_per_floor":[118,12,12,12,28,40,53,83,106,137,137,137,151,187,187,307,307,326,326,344,444,467,505,505,523,569,607,607,623,623,623],"floor_reached":30,"language":"ENG","playtime":2241,"items_purged":[],"score":377,"play_id":"7ff7a071-00d0-410e-9af4-3fa4d61448c2","local_time":"20210127201429","is_ascension_mode":true,"campfire_choices":[{"floor":11.0,"key":"RECALL"},{"data":"True Grit","floor":15.0,"key":"SMITH"},{"floor":24,"key":"REST"},{"data":"Pommel Strike","floor":28,"key":"SMITH"}],"circlet_count":0,"master_deck":["Strike_R","Strike_R","Strike_R","Strike_R+1","Defend_R","Defend_R","Defend_R","Defend_R","Bash","Fiend Fire+1","Sever Soul","Shrug It Off","Pommel Strike","Uppercut","True Grit+1","Shrug It Off","Power Through","Battle Trance","Metallicize","Pommel Strike+1","Exhume","CurseOfTheBell","Reckless Charge","Power Through+1","Feel No Pain","Anger","Evolve","Anger+1"],"relics":["Burning Blood","MealTicket","Art of War","Golden Idol","Bronze Scales","Calling Bell","Centennial Puzzle","Pantograph","Torii","MutagenicStrength","Nunchaku","Happy Flower","Eternal Feather"],"acts_visited":["Exordium","TheCity"],"potions_floor_usage":[25,27,27],"damage_taken":[{"damage":0.0,"enemies":"Small Slimes","floor":1.0,"turns":3.0},{"damage":0.0,"enemies":"2 Louse","floor":5.0,"turns":2.0},{"damage":0.0,"enemies":"Cultist","floor":6.0,"turns":2.0},{"damage":0.0,"enemies":"3 Louse","floor":7.0,"turns":4.0},{"damage":22.0,"enemies":"3 Sentries","floor":8.0,"turns":8.0},{"damage":3.0,"enemies":"Gremlin Nob","floor":10.0,"turns":3.0},{"damage":0.0,"enemies":"Exordium Thugs","floor":13.0,"turns":4.0},{"damage":10.0,"enemies":"Lagavulin","floor":14.0,"turns":5.0},{"damage":48.0,"enemies":"Slime Boss","floor":16.0,"turns":13.0},{"damage":17,"enemies":"2 Thieves","floor":18,"turns":4},{"damage":8,"enemies":"3 Byrds","floor":20,"turns":3},{"damage":21,"enemies":"Centurion and Healer","floor":22,"turns":5},{"damage":38,"enemies":"Slavers","floor":23,"turns":6},{"damage":10,"enemies":"Sentry and Sphere","floor":25,"turns":4},{"damage":7,"enemies":"Book of Stabbing","floor":27,"turns":4},{"damage":1,"enemies":"Cultist and Chosen","floor":29,"turns":6},{"damage":69,"enemies":"Gremlin Leader","floor":30,"turns":5}],"seed_played":"533821167407737915","potions_obtained":[{"floor":1.0,"key":"Block Potion"},{"floor":8.0,"key":"ElixirPotion"},{"floor":13.0,"key":"Fire Potion"},{"floor":14.0,"key":"Fruit Juice"},{"floor":20,"key":"Strength Potion"},{"floor":23,"key":"Regen Potion"},{"floor":25,"key":"SkillPotion"}],"is_trial":false,"path_per_floor":["M","$","?","?","M","M","M","E","T","E","R","?","M","E","R","B",null,"M","?","M","?","M","E","R","M","T","E","R","M","E"],"character_chosen":"IRONCLAD","items_purchased":["Shrug It Off","Pommel Strike"],"campfire_rested":1,"item_purchase_floors":[2,2],"current_hp_per_floor":[78,78,62,62,68,74,80,64,64,67,67,47,53,54,54,12,67,56,56,54,54,39,7,32,40,40,39,54,59,0,0],"gold":623,"neow_bonus":"ONE_RANDOM_RARE_CARD","is_daily":false,"chose_seed":false,"campfire_upgraded":2,"win_rate":0.0,"timestamp":1611796469,"path_taken":["M","$","?","?","M","M","?","E","T","E","R","?","M","E","R","BOSS","M","?","M","?","M","E","R","M","T","E","R","?","E"],"items_purchased_type":["Card","Card"],"build_version":"2020-12-22","purchased_purges":0,"victory":false,"max_hp_per_floor":[80,80,80,80,80,80,80,80,80,80,80,80,80,85,85,85,85,85,85,85,85,85,85,85,85,85,85,85,85,85,85],"card_choices":[{"not_picked":["Bloodletting","Thunderclap"],"picked":"Sever Soul","floor":1.0},{"not_picked":["Shockwave","Sword Boomerang"],"picked":"Uppercut","floor":5.0},{"not_picked":["Body Slam","Flex"],"picked":"True Grit","floor":6.0},{"not_picked":["Flex","Armaments"],"picked":"Shrug It Off","floor":7.0},{"not_picked":["Infernal Blade","Fire Breathing"],"picked":"Power Through","floor":8.0},{"not_picked":["Body Slam","Perfected Strike"],"picked":"Battle Trance","floor":10.0},{"not_picked":["Cleave","Carnage"],"picked":"Metallicize","floor":13.0},{"not_picked":["Brutality","Twin Strike"],"picked":"Pommel Strike","floor":14.0},{"not_picked":["Corruption","Bludgeon"],"picked":"Exhume","floor":16.0},{"not_picked":["Body Slam+1","Anger"],"picked":"Reckless Charge","floor":18},{"not_picked":["Infernal Blade","Cleave+1"],"picked":"Power Through+1","floor":20},{"not_picked":["Perfected Strike+1","Body Slam","Twin Strike"],"picked":"SKIP","floor":22},{"not_picked":["Infernal Blade","Fire Breathing"],"picked":"Feel No Pain","floor":23},{"not_picked":["Headbutt","Perfected Strike"],"picked":"Anger","floor":25},{"not_picked":["Heavy Blade","Clash"],"picked":"Evolve","floor":27},{"not_picked":["Warcry","Bloodletting"],"picked":"Anger+1","floor":29}],"player_experience":787937,"relics_obtained":[{"floor":8.0,"key":"MealTicket"},{"floor":10.0,"key":"Art of War"},{"floor":14.0,"key":"Bronze Scales"},{"floor":17.0,"key":"Centennial Puzzle"},{"floor":17.0,"key":"Pantograph"},{"floor":17.0,"key":"Torii"},{"floor":23,"key":"Nunchaku"},{"floor":26,"key":"Happy Flower"},{"floor":27,"key":"Eternal Feather"}],"event_choices":[{"damage_healed":0.0,"max_hp_gain":0.0,"max_hp_loss":0.0,"gold_gain":0.0,"event_name":"Shining Light","player_choice":"Entered Light","floor":3.0,"gold_loss":0.0,"damage_taken":16.0,"cards_upgraded":["Strike_R","Fiend Fire"]},{"cards_removed":["Strike_R"],"damage_healed":0.0,"max_hp_gain":0.0,"max_hp_loss":0.0,"gold_gain":0.0,"event_name":"Purifier","player_choice":"Purged","floor":4.0,"gold_loss":0.0,"damage_taken":0.0},{"damage_healed":0.0,"max_hp_gain":0.0,"max_hp_loss":0.0,"gold_gain":0.0,"event_name":"Golden Idol","player_choice":"Take Damage","floor":12.0,"gold_loss":0.0,"damage_taken":20.0,"relics_obtained":["Golden Idol"]},{"damage_healed":0,"gold_gain":0,"player_choice":"Inject Mutagens","damage_taken":0,"relics_obtained":["MutagenicStrength"],"max_hp_gain":0,"max_hp_loss":0,"event_name":"Drug Dealer","floor":19,"gold_loss":0},{"damage_healed":0,"gold_gain":100,"player_choice":"Pray","damage_taken":0,"max_hp_gain":0,"max_hp_loss":0,"event_name":"Golden Shrine","floor":21,"gold_loss":0}],"is_beta":false,"boss_relics":[{"not_picked":["Busted Crown","Black Blood"],"picked":"Calling Bell"}],"items_purged_floors":[],"is_endless":false,"potions_floor_spawned":[1,8,13,14,20,23,25],"killed_by":"Gremlin Leader","ascension_level":6}}