{"host":"8kd0mw0b4mjhs7vl","time":1611869986,"event":{"mods":["BaseMod","Colored Map","Downfall","Friendly Minions","Minty Spire (QoL Compilation)","StSLib","SuperFastMode"],"gold_per_floor":[0,0,0,55,75,75,75,89,123,123,33,64,64,82,100,195,195,195,210,228,240,252,283,306,306,406,430,430,430,430,448,459,459,459,459],"floor_reached":33,"language":"ENG","playtime":1696,"items_purged":["hexamod:Defend"],"score":277,"play_id":"59788100-1944-49a1-aebe-004acaf8e564","local_time":"20210128213946","is_ascension_mode":false,"campfire_choices":[{"data":"hexamod:Float","floor":1,"key":"SMITH"},{"data":"hexamod:FastForward","floor":10,"key":"SMITH"},{"data":"hexamod:VolcanoVisage","floor":13,"key":"SMITH"},{"data":"hexamod:GhostShield","floor":18,"key":"SMITH"}],"circlet_count":0,"master_deck":["hexamod:Strike","hexamod:Strike+1","hexamod:Strike","hexamod:Defend","hexamod:Defend+1","hexamod:Defend+1","hexamod:Float+1","hexamod:FirstSeal","hexamod:ThirdSeal","hexamod:NightmareStrike+1","hexamod:SpectersWail","hexamod:GhostShield","hexamod:InspiringFlames","hexamod:FastForward+1","hexamod:HauntingEcho","hexamod:FourthSeal","hexamod:GhostShield+1","hexamod:VolcanoVisage+1","hexamod:SixthSeal","hexamod:GhostOfSpireFuture","hexamod:SecondSeal","hexamod:PowerFromBeyond","hexamod:FastForward+1"],"relics":["hexamod:SpiritBrand","Ornamental Fan","Bottled Lightning","Dead Branch","Orichalcum","Sozu","Mercury Hourglass","CaptainsWheel","Singing Bowl","downfall:RedIOU"],"acts_visited":["Exordium","TheCity"],"potions_floor_usage":[21,23],"damage_taken":[{"damage":34,"enemies":"Lagavulin Event","floor":4,"turns":7},{"damage":1,"enemies":"Jaw Worm","floor":5,"turns":5},{"damage":0,"enemies":"2 Louse","floor":8,"turns":2},{"damage":13,"enemies":"3 Sentries","floor":9,"turns":12},{"damage":0,"enemies":"downfall:FleeingMerchant","floor":11,"turns":4},{"damage":3,"enemies":"Gremlin Nob","floor":12,"turns":4},{"damage":0,"enemies":"Cultist","floor":14,"turns":3},{"damage":1,"enemies":"Exordium Thugs","floor":15,"turns":4},{"damage":10,"enemies":"SI_SHIV_ARCHETYPE","floor":16,"turns":9},{"damage":0,"enemies":"Chosen","floor":19,"turns":3},{"damage":6,"enemies":"Spheric Guardian","floor":20,"turns":4},{"damage":6,"enemies":"Shelled Parasite and Fungi","floor":21,"turns":5},{"damage":4,"enemies":"3 Cultists","floor":22,"turns":5},{"damage":27,"enemies":"Slavers","floor":23,"turns":5},{"damage":8,"enemies":"Colosseum Nobs","floor":26,"turns":4},{"damage":12,"enemies":"Centurion and Healer","floor":27,"turns":5},{"damage":0,"enemies":"Snake Plant","floor":31,"turns":4},{"damage":0,"enemies":"3 Cultists","floor":32,"turns":5},{"damage":74,"enemies":"IC_MUSHROOM_ARCHETYPE","floor":33,"turns":8}],"seed_played":"3965581218798519340","potions_obtained":[{"floor":9,"key":"FairyPotion"},{"floor":15,"key":"SneckoOil"},{"floor":16,"key":"Swift Potion"}],"is_trial":false,"path_per_floor":["R","?","?","?","M","?","T","M","E","R","$","E","R","M","M","B",null,"R","M","M","M","M","E","T","?","?","M","?","?","?","M","M","B"],"character_chosen":"THE_SPIRIT","items_purchased":[],"campfire_rested":0,"item_purchase_floors":[],"current_hp_per_floor":[70,63,56,29,35,35,35,35,22,22,22,19,19,26,25,15,70,70,70,64,58,61,34,34,34,26,21,44,44,44,46,48,0,0,0],"gold":459,"neow_bonus":"TRANSFORM_TWO_CARDS","is_daily":false,"chose_seed":false,"campfire_upgraded":4,"win_rate":0.0,"timestamp":1611869986,"path_taken":["R","?","?","?","M","?","T","?","E","R","?","E","R","M","M","BOSS","R","M","M","M","M","E","T","?","?","M","?","?","?","?","M","BOSS"],"items_purchased_type":[],"build_version":"2020-12-22","purchased_purges":1,"victory":false,"max_hp_per_floor":[70,70,70,70,70,70,70,70,70,70,70,70,70,70,70,70,70,70,70,70,70,70,70,70,70,70,70,70,70,70,72,74,74,74,74],"card_choices":[{"not_picked":["hexamod:GhostLash","hexamod:ThermalTransfer"],"picked":"hexamod:NightmareStrike","floor":4},{"not_picked":["hexamod:BacktrackSmack","hexamod:HeatCrush"],"picked":"hexamod:SpectersWail","floor":5},{"not_picked":["hexamod:Hexaguard","hexamod:NightmareGuise"],"picked":"hexamod:GhostShield","floor":5},{"not_picked":["hexamod:ThirdSeal","hexamod:PhantomFireball"],"picked":"hexamod:InspiringFlames","floor":8},{"not_picked":["hexamod:ThermalTransfer","hexamod:NecessarySacrifice"],"picked":"hexamod:FastForward","floor":9},{"not_picked":["hexamod:ThermalTransfer","hexamod:SpectersWail"],"picked":"hexamod:HauntingEcho","floor":11},{"not_picked":["hexamod:ChargedBarrage","hexamod:NightmareStrike"],"picked":"hexamod:FourthSeal","floor":11},{"not_picked":["hexamod:Incineration","hexamod:Firestarter"],"picked":"hexamod:GhostShield","floor":12},{"not_picked":["hexamod:PhantomFireball","hexamod:RadiantFlame"],"picked":"hexamod:VolcanoVisage","floor":12},{"not_picked":["hexamod:ShieldOfDarkness","hexamod:Rewind","hexamod:AdvancingGuard"],"picked":"SKIP","floor":14},{"not_picked":["hexamod:FirstSeal","hexamod:BurningTouch","hexamod:SwordOfDarkness"],"picked":"SKIP","floor":15},{"not_picked":["hexamod:UnlimitedPower","hexamod:TimeOfNeed"],"picked":"hexamod:SixthSeal","floor":16},{"not_picked":["hexamod:NightmareStrike","hexamod:GhostOfSpirePast"],"picked":"hexamod:GhostOfSpireFuture","floor":19},{"not_picked":["hexamod:PhantomCloak","hexamod:AdvancingGuard+1"],"picked":"hexamod:SecondSeal","floor":20},{"not_picked":["hexamod:HauntingEcho","hexamod:ShieldOfDarkness","hexamod:SwordOfDarkness"],"picked":"SKIP","floor":21},{"not_picked":["hexamod:BurningTouch","hexamod:BacktrackSmack","hexamod:AdvancingGuard"],"picked":"SKIP","floor":22},{"not_picked":["hexamod:RadiantFlame","hexamod:DynamicBlow","hexamod:BurningTouch+1"],"picked":"SKIP","floor":23},{"not_picked":["hexamod:UnlimitedPower","hexamod:HauntingEcho"],"picked":"hexamod:PowerFromBeyond","floor":26},{"not_picked":["hexamod:DynamicBlow","hexamod:BacktrackSmack"],"picked":"hexamod:FastForward+1","floor":27},{"not_picked":["hexamod:GhostShield","hexamod:ThermalTransfer","hexamod:SkipABeat"],"picked":"Singing Bowl","floor":31},{"not_picked":["hexamod:FirstSeal","hexamod:GhostOfSpirePast+1","hexamod:NightmareStrike"],"picked":"Singing Bowl","floor":32}],"player_experience":296010,"relics_obtained":[{"floor":4,"key":"Ornamental Fan"},{"floor":7,"key":"Bottled Lightning"},{"floor":9,"key":"Dead Branch"},{"floor":12,"key":"Orichalcum"},{"floor":23,"key":"Mercury Hourglass"},{"floor":26,"key":"CaptainsWheel"},{"floor":26,"key":"Singing Bowl"}],"event_choices":[{"damage_healed":0,"gold_gain":0,"player_choice":"Success","damage_taken":7,"relics_obtained":["Bag of Preparation"],"max_hp_gain":0,"max_hp_loss":0,"event_name":"Scrap Ooze","floor":3,"gold_loss":0},{"cards_removed":["hexamod:SpectralAdrenaline"],"damage_healed":0,"gold_gain":0,"player_choice":"Card Removal","damage_taken":0,"max_hp_gain":0,"max_hp_loss":0,"event_name":"Wheel of Change","floor":6,"gold_loss":0},{"damage_healed":0,"gold_gain":0,"player_choice":"Ignored","damage_taken":0,"max_hp_gain":0,"max_hp_loss":0,"event_name":"Vampires","floor":25,"gold_loss":0},{"damage_healed":23,"gold_gain":0,"player_choice":"Heal","damage_taken":0,"max_hp_gain":0,"max_hp_loss":0,"event_name":"The Library","floor":28,"gold_loss":0}],"is_beta":false,"boss_relics":[{"not_picked":["Calling Bell","Pandora\u0027s Box"],"picked":"Sozu"}],"items_purged_floors":[11],"is_endless":false,"potions_floor_spawned":[9,15,16,20,21,23,27],"killed_by":"IC_MUSHROOM_ARCHETYPE","ascension_level":0}}