{"host":"vdr09qmawei9b8kz","time":1611863150,"event":{"mods":["BaseMod","Hermit","Minty Spire (QoL Compilation)","StSLib"],"gold_per_floor":[109,123,135,135,135,168,168,20,70,101,101,126,126,140,140,242,242,262,262,262,276,276,276,309,309,309],"floor_reached":25,"language":"ENG","playtime":1107,"items_purged":[],"score":296,"play_id":"deae386a-5344-464d-a2e9-c494f4edf8e7","local_time":"20210128144550","is_ascension_mode":true,"campfire_choices":[{"data":"BowlingBash","floor":7.0,"key":"SMITH"},{"data":"BattleHymn","floor":11.0,"key":"SMITH"},{"floor":15.0,"key":"REST"},{"floor":23,"key":"REST"}],"circlet_count":0,"master_deck":["Strike_P","Strike_P","Strike_P","Strike_P","Defend_P+1","Defend_P","Defend_P","Defend_P","Eruption+1","Vigilance","BowlingBash+1","Wireheading","Halt","Conclude","BattleHymn+1","SandsOfTime","Weave","DeusExMachina","PathToVictory","MasterReality","EmptyFist","Consecrate","Necronomicurse","FearNoEvil"],"relics":["HolyWater","MealTicket","Lantern","Oddly Smooth Stone","Mummified Hand","Happy Flower","Mercury Hourglass","Necronomicon","PreservedInsect"],"acts_visited":["TheCity"],"potions_floor_usage":[],"damage_taken":[{"damage":8.0,"enemies":"Jaw Worm","floor":1.0,"turns":6.0},{"damage":0.0,"enemies":"2 Louse","floor":2.0,"turns":2.0},{"damage":0.0,"enemies":"Small Slimes","floor":3.0,"turns":2.0},{"damage":4.0,"enemies":"3 Sentries","floor":6.0,"turns":5.0},{"damage":18.0,"enemies":"Lagavulin","floor":10.0,"turns":4.0},{"damage":32.0,"enemies":"Gremlin Nob","floor":12.0,"turns":3.0},{"damage":7.0,"enemies":"Looter","floor":14.0,"turns":2.0},{"damage":20.0,"enemies":"The Guardian","floor":16.0,"turns":12.0},{"damage":21,"enemies":"2 Thieves","floor":18,"turns":4},{"damage":8,"enemies":"Chosen","floor":21,"turns":3},{"damage":32,"enemies":"Slavers","floor":24,"turns":4},{"damage":9,"enemies":"Snake Plant","floor":25,"turns":1}],"seed_played":"3509155664025178989","potions_obtained":[{"floor":1.0,"key":"Explosive Potion"},{"floor":6.0,"key":"Dexterity Potion"},{"floor":12.0,"key":"SteroidPotion"}],"is_trial":false,"path_per_floor":["M","M","M","?","?","E","R","$","T","E","R","E","?","M","R","B",null,"M","?","?","M","?","R","E","M"],"character_chosen":"WATCHER","items_purchased":["BattleHymn","SandsOfTime"],"campfire_rested":2,"item_purchase_floors":[8,8],"current_hp_per_floor":[64,64,64,50,72,68,68,72,72,54,54,22,22,15,36,16,58,37,37,37,29,13,34,2,0,0],"gold":309,"neow_bonus":"RANDOM_COMMON_RELIC","is_daily":false,"chose_seed":false,"campfire_upgraded":2,"win_rate":0.0,"timestamp":1611863150,"path_taken":["M","M","M","?","?","E","R","$","T","E","R","E","?","M","R","BOSS","M","?","?","M","?","R","E","M"],"items_purchased_type":["Card","Card"],"build_version":"2020-12-22","purchased_purges":0,"victory":false,"max_hp_per_floor":[72,72,72,72,72,72,72,72,72,72,72,72,72,72,72,72,72,72,72,72,72,72,72,72,72,72],"card_choices":[{"not_picked":["Vengeance","LikeWater"],"picked":"BowlingBash","floor":1.0},{"not_picked":["ThirdEye","PathToVictory"],"picked":"Wireheading","floor":2.0},{"not_picked":["EmptyBody","Worship"],"picked":"Halt","floor":3.0},{"not_picked":["Protect","CrushJoints"],"picked":"Conclude","floor":6.0},{"not_picked":["CrushJoints","Prostrate"],"picked":"Weave","floor":10.0},{"not_picked":["Fasting2","ReachHeaven"],"picked":"DeusExMachina","floor":12.0},{"not_picked":["CutThroughFate","Sanctity"],"picked":"PathToVictory","floor":14.0},{"not_picked":["Scrawl","Alpha"],"picked":"MasterReality","floor":16.0},{"not_picked":["Halt+1","Prostrate+1"],"picked":"EmptyFist","floor":18},{"not_picked":["InnerPeace","Halt"],"picked":"Consecrate","floor":21},{"not_picked":["Evaluate","DeusExMachina"],"picked":"FearNoEvil","floor":24}],"player_experience":345236,"relics_obtained":[{"floor":6.0,"key":"Lantern"},{"floor":9.0,"key":"Oddly Smooth Stone"},{"floor":10.0,"key":"Mummified Hand"},{"floor":12.0,"key":"Happy Flower"},{"floor":22,"key":"Necronomicon"},{"floor":24,"key":"PreservedInsect"}],"event_choices":[{"damage_healed":0.0,"max_hp_gain":0.0,"max_hp_loss":0.0,"gold_gain":0.0,"event_name":"Shining Light","player_choice":"Entered Light","floor":4.0,"gold_loss":0.0,"damage_taken":14.0,"cards_upgraded":["Defend_P","Eruption"]},{"damage_healed":24.0,"max_hp_gain":0.0,"max_hp_loss":0.0,"gold_gain":0.0,"event_name":"Big Fish","player_choice":"Banana","floor":5.0,"gold_loss":0.0,"damage_taken":0.0},{"damage_healed":0.0,"max_hp_gain":0.0,"max_hp_loss":0.0,"gold_gain":0.0,"event_name":"Scrap Ooze","player_choice":"Fled","floor":13.0,"gold_loss":0.0,"damage_taken":0.0},{"damage_healed":0,"gold_gain":0,"player_choice":"Opened","damage_taken":0,"relics_obtained":["Mercury Hourglass"],"max_hp_gain":0,"max_hp_loss":0,"event_name":"The Mausoleum","floor":19,"gold_loss":0},{"damage_healed":0,"gold_gain":0,"player_choice":"Ignored","damage_taken":0,"max_hp_gain":0,"max_hp_loss":0,"event_name":"Ghosts","floor":20,"gold_loss":0},{"damage_healed":0,"gold_gain":0,"player_choice":"Obtained Book","damage_taken":16,"max_hp_gain":0,"max_hp_loss":0,"event_name":"Cursed Tome","floor":22,"gold_loss":0}],"is_beta":false,"boss_relics":[{"not_picked":["Black Star","Cursed Key"],"picked":"HolyWater"}],"items_purged_floors":[],"is_endless":false,"potions_floor_spawned":[1,6,12],"killed_by":"Snake Plant","ascension_level":5}}