{"host":"4pckc3u5mqcilakq","time":1611835657,"event":{"mods":["AchievementEnabler","BaseMod","Colored Map","Colored Powertips","Highlight Path","Minty Spire (QoL Compilation)"],"gold_per_floor":[113,188,203,214,229,229,264,264,264,296,296,296,70,97,97,195,195,210,210,223,233,250,284,284,295,321,350,65,99,118,145,145,248,248,264,264,264,57,77,77,110,110,110,130,164,164,192,204,204,204,204,204,54,79,79],"floor_reached":56,"language":"ENG","playtime":6385,"items_purged":["Strike_G","Strike_G","Infinite Blades+1","Defend_G"],"score":1830,"play_id":"c3cfe72c-467c-455e-b690-066be04281eb","local_time":"20210128150737","is_ascension_mode":true,"campfire_choices":[{"data":"Neutralize","floor":6.0,"key":"SMITH"},{"data":"Deadly Poison","floor":8.0,"key":"SMITH"},{"floor":11.0,"key":"REST"},{"data":"Deadly Poison","floor":15.0,"key":"SMITH"},{"floor":24.0,"key":"REST"},{"floor":32,"key":"REST"},{"data":"Footwork","floor":40,"key":"SMITH"},{"data":"Footwork","floor":42,"key":"SMITH"},{"floor":49,"key":"RECALL"},{"data":"Footwork","floor":52,"key":"SMITH"}],"circlet_count":0,"master_deck":["Defend_G","Defend_G","Defend_G+1","Defend_G","Survivor+1","Neutralize+1","Poisoned Stab","Noxious Fumes","Dagger Spray+1","Deadly Poison+1","Deadly Poison+1","Leg Sweep","Bullet Time","PiercingWail+1","Footwork+1","Backstab","Bandage Up","Backflip+1","Dodge and Roll+1","Noxious Fumes+1","Corpse Explosion","Catalyst+1","Prepared+1","Catalyst+1","Footwork+1","Footwork+1"],"relics":["Runic Pyramid","Question Card","InkBottle","Gremlin Horn","Whetstone","Potion Belt","Black Star","Omamori","StrikeDummy","Orichalcum","Lantern","Snake Skull","Bottled Lightning","Thread and Needle","Tiny Chest","Astrolabe","Pen Nib","War Paint","Sundial","Peace Pipe","Ornamental Fan","Molten Egg 2","Oddly Smooth Stone","Bronze Scales","HornCleat"],"acts_visited":["Exordium","TheCity","TheBeyond","TheEnding"],"potions_floor_usage":[39,50,55,55],"damage_taken":[{"damage":0.0,"enemies":"Small Slimes","floor":1.0,"turns":4.0},{"damage":0.0,"enemies":"Jaw Worm","floor":3.0,"turns":3.0},{"damage":0.0,"enemies":"2 Louse","floor":4.0,"turns":4.0},{"damage":10.0,"enemies":"Red Slaver","floor":5.0,"turns":3.0},{"damage":7.0,"enemies":"Lagavulin","floor":7.0,"turns":8.0},{"damage":8.0,"enemies":"Gremlin Nob","floor":10.0,"turns":3.0},{"damage":5.0,"enemies":"Lagavulin","floor":14.0,"turns":6.0},{"damage":2.0,"enemies":"The Guardian","floor":16.0,"turns":8.0},{"damage":4.0,"enemies":"Shell Parasite","floor":18.0,"turns":5.0},{"damage":1.0,"enemies":"3 Byrds","floor":20.0,"turns":4.0},{"damage":0.0,"enemies":"Snake Plant","floor":21.0,"turns":5.0},{"damage":14.0,"enemies":"Cultist and Chosen","floor":22.0,"turns":8.0},{"damage":26.0,"enemies":"Slavers","floor":23.0,"turns":9.0},{"damage":14.0,"enemies":"Centurion and Healer","floor":25.0,"turns":6.0},{"damage":2.0,"enemies":"Book of Stabbing","floor":27.0,"turns":6.0},{"damage":15.0,"enemies":"Slavers","floor":29.0,"turns":6.0},{"damage":3.0,"enemies":"Snake Plant","floor":30.0,"turns":5.0},{"damage":2,"enemies":"Gremlin Leader","floor":31,"turns":7},{"damage":1,"enemies":"Champ","floor":33,"turns":12},{"damage":0,"enemies":"3 Darklings","floor":35,"turns":3},{"damage":1,"enemies":"3 Shapes","floor":39,"turns":3},{"damage":0,"enemies":"Giant Head","floor":41,"turns":5},{"damage":4,"enemies":"Maw","floor":44,"turns":5},{"damage":6,"enemies":"Reptomancer","floor":45,"turns":4},{"damage":0,"enemies":"Nemesis","floor":47,"turns":5},{"damage":0,"enemies":"Spire Growth","floor":48,"turns":5},{"damage":0,"enemies":"Time Eater","floor":50,"turns":11},{"damage":8,"enemies":"Shield and Spear","floor":54,"turns":3},{"damage":39,"enemies":"The Heart","floor":55,"turns":7}],"seed_played":"-4976752010355837886","potions_obtained":[{"floor":4.0,"key":"DuplicationPotion"},{"floor":7.0,"key":"SteroidPotion"},{"floor":10.0,"key":"BlessingOfTheForge"},{"floor":18.0,"key":"Explosive Potion"},{"floor":19.0,"key":"Weak Potion"},{"floor":19.0,"key":"SmokeBomb"},{"floor":19.0,"key":"Block Potion"},{"floor":20.0,"key":"EssenceOfSteel"},{"floor":21.0,"key":"GamblersBrew"},{"floor":23.0,"key":"GamblersBrew"},{"floor":31,"key":"Explosive Potion"},{"floor":35,"key":"LiquidBronze"},{"floor":39,"key":"EssenceOfSteel"},{"floor":44,"key":"GhostInAJar"}],"is_trial":false,"path_per_floor":["M","?","M","M","M","R","E","R","T","E","R","?","$","E","R","B",null,"M","?","M","M","M","E","R","M","T","E","$","E","M","E","R","B",null,"M","?","$","$","M","R","E","R","T","M","E","?","E","M","R","B",null,"R","$","E","B",null],"character_chosen":"THE_SILENT","items_purchased":["Whetstone","Fruit Juice","Bandage Up","Footwork"],"campfire_rested":3,"item_purchase_floors":[13,28,28,38],"current_hp_per_floor":[63,52,52,52,42,42,35,35,35,27,48,48,48,43,43,41,63,59,59,58,58,44,18,39,25,25,23,28,17,18,20,42,45,68,72,72,72,72,75,75,75,75,75,72,70,70,74,75,75,75,75,75,75,67,32],"gold":79,"neow_bonus":"BOSS_RELIC","is_daily":false,"chose_seed":false,"campfire_upgraded":6,"win_rate":0.0,"timestamp":1611835657,"path_taken":["M","?","M","M","M","R","E","R","T","E","R","?","$","E","R","BOSS","M","?","M","M","M","E","R","M","T","E","$","E","?","E","R","BOSS","M","?","?","$","M","R","E","R","T","M","E","?","E","M","R","BOSS","R","$","E","BOSS"],"items_purchased_type":["Relic","Potion","Card","Card"],"build_version":"2020-12-22","purchased_purges":4,"victory":true,"max_hp_per_floor":[70,70,70,70,70,70,70,70,70,70,70,70,70,70,70,70,70,70,70,70,70,70,70,70,70,70,70,75,75,75,75,75,75,75,75,75,75,75,75,75,75,75,75,75,75,75,75,75,75,75,75,75,75,75,75],"card_choices":[{"not_picked":["Bane","Backflip"],"picked":"Poisoned Stab","floor":1.0},{"not_picked":["Flying Knee","Deflect"],"picked":"Noxious Fumes","floor":3.0},{"not_picked":["Underhanded Strike","Blade Dance"],"picked":"Dagger Spray","floor":4.0},{"not_picked":["Tactician","Skewer","Quick Slash"],"picked":"SKIP","floor":5.0},{"not_picked":["Dash","Outmaneuver"],"picked":"Deadly Poison","floor":7.0},{"not_picked":["Dagger Spray","Sucker Punch","Backflip"],"picked":"Deadly Poison","floor":10.0},{"not_picked":["Dagger Spray","Slice","Caltrops"],"picked":"Leg Sweep","floor":14.0},{"not_picked":["After Image","Corpse Explosion","Adrenaline"],"picked":"Bullet Time","floor":16.0},{"not_picked":["Backflip","Sucker Punch","Accuracy","Dagger Spray"],"picked":"SKIP","floor":18.0},{"not_picked":["Flying Knee+1","Cloak And Dagger","Dagger Throw"],"picked":"PiercingWail+1","floor":20.0},{"not_picked":["Skewer","Calculated Gamble","Sucker Punch+1"],"picked":"Footwork","floor":21.0},{"not_picked":["Backflip","Sucker Punch+1","Distraction","Slice"],"picked":"SKIP","floor":22.0},{"not_picked":["Sucker Punch","Slice","Riddle With Holes","Backstab"],"picked":"SKIP","floor":23.0},{"not_picked":["Cloak And Dagger","Slice","Calculated Gamble"],"picked":"Backstab","floor":25.0},{"not_picked":["Doppelganger","Expertise","Bouncing Flask","Cloak And Dagger"],"picked":"SKIP","floor":27.0},{"not_picked":["Quick Slash+1","Acrobatics","Sucker Punch"],"picked":"Backflip+1","floor":29.0},{"not_picked":["Flying Knee","Escape Plan+1","Prepared+1"],"picked":"Dodge and Roll+1","floor":30.0},{"not_picked":["Accuracy","Blade Dance","Skewer"],"picked":"Noxious Fumes+1","floor":31},{"not_picked":["Die Die Die","After Image","Storm of Steel"],"picked":"Corpse Explosion","floor":33},{"not_picked":["Leg Sweep+1","Expertise+1","Eviscerate","Deflect"],"picked":"SKIP","floor":35},{"not_picked":["Well Laid Plans+1","Leg Sweep","Acrobatics+1"],"picked":"Footwork","floor":39},{"not_picked":["Tactician+1","All Out Attack","Outmaneuver","Acrobatics+1"],"picked":"SKIP","floor":41},{"not_picked":["Bane","Eviscerate+1","Quick Slash","Outmaneuver+1"],"picked":"SKIP","floor":44},{"not_picked":["Escape Plan+1","Predator","Well Laid Plans","Dash"],"picked":"SKIP","floor":45},{"not_picked":["Flying Knee+1","Endless Agony+1","Dagger Spray+1","Sucker Punch+1"],"picked":"SKIP","floor":47},{"not_picked":["Dagger Throw+1","Deadly Poison","Dagger Spray+1","Adrenaline"],"picked":"SKIP","floor":48},{"not_picked":["Flying Knee+1","Outmaneuver+1","Underhanded Strike+1","Endless Agony+1"],"picked":"SKIP","floor":54}],"player_experience":201914,"relics_obtained":[{"floor":7.0,"key":"Question Card"},{"floor":9.0,"key":"InkBottle"},{"floor":10.0,"key":"Gremlin Horn"},{"floor":14.0,"key":"Potion Belt"},{"floor":23.0,"key":"Omamori"},{"floor":23.0,"key":"StrikeDummy"},{"floor":27.0,"key":"Orichalcum"},{"floor":27.0,"key":"Lantern"},{"floor":29.0,"key":"Snake Skull"},{"floor":29.0,"key":"Bottled Lightning"},{"floor":31,"key":"Thread and Needle"},{"floor":31,"key":"Tiny Chest"},{"floor":41,"key":"Pen Nib"},{"floor":41,"key":"War Paint"},{"floor":43,"key":"Sundial"},{"floor":45,"key":"Peace Pipe"},{"floor":45,"key":"Ornamental Fan"},{"floor":47,"key":"Molten Egg 2"},{"floor":47,"key":"Oddly Smooth Stone"},{"floor":54,"key":"Bronze Scales"},{"floor":54,"key":"HornCleat"}],"event_choices":[{"damage_healed":0.0,"max_hp_gain":0.0,"max_hp_loss":0.0,"gold_gain":75.0,"event_name":"World of Goop","player_choice":"Gather Gold","floor":2.0,"gold_loss":0.0,"damage_taken":11.0},{"damage_healed":0.0,"max_hp_gain":0.0,"max_hp_loss":0.0,"gold_gain":0.0,"event_name":"Liars Game","player_choice":"Ignored","floor":12.0,"gold_loss":0.0,"damage_taken":0.0},{"damage_healed":0.0,"max_hp_gain":0.0,"max_hp_loss":0.0,"gold_gain":0.0,"event_name":"Lab","player_choice":"Got Potions","floor":19.0,"gold_loss":0.0,"damage_taken":0.0},{"damage_healed":0,"gold_gain":0,"player_choice":"Copied","damage_taken":0,"max_hp_gain":0,"max_hp_loss":0,"event_name":"Duplicator","floor":36,"gold_loss":0,"cards_obtained":["Catalyst"]},{"damage_healed":0,"gold_gain":0,"player_choice":"Ignored","damage_taken":0,"max_hp_gain":0,"max_hp_loss":0,"event_name":"SecretPortal","floor":46,"gold_loss":0}],"is_beta":false,"boss_relics":[{"not_picked":["Philosopher\u0027s Stone","Runic Dome"],"picked":"Black Star"},{"not_picked":["SacredBark","Empty Cage"],"picked":"Astrolabe"}],"items_purged_floors":[13,28,38,53],"is_endless":false,"potions_floor_spawned":[4,7,10,18,20,21,23,31,35,39,44],"ascension_level":7}}