{"host":"vyjryxuuuxkt43k4","time":1611799535,"event":{"mods":["AchievementEnabler","BaseMod","Colored Map","DeckTracker","Keyboard Shortcuts","Minty Spire (QoL Compilation)","Permanent Neow","Quick Restart","Rare Cards Sparkle","StSLib","SuperFastMode","everything is the same but u backflip on backflip"],"gold_per_floor":[10,10,28,44,57,57,57],"floor_reached":6,"language":"KOR","playtime":236,"items_purged":[],"score":76,"play_id":"b9a9783f-fb3d-4359-9e5b-b28e46b54773","local_time":"20210128110535","is_ascension_mode":true,"campfire_choices":[],"circlet_count":0,"master_deck":["AscendersBane","Strike_R","Strike_R","Strike_R","Strike_R","Strike_R","Defend_R","Defend_R","Defend_R","Defend_R","Bash","Double Tap","Ghostly Armor","Pain","Shrug It Off","Inflame","Feel No Pain"],"relics":["Burning Blood","WarpedTongs"],"acts_visited":["Exordium"],"potions_floor_usage":[6,6],"damage_taken":[{"damage":9,"enemies":"Jaw Worm","floor":1,"turns":3},{"damage":9,"enemies":"Cultist","floor":3,"turns":4},{"damage":3,"enemies":"Small Slimes","floor":4,"turns":4},{"damage":37,"enemies":"Gremlin Gang","floor":5,"turns":6},{"damage":49,"enemies":"Gremlin Nob","floor":6,"turns":4}],"seed_played":"-452596980906443623","potions_obtained":[{"floor":1,"key":"SpeedPotion"},{"floor":5,"key":"SpeedPotion"}],"is_trial":false,"path_per_floor":["M","?","M","M","M","E"],"character_chosen":"IRONCLAD","items_purchased":[],"campfire_rested":0,"item_purchase_floors":[],"current_hp_per_floor":[65,65,62,65,34,0,0],"gold":57,"neow_bonus":"THREE_RARE_CARDS","is_daily":false,"chose_seed":false,"campfire_upgraded":0,"win_rate":0.0,"timestamp":1611799535,"path_taken":["M","?","M","M","M","E"],"items_purchased_type":[],"build_version":"2020-12-22","purchased_purges":0,"victory":false,"max_hp_per_floor":[75,75,75,75,75,75,75],"card_choices":[{"not_picked":["Reaper","Juggernaut"],"picked":"Double Tap","floor":0},{"not_picked":["Spot Weakness","Perfected Strike"],"picked":"Ghostly Armor","floor":1},{"not_picked":["Bloodletting","Sword Boomerang"],"picked":"Shrug It Off","floor":3},{"not_picked":["Evolve","Armaments"],"picked":"Inflame","floor":4},{"not_picked":["Shrug It Off","Twin Strike"],"picked":"Feel No Pain","floor":5}],"player_experience":432940,"relics_obtained":[],"event_choices":[{"damage_healed":0,"gold_gain":0,"player_choice":"Rummage","damage_taken":0,"relics_obtained":["WarpedTongs"],"max_hp_gain":0,"max_hp_loss":0,"event_name":"Accursed Blacksmith","floor":2,"gold_loss":0,"cards_obtained":["Pain"]}],"is_beta":false,"boss_relics":[],"items_purged_floors":[],"is_endless":false,"potions_floor_spawned":[1,5],"killed_by":"Gremlin Nob","ascension_level":20}}