{"host":"uv5ws9rdk87e8i5k","time":1611857163,"event":{"mods":["AchievementEnabler","BaseMod","Colored Map","Minty Spire (QoL Compilation)","Permanent Neow","Quick Restart","StSLib","SuperFastMode","The Animator","The Cursed","The Hierophant","The Necromancer"],"gold_per_floor":[118,134,146,146,10,44,44,56,56,56,81,81,91,107,107,184,184,197,215,227,242,255,287,305,332,357,376,393,43,63,63,63,63,63],"floor_reached":33,"language":"ENG","playtime":848,"items_purged":["Strike_W"],"score":578,"play_id":"828d7780-834e-45c3-93d0-19721ed1d49a","local_time":"20210128120603","is_ascension_mode":true,"campfire_choices":[{"data":"Requiem","floor":15.0,"key":"SMITH"},{"data":"Requiem","floor":32.0,"key":"SMITH"}],"circlet_count":0,"master_deck":["AscendersBane","Strike_W","Strike_W","Strike_W","Defend_W","Defend_W","Defend_W","Defend_W","Negative_Energy_Arrows","Bone_Wall","Summon_Death_Knight+1","Necrotic_Claws","Negative_Energy_Burst","Summon_Death_Knight+1","Requiem+1","Requiem+1","Summon_Undead_Army","Spectral_Walk","Negative_Energy_Burst","Spectral_Walk","Negative_Energy_Burst","Shade_Step"],"relics":["Vampire_Amulet","PreservedInsect","Dead Branch","Bottled Flame","Du-Vu Doll","Sozu","Tiny Chest","Omamori","Smiling Mask","Meat on the Bone"],"acts_visited":["Exordium","TheCity"],"potions_floor_usage":[],"damage_taken":[{"damage":9.0,"enemies":"Jaw Worm","floor":1.0,"turns":4.0},{"damage":5.0,"enemies":"Small Slimes","floor":2.0,"turns":4.0},{"damage":0.0,"enemies":"Cultist","floor":3.0,"turns":4.0},{"damage":22.0,"enemies":"Lagavulin","floor":6.0,"turns":8.0},{"damage":8.0,"enemies":"Red Slaver","floor":8.0,"turns":4.0},{"damage":7.0,"enemies":"3 Sentries","floor":11.0,"turns":6.0},{"damage":1.0,"enemies":"Looter","floor":13.0,"turns":3.0},{"damage":1.0,"enemies":"2 Fungi Beasts","floor":14.0,"turns":3.0},{"damage":22.0,"enemies":"Slime Boss","floor":16.0,"turns":6.0},{"damage":19.0,"enemies":"2 Thieves","floor":18.0,"turns":4.0},{"damage":3.0,"enemies":"3 Byrds","floor":19.0,"turns":4.0},{"damage":26.0,"enemies":"Snecko","floor":20.0,"turns":5.0},{"damage":5.0,"enemies":"Cultist and Chosen","floor":21.0,"turns":5.0},{"damage":3.0,"enemies":"Chosen and Byrds","floor":22.0,"turns":4.0},{"damage":5.0,"enemies":"Gremlin Leader","floor":23.0,"turns":5.0},{"damage":17.0,"enemies":"Centurion and Healer","floor":24.0,"turns":6.0},{"damage":9.0,"enemies":"Book of Stabbing","floor":25.0,"turns":4.0},{"damage":4.0,"enemies":"Snake Plant","floor":27.0,"turns":4.0},{"damage":4.0,"enemies":"Chosen and Byrds","floor":28.0,"turns":5.0},{"damage":18.0,"enemies":"Sentry and Sphere","floor":30.0,"turns":6.0},{"damage":42,"enemies":"Collector","floor":33,"turns":6}],"seed_played":"5514647196059991283","potions_obtained":[{"floor":1.0,"key":"Block Potion"},{"floor":2.0,"key":"Regen Potion"},{"floor":8.0,"key":"FairyPotion"},{"floor":14.0,"key":"Regen Potion"}],"is_trial":false,"path_per_floor":["M","M","M","?","$","E","?","M","T","?","E","?","M","M","R","B",null,"M","M","M","M","M","E","M","E","T","M","M","$","M","$","R","B"],"character_chosen":"NECROMANCER","items_purchased":["Summon_Death_Knight","Meat on the Bone","Negative_Energy_Burst"],"campfire_rested":0,"item_purchase_floors":[5,29,29],"current_hp_per_floor":[57,56,58,51,51,46,41,35,35,35,34,34,35,38,38,35,62,47,50,26,25,28,31,24,17,17,15,15,15,34,34,34,0,0],"gold":63,"neow_bonus":"THREE_RARE_CARDS","is_daily":false,"chose_seed":false,"campfire_upgraded":2,"win_rate":0.0,"timestamp":1611857163,"path_taken":["M","M","M","?","$","E","?","M","T","?","E","?","M","M","R","BOSS","M","M","M","M","?","E","M","E","T","M","M","$","M","?","R","BOSS"],"items_purchased_type":["Card","Relic","Card"],"build_version":"2020-12-22","purchased_purges":1,"victory":false,"max_hp_per_floor":[71,71,71,71,71,71,71,71,71,71,71,71,71,71,71,71,71,71,71,71,71,71,71,71,71,71,71,71,71,71,71,71,71,71],"card_choices":[{"not_picked":["Detonate_Bones","Grasp_Heart"],"picked":"Summon_Death_Knight","floor":0.0},{"not_picked":["Strike_from_Beyond","Bone_Shift"],"picked":"Necrotic_Claws","floor":1.0},{"not_picked":["Pandemic","Whirlwind_of_Bones"],"picked":"Negative_Energy_Burst","floor":2.0},{"not_picked":["Shackles_Of_Pain","Toxic_Smoke_Screen","Bone_Spikes"],"picked":"SKIP","floor":3.0},{"not_picked":["Bone_Spikes","Bones_to_Steel","Vampiric_Strike"],"picked":"SKIP","floor":6.0},{"not_picked":["Shackles_Of_Pain","Death_Coil","Scare"],"picked":"SKIP","floor":8.0},{"not_picked":["Bone_Armory","Negative_Energy_Sphere","Strike_from_Beyond"],"picked":"SKIP","floor":11.0},{"not_picked":["Life_Tap","Consume_Illness"],"picked":"Requiem","floor":13.0},{"not_picked":["Negative_Energy_Javelin","Death_Coil","Bone_Shift"],"picked":"SKIP","floor":14.0},{"not_picked":["Hellfire","Blood_Magic"],"picked":"Requiem","floor":16.0},{"not_picked":["Negative_Energy_Javelin","Uncharnel"],"picked":"Summon_Undead_Army","floor":18.0},{"not_picked":["Scare","Negative_Energy_Mist"],"picked":"Spectral_Walk","floor":19.0},{"not_picked":["Bones_to_Steel","Blood_Curse"],"picked":"Negative_Energy_Burst","floor":20.0},{"not_picked":["Finger_Of_Death","Death_Coil+1","Negative_Energy_Mist"],"picked":"SKIP","floor":21.0},{"not_picked":["Consume_Illness","Chill_Blood","Cloudkill"],"picked":"SKIP","floor":22.0},{"not_picked":["Vampiric_Strike","Toxic_Smoke_Screen+1","Bones_to_Steel"],"picked":"SKIP","floor":23.0},{"not_picked":["Flesh_Made_Foul","Negative_Energy_Sphere","Finger_Of_Death"],"picked":"SKIP","floor":24.0},{"not_picked":["Shackles_Of_Pain","Negative_Energy_Mist"],"picked":"Spectral_Walk","floor":25.0},{"not_picked":["Scare","Detonate_Bones","Exploit"],"picked":"SKIP","floor":27.0},{"not_picked":["Scare","Death_Coil+1","Negative_Energy_Mist"],"picked":"SKIP","floor":28.0},{"not_picked":["Life_Tap","Toxic_Smoke_Screen"],"picked":"Shade_Step","floor":30.0}],"player_experience":306783,"relics_obtained":[{"floor":6.0,"key":"PreservedInsect"},{"floor":9.0,"key":"Bottled Flame"},{"floor":11.0,"key":"Du-Vu Doll"},{"floor":23.0,"key":"Tiny Chest"},{"floor":25.0,"key":"Omamori"},{"floor":26.0,"key":"Smiling Mask"}],"event_choices":[{"cards_removed":["Normality"],"damage_healed":0.0,"max_hp_gain":0.0,"max_hp_loss":0.0,"gold_gain":0.0,"event_name":"Golden Wing","player_choice":"Card Removal","floor":4.0,"gold_loss":0.0,"damage_taken":7.0},{"damage_healed":0.0,"max_hp_gain":0.0,"max_hp_loss":0.0,"gold_gain":0.0,"event_name":"Scrap Ooze","player_choice":"Success","floor":7.0,"gold_loss":0.0,"damage_taken":5.0,"relics_obtained":["Dead Branch"]},{"damage_healed":0.0,"max_hp_gain":0.0,"max_hp_loss":0.0,"gold_gain":0.0,"event_name":"Living Wall","player_choice":"Grow","floor":10.0,"gold_loss":0.0,"damage_taken":0.0,"cards_upgraded":["Summon_Death_Knight"]},{"damage_healed":0.0,"max_hp_gain":0.0,"max_hp_loss":0.0,"gold_gain":0.0,"event_name":"Upgrade Shrine","player_choice":"Upgraded","floor":12.0,"gold_loss":0.0,"damage_taken":0.0,"cards_upgraded":["Summon_Death_Knight"]}],"is_beta":false,"boss_relics":[{"not_picked":["Philosopher\u0027s Stone","Empty Cage"],"picked":"Sozu"}],"items_purged_floors":[29],"is_endless":false,"potions_floor_spawned":[1,2,8,14,18,19,20,27],"killed_by":"Collector","ascension_level":15}}