{"host":"6gl4z8x6qhx9xtfj","time":1611817348,"event":{"mods":["2.2 Compatiblity","AchievementEnabler","BaseMod","Bestiary","Colored Map","Colored Powertips","Evolution","Minty Spire (QoL Compilation)","Quick Restart","Relic Stats","StSLib","SuperFastMode"],"gold_per_floor":[112,129,147,164,174,174,193,193,218,218,218],"floor_reached":10,"language":"RUS","playtime":615,"items_purged":[],"score":62,"play_id":"a38684dd-dfa9-4997-8cd3-f559ae791128","local_time":"20210128100228","is_ascension_mode":false,"campfire_choices":[{"data":"Eruption","floor":6,"key":"SMITH"},{"data":"ReachHeaven","floor":8,"key":"SMITH"}],"circlet_count":0,"master_deck":["Strike_P","Strike_P","Strike_P","Strike_P","Defend_P","Defend_P","Defend_P","Defend_P","Eruption+1","Vigilance","Meditate","CutThroughFate","Worship","CutThroughFate","ReachHeaven+1"],"relics":["PureWater","EVO:Axolotl","NeowsBlessing","MealTicket"],"acts_visited":["Exordium"],"potions_floor_usage":[10],"damage_taken":[{"damage":0,"enemies":"Jaw Worm","floor":1,"turns":1},{"damage":0,"enemies":"Small Slimes","floor":2,"turns":2},{"damage":0,"enemies":"Cultist","floor":3,"turns":1},{"damage":37,"enemies":"Gremlin Gang","floor":4,"turns":10},{"damage":22,"enemies":"Exordium Thugs","floor":5,"turns":4},{"damage":2,"enemies":"Looter","floor":7,"turns":3},{"damage":21,"enemies":"3 Sentries","floor":10,"turns":4}],"seed_played":"-4481345179466013728","potions_obtained":[{"floor":3,"key":"GamblersBrew"},{"floor":4,"key":"SkillPotion"}],"is_trial":false,"path_per_floor":["M","M","M","M","M","R","M","R","T","E"],"character_chosen":"WATCHER","items_purchased":[],"campfire_rested":0,"item_purchase_floors":[],"current_hp_per_floor":[72,72,72,35,13,13,11,11,11,0,0],"gold":218,"neow_bonus":"THREE_ENEMY_KILL","is_daily":false,"chose_seed":false,"campfire_upgraded":2,"win_rate":0.0,"timestamp":1611817348,"path_taken":["M","M","M","M","M","R","M","R","T","E"],"items_purchased_type":[],"build_version":"2020-12-22","purchased_purges":0,"victory":false,"max_hp_per_floor":[72,72,72,72,72,72,72,72,72,72,72],"relic_stats":{"counters":[7,25],"MealTicket":0,"obtain_stats":[{"NeowsBlessing":0,"MealTicket":9,"EVO:Axolotl":0,"PureWater":0},{"NeowsBlessing":0,"MealTicket":6,"EVO:Axolotl":0,"PureWater":0},{"NeowsBlessing":0,"MealTicket":21,"EVO:Axolotl":0,"PureWater":0}]},"card_choices":[{"not_picked":["JustLucky","SandsOfTime"],"picked":"Meditate","floor":1},{"not_picked":["JustLucky","ThirdEye","SignatureMove"],"picked":"SKIP","floor":2},{"not_picked":["JustLucky","Swivel"],"picked":"CutThroughFate","floor":3},{"not_picked":["SashWhip","Sanctity"],"picked":"Worship","floor":4},{"not_picked":["FollowUp","FlyingSleeves"],"picked":"CutThroughFate","floor":5},{"not_picked":["Adaptation","Perseverance"],"picked":"ReachHeaven","floor":7}],"player_experience":68485,"relics_obtained":[{"floor":9,"key":"MealTicket"}],"event_choices":[],"is_beta":false,"boss_relics":[],"items_purged_floors":[],"is_endless":false,"potions_floor_spawned":[3,4],"killed_by":"3 Sentries","ascension_level":0}}