{"host":"uvmuduost5bzvojs","time":1611868747,"event":{"mods":["Aspiration","Bard","BaseMod","Better Match","Block Reminder","Conspire","Hermit","Highlight Path","Hubris","Infinite Spire","Jorbs\u0027s Wanderer Trilogy","Mad Scientist","Marisa????????","Mimic Mod","Minty Spire (QoL Compilation)","Potionbrewer","Replay The Spire","Robot Space Explorer","StSLib","The Blackbeard","The Construct","The Cursed","The Disciple","The Hayseed","The Hierophant","The Juggle","The Jungle","The Poker Player","The Runesmith","The Servant 0.9.4","The Spell Scribe","The Valiant","TheBandit"],"gold_per_floor":[113,125,125,125,141,173,173,73,97,97,146,219,219,219,219,356,356,394,472,543,609,628,628],"floor_reached":22,"language":"ENG","playtime":1184,"items_purged":[],"score":244,"play_id":"215d98ca-6a8d-480f-9fe9-ed5d382eab4f","local_time":"20210128161907","is_ascension_mode":false,"campfire_choices":[{"data":"Runesmith:Overpower","floor":7,"key":"SMITH"},{"data":"conspire:SpireCoStock","floor":10,"key":"SMITH"},{"data":"conspire:SpireCoStock","floor":13,"key":"SMITH"},{"floor":15,"key":"REST"}],"circlet_count":0,"master_deck":["Runesmith:Strike_RS","Runesmith:Strike_RS","Runesmith:Strike_RS","Runesmith:Defend_RS","Runesmith:Defend_RS","Runesmith:Defend_RS","Runesmith:Defend_RS","Runesmith:CraftFirestone","Runesmith:Fortify","Runesmith:Overpower+1","Runesmith:ChiselStab","Injury","Runesmith:CraftProtectio","Runesmith:ChargedHammer+1","conspire:SpireCoStock+1","conspire:SpireCoStock+1","Runesmith:FrozenChisel+1","Runesmith:Repurpose","Runesmith:Duplicate","Runesmith:WhiteBalance+1","Runesmith:CraftSpiculum+1","Runesmith:Discharge+1"],"relics":["Runesmith:BrokenRuby","NeowsBlessing","Molten Egg 2","Replay:Kaleidoscope","Replay:Bottled Snecko","hubris:OldNail","Pet Ghost","Busted Crown","ReplayTheSpireMod:Ninjato"],"acts_visited":["Exordium","TheCity"],"potions_floor_usage":[12,16,16,16],"damage_taken":[{"damage":0,"enemies":"conspire:RoseBush","floor":1,"turns":1},{"damage":0,"enemies":"Jaw Worm","floor":2,"turns":1},{"damage":0,"enemies":"Cultist","floor":5,"turns":1},{"damage":30,"enemies":"3 Sentries","floor":6,"turns":8},{"damage":8,"enemies":"2 Fungi Beasts","floor":11,"turns":3},{"damage":27,"enemies":"Lagavulin","floor":12,"turns":5},{"damage":0,"enemies":"Hexaghost","floor":16,"turns":8},{"damage":35,"enemies":"3 Byrds","floor":18,"turns":6},{"damage":10,"enemies":"Chosen","floor":19,"turns":4},{"damage":6,"enemies":"Shelled Parasite and Fungi","floor":20,"turns":7},{"damage":11,"enemies":"Shelled Parasite and Fungi","floor":21,"turns":7},{"damage":16,"enemies":"Sentry and Sphere","floor":22,"turns":5}],"seed_played":"-4957417513446010022","potions_obtained":[{"floor":2,"key":"FearPotion"},{"floor":5,"key":"potionbrewer:NoxiousPotion"},{"floor":6,"key":"Languid Potion"},{"floor":12,"key":"Cursed Concoction"},{"floor":16,"key":"potionbrewer:NoxiousPotion"},{"floor":21,"key":"Milkshake"}],"is_trial":false,"path_per_floor":["M","M","?","T","M","E","R","?","T","R","M","E","R","?","R","B",null,"M","M","MIM","M","M"],"character_chosen":"RUNESMITH_CLASS","items_purchased":[],"campfire_rested":1,"item_purchase_floors":[],"current_hp_per_floor":[70,70,70,70,70,40,40,40,40,40,32,5,5,5,26,26,70,35,25,19,8,0,0],"gold":628,"neow_bonus":"THREE_ENEMY_KILL","is_daily":false,"chose_seed":false,"campfire_upgraded":3,"win_rate":0.0,"timestamp":1611868747,"path_taken":["M","M","?","?","?","E","R","?","T","R","M","E","R","?","R","BOSS","M","M","?","M","M"],"items_purchased_type":[],"build_version":"2020-12-22","purchased_purges":0,"victory":false,"max_hp_per_floor":[70,70,70,70,70,70,70,70,70,70,70,70,70,70,70,70,70,70,70,70,70,70,70],"card_choices":[{"not_picked":["Runesmith:StaticCage","Runesmith:Permafrost"],"picked":"Runesmith:Overpower","floor":1},{"not_picked":["Runesmith:StaticCage","Runesmith:HammerThrow"],"picked":"Runesmith:ChiselStab","floor":2},{"not_picked":["Runesmith:Prism","Runesmith:DuctTape"],"picked":"Runesmith:CraftProtectio","floor":5},{"not_picked":["Runesmith:HeatExchange+1","Runesmith:Permafrost"],"picked":"Runesmith:ChargedHammer+1","floor":6},{"not_picked":["Runesmith:NegativeSpace","Runesmith:Prism"],"picked":"Runesmith:FrozenChisel+1","floor":11},{"not_picked":["Runesmith:ElementalConversion","Runesmith:MakeshiftArmor"],"picked":"Runesmith:Repurpose","floor":12},{"not_picked":["Runesmith:DuctTape","Runesmith:ArcReactor"],"picked":"Runesmith:Duplicate","floor":16},{"not_picked":[],"picked":"Runesmith:WhiteBalance+1","floor":18},{"not_picked":["Runesmith:FieryHammer+1"],"picked":"SKIP","floor":19},{"not_picked":[],"picked":"Runesmith:CraftSpiculum+1","floor":20},{"not_picked":[],"picked":"Runesmith:Discharge+1","floor":21}],"player_experience":1899113,"relics_obtained":[{"floor":4,"key":"Replay:Kaleidoscope"},{"floor":6,"key":"Replay:Bottled Snecko"},{"floor":9,"key":"hubris:OldNail"},{"floor":12,"key":"Pet Ghost"},{"floor":20,"key":"ReplayTheSpireMod:Ninjato"}],"event_choices":[{"damage_healed":0,"gold_gain":0,"player_choice":"Invest 2","damage_taken":0,"max_hp_gain":0,"max_hp_loss":0,"event_name":"conspire:Investor","floor":8,"gold_loss":0},{"cards_removed":["Runesmith:Strike_RS"],"damage_healed":0,"gold_gain":0,"player_choice":"Purged","damage_taken":0,"max_hp_gain":0,"max_hp_loss":0,"event_name":"Purifier","floor":14,"gold_loss":0}],"is_beta":false,"boss_relics":[{"not_picked":["Black Star","Empty Cage"],"picked":"Busted Crown"}],"items_purged_floors":[],"is_endless":false,"potions_floor_spawned":[2,5,6,12,16,21],"killed_by":"Sentry and Sphere","ascension_level":0}}