{"host":"na09lpbrez4gbfiz","time":1611849628,"event":{"mods":["Act Like it!","BaseMod","BetterRewards","Colored Map","Colored Powertips","DeckTracker","Googly Eyes","Highlight Path","Minty Spire (QoL Compilation)","Quick Restart","Spicy Shops","StSLib","SuperFastMode","Synergy Search"],"gold_per_floor":[117,129,204,223,8,8,19,19,19,48,64,64,239,239,239],"floor_reached":14,"language":"ENG","playtime":305,"items_purged":["Strike_R","Strike_R"],"score":140,"play_id":"333b61cc-cfdd-445d-8fdd-57175b4318e1","local_time":"20210128170028","is_ascension_mode":true,"campfire_choices":[{"data":"Rampage","floor":6,"key":"SMITH"},{"data":"Bash","floor":8,"key":"SMITH"}],"circlet_count":0,"master_deck":["AscendersBane","Strike_R","Strike_R","Strike_R","Defend_R","Defend_R","Defend_R","Defend_R","Bash+1","Rampage+1","Shrug It Off","Shrug It Off","Headbutt","Metallicize","Injury","Doubt"],"relics":["Runic Dome","Incense Burner","Turnip","Golden Idol"],"acts_visited":["Exordium"],"potions_floor_usage":[10,10],"damage_taken":[{"damage":4,"enemies":"Jaw Worm","floor":1,"turns":3},{"damage":1,"enemies":"Cultist","floor":2,"turns":3},{"damage":8,"enemies":"Small Slimes","floor":4,"turns":3},{"damage":8,"enemies":"Blue Slaver","floor":7,"turns":3},{"damage":10,"enemies":"Gremlin Nob","floor":10,"turns":3},{"damage":13,"enemies":"Exordium Thugs","floor":11,"turns":4},{"damage":20,"enemies":"Lagavulin","floor":14,"turns":8}],"seed_played":"-7587279654793819977","potions_obtained":[{"floor":2,"key":"AttackPotion"},{"floor":7,"key":"PowerPotion"}],"is_trial":false,"path_per_floor":["M","M","?","M","$","R","M","R","T","E","M","?","?","E"],"character_chosen":"IRONCLAD","items_purchased":["Shrug It Off"],"campfire_rested":0,"item_purchase_floors":[5],"current_hp_per_floor":[68,67,59,51,51,51,43,43,43,33,20,20,20,0,0],"gold":239,"neow_bonus":"BOSS_RELIC","is_daily":false,"chose_seed":false,"campfire_upgraded":2,"win_rate":0.0,"timestamp":1611849628,"path_taken":["M","M","?","?","$","R","M","R","T","E","M","?","?","E"],"items_purchased_type":["Card"],"build_version":"2020-12-22","purchased_purges":2,"victory":false,"max_hp_per_floor":[80,80,80,80,80,80,80,80,80,80,80,80,80,80,80],"card_choices":[{"not_picked":["Pommel Strike","Feel No Pain","Body Slam"],"picked":"SKIP","floor":1},{"not_picked":["Bloodletting","Perfected Strike"],"picked":"Rampage","floor":2},{"not_picked":["Warcry","Heavy Blade"],"picked":"Shrug It Off","floor":4},{"not_picked":["Pommel Strike","Sword Boomerang","Fiend Fire"],"picked":"SKIP","floor":7},{"not_picked":["Cleave","Spot Weakness"],"picked":"Headbutt","floor":10},{"not_picked":["Clothesline","Inflame"],"picked":"Metallicize","floor":11}],"player_experience":184007,"relics_obtained":[{"floor":9,"key":"Incense Burner"},{"floor":10,"key":"Turnip"}],"event_choices":[{"damage_healed":0,"gold_gain":75,"player_choice":"Touch","damage_taken":8,"max_hp_gain":0,"max_hp_loss":0,"event_name":"FaceTrader","floor":3,"gold_loss":0},{"damage_healed":0,"gold_gain":0,"player_choice":"Take Wound","damage_taken":0,"relics_obtained":["Golden Idol"],"max_hp_gain":0,"max_hp_loss":0,"event_name":"Golden Idol","floor":12,"gold_loss":0,"cards_obtained":["Injury"]},{"damage_healed":0,"gold_gain":175,"player_choice":"AGREE","damage_taken":0,"max_hp_gain":0,"max_hp_loss":0,"event_name":"Liars Game","floor":13,"gold_loss":0,"cards_obtained":["Doubt"]}],"is_beta":false,"boss_relics":[],"items_purged_floors":[5,5],"is_endless":false,"potions_floor_spawned":[2,7],"killed_by":"Lagavulin","ascension_level":11}}