{"host":"fflyk188z5ncxlup","time":1611838926,"event":{"mods":["AchievementEnabler","BaseMod","Bestiary","Better Third Choice","Block Reminder","Colored Map","Colored Powertips","DeckTracker","Googly Eyes","Minty Spire (QoL Compilation)","StSLib","SuperFastMode"],"gold_per_floor":[113,131,141,141,159,32,32,107,118,171,187,201,201,227,245,260,260,365,365,381,397,397,417,433,197,216,230,230,280,295,295,385,403,403,498,498,498,595,595,607,323,336,180,199,199,199,199],"floor_reached":46,"language":"ENG","playtime":1986,"items_purged":["Strike_G"],"score":1002,"play_id":"ac94de98-e7e0-454c-95fc-38137456a2e0","local_time":"20210128220205","is_ascension_mode":true,"campfire_choices":[{"floor":7.0,"key":"REST"},{"floor":17.0,"key":"REST"},{"data":"Accuracy","floor":31.0,"key":"SMITH"},{"floor":34.0,"key":"REST"},{"floor":37.0,"key":"REST"},{"floor":45,"key":"REST"}],"circlet_count":0,"master_deck":["AscendersBane","Strike_G","Strike_G","Defend_G","Defend_G","Defend_G","Defend_G+1","Survivor+1","Neutralize","Bane+1","Dagger Spray+1","Storm of Steel+1","Backstab","Deadly Poison","Deadly Poison","Dash","Venomology","Accuracy+1","Corpse Explosion","Terror","Ghostly","Ghostly","Ghostly","Ghostly","Ghostly","Bullet Time","Night Terror","Noxious Fumes+1","Envenom","Corpse Explosion","Noxious Fumes","Accuracy","Bouncing Flask+1"],"relics":["Astrolabe","Snake Skull","Shuriken","WristBlade","Nunchaku","Tiny Chest","Black Star","Fusion Hammer","Membership Card","Lantern"],"acts_visited":["Exordium","TheCity","TheBeyond"],"potions_floor_usage":[44],"damage_taken":[{"damage":0.0,"enemies":"2 Louse","floor":1.0,"turns":2.0},{"damage":0.0,"enemies":"Small Slimes","floor":2.0,"turns":2.0},{"damage":2.0,"enemies":"Jaw Worm","floor":3.0,"turns":2.0},{"damage":5.0,"enemies":"Exordium Thugs","floor":5.0,"turns":3.0},{"damage":0.0,"enemies":"2 Fungi Beasts","floor":9.0,"turns":3.0},{"damage":0.0,"enemies":"Large Slime","floor":11.0,"turns":5.0},{"damage":0.0,"enemies":"Gremlin Gang","floor":12.0,"turns":2.0},{"damage":15.0,"enemies":"Lagavulin","floor":14.0,"turns":4.0},{"damage":14.0,"enemies":"3 Louse","floor":15.0,"turns":3.0},{"damage":14.0,"enemies":"Red Slaver","floor":16.0,"turns":2.0},{"damage":8.0,"enemies":"Slime Boss","floor":18.0,"turns":8.0},{"damage":17.0,"enemies":"2 Thieves","floor":20.0,"turns":2.0},{"damage":7.0,"enemies":"Chosen","floor":21.0,"turns":4.0},{"damage":4.0,"enemies":"Shelled Parasite and Fungi","floor":23.0,"turns":5.0},{"damage":4.0,"enemies":"Sentry and Sphere","floor":24.0,"turns":4.0},{"damage":0.0,"enemies":"3 Cultists","floor":26.0,"turns":4.0},{"damage":3.0,"enemies":"Snake Plant","floor":27.0,"turns":5.0},{"damage":1.0,"enemies":"Sentry and Sphere","floor":30.0,"turns":3.0},{"damage":0.0,"enemies":"Snecko","floor":33.0,"turns":4.0},{"damage":0.0,"enemies":"Automaton","floor":35.0,"turns":8.0},{"damage":26.0,"enemies":"Automaton","floor":38.0,"turns":10.0},{"damage":18.0,"enemies":"3 Shapes","floor":40.0,"turns":3.0},{"damage":0.0,"enemies":"3 Darklings","floor":42.0,"turns":1.0},{"damage":39,"enemies":"Transient","floor":44,"turns":5},{"damage":28,"enemies":"Spire Growth","floor":46,"turns":3}],"seed_played":"303883125265951196","potions_obtained":[{"floor":1.0,"key":"Regen Potion"},{"floor":5.0,"key":"Explosive Potion"},{"floor":12.0,"key":"DistilledChaos"},{"floor":14.0,"key":"BlessingOfTheForge"},{"floor":23.0,"key":"BlessingOfTheForge"},{"floor":38.0,"key":"ColorlessPotion"},{"floor":40.0,"key":"CunningPotion"},{"floor":42.0,"key":"DistilledChaos"}],"is_trial":false,"path_per_floor":["M","M","M","?","M","$","R","?","M","T","M","M","$","E","M","M","R","B",null,"M","M","?","M","M","$","M","M","T","?","M","R","?","M","R","B",null,"R","B",null,"M","$","M","$","M","R","M"],"character_chosen":"THE_SILENT","items_purchased":["Deadly Poison","Dash","Night Terror","Nunchaku","Membership Card","Fruit Juice","Noxious Fumes","FairyPotion","Lantern","Accuracy"],"campfire_rested":5,"item_purchase_floors":[6,6,25,25,41,41,41,43,43,43],"current_hp_per_floor":[63,63,61,47,42,42,63,52,52,52,66,66,66,51,37,23,44,36,62,45,38,35,31,27,27,27,24,24,24,23,23,11,11,21,21,21,31,5,28,10,10,15,15,10,22,0,0],"gold":199,"neow_bonus":"BOSS_RELIC","is_daily":false,"chose_seed":false,"campfire_upgraded":1,"win_rate":0.0,"timestamp":1611838925,"path_taken":["M","M","M","?","M","$","R","?","M","T","M","?","?","E","M","M","R","BOSS","M","M","?","M","M","$","M","M","T","?","?","R","?","M","R","BOSS","R","BOSS","M","$","M","$","M","R","M"],"items_purchased_type":["Card","Card","Card","Relic","Relic","Potion","Card","Potion","Relic","Card"],"build_version":"2020-12-22","purchased_purges":1,"victory":false,"max_hp_per_floor":[70,70,70,70,70,70,70,70,70,70,70,70,70,70,70,70,70,70,70,70,70,35,35,35,35,35,35,35,35,35,35,35,35,35,35,35,35,35,35,35,35,40,40,40,40,40,40],"card_choices":[{"not_picked":["Infinite Blades","Prepared"],"picked":"Backstab","floor":1.0},{"not_picked":["Slice","Bane","Riddle With Holes"],"picked":"SKIP","floor":2.0},{"not_picked":["Setup","Tactician"],"picked":"Deadly Poison","floor":3.0},{"not_picked":["Infinite Blades","Underhanded Strike","Riddle With Holes"],"picked":"SKIP","floor":5.0},{"not_picked":["Prepared","Underhanded Strike"],"picked":"Venomology","floor":9.0},{"not_picked":["Outmaneuver","Bane"],"picked":"Accuracy","floor":11.0},{"not_picked":["Slice","Dodge and Roll","Dagger Throw"],"picked":"SKIP","floor":12.0},{"not_picked":["Dagger Throw","Acrobatics","Escape Plan"],"picked":"SKIP","floor":14.0},{"not_picked":["Dash","Tools of the Trade","Acrobatics"],"picked":"SKIP","floor":15.0},{"not_picked":["Slice","Flying Knee","Outmaneuver"],"picked":"SKIP","floor":16.0},{"not_picked":["Grand Finale","Venomology"],"picked":"Corpse Explosion","floor":18.0},{"not_picked":["Underhanded Strike","Flying Knee"],"picked":"Terror","floor":20.0},{"not_picked":["Sucker Punch","Deadly Poison","Underhanded Strike"],"picked":"SKIP","floor":21.0},{"not_picked":["Terror","Quick Slash","Dagger Throw"],"picked":"SKIP","floor":23.0},{"not_picked":["Setup","Dodge and Roll+1"],"picked":"Bullet Time","floor":24.0},{"not_picked":["Quick Slash","Well Laid Plans"],"picked":"Noxious Fumes+1","floor":26.0},{"not_picked":["Escape Plan+1","Distraction","Finisher+1"],"picked":"SKIP","floor":27.0},{"not_picked":["Deflect","Slice","Setup+1"],"picked":"SKIP","floor":30.0},{"not_picked":["Dagger Throw+1","Terror","Prepared"],"picked":"SKIP","floor":33.0},{"not_picked":["Unload","Storm of Steel"],"picked":"Envenom","floor":35.0},{"not_picked":["Phantasmal Killer","Venomology"],"picked":"Corpse Explosion","floor":38.0},{"not_picked":["Backflip","Backstab","Distraction"],"picked":"SKIP","floor":40.0},{"not_picked":["Flying Knee+1","Calculated Gamble","All Out Attack"],"picked":"SKIP","floor":42.0},{"not_picked":["Blur","Dagger Spray+1"],"picked":"Bouncing Flask+1","floor":44}],"player_experience":402354,"relics_obtained":[{"floor":10.0,"key":"Snake Skull"},{"floor":14.0,"key":"Shuriken"},{"floor":28.0,"key":"Tiny Chest"}],"event_choices":[{"damage_healed":61.0,"max_hp_gain":0.0,"max_hp_loss":70.0,"gold_gain":0.0,"event_name":"betterThird:BetterShining","player_choice":"Upgrade","floor":4.0,"gold_loss":0.0,"damage_taken":14.0,"cards_upgraded":["Defend_G","Survivor"]},{"damage_healed":0.0,"max_hp_gain":0.0,"max_hp_loss":0.0,"gold_gain":75.0,"event_name":"betterThird:BetterGoop","player_choice":"Gold","floor":8.0,"gold_loss":0.0,"damage_taken":11.0},{"damage_healed":0.0,"max_hp_gain":0.0,"max_hp_loss":35.0,"gold_gain":0.0,"event_name":"Ghosts","player_choice":"Became a Ghost","floor":22.0,"gold_loss":0.0,"damage_taken":0.0,"cards_obtained":["Ghostly","Ghostly","Ghostly","Ghostly","Ghostly"]},{"damage_healed":0.0,"max_hp_gain":0.0,"max_hp_loss":0.0,"gold_gain":100.0,"event_name":"The Joust","player_choice":"Bet on Murderer","floor":29.0,"gold_loss":50.0,"damage_taken":0.0},{"damage_healed":0.0,"max_hp_gain":0.0,"max_hp_loss":0.0,"gold_gain":90.0,"event_name":"Knowing Skull","player_choice":"GOLD ","floor":32.0,"potions_obtained":[],"gold_loss":0.0,"damage_taken":12.0,"cards_obtained":[]}],"is_beta":false,"boss_relics":[{"not_picked":["Runic Pyramid","Velvet Choker"],"picked":"WristBlade"},{"not_picked":["Cursed Key","Sozu"],"picked":"Black Star"},{"not_picked":["Coffee Dripper","Tiny House"],"picked":"Fusion Hammer"}],"items_purged_floors":[41],"is_endless":false,"potions_floor_spawned":[1,5,11,12,14,23,26,27,38,40,42],"killed_by":"Spire Growth","ascension_level":11}}