{"host":"8srk5r1dwtmjotwd","time":1611850984,"event":{"mods":["AchievementEnabler","Act Like it!","BaseMod","Beaked The Cultist","Bestiary","Better Note","Better Third Choice","Colored Map","Colored Powertips","Friendly Minions","GifTheSpireLib","Halation","Hallownest","Hermit","Hubris","Minty Spire (QoL Compilation)","Quick Restart","Rare Cards Sparkle","Replay The Spire","Shop Mod","StSLib","SuperFastMode","Synergy Search","The Bug Knight","The Construct","The Cursed","The Jungle","Thieving Mod","Yohane!","everything is the same but u backflip on backflip","slay the spire mod where everything is the same but ironclad has a cowboy hat"],"gold_per_floor":[110,110,129,144,54,54,80,80,80,80,80,80,100,173,173,271,271,283,253,253,266,282,282,282,282,282,293,36,36,36,16,16,111,111,122,122,139,139,139,139,155,155,178,178,25,25,25,37,37,37,37],"floor_reached":50,"language":"ENG","playtime":3047,"items_purged":[],"score":436,"play_id":"ece26705-97f7-45bc-86e4-e4bcdf3253bc","local_time":"20210128112304","is_ascension_mode":false,"campfire_choices":[{"data":"Bloodletting","floor":6.0,"key":"SMITH"},{"data":"Inflame","floor":8.0,"key":"SMITH"},{"data":"Swift Strike","floor":12.0,"key":"SMITH"},{"floor":15.0,"key":"REST"},{"floor":23.0,"key":"REST"},{"floor":25.0,"key":"REST"},{"floor":29.0,"key":"REST"},{"floor":32.0,"key":"REST"},{"floor":40.0,"key":"DIG"},{"data":"Demon Form","floor":42.0,"key":"SMITH"},{"data":"Rampage","floor":44.0,"key":"SMITH"},{"data":"Barricade","floor":47.0,"key":"SMITH"},{"floor":49.0,"key":"REST"}],"circlet_count":0,"master_deck":["Strike_R","Strike_R+1","Strike_R","Strike_R","Strike_R","Defend_R","Defend_R+1","Defend_R","Defend_R+1","Bash","Anger+1","Bloodletting+1","Swift Strike+1","Inflame+1","Thunderclap","Barricade+1","Demon Form+1","Cleave+1","Flex","Flex+1","Demon Form","Cleave","Rampage+1","hubris:ReadiedAction"],"relics":["Burning Blood","NeowsBlessing","hubris:Icosahedron","Whetstone","Shuriken","halation:EternalFortune","HollowMod:PaleOreRelic","Shovel","PreservedInsect","Ornamental Fan","Ooze Armor","Simple Rune","ReplayTheSpireMod:TigerMarble","hubris:EmptyBottle"],"acts_visited":["Exordium","Exordium","TheBeyond"],"potions_floor_usage":[],"damage_taken":[{"damage":0.0,"enemies":"Jaw Worm","floor":1.0,"turns":1.0},{"damage":0.0,"enemies":"Small Slimes","floor":3.0,"turns":1.0},{"damage":0.0,"enemies":"2 Louse","floor":4.0,"turns":1.0},{"damage":30.0,"enemies":"HollowMod:MossKnight","floor":7.0,"turns":6.0},{"damage":8.0,"enemies":"Large Slime","floor":13.0,"turns":4.0},{"damage":11.0,"enemies":"Hexaghost","floor":16.0,"turns":8.0},{"damage":6.0,"enemies":"theJungle:5_Spyders","floor":18.0,"turns":4.0},{"damage":25.0,"enemies":"theJungle:GiantWrat","floor":21.0,"turns":4.0},{"damage":46.0,"enemies":"theJungle:Lyon","floor":22.0,"turns":6.0},{"damage":48.0,"enemies":"theJungle:2_Flameangoes","floor":27.0,"turns":4.0},{"damage":28.0,"enemies":"theJungle:Snecko_Cultist_And_Trap","floor":31.0,"turns":5.0},{"damage":19.0,"enemies":"theJungle:QueenSpyder","floor":33.0,"turns":9.0},{"damage":43.0,"enemies":"3 Darklings","floor":35.0,"turns":5.0},{"damage":17.0,"enemies":"3 Shapes","floor":37.0,"turns":2.0},{"damage":12.0,"enemies":"3 Darklings","floor":41.0,"turns":6.0},{"damage":27.0,"enemies":"Maw","floor":48.0,"turns":7.0},{"damage":75,"enemies":"Donu and Deca","floor":50,"turns":4}],"seed_played":"-199527025608835699","potions_obtained":[{"floor":4.0,"key":"Regen Potion"},{"floor":13.0,"key":"HeartOfIron"},{"floor":14.0,"key":"LiquidMemories"},{"floor":14.0,"key":"SpeedPotion"},{"floor":16.0,"key":"Milkshake"},{"floor":19.0,"key":"HeartOfIron"},{"floor":19.0,"key":"FearPotion"},{"floor":22.0,"key":"ColorlessPotion"},{"floor":31.0,"key":"Explosive Potion"},{"floor":35.0,"key":"DistilledChaos"},{"floor":36.0,"key":"Explosive Potion"},{"floor":36.0,"key":"HeartOfIron"},{"floor":37.0,"key":"Explosive Potion"}],"is_trial":false,"path_per_floor":["M","?","M","M","$","R","E","R","T","?","?","R","M","?","R","B",null,"M","?","?","M","M","R","?","R","T","M","$","R","$","M","R","B",null,"M","?","M","?","?","R","M","R","T","R","$","$","R","M","R","B"],"character_chosen":"IRONCLAD","items_purchased":["Swift Strike","Ornamental Fan","hubris:EmptyBottle"],"campfire_rested":6,"item_purchase_floors":[5,28,45],"current_hp_per_floor":[80,80,80,80,80,80,69,69,69,72,72,72,70,70,83,78,83,83,83,83,64,24,48,34,58,58,16,16,40,40,18,42,29,83,46,46,35,73,73,73,67,67,67,67,67,67,67,46,67,0,0],"gold":37,"neow_bonus":"THREE_ENEMY_KILL","is_daily":false,"chose_seed":false,"campfire_upgraded":6,"win_rate":0.0,"timestamp":1611850984,"path_taken":["M","?","M","M","$","R","E","R","T","?","?","R","M","?","R","BOSS","M","?","?","?","M","R","?","R","T","M","?","R","$","M","R","BOSS","M","?","?","?","?","R","M","R","T","R","?","$","R","M","R","BOSS"],"items_purchased_type":["Card","Relic","Relic"],"build_version":"2020-12-22","purchased_purges":0,"victory":false,"max_hp_per_floor":[80,80,80,80,80,80,80,80,80,83,83,83,83,83,83,83,83,83,83,83,83,83,83,83,83,83,83,83,83,83,83,83,83,83,83,83,83,73,73,73,73,73,73,73,73,73,73,73,73,73,73],"card_choices":[{"not_picked":["Clash","Fire Breathing","Sword Boomerang"],"picked":"SKIP","floor":1.0},{"not_picked":["Sword Boomerang","Havoc"],"picked":"Anger","floor":3.0},{"not_picked":["Body Slam","Entrench"],"picked":"Bloodletting","floor":4.0},{"not_picked":["Rage","Infernal Blade"],"picked":"Inflame","floor":7.0},{"not_picked":["Sword Boomerang","Clothesline","ReplayTheSpireMod:Strike From Hell"],"picked":"SKIP","floor":13.0},{"not_picked":["Clash","Sever Soul"],"picked":"Thunderclap","floor":14.0},{"not_picked":["Offering","Fiend Fire"],"picked":"Barricade","floor":16.0},{"not_picked":["hubris:SharpeningStone+1","Sever Soul","ReplayTheSpireMod:Limb From Limb"],"picked":"SKIP","floor":18.0},{"not_picked":["Havoc","Feel No Pain+1","Pummel"],"picked":"SKIP","floor":21.0},{"not_picked":["Defy Death","Headbutt+1"],"picked":"Cleave+1","floor":22.0},{"not_picked":["True Grit","ReplayTheSpireMod:LeadingStrike+1"],"picked":"Flex","floor":27.0},{"not_picked":["Headbutt","Second Wind"],"picked":"Flex+1","floor":31.0},{"not_picked":["Immolate","Fiend Fire"],"picked":"Demon Form","floor":33.0},{"not_picked":["Pommel Strike","Shrug It Off"],"picked":"Cleave","floor":35.0},{"not_picked":["Searing Blow","Warcry","Pommel Strike"],"picked":"SKIP","floor":37.0},{"not_picked":["Body Slam","Searing Blow+1"],"picked":"Rampage","floor":41.0},{"not_picked":["Rampage+1","Abandon+1"],"picked":"hubris:ReadiedAction","floor":48.0}],"player_experience":64913,"relics_obtained":[{"floor":7.0,"key":"Whetstone"},{"floor":9.0,"key":"Shuriken"},{"floor":14.0,"key":"HollowMod:PaleOreRelic"},{"floor":26.0,"key":"PreservedInsect"},{"floor":40.0,"key":"Simple Rune"},{"floor":43.0,"key":"ReplayTheSpireMod:TigerMarble"}],"event_choices":[{"damage_healed":0.0,"max_hp_gain":0.0,"max_hp_loss":0.0,"gold_gain":0.0,"event_name":"Golden Wing","player_choice":"Ignored","floor":11.0,"gold_loss":0.0,"damage_taken":0.0},{"damage_healed":0.0,"max_hp_gain":0.0,"max_hp_loss":0.0,"gold_gain":0.0,"event_name":"The Woman in Blue","player_choice":"Bought 2 Potions","floor":19.0,"gold_loss":0.0,"damage_taken":0.0},{"cards_removed":["Inflame"],"damage_healed":0.0,"max_hp_gain":0.0,"max_hp_loss":0.0,"gold_gain":0.0,"event_name":"betterNote:BetterNote","player_choice":"Take \u0026 Give","floor":20.0,"gold_loss":0.0,"damage_taken":0.0,"cards_obtained":["Demon Form"]},{"damage_healed":0.0,"max_hp_gain":0.0,"max_hp_loss":0.0,"gold_gain":0.0,"event_name":"Lab","player_choice":"Got Potions","floor":36.0,"gold_loss":0.0,"damage_taken":0.0},{"damage_healed":73.0,"max_hp_gain":0.0,"max_hp_loss":10.0,"gold_gain":0.0,"event_name":"The Moai Head","player_choice":"Heal","floor":38.0,"gold_loss":0.0,"damage_taken":0.0},{"damage_healed":0.0,"max_hp_gain":0.0,"max_hp_loss":0.0,"gold_gain":0.0,"event_name":"Mysterious Sphere","player_choice":"Ignored","floor":39.0,"gold_loss":0.0,"damage_taken":0.0}],"is_beta":false,"boss_relics":[{"not_picked":["Electric Blood","Velvet Choker","Replay:Drink Me"]},{"not_picked":["halation:SmartPhone","Runic Cube"],"picked":"Ooze Armor"}],"items_purged_floors":[],"is_endless":false,"potions_floor_spawned":[4,13,16,22,31,35,37],"killed_by":"Donu and Deca","ascension_level":0}}