{"host":"skvwuvqqk8x6jusd","time":1611876357,"event":{"mods":["AchievementEnabler","BaseMod","Colored Map","Colored Powertips","Highlight Path","Minty Spire (QoL Compilation)","Relic Stats","Slay-I"],"gold_per_floor":[115,15,15,190,190,204,221,240,313,69,69,88,88,104,104,199,199,211,310,310,325,26,54,54,70,70,70,70,70,85,101,101,101,101],"floor_reached":33,"language":"ENG","playtime":835,"items_purged":["Defend_R","Doubt"],"score":257,"play_id":"4a3918d3-25ce-46fe-8c91-726d9dcc9346","local_time":"20210128232557","is_ascension_mode":false,"campfire_choices":[{"data":"Inflame","floor":13,"key":"SMITH"},{"data":"Iron Wave","floor":15,"key":"SMITH"},{"data":"Iron Wave","floor":24,"key":"SMITH"},{"data":"Bash","floor":29,"key":"SMITH"},{"floor":32,"key":"REST"}],"circlet_count":0,"master_deck":["Strike_R","Strike_R","Strike_R","Strike_R","Strike_R","Bash+1","Battle Trance","Flex+1","Clash","Inflame+1","Iron Wave+1","Clash+1","Anger","Iron Wave+1","Burning Pact","Spot Weakness+1"],"relics":["Burning Blood","Question Card","Vajra","Runic Pyramid","Shuriken","Centennial Puzzle","Unceasing Top","Dead Branch"],"acts_visited":["Exordium","TheCity"],"potions_floor_usage":[16,33,33],"damage_taken":[{"damage":20.0,"enemies":"Small Slimes","floor":1.0,"turns":4.0},{"damage":9.0,"enemies":"2 Louse","floor":6.0,"turns":2.0},{"damage":0.0,"enemies":"Cultist","floor":7.0,"turns":2.0},{"damage":28.0,"enemies":"Gremlin Gang","floor":8.0,"turns":5.0},{"damage":12,"enemies":"Blue Slaver","floor":12,"turns":2},{"damage":11,"enemies":"Exordium Wildlife","floor":14,"turns":2},{"damage":35,"enemies":"Slime Boss","floor":16,"turns":4},{"damage":22,"enemies":"Spheric Guardian","floor":18,"turns":4},{"damage":10,"enemies":"Chosen","floor":21,"turns":2},{"damage":14,"enemies":"Slavers","floor":23,"turns":3},{"damage":15,"enemies":"Snecko","floor":25,"turns":3},{"damage":19,"enemies":"Shelled Parasite and Fungi","floor":30,"turns":3},{"damage":18,"enemies":"Sentry and Sphere","floor":31,"turns":4},{"damage":37,"enemies":"Collector","floor":33,"turns":3}],"seed_played":"852805801057212985","potions_obtained":[{"floor":1.0,"key":"Fire Potion"},{"floor":12,"key":"LiquidBronze"},{"floor":14,"key":"DuplicationPotion"},{"floor":21,"key":"AttackPotion"},{"floor":25,"key":"Explosive Potion"},{"floor":30,"key":"Fire Potion"}],"is_trial":false,"path_per_floor":["M","$","?","?","?","M","M","M","T","$","?","M","R","M","R","B",null,"M","?","?","M","$","E","R","M","T","?","T","R","M","M","R","B"],"character_chosen":"IRONCLAD","items_purchased":["Flex","Vajra","Shuriken","Iron Wave"],"campfire_rested":1,"item_purchase_floors":[2,10,22,22],"current_hp_per_floor":[58,58,72,72,72,69,72,50,50,50,50,44,44,39,39,10,72,56,56,56,52,52,44,44,35,35,35,35,35,22,10,31,0,0],"gold":101,"neow_bonus":"REMOVE_TWO","is_daily":false,"chose_seed":false,"campfire_upgraded":4,"win_rate":0.0,"timestamp":1611876357,"path_taken":["M","$","?","?","?","?","?","M","T","$","?","M","R","M","R","BOSS","M","?","?","?","$","E","R","M","T","?","?","R","?","M","R","BOSS"],"items_purchased_type":["Card","Relic","Relic","Card"],"build_version":"2020-12-22","purchased_purges":2,"victory":false,"max_hp_per_floor":[72,72,72,72,72,72,72,72,72,72,72,72,72,72,72,72,72,72,72,72,72,72,72,72,72,72,72,72,72,72,72,72,72,72],"relic_stats":{"Centennial Puzzle":[12],"counters":[14,43],"Shuriken":[9],"Dead Branch":[4],"Question Card":9,"obtain_stats":[{"Centennial Puzzle":23,"Shuriken":22,"Dead Branch":28,"Vajra":10,"Question Card":9,"Burning Blood":0,"Unceasing Top":26,"Runic Pyramid":17},{"Centennial Puzzle":10,"Shuriken":9,"Dead Branch":11,"Vajra":4,"Question Card":4,"Burning Blood":0,"Unceasing Top":11,"Runic Pyramid":7},{"Centennial Puzzle":30,"Shuriken":27,"Dead Branch":33,"Vajra":13,"Question Card":13,"Burning Blood":0,"Unceasing Top":33,"Runic Pyramid":21}],"Burning Blood":75,"Unceasing Top":[0]},"card_choices":[{"not_picked":["Second Wind","Armaments"],"picked":"Battle Trance","floor":1.0},{"not_picked":["Evolve","Blood for Blood"],"picked":"Clash","floor":6.0},{"not_picked":["Combust","Thunderclap","Reckless Charge"],"picked":"SKIP","floor":7.0},{"not_picked":["Havoc","Wild Strike","Pommel Strike"],"picked":"SKIP","floor":8.0},{"not_picked":["Heavy Blade","Seeing Red","True Grit"],"picked":"Inflame","floor":12},{"not_picked":["Clothesline","Searing Blow","Havoc"],"picked":"Iron Wave","floor":14},{"not_picked":["Blood for Blood+1","Rupture","Havoc+1"],"picked":"Clash+1","floor":18},{"not_picked":["Flame Barrier","Reckless Charge","Uppercut"],"picked":"Anger","floor":21},{"not_picked":["Sentinel","Wild Strike+1","Clothesline"],"picked":"Burning Pact","floor":23},{"not_picked":["Armaments","Twin Strike","Pommel Strike"],"picked":"Spot Weakness+1","floor":25},{"not_picked":["Second Wind+1","Sentinel","Inflame","Burning Pact"],"picked":"SKIP","floor":30},{"not_picked":["Burning Pact","Evolve","Clothesline","Hemokinesis"],"picked":"SKIP","floor":31}],"player_experience":625204,"relics_obtained":[{"floor":9.0,"key":"Question Card"},{"floor":23,"key":"Centennial Puzzle"},{"floor":26,"key":"Unceasing Top"},{"floor":28,"key":"Dead Branch"}],"event_choices":[{"damage_healed":24.0,"max_hp_gain":0.0,"max_hp_loss":0.0,"gold_gain":0.0,"event_name":"Big Fish","player_choice":"Banana","floor":3.0,"gold_loss":0.0,"damage_taken":0.0},{"damage_healed":0.0,"max_hp_gain":0.0,"max_hp_loss":0.0,"gold_gain":175.0,"event_name":"Liars Game","player_choice":"AGREE","floor":4.0,"gold_loss":0.0,"damage_taken":0.0,"cards_obtained":["Doubt"]},{"damage_healed":0.0,"max_hp_gain":0.0,"max_hp_loss":0.0,"gold_gain":0.0,"event_name":"Match and Keep!","player_choice":"0 cards matched","floor":5.0,"gold_loss":0.0,"damage_taken":0.0,"cards_obtained":[]},{"damage_healed":0,"gold_gain":0,"player_choice":"Grow","damage_taken":0,"max_hp_gain":0,"max_hp_loss":0,"event_name":"Living Wall","floor":11,"gold_loss":0,"cards_upgraded":["Flex"]},{"damage_healed":0,"gold_gain":99,"player_choice":"Stole From Cult","damage_taken":0,"max_hp_gain":0,"max_hp_loss":0,"event_name":"Nest","floor":19,"gold_loss":0},{"cards_removed":["Defend_R"],"damage_healed":0,"gold_gain":0,"player_choice":"Purged","damage_taken":0,"max_hp_gain":0,"max_hp_loss":0,"event_name":"Purifier","floor":20,"gold_loss":0},{"damage_healed":0,"gold_gain":0,"player_choice":"Ignored","damage_taken":0,"max_hp_gain":0,"max_hp_loss":0,"event_name":"Cursed Tome","floor":27,"gold_loss":0}],"is_beta":false,"boss_relics":[{"not_picked":["Astrolabe","Sozu"],"picked":"Runic Pyramid"}],"items_purged_floors":[2,10],"is_endless":false,"potions_floor_spawned":[1,12,14,21,25,30],"killed_by":"Collector","ascension_level":0}}