{"host":"4pckc3u5mqcilakq","time":1611853004,"event":{"mods":["AchievementEnabler","BaseMod","Colored Map","Colored Powertips","Highlight Path","Minty Spire (QoL Compilation)"],"gold_per_floor":[118,118,118,134,158,201,220,220,245,11,11,11],"floor_reached":11,"language":"ENG","playtime":545,"items_purged":[],"score":88,"play_id":"13becf3d-0cc9-40d3-bb68-d3660d604fd4","local_time":"20210128195644","is_ascension_mode":true,"campfire_choices":[{"floor":8,"key":"REST"}],"circlet_count":0,"master_deck":["Strike_P+1","Strike_P","Strike_P","Strike_P+1","Defend_P","Defend_P","Defend_P","Defend_P","Eruption","Vigilance","Wireheading","Fasting2","ThirdEye","Bandage Up"],"relics":["Fusion Hammer","Golden Idol","Whetstone","Omamori","Lee\u0027s Waffle"],"acts_visited":["Exordium"],"potions_floor_usage":[6,11],"damage_taken":[{"damage":2,"enemies":"Jaw Worm","floor":1,"turns":4},{"damage":0,"enemies":"2 Louse","floor":4,"turns":3},{"damage":0,"enemies":"Cultist","floor":5,"turns":2},{"damage":26,"enemies":"3 Sentries","floor":6,"turns":6},{"damage":10,"enemies":"Gremlin Gang","floor":7,"turns":5},{"damage":30,"enemies":"Gremlin Nob","floor":11,"turns":3}],"seed_played":"3503497650911460843","potions_obtained":[{"floor":4,"key":"SteroidPotion"},{"floor":5,"key":"Dexterity Potion"},{"floor":7,"key":"PowerPotion"}],"is_trial":false,"path_per_floor":["M","?","?","M","M","E","M","R","T","$","E"],"character_chosen":"WATCHER","items_purchased":["Lee\u0027s Waffle","Bandage Up"],"campfire_rested":1,"item_purchase_floors":[10,10],"current_hp_per_floor":[70,52,52,52,52,26,16,37,37,79,49,49],"gold":11,"neow_bonus":"BOSS_RELIC","is_daily":false,"chose_seed":false,"campfire_upgraded":0,"win_rate":0.0,"timestamp":1611853004,"path_taken":["M","?","?","M","M","E","M","R","T","?","E"],"items_purchased_type":["Relic","Card"],"build_version":"2020-12-22","purchased_purges":0,"victory":false,"max_hp_per_floor":[72,72,72,72,72,72,72,72,72,79,79,79],"card_choices":[{"not_picked":["CrushJoints","JustLucky"],"picked":"Wireheading","floor":1},{"not_picked":["Sanctity","CarveReality"],"picked":"Fasting2","floor":4},{"not_picked":["EmptyBody","Crescendo","Halt"],"picked":"SKIP","floor":5},{"not_picked":["Crescendo","SignatureMove"],"picked":"ThirdEye","floor":6},{"not_picked":["Swivel","Prostrate","Nirvana"],"picked":"SKIP","floor":7}],"player_experience":209987,"relics_obtained":[{"floor":6,"key":"Whetstone"},{"floor":9,"key":"Omamori"}],"event_choices":[{"damage_healed":0,"gold_gain":0,"player_choice":"Take Damage","damage_taken":18,"relics_obtained":["Golden Idol"],"max_hp_gain":0,"max_hp_loss":0,"event_name":"Golden Idol","floor":2,"gold_loss":0},{"damage_healed":0,"gold_gain":0,"player_choice":"Ignored","damage_taken":0,"max_hp_gain":0,"max_hp_loss":0,"event_name":"Liars Game","floor":3,"gold_loss":0}],"is_beta":false,"boss_relics":[],"items_purged_floors":[],"is_endless":false,"potions_floor_spawned":[4,5,7],"killed_by":"Gremlin Nob","ascension_level":4}}