{"host":"y56d1fjpgcjsodvy","time":1611813520,"event":{"mods":["2.2 Compatiblity","Arknights The Spire","Astrologer","BaseMod","Colored Powertips","GifTheSpireLib","Hermit","Highlight Path","Keyboard Shortcuts","Marisa£¨Ùöéë¡¡Øª×âÞÞ£©","Minty Spire (QoL Compilation)","Random Character Button","Rare Cards Sparkle","Relic Stats","Replay The Spire","SOS£¨ÞÙ÷é?ñýí­£©","StSLib","SuperFastMode","The Blackbeard","The Blue Laboratory","The Dragon Tamer","The Poker Player","The Runesmith","TheBandit","Wandering Minibosses","everything is the same but u backflip on backflip"],"gold_per_floor":[361,46,11,205,205,205,56,135,185,185,272,68,132,213,213,448,448,556,556,656,656,656],"floor_reached":21,"language":"KOR","playtime":945,"items_purged":["Strike_MRS","Regret","Strike_MRS"],"score":190,"play_id":"343850d9-5022-4cf1-85cd-8150d20c56cd","local_time":"20210128145840","is_ascension_mode":false,"campfire_choices":[{"data":"Robbery","floor":6,"key":"SMITH"},{"floor":10,"key":"REST"},{"data":"Apotheosis","floor":15,"key":"SMITH"}],"circlet_count":0,"master_deck":["Strike_MRS","Defend_MRS","Defend_MRS","Defend_MRS","Defend_MRS","MasterSpark","UpSweep","Robbery+1","WitchOfGreed","Orbital","DeepEcoloBomb","Apotheosis+1","WitchOfGreed+1","Parasite","Parasite","MillisecondPulsars","SuperPerseids","WitchOfGreed","Orbital","MaximisePower","CurseOfTheBell","Hallucinations"],"relics":["MiniHakkero","Blue Doll","ReplayTheSpireMod:CursedCoin","ShroomBag","Orichalcum","Calling Bell","Bag of Preparation","Eternal Feather","Replay:Multitool","Ring of Peace","Ring of Fangs"],"acts_visited":["Exordium","TheCity"],"potions_floor_usage":[16,16,16,18,21,21,21],"damage_taken":[{"damage":0,"enemies":"2 Louse","floor":1,"turns":2},{"damage":26,"enemies":"The Mushroom Lair","floor":8,"turns":8},{"damage":2,"enemies":"Small Slimes","floor":11,"turns":7},{"damage":2,"enemies":"Jaw Worm","floor":13,"turns":7},{"damage":8,"enemies":"Looter","floor":14,"turns":4},{"damage":3,"enemies":"The Guardian","floor":16,"turns":11},{"damage":16,"enemies":"Spheric Guardian","floor":18,"turns":6},{"damage":59,"enemies":"3 Byrds","floor":21,"turns":6}],"seed_played":"8069355206871518144","potions_obtained":[{"floor":8,"key":"EssenceOfSteel"},{"floor":11,"key":"BottledSpark"},{"floor":11,"key":"blueLaboratory:PhilterOfMotion"},{"floor":13,"key":"Venom Potion"},{"floor":13,"key":"blueLaboratory:SavagePotion"},{"floor":14,"key":"SteroidPotion"},{"floor":16,"key":"Regen Potion"},{"floor":16,"key":"Elixir"},{"floor":16,"key":"Adrenaline Potion"},{"floor":16,"key":"Block Potion"},{"floor":18,"key":"Block Potion"},{"floor":18,"key":"DistilledChaos"}],"is_trial":false,"path_per_floor":["M","$","?","?","?","R","$","?","T","R","M","$","M","M","R","B",null,"M","?","?","M"],"character_chosen":"MARISA","items_purchased":["Blue Doll","WitchOfGreed","Orbital","ReplayTheSpireMod:CursedCoin","Apotheosis","WitchOfGreed+1","SuperPerseids","WitchOfGreed"],"campfire_rested":1,"item_purchase_floors":[2,2,2,7,7,7,12,12],"current_hp_per_floor":[68,68,68,51,44,44,44,18,18,38,40,40,42,36,36,37,68,54,54,54,0,0],"gold":656,"neow_bonus":"TWO_FIFTY_GOLD","is_daily":false,"chose_seed":false,"campfire_upgraded":2,"win_rate":0.0,"timestamp":1611813520,"path_taken":["M","$","?","?","?","R","$","?","T","R","M","?","M","M","R","BOSS","M","?","?","?"],"items_purchased_type":["Relic","Card","Card","Relic","Card","Card","Card","Card"],"build_version":"2020-12-22","purchased_purges":3,"victory":false,"max_hp_per_floor":[68,68,68,68,68,68,68,68,68,68,68,68,68,68,68,68,68,68,68,68,68,68],"relic_stats":{"counters":[8,51],"Eternal Feather":0,"Bag of Preparation":[4],"Orichalcum":[54],"obtain_stats":[{"Calling Bell":17,"ShroomBag":8,"Ring of Fangs":19,"ReplayTheSpireMod:CursedCoin":7,"Ring of Peace":19,"Blue Doll":2,"Eternal Feather":17,"Bag of Preparation":17,"Replay:Multitool":17,"MiniHakkero":0,"Orichalcum":9},{"Calling Bell":6,"ShroomBag":2,"Ring of Fangs":7,"ReplayTheSpireMod:CursedCoin":1,"Ring of Peace":7,"Blue Doll":1,"Eternal Feather":6,"Bag of Preparation":6,"Replay:Multitool":6,"MiniHakkero":0,"Orichalcum":2},{"Calling Bell":39,"ShroomBag":10,"Ring of Fangs":45,"ReplayTheSpireMod:CursedCoin":2,"Ring of Peace":45,"Blue Doll":2,"Eternal Feather":39,"Bag of Preparation":39,"Replay:Multitool":39,"MiniHakkero":0,"Orichalcum":10}]},"card_choices":[{"not_picked":["IllusionStar","EarthLightRay"],"picked":"Robbery","floor":1},{"not_picked":["NonDirectionalLaser","Singularity"],"picked":"DeepEcoloBomb","floor":4},{"not_picked":["IllusionStar","GravityBeat"],"picked":"MillisecondPulsars","floor":8},{"not_picked":["MilkyWay","DC","GrandCross"],"picked":"SKIP","floor":11},{"not_picked":["Singularity","PowerUp"],"picked":"Orbital","floor":13},{"not_picked":["MysteriousBeam","PropBag","NonDirectionalLaser"],"picked":"SKIP","floor":14},{"not_picked":["ManaRampage","CasketOfStar"],"picked":"MaximisePower","floor":16},{"not_picked":["GalacticHalo","EnergyRecoil","Acceleration+1"],"picked":"SKIP","floor":18}],"player_experience":1272074,"relics_obtained":[{"floor":8,"key":"ShroomBag"},{"floor":9,"key":"Orichalcum"},{"floor":17,"key":"Bag of Preparation"},{"floor":17,"key":"Eternal Feather"},{"floor":17,"key":"Replay:Multitool"},{"floor":19,"key":"Ring of Peace"},{"floor":19,"key":"Ring of Fangs"}],"event_choices":[{"damage_healed":17,"gold_gain":0,"player_choice":"Healed","damage_taken":0,"max_hp_gain":0,"max_hp_loss":0,"event_name":"The Cleric","floor":3,"gold_loss":35},{"cards_removed":["Strike_MRS"],"damage_healed":0,"gold_gain":0,"player_choice":"Card Removal","damage_taken":7,"max_hp_gain":0,"max_hp_loss":0,"event_name":"Golden Wing","floor":5,"gold_loss":0},{"damage_healed":0,"gold_gain":0,"player_choice":"Fought Mushrooms","damage_taken":0,"max_hp_gain":0,"max_hp_loss":0,"event_name":"Mushrooms_MRS","floor":8,"gold_loss":0},{"damage_healed":0,"gold_gain":100,"player_choice":"Pray","damage_taken":0,"max_hp_gain":0,"max_hp_loss":0,"event_name":"Golden Shrine","floor":20,"gold_loss":0}],"is_beta":false,"boss_relics":[{"not_picked":["Replay:Wanted Poster","ChewingGum"],"picked":"Calling Bell"}],"items_purged_floors":[2,7,12],"is_endless":false,"potions_floor_spawned":[13,16,18],"killed_by":"3 Byrds","ascension_level":0}}