{"host":"aukiz5jlacd3g5yc","time":1611804888,"event":{"mods":["2.2 Compatiblity","BaseMod","Bestiary","Colored Map","Colored Powertips","Downfall","GifTheSpireLib","Minty Spire (QoL Compilation)","Permanent Neow","Quick Restart","Random Character Button","Rare Cards Sparkle","Relic Sorter","Relic Stats","Replay The Spire","StSLib","everything is the same but u backflip on backflip","slay the spire mod where everything is the same but ironclad has a cowboy hat"],"gold_per_floor":[119,119,119,135,7,7,40,40,40,378,457,457,483,514,514,653,653,693,693,693,693,152,217,217,269,322,351,351,351,411,453,453,592,592,624,624,159,84,136,191,191,191,217,256,589,628,25,101,101,143],"floor_reached":51,"language":"ENG","playtime":1602,"items_purged":["Regret","Overencumbered","Writhe","Replay:Hysterical Blindness"],"score":982,"play_id":"41b10549-694f-4398-94a5-823eb3797a97","local_time":"20210127213448","is_ascension_mode":true,"campfire_choices":[{"data":"1","floor":6,"key":"LIFT"},{"data":"2","floor":12,"key":"LIFT"},{"data":"3","floor":15,"key":"LIFT"},{"data":"Bludgeon","floor":24,"key":"SMITH"},{"data":"Whirlwind","floor":29,"key":"SMITH"},{"data":"Mayhem","floor":32,"key":"SMITH"},{"data":"Limit Break","floor":42,"key":"SMITH"},{"data":"Shockwave","floor":49,"key":"SMITH"}],"circlet_count":0,"master_deck":["Defend_R+2","Defend_R+1","Defend_R+1","Defend_R+2","Bash","Twin Strike","Inflame","Flex","Pummel","Dropkick","Fire Breathing","Impervious","Bludgeon+1","Headbutt","Slimebound:Tackle+1","Slimebound:Tackle+1","Slimebound:Tackle+1","ReplayTheSpireMod:Muscle Training","Mayhem+1","Twin Strike+1","Disarm","Whirlwind+1","Limit Break+1","ReplayTheSpireMod:Faulty Equipment","Inflame+1","Inflame","ReplayTheSpireMod:Muscle Training","Twin Strike+1","Spot Weakness","Shockwave+1","Life Link","Master of Strategy","Flame Barrier+1"],"relics":["Burning Blood","Ice Cream","Girya","Anchor","Pen Nib","CaptainsWheel","Old Coin","Replay:Bottled Snecko","Replay:Bandana","Coffee Dripper","Gremlin Horn","Simple Rune","King of Hearts","Replay:Rubber Ducky","hexamod:BolsterEngine","Sundial","Replay:Ancient Bell","ReplayTheSpireMod:Lightbulb","Mummified Hand","Champion Belt","ReplayTheSpireMod:Ring of Collecting","champ:DeflectingBracers","Oddly Smooth Stone","Ring of Panic","Juzu Bracelet","ReplayTheSpireMod:CursedCoin","Snack Pack","Ancient Tea Set"],"acts_visited":["Exordium","TheCity","TheBeyond"],"potions_floor_usage":[10,10,16,33,44,50,50,50,50],"damage_taken":[{"damage":6,"enemies":"Cultist","floor":1,"turns":3},{"damage":0,"enemies":"2 Louse","floor":4,"turns":2},{"damage":30,"enemies":"3 Sentries","floor":7,"turns":7},{"damage":3,"enemies":"Lagavulin","floor":10,"turns":4},{"damage":16,"enemies":"Gremlin Nob","floor":11,"turns":3},{"damage":0,"enemies":"Small Slimes","floor":14,"turns":2},{"damage":23,"enemies":"The Guardian","floor":16,"turns":8},{"damage":10,"enemies":"3 Byrds","floor":18,"turns":5},{"damage":1,"enemies":"Gremlin Leader","floor":23,"turns":4},{"damage":0,"enemies":"Replay:Snechameleon","floor":25,"turns":3},{"damage":1,"enemies":"Spheric Guardian","floor":27,"turns":3},{"damage":16,"enemies":"Slavers","floor":30,"turns":3},{"damage":1,"enemies":"Cultist and Chosen","floor":31,"turns":4},{"damage":22,"enemies":"Collector","floor":33,"turns":6},{"damage":0,"enemies":"Orb Walker","floor":35,"turns":2},{"damage":0,"enemies":"3 Shapes","floor":38,"turns":3},{"damage":1,"enemies":"3 Darklings","floor":39,"turns":2},{"damage":17,"enemies":"Giant Head","floor":40,"turns":5},{"damage":12,"enemies":"Writhing Mass","floor":44,"turns":3},{"damage":5,"enemies":"4 Shapes","floor":46,"turns":3},{"damage":0,"enemies":"R_Hoarder","floor":48,"turns":3},{"damage":40,"enemies":"Time Eater","floor":50,"turns":6}],"seed_played":"-910963640036383094","potions_obtained":[{"floor":1,"key":"Weak Potion"},{"floor":7,"key":"LiquidMemories"},{"floor":11,"key":"hexamod:SoulburnPotion"},{"floor":18,"key":"Languid Potion"},{"floor":23,"key":"LiquidBronze"},{"floor":38,"key":"EssenceOfSteel"},{"floor":39,"key":"Elixir"},{"floor":46,"key":"Strength Potion"}],"is_trial":false,"path_per_floor":["M","?","?","M","$","R","E","?","T","E","?","R","T","M","R","B",null,"M","?","?","?","$","E","R","E","T","M","?","R","E","M","R","B",null,"M","?","$","M","M","E","?","R","T","M","?","M","$","E","R","B",null],"character_chosen":"IRONCLAD","items_purchased":["Flex","Gremlin Horn","Mayhem","champ:DeflectingBracers","Inflame","ReplayTheSpireMod:CursedCoin","Snack Pack","Life Link","Master of Strategy","EntropicBrew"],"campfire_rested":0,"item_purchase_floors":[5,22,22,37,37,47,47,47,47,47],"current_hp_per_floor":[80,80,74,74,74,74,50,43,43,46,36,36,36,42,42,25,74,70,70,70,70,70,74,74,74,74,74,74,74,64,69,69,53,74,74,74,74,74,74,63,63,63,63,57,57,58,58,66,66,36],"gold":143,"neow_bonus":"ONE_RARE_RELIC","is_daily":false,"chose_seed":false,"campfire_upgraded":5,"win_rate":0.0,"timestamp":1611804888,"path_taken":["M","?","?","M","$","R","E","?","T","E","?","R","?","M","R","BOSS","M","?","?","?","$","E","R","E","T","M","?","R","E","M","R","BOSS","M","?","$","M","M","E","?","R","T","M","?","M","$","E","R","BOSS"],"items_purchased_type":["Card","Relic","Card","Relic","Card","Relic","Relic","Card","Card","Potion"],"build_version":"2020-12-22","purchased_purges":4,"victory":true,"max_hp_per_floor":[80,80,74,74,74,74,74,74,74,74,74,74,74,74,74,74,74,74,74,74,74,74,74,74,74,74,74,74,74,74,74,74,74,74,74,74,74,74,74,74,74,74,74,74,74,74,74,74,74,74],"relic_stats":{"Gremlin Horn":[15,14],"counters":[22,84],"Sundial":[0],"Mummified Hand":[22],"Pen Nib":[14],"Juzu Bracelet":1,"Champion Belt":[5],"obtain_stats":[{"Ice Cream":0,"Gremlin Horn":22,"King of Hearts":25,"Juzu Bracelet":43,"Ancient Tea Set":48,"Burning Blood":0,"Old Coin":10,"Replay:Rubber Ducky":26,"Replay:Bandana":13,"Sundial":30,"Mummified Hand":34,"Replay:Bottled Snecko":11,"Ring of Panic":43,"Girya":2,"Golden Idol":3,"ReplayTheSpireMod:CursedCoin":47,"Oddly Smooth Stone":40,"Pen Nib":8,"champ:DeflectingBracers":37,"Replay:Ancient Bell":34,"Anchor":7,"CaptainsWheel":9,"ReplayTheSpireMod:Ring of Collecting":36,"Simple Rune":23,"Coffee Dripper":17,"Snack Pack":47,"Champion Belt":34,"hexamod:BolsterEngine":28,"ReplayTheSpireMod:Lightbulb":34},{"Ice Cream":0,"Gremlin Horn":8,"King of Hearts":10,"Juzu Bracelet":18,"Ancient Tea Set":21,"Burning Blood":0,"Old Coin":4,"Replay:Rubber Ducky":10,"Replay:Bandana":5,"Sundial":12,"Mummified Hand":14,"Replay:Bottled Snecko":5,"Ring of Panic":18,"Girya":1,"Golden Idol":1,"ReplayTheSpireMod:CursedCoin":20,"Oddly Smooth Stone":18,"Pen Nib":3,"champ:DeflectingBracers":15,"Replay:Ancient Bell":14,"Anchor":3,"CaptainsWheel":3,"ReplayTheSpireMod:Ring of Collecting":15,"Simple Rune":9,"Coffee Dripper":7,"Snack Pack":20,"Champion Belt":14,"hexamod:BolsterEngine":11,"ReplayTheSpireMod:Lightbulb":14},{"Ice Cream":0,"Gremlin Horn":34,"King of Hearts":41,"Juzu Bracelet":69,"Ancient Tea Set":78,"Burning Blood":0,"Old Coin":16,"Replay:Rubber Ducky":41,"Replay:Bandana":19,"Sundial":47,"Mummified Hand":57,"Replay:Bottled Snecko":19,"Ring of Panic":69,"Girya":3,"Golden Idol":3,"ReplayTheSpireMod:CursedCoin":75,"Oddly Smooth Stone":69,"Pen Nib":12,"champ:DeflectingBracers":59,"Replay:Ancient Bell":57,"Anchor":12,"CaptainsWheel":12,"ReplayTheSpireMod:Ring of Collecting":59,"Simple Rune":38,"Coffee Dripper":29,"Snack Pack":75,"Champion Belt":57,"hexamod:BolsterEngine":44,"ReplayTheSpireMod:Lightbulb":57}],"Burning Blood":97},"card_choices":[{"not_picked":["Clothesline","Heavy Blade"],"picked":"Twin Strike","floor":1},{"not_picked":["Shockwave","Bloodletting"],"picked":"Inflame","floor":4},{"not_picked":["Pommel Strike","Dual Wield"],"picked":"Pummel","floor":7},{"not_picked":["Replay:Undeath\u0027s Touch","Body Slam"],"picked":"Dropkick","floor":10},{"not_picked":["Warcry","Clothesline"],"picked":"Fire Breathing","floor":11},{"not_picked":["Anger","Cleave"],"picked":"Impervious","floor":14},{"not_picked":["Offering","Demonic Infusion"],"picked":"Bludgeon","floor":16},{"not_picked":["Ghostly Armor","Warcry"],"picked":"Headbutt","floor":18},{"not_picked":["Wild Strike","Metallicize"],"picked":"Twin Strike+1","floor":23},{"not_picked":["Anger+1","Headbutt"],"picked":"Disarm","floor":25},{"not_picked":["Battle Trance","Sword Boomerang"],"picked":"Whirlwind","floor":27},{"not_picked":["Replay:Many Hands","Rage","Pommel Strike"],"picked":"SKIP","floor":30},{"not_picked":["Warcry","Armaments","Replay:Undeath\u0027s Touch+1"],"picked":"SKIP","floor":31},{"not_picked":["Fiend Fire","Immolate"],"picked":"Limit Break","floor":33},{"not_picked":["CurseOfTheBell","Sickly"],"picked":"Writhe","floor":34},{"not_picked":["downfall:Haunted","Hallucinations"],"picked":"ReplayTheSpireMod:Faulty Equipment","floor":34},{"not_picked":["Regret","Shame"],"picked":"ReplayTheSpireMod:IOU","floor":34},{"not_picked":["Rage","ReplayTheSpireMod:Strike From Hell+1"],"picked":"Inflame+1","floor":35},{"not_picked":["Metallicize","Twin Strike+1"],"picked":"ReplayTheSpireMod:Muscle Training","floor":38},{"not_picked":["True Grit","Disarm"],"picked":"Twin Strike+1","floor":39},{"not_picked":["Sword Boomerang","Iron Wave"],"picked":"Spot Weakness","floor":40},{"not_picked":["Twin Strike+1","Life Link"],"picked":"Shockwave","floor":44},{"not_picked":["Thunderclap+1","Demonic Infusion","ReplayTheSpireMod:LeadingStrike+1"],"picked":"SKIP","floor":46},{"not_picked":["Dropkick","Shrug It Off"],"picked":"Flame Barrier+1","floor":48}],"player_experience":363796,"relics_obtained":[{"floor":7,"key":"Anchor"},{"floor":9,"key":"CaptainsWheel"},{"floor":10,"key":"Old Coin"},{"floor":11,"key":"Replay:Bottled Snecko"},{"floor":13,"key":"Replay:Bandana"},{"floor":23,"key":"Simple Rune"},{"floor":25,"key":"King of Hearts"},{"floor":26,"key":"Replay:Rubber Ducky"},{"floor":30,"key":"Sundial"},{"floor":36,"key":"ReplayTheSpireMod:Ring of Collecting"},{"floor":40,"key":"Oddly Smooth Stone"},{"floor":43,"key":"Ring of Panic"},{"floor":43,"key":"Juzu Bracelet"},{"floor":48,"key":"Ancient Tea Set"}],"event_choices":[{"damage_healed":0,"gold_gain":0,"player_choice":"Box","damage_taken":0,"relics_obtained":["Girya"],"max_hp_gain":0,"max_hp_loss":0,"event_name":"Big Fish","floor":2,"gold_loss":0,"cards_obtained":["Regret"]},{"damage_healed":0,"gold_gain":0,"player_choice":"Lose Max HP","damage_taken":0,"relics_obtained":["Golden Idol"],"max_hp_gain":0,"max_hp_loss":6,"event_name":"Golden Idol","floor":3,"gold_loss":0},{"damage_healed":0,"gold_gain":0,"player_choice":"Success","damage_taken":7,"relics_obtained":["Pen Nib"],"max_hp_gain":0,"max_hp_loss":0,"event_name":"Scrap Ooze","floor":8,"gold_loss":0},{"damage_healed":0,"gold_gain":0,"player_choice":"Searched \u00272\u0027 times","damage_taken":0,"max_hp_gain":0,"max_hp_loss":0,"event_name":"Dead Adventurer","floor":11,"gold_loss":0},{"damage_healed":0,"gold_gain":0,"player_choice":"Simplicity","damage_taken":0,"max_hp_gain":0,"max_hp_loss":0,"event_name":"Back to Basics","floor":20,"gold_loss":0,"cards_upgraded":["Defend_R","Defend_R","Defend_R","Defend_R"]},{"damage_healed":0,"gold_gain":0,"player_choice":"Read","damage_taken":0,"max_hp_gain":0,"max_hp_loss":0,"event_name":"The Library","floor":21,"gold_loss":0,"cards_obtained":["ReplayTheSpireMod:Muscle Training"]},{"damage_healed":0,"gold_gain":0,"player_choice":"Gave Potion","damage_taken":0,"relics_obtained":["hexamod:BolsterEngine"],"max_hp_gain":0,"max_hp_loss":0,"event_name":"WeMeetAgain","floor":28,"gold_loss":0},{"cards_removed":["Languid","ReplayTheSpireMod:Faulty Equipment"],"damage_healed":0,"gold_gain":0,"player_choice":"Removed Curses","damage_taken":0,"max_hp_gain":0,"max_hp_loss":0,"event_name":"Fountain of Cleansing","floor":41,"gold_loss":0},{"damage_healed":0,"gold_gain":333,"player_choice":"Gave Idol","damage_taken":0,"max_hp_gain":0,"max_hp_loss":0,"event_name":"The Moai Head","floor":45,"relics_lost":["Golden Idol"],"gold_loss":0}],"is_beta":false,"boss_relics":[{"not_picked":["Ooze Armor","Black Blood"],"picked":"Coffee Dripper"},{"not_picked":["Replay:Drink Me","Snecko Eye"],"picked":"Replay:Ancient Bell"},{"not_picked":["Art of War","Bronze Scales"],"picked":"ReplayTheSpireMod:Lightbulb"},{"not_picked":["Quantum Egg","Mirror"],"picked":"Mummified Hand"},{"not_picked":["Prayer Wheel","Replay:Multitool"],"picked":"Champion Belt"}],"items_purged_floors":[5,22,37,47],"is_endless":false,"potions_floor_spawned":[1,7,11,18,23,38,39,46],"ascension_level":1}}