{"host":"p9t7qd83igtcp2bh","time":1611811430,"event":{"mods":["2.2 Compatiblity","AchievementEnabler","BaseMod","Colored Map","Colored Powertips","Custom Start","DeckTracker","Keyboard Shortcuts","Minty Spire (QoL Compilation)","Permanent Neow","Spicy Shops","StSLib","SuperFastMode","everything is the same but u backflip on backflip"],"gold_per_floor":[116,116,4,4,16,51,68,68,91,102,102,146,146,170,170,266,266,291,291,307,197,97,97,120,120,120],"floor_reached":25,"language":"KOR","playtime":490,"items_purged":["Strike_G","Strike_G"],"score":522,"play_id":"32660c6c-f79e-46fb-924c-fa6d31a97bec","local_time":"20210128142350","is_ascension_mode":true,"campfire_choices":[{"data":"Bouncing Flask","floor":13.0,"key":"SMITH"},{"data":"Blade Dance","floor":15.0,"key":"SMITH"},{"data":"Corpse Explosion","floor":23,"key":"SMITH"}],"circlet_count":0,"master_deck":["AscendersBane","Strike_G","Strike_G","Defend_G","Defend_G","Defend_G","Survivor","Neutralize","Poisoned Stab","Bouncing Flask+1","Tactician","Blade Dance+1","Blur","After Image","Accuracy","Corpse Explosion+1","Tactician+1"],"relics":["Ring of the Snake","NeowsBlessing","Akabeko","Anchor","Golden Idol","Regal Pillow","Sozu"],"acts_visited":["Exordium","TheCity"],"potions_floor_usage":[16,18],"damage_taken":[{"damage":0.0,"enemies":"Small Slimes","floor":1.0,"turns":1.0},{"damage":0.0,"enemies":"Cultist","floor":5.0,"turns":1.0},{"damage":0.0,"enemies":"Lagavulin","floor":6.0,"turns":1.0},{"damage":0.0,"enemies":"2 Louse","floor":7.0,"turns":2.0},{"damage":11.0,"enemies":"Lots of Slimes","floor":10.0,"turns":4.0},{"damage":14.0,"enemies":"Gremlin Nob","floor":12.0,"turns":3.0},{"damage":0.0,"enemies":"Looter","floor":14.0,"turns":2.0},{"damage":25,"enemies":"Hexaghost","floor":16,"turns":11},{"damage":6,"enemies":"Chosen","floor":18,"turns":3},{"damage":16,"enemies":"Spheric Guardian","floor":20,"turns":4},{"damage":15,"enemies":"Centurion and Healer","floor":24,"turns":4},{"damage":19,"enemies":"Sentry and Sphere","floor":25,"turns":3}],"seed_played":"-5107306054792821158","potions_obtained":[{"floor":5.0,"key":"Fruit Juice"},{"floor":6.0,"key":"CunningPotion"},{"floor":7.0,"key":"SkillPotion"},{"floor":14.0,"key":"SpeedPotion"},{"floor":16,"key":"Fire Potion"}],"is_trial":false,"path_per_floor":["M","?","$","?","M","E","M","$","T","M","?","E","R","M","R","B",null,"M","?","M","?","$","R","M","M"],"character_chosen":"THE_SILENT","items_purchased":["Bouncing Flask"],"campfire_rested":0,"item_purchase_floors":[3],"current_hp_per_floor":[59,52,52,52,52,52,57,57,57,46,46,32,32,32,32,7,50,44,44,28,28,28,28,13,0,0],"gold":120,"neow_bonus":"THREE_ENEMY_KILL","is_daily":false,"chose_seed":false,"campfire_upgraded":3,"win_rate":0.0,"timestamp":1611811430,"path_taken":["M","?","$","?","?","E","M","?","T","M","?","E","R","M","R","BOSS","M","?","?","?","?","R","M","M"],"items_purchased_type":["Card"],"build_version":"2020-12-22","purchased_purges":2,"victory":false,"max_hp_per_floor":[66,66,66,66,66,66,71,71,71,71,64,64,64,64,64,64,64,64,64,64,64,64,64,64,64,64],"card_choices":[{"not_picked":["Blur","Well Laid Plans"],"picked":"Poisoned Stab","floor":1.0},{"not_picked":["Quick Slash","Underhanded Strike"],"picked":"Tactician","floor":5.0},{"not_picked":["Flechettes","Outmaneuver"],"picked":"Blade Dance","floor":6.0},{"not_picked":["Wraith Form v2","Footwork"],"picked":"Blur","floor":7.0},{"not_picked":["Distraction","Blade Dance","Deflect"],"picked":"SKIP","floor":10.0},{"not_picked":["Backflip","Flechettes"],"picked":"After Image","floor":12.0},{"not_picked":["Leg Sweep","Flying Knee"],"picked":"Accuracy","floor":14.0},{"not_picked":["Glass Knife","Die Die Die"],"picked":"Corpse Explosion","floor":16},{"not_picked":["Poisoned Stab","Flechettes","Masterful Stab"],"picked":"SKIP","floor":18},{"not_picked":["Blade Dance","Escape Plan"],"picked":"Tactician","floor":20},{"not_picked":["Slice","Dodge and Roll","Concentrate"],"picked":"SKIP","floor":24}],"player_experience":696142,"relics_obtained":[{"floor":6.0,"key":"Akabeko"},{"floor":9.0,"key":"Anchor"},{"floor":12.0,"key":"Regal Pillow"}],"event_choices":[{"cards_removed":["Defend_G"],"damage_healed":0.0,"max_hp_gain":0.0,"max_hp_loss":0.0,"gold_gain":0.0,"event_name":"Golden Wing","player_choice":"Card Removal","floor":2.0,"gold_loss":0.0,"damage_taken":7.0},{"cards_removed":["Defend_G"],"damage_healed":0.0,"max_hp_gain":0.0,"max_hp_loss":0.0,"gold_gain":0.0,"event_name":"Bonfire Elementals","player_choice":"Offered Basic","floor":4.0,"gold_loss":0.0,"damage_taken":0.0},{"damage_healed":0.0,"max_hp_gain":0.0,"max_hp_loss":7.0,"gold_gain":0.0,"event_name":"Golden Idol","player_choice":"Lose Max HP","floor":11.0,"gold_loss":0.0,"damage_taken":0.0,"relics_obtained":["Golden Idol"]},{"damage_healed":0,"gold_gain":0,"player_choice":"0 cards matched","damage_taken":0,"max_hp_gain":0,"max_hp_loss":0,"event_name":"Match and Keep!","floor":19,"gold_loss":0,"cards_obtained":[]},{"cards_removed":["Strike_G"],"damage_healed":0,"gold_gain":0,"player_choice":"Upgrade and Remove","damage_taken":0,"max_hp_gain":0,"max_hp_loss":0,"event_name":"Designer","floor":21,"gold_loss":110,"cards_upgraded":["Tactician"]}],"is_beta":false,"boss_relics":[{"not_picked":["Empty Cage","Tiny House"],"picked":"Sozu"}],"items_purged_floors":[3,22],"is_endless":false,"potions_floor_spawned":[5,6,7,14,16,20,24],"killed_by":"Sentry and Sphere","ascension_level":20}}