{"host":"yv7ijgyl7mqt7c0r","time":1611796502,"event":{"mods":["100% Spire Juice","2.2 Compatiblity","Act Like it!","Aspiration","BaseMod","Bestiary","Better Note","Better Skull","CapriCore","Conspire","DeckTracker","Elementarium","Energized Spire","Friendly Minions","Gensokyo","GifTheSpireLib","Hallownest","KinomotoSakuraMod(????)","Mari Mod (Legacy)","Mari\u0027s V1 Patch","Marisa????????","Menagerie","Minty Spire (QoL Compilation)","Prisma Mod","Random Character Button","Reimu??????","Remilia_Scarlet Moed?????·?????3.3.5","StSLib","Stuff the Spire","The Alterego","The Bug Knight","The Jungle","The Senshi","The Servant 0.9.4","TheVelvet","Wandering Minibosses","Yakumo Yukari mod","Yuyuko"],"gold_per_floor":[114,114,124,124,142,171,171,202,277,292,23,48,48,66,66,179,179,494,299,299,334,24,24,50,50,76,113,113,143,143,162,162,162,162],"floor_reached":33,"language":"ENG","playtime":3437,"items_purged":[],"score":345,"play_id":"f935a1ec-e458-4d87-81ef-c644bee75c29","local_time":"20210127191502","is_ascension_mode":false,"campfire_choices":[{"data":"OrrerysSun","floor":7.0,"key":"SMITH"},{"data":"MagicChant","floor":15,"key":"SMITH"},{"data":"Apotheosis","floor":23,"key":"SMITH"},{"data":"EnergyFlow","floor":25,"key":"SMITH"},{"floor":28,"key":"REST"},{"data":"CasketOfStar","floor":32,"key":"SMITH"}],"circlet_count":0,"master_deck":["Strike_MRS","Strike_MRS+1","Strike_MRS+1","Strike_MRS+1","Defend_MRS","Defend_MRS","Defend_MRS","Defend_MRS","MasterSpark","UpSweep","PropBag","OrrerysSun+1","MysteriousBeam","WitchOfGreed","SporeBomb","6A","JA","MagicChant+1","ManaRampage","6A","UnstableBomb","EnergyFlow+1","Apotheosis+1","Singularity","GalacticHalo","6A+1","BlazeAway+1","Acceleration","MilkyWay","CasketOfStar+1","AsteroidBelt"],"relics":["MiniHakkero","StuffTheSpire:Gunfinga","aspiration:PocketMushroom","HollowMod:PaleOreRelic","conspire:BottledYoYo","SimpleLauncher","Du-Vu Doll","Oddly Smooth Stone","ExperimentalFamiliar","Old Coin","StuffTheSpire:GrapeVine","Lantern","Centennial Puzzle","Whetstone","PureWhite:ReiMu","Blue Candle"],"acts_visited":["Gensokyo:Gensokyo","TheCity"],"potions_floor_usage":[16,33,33],"damage_taken":[{"damage":4.0,"enemies":"Gensokyo:2_Kodama","floor":1.0,"turns":3.0},{"damage":0.0,"enemies":"Gensokyo:3_Fairies","floor":3.0,"turns":3.0},{"damage":1.0,"enemies":"Gensokyo:Python","floor":5.0,"turns":2.0},{"damage":9.0,"enemies":"Gensokyo:Mamizou","floor":6.0,"turns":6.0},{"damage":0.0,"enemies":"Gensokyo:5_Fairies","floor":8.0,"turns":3.0},{"damage":0.0,"enemies":"Gensokyo:VengefulSpirit","floor":10.0,"turns":3.0},{"damage":9.0,"enemies":"Gensokyo:Aya","floor":12.0,"turns":3.0},{"damage":9.0,"enemies":"Gensokyo:3_Kodama","floor":14.0,"turns":3.0},{"damage":33,"enemies":"Gensokyo:Reimu","floor":16,"turns":7},{"damage":2,"enemies":"2 Thieves","floor":18,"turns":3},{"damage":0,"enemies":"Chosen","floor":21,"turns":2},{"damage":3,"enemies":"Gremlin Leader","floor":24,"turns":3},{"damage":0,"enemies":"Snake Plant","floor":27,"turns":3},{"damage":0,"enemies":"conspire:Head Lice","floor":29,"turns":4},{"damage":10,"enemies":"Sentry and Sphere","floor":31,"turns":2},{"damage":70,"enemies":"Collector","floor":33,"turns":6}],"seed_played":"-6313450949055794369","potions_obtained":[{"floor":3.0,"key":"Fire Potion"},{"floor":8.0,"key":"Swift Potion"},{"floor":8.0,"key":"SneckoOil"},{"floor":10.0,"key":"Fire Potion"},{"floor":12.0,"key":"DuplicationPotion"},{"floor":16,"key":"EssenceOfSteel"},{"floor":21,"key":"CultistPotion"},{"floor":29,"key":"PowerPotion"}],"is_trial":false,"path_per_floor":["M","?","M","?","M","E","R","M","T","M","COS","E","?","M","R","B",null,"M","$","?","M","$","R","E","R","T","M","R","E","?","M","R","B"],"character_chosen":"MARISA","items_purchased":["UnstableBomb","StuffTheSpire:GrapeVine","Apotheosis","Singularity","GalacticHalo","6A"],"campfire_rested":1,"item_purchase_floors":[19,19,22,22,22,22],"current_hp_per_floor":[71,71,71,46,45,48,48,48,48,48,48,39,47,38,38,5,75,73,73,44,44,44,44,41,41,41,41,63,63,63,53,53,0,0],"gold":162,"neow_bonus":"RANDOM_COMMON_RELIC","is_daily":false,"chose_seed":false,"campfire_upgraded":5,"win_rate":0.0,"timestamp":1611796502,"path_taken":["M","?","M","?","M","E","R","M","T","?","COS","E","?","M","R","BOSS","M","?","?","?","$","R","E","R","T","M","R","E","?","M","R","BOSS"],"items_purchased_type":["Card","Relic","Card","Card","Card","Card"],"build_version":"2020-12-22","purchased_purges":0,"victory":false,"max_hp_per_floor":[75,75,75,75,75,75,75,75,75,75,75,75,75,75,75,75,75,75,75,75,75,75,75,75,75,75,75,75,75,75,75,75,75,75],"card_choices":[{"not_picked":["Acceleration","GrandCross"],"picked":"PropBag","floor":1.0},{"not_picked":["SprinkleStarSeal","WitchLeyline"],"picked":"OrrerysSun","floor":3.0},{"not_picked":["BlazeAway","AlicesGift"],"picked":"MysteriousBeam","floor":5.0},{"not_picked":["6A","GravityBeat"],"picked":"WitchOfGreed","floor":6.0},{"not_picked":["Acceleration","LuminesStrike"],"picked":"SporeBomb","floor":8.0},{"not_picked":["WitchLeyline","WitchOfGreed"],"picked":"6A","floor":10.0},{"not_picked":["Acceleration","BlazingStar"],"picked":"JA","floor":12.0},{"not_picked":["OrrerysSun","6A"],"picked":"MagicChant","floor":14.0},{"not_picked":["AbsoluteMagnitude","EscapeVelocity"],"picked":"ManaRampage","floor":16},{"not_picked":["StarlightTyphoon","Acceleration"],"picked":"6A","floor":18},{"not_picked":["GalacticHalo","GravityBeat"],"picked":"EnergyFlow","floor":21},{"not_picked":["FairyDestructionRay+1","ShootTheMoon"],"picked":"BlazeAway+1","floor":24},{"not_picked":["WitchLeyline","ManaConvection+1"],"picked":"Acceleration","floor":27},{"not_picked":["AlicesGift","FairyDestructionRay"],"picked":"MilkyWay","floor":29},{"not_picked":["NonDirectionalLaser","DC"],"picked":"AsteroidBelt","floor":31}],"player_experience":588597,"relics_obtained":[{"floor":6.0,"key":"HollowMod:PaleOreRelic"},{"floor":9.0,"key":"conspire:BottledYoYo"},{"floor":12.0,"key":"Du-Vu Doll"},{"floor":24,"key":"Centennial Puzzle"},{"floor":26,"key":"Whetstone"},{"floor":29,"key":"PureWhite:ReiMu"}],"event_choices":[{"damage_healed":0.0,"max_hp_gain":0.0,"max_hp_loss":0.0,"gold_gain":0.0,"event_name":"betterSkull:BetterSkull","player_choice":"RE UP ","floor":4.0,"gold_loss":0.0,"damage_taken":29.0,"cards_upgraded":["Strike_MRS"],"relics_obtained":["aspiration:PocketMushroom"]},{"damage_healed":0,"gold_gain":0,"player_choice":"RE UP ","damage_taken":33,"relics_obtained":["Lantern"],"max_hp_gain":0,"max_hp_loss":0,"event_name":"betterSkull:BetterSkull","floor":20,"gold_loss":0,"cards_upgraded":["Strike_MRS"]},{"damage_healed":0,"gold_gain":0,"player_choice":"1 cards matched","damage_taken":0,"max_hp_gain":0,"max_hp_loss":0,"event_name":"Match and Keep!","floor":30,"gold_loss":0,"cards_obtained":["CasketOfStar"]}],"is_beta":false,"boss_relics":[{"not_picked":["energizedSpire:RedRose","Snecko Eye"],"picked":"ExperimentalFamiliar"}],"items_purged_floors":[],"is_endless":false,"potions_floor_spawned":[3,8,10,12,24,29],"killed_by":"Collector","ascension_level":0}}