{"host":"r53pw7z744tg3fxg","time":1611862324,"event":{"mods":["AchievementEnabler","BaseMod","Colored Map","Colored Powertips","Highlight Path","Minty Spire (QoL Compilation)","Quick Restart","Transform Curses"],"gold_per_floor":[20,20,40,58,85,85,9,9,9,9,36,56,66,66,66,66,66],"floor_reached":16,"language":"ENG","playtime":527,"items_purged":[],"score":185,"play_id":"f075a196-e96f-4b24-9185-7562b5a3b4f6","local_time":"20210128123204","is_ascension_mode":true,"campfire_choices":[{"floor":6,"key":"REST"},{"data":"PathToVictory","floor":8,"key":"SMITH"},{"floor":15,"key":"REST"}],"circlet_count":0,"master_deck":["AscendersBane","Strike_P","Strike_P","Strike_P","Strike_P","Defend_P","Defend_P+1","Defend_P","Defend_P","Eruption+1","Vigilance+1","FollowUp","Evaluate","PathToVictory+1","Consecrate+1","Pray","BowlingBash","LikeWater","Regret"],"relics":["PureWater","Lantern","War Paint","Centennial Puzzle","Pen Nib"],"acts_visited":["Exordium"],"potions_floor_usage":[12],"damage_taken":[{"damage":3,"enemies":"Small Slimes","floor":1,"turns":7},{"damage":9,"enemies":"Jaw Worm","floor":3,"turns":4},{"damage":1,"enemies":"Cultist","floor":4,"turns":3},{"damage":22,"enemies":"3 Sentries","floor":11,"turns":7},{"damage":14,"enemies":"Exordium Wildlife","floor":12,"turns":3},{"damage":1,"enemies":"2 Fungi Beasts","floor":13,"turns":2},{"damage":77,"enemies":"The Guardian","floor":16,"turns":15}],"seed_played":"-2184698526311392500","potions_obtained":[{"floor":11,"key":"Regen Potion"},{"floor":13,"key":"SmokeBomb"}],"is_trial":false,"path_per_floor":["M","?","M","M","T","R","$","R","T","?","E","M","M","?","R","B"],"character_chosen":"WATCHER","items_purchased":["PathToVictory","Consecrate"],"campfire_rested":2,"item_purchase_floors":[7,7],"current_hp_per_floor":[70,70,61,60,60,80,80,80,80,80,58,53,52,52,76,0,0],"gold":66,"neow_bonus":"TWENTY_PERCENT_HP_BONUS","is_daily":false,"chose_seed":false,"campfire_upgraded":1,"win_rate":0.0,"timestamp":1611862324,"path_taken":["M","?","M","M","?","R","$","R","T","?","E","M","?","?","R","BOSS"],"items_purchased_type":["Card","Card"],"build_version":"2020-12-22","purchased_purges":0,"victory":false,"max_hp_per_floor":[80,80,80,80,80,80,80,80,80,80,80,80,80,80,80,80,80],"card_choices":[{"not_picked":["Protect","Halt"],"picked":"FollowUp","floor":1},{"not_picked":["Halt","FlyingSleeves"],"picked":"Evaluate","floor":3},{"not_picked":["EmptyFist","ClearTheMind","Fasting2"],"picked":"SKIP","floor":4},{"not_picked":["SashWhip","SandsOfTime"],"picked":"Pray","floor":11},{"not_picked":["Study","CutThroughFate"],"picked":"BowlingBash","floor":12},{"not_picked":["Swivel","Indignation"],"picked":"LikeWater","floor":13}],"player_experience":1381200,"relics_obtained":[{"floor":5,"key":"Lantern"},{"floor":9,"key":"War Paint"},{"floor":11,"key":"Centennial Puzzle"}],"event_choices":[{"damage_healed":0,"gold_gain":0,"player_choice":"Grow","damage_taken":0,"max_hp_gain":0,"max_hp_loss":0,"event_name":"Living Wall","floor":2,"gold_loss":0,"cards_upgraded":["Eruption"]},{"damage_healed":0,"gold_gain":0,"player_choice":"Upgraded","damage_taken":0,"max_hp_gain":0,"max_hp_loss":0,"event_name":"Upgrade Shrine","floor":10,"gold_loss":0,"cards_upgraded":["Consecrate"]},{"damage_healed":0,"gold_gain":0,"player_choice":"Box","damage_taken":0,"relics_obtained":["Pen Nib"],"max_hp_gain":0,"max_hp_loss":0,"event_name":"Big Fish","floor":14,"gold_loss":0,"cards_obtained":["Regret"]}],"is_beta":false,"boss_relics":[],"items_purged_floors":[],"is_endless":false,"potions_floor_spawned":[11,13],"killed_by":"The Guardian","ascension_level":17}}