{"host":"h5acbxt0wmjo1kpm","time":1611816563,"event":{"mods":["2.2 Compatiblity","Act Like it!","AlwaysNeverKeys","Aspiration","Bard","Bartender","BaseMod","Better Third Choice","Colored Map","Downfall","Elementarium","Gensokyo","GifTheSpireLib","Hallownest","Marisa????????","Menagerie","Minty Spire (QoL Compilation)","Permanent Neow","Potionbrewer","Quick Restart","Relic Filter","Reliquary","Replay The Spire","Robot Space Explorer","RumiaBox-????????","Shade Mod","Spicy Shops","StSLib","Strawberry Spire","The Blackbeard","The Dragon Tamer","The Gatherer","The Hayseed","The Problem Sleuth","The Servant 0.9.4","Wandering Minibosses","Wide Potions"],"gold_per_floor":[99,113,126,40,40,40,40,98,98,98,117,142,142,142,136,222,222,222,43,54,65,78,81,135,882,894,806,818,849,861,889,916,1024,1036,1048,1078,1090,1090,1090],"floor_reached":37,"language":"ENG","playtime":3063,"items_purged":["bronze:Strike"],"score":423,"play_id":"1cd86367-a726-47e8-92c1-d86060b741ec","local_time":"20210127224923","is_ascension_mode":false,"campfire_choices":[{"data":"Discovery","floor":1,"key":"SMITH"},{"data":"bronze:Overheat","floor":6,"key":"SMITH"},{"data":"bronze:Goto","floor":9,"key":"SMITH"},{"data":"bronze:Boost","floor":13,"key":"SMITH"},{"data":"bronze:SpaghettiCode","floor":18,"key":"SMITH"},{"floor":27,"key":"REST"},{"data":"bronze:Return","floor":35,"key":"SMITH"}],"circlet_count":0,"master_deck":["bronze:Strike","bronze:Strike","bronze:Strike","bronze:Defend","bronze:Defend","bronze:Defend","bronze:Defend","bronze:Replicate","bronze:Goto+1","Discovery+1","bronze:Boost+1","bronze:Overheat+1","bronze:NullPointer","bronze:Iterate","bronze:Overload","bronze:MaxOutput","bronze:WhirlingStrike","bronze:CleanCode","bronze:SpaghettiCode+1","bronze:Shell+1","bronze:CloningBeam","bronze:Iterate+1","bronze:Repair","bronze:Return+1","bronze:HardenedForm","Gensokyo:AllTheWorldsEvil","bronze:Frontload+1","bronze:Flail","Gensokyo:ShootingStar","bronze:Verify","bronze:FineTuning+1"],"relics":["bronze:BronzeCore","Anchor","potionbrewer:SlideRule","Hallownest:DreamNailRelic","reliquary:RedPaperclip","MawBank","wanderingMiniBosses:MasterThiefsPresence","downfall:HeartBlessingGreen","Gensokyo:RedStar"],"acts_visited":["Hallownest:Greenpath","Gensokyo:Gensokyoer","Hallownest:KingdomsEdge"],"potions_floor_usage":[15,16,25,32,33],"damage_taken":[{"damage":0,"enemies":"Hallownest:2_Baldur","floor":2,"turns":3},{"damage":0,"enemies":"Hallownest:monsterHuskGuard","floor":3,"turns":2},{"damage":5,"enemies":"downfall:FleeingMerchant","floor":4,"turns":4},{"damage":0,"enemies":"Hallownest:monsterHuskWarrior","floor":5,"turns":6},{"damage":0,"enemies":"Hallownest:monsterAspidMother","floor":11,"turns":3},{"damage":0,"enemies":"Hallownest:eliteVengeflyKing","floor":12,"turns":4},{"damage":4,"enemies":"Hallownest:Guard_and_Warrior","floor":15,"turns":8},{"damage":31,"enemies":"DF_ARCHETYPE_STREAMLINE","floor":16,"turns":9},{"damage":0,"enemies":"downfall:FleeingMerchant","floor":19,"turns":4},{"damage":0,"enemies":"Gensokyo:Chomper","floor":20,"turns":2},{"damage":0,"enemies":"Gensokyo:2_Gloops","floor":21,"turns":3},{"damage":0,"enemies":"Gensokyo:Wraith","floor":22,"turns":4},{"damage":20,"enemies":"Gensokyo:Slime_Group","floor":23,"turns":4},{"damage":31,"enemies":"Gensokyo:Monolith_and_Dog","floor":25,"turns":6},{"damage":0,"enemies":"Gensokyo:Wraith","floor":29,"turns":2},{"damage":27,"enemies":"Gensokyo:Slime_Group","floor":31,"turns":5},{"damage":0,"enemies":"Gensokyo:Chomper_and_Gloop","floor":32,"turns":4},{"damage":18,"enemies":"SI_MIRROR_ARCHETYPE","floor":33,"turns":6},{"damage":16,"enemies":"Hallownest:2_Littles","floor":36,"turns":4},{"damage":38,"enemies":"Hallownest:3_Siblings","floor":37,"turns":7}],"seed_played":"-4338359163852585987","potions_obtained":[{"floor":2,"key":"SpeedPotion"},{"floor":8,"key":"potionbrewer:StunPotion"},{"floor":8,"key":"LiquidMemories"},{"floor":20,"key":"Elixir"},{"floor":25,"key":"Adrenaline Potion"},{"floor":29,"key":"Reflective Coating"},{"floor":32,"key":"sneckomod:MuddlingPotion"}],"is_trial":false,"path_per_floor":["R","M","M","$","M","R","T","?","R","?","M","E","R","?","M","B",null,"R","$","M","M","M","M","T","M","?","R","?","M","?","M","M","B",null,"R","M","M"],"character_chosen":"THE_AUTOMATON","items_purchased":["PreservedInsect","bronze:CloningBeam"],"campfire_rested":1,"item_purchase_floors":[4,19],"current_hp_per_floor":[70,70,70,65,65,65,65,37,37,44,44,44,44,44,40,9,70,70,70,70,70,70,50,50,19,19,40,40,47,54,41,48,58,70,70,54,23,23,23],"gold":1090,"neow_bonus":"RANDOM_COLORLESS","is_daily":false,"chose_seed":false,"campfire_upgraded":6,"win_rate":0.0,"timestamp":1611816563,"path_taken":["R","?","M","$","M","R","T","?","R","?","?","E","R","?","M","BOSS","R","$","M","M","M","?","T","M","?","R","?","M","?","?","M","BOSS","R","M","M"],"items_purchased_type":["Relic","Card"],"build_version":"2020-12-22","purchased_purges":1,"victory":false,"max_hp_per_floor":[70,70,70,70,70,70,70,70,70,70,70,70,70,70,70,70,70,70,70,70,70,70,70,70,70,70,70,70,70,70,70,70,70,70,70,70,70,70,70],"card_choices":[{"not_picked":["Impatience","ReplayTheSpireMod:Private Reserves"],"picked":"Discovery","floor":0},{"not_picked":["bronze:Philosophize","bronze:Branch"],"picked":"bronze:Boost","floor":2},{"not_picked":["bronze:OilSpill","bronze:FollowUp"],"picked":"bronze:Overheat","floor":3},{"not_picked":["bronze:Allocate","bronze:Shell"],"picked":"bronze:NullPointer","floor":4},{"not_picked":["bronze:Turbo","bronze:Philosophize"],"picked":"bronze:Iterate","floor":5},{"not_picked":["bronze:BugBarrage","bronze:Deprecate"],"picked":"bronze:Overload","floor":8},{"not_picked":["bronze:BitShift","bronze:BugBarrage"],"picked":"bronze:MaxOutput","floor":11},{"not_picked":["bronze:Turbo","bronze:WildBeam"],"picked":"bronze:WhirlingStrike","floor":12},{"not_picked":["bronze:WhirlingStrike","bronze:Repair"],"picked":"bronze:CleanCode","floor":15},{"not_picked":["bronze:ThunderWave","bronze:Virus"],"picked":"bronze:SpaghettiCode","floor":16},{"not_picked":["bronze:DelayedSlice","bronze:Turbo"],"picked":"bronze:Shell+1","floor":19},{"not_picked":["bronze:OilSpill","bronze:CloningBeam"],"picked":"bronze:Iterate+1","floor":20},{"not_picked":["bronze:Assembly","bronze:GetLatest"],"picked":"bronze:Repair","floor":21},{"not_picked":["bronze:CutThrough","bronze:Iterate","bronze:BitShift"],"picked":"SKIP","floor":22},{"not_picked":["bronze:CutThrough+1","bronze:Boost"],"picked":"bronze:Return","floor":23},{"not_picked":["bronze:Return+1","bronze:DelayedSlice"],"picked":"bronze:HardenedForm","floor":25},{"not_picked":["bronze:BuggyMess+1","bronze:Fortify","bronze:Iterate+1"],"picked":"SKIP","floor":29},{"not_picked":["bronze:Turbo","bronze:WhirlingStrike+1"],"picked":"bronze:Frontload+1","floor":31},{"not_picked":["bronze:BuggyMess","bronze:ChildClass"],"picked":"bronze:Flail","floor":32},{"not_picked":[],"picked":"Gensokyo:ShootingStar","floor":33},{"not_picked":["bronze:Virus","bronze:Format"],"picked":"bronze:Verify","floor":33},{"not_picked":["bronze:Return","bronze:Shell"],"picked":"bronze:FineTuning+1","floor":36}],"player_experience":2629626,"relics_obtained":[{"floor":7,"key":"ReplayTheSpireMod:Lightbulb"},{"floor":8,"key":"Anchor"},{"floor":12,"key":"potionbrewer:SlideRule"},{"floor":24,"key":"MawBank"},{"floor":25,"key":"wanderingMiniBosses:MasterThiefsPresence"}],"event_choices":[],"is_beta":false,"boss_relics":[{"not_picked":["aspiration:DefectSkillbook","SacredBark"],"picked":"reliquary:RedPaperclip"},{"not_picked":["Painkiller Herb","Sozu","Velvet Choker"]}],"items_purged_floors":[19],"is_endless":false,"potions_floor_spawned":[2,3,11,12,20,25,29,32],"killed_by":"Hallownest:3_Siblings","ascension_level":0}}