{"host":"zwuytn9vh5b8tdl7","time":1611811425,"event":{"mods":["AchievementEnabler","BaseMod","Colored Powertips","GifTheSpireLib","Minty Spire (QoL Compilation)","Rare Cards Sparkle","StSLib","The Animator"],"gold_per_floor":[114,114,189,189,215,259,273,304,304,351,67,67,93,113,113,113,113],"floor_reached":16,"language":"ENG","playtime":473,"items_purged":[],"score":102,"play_id":"10788f2a-c929-4b57-814c-49d1ddc0d43e","local_time":"20210128002345","is_ascension_mode":false,"campfire_choices":[{"floor":15,"key":"REST"}],"circlet_count":0,"master_deck":["animator:Strike_Fate","animator:Defend_Fate","animator:Strike","animator:Strike","animator:Strike","animator:Defend","animator:Defend","animator:Defend","animator:Alexander","animator:Rider","animator:YunYun","animator:Tyuule","animator:Archer","animator:Assassin","animator:Ara","animator:MumenRider","Pain","animator:Caster","animator:Mitsurugi"],"relics":["animator:LivingPicture","animator:TheMissingPiece","Vajra","animator:EngravedStaff","Ice Cream","animator:ShionDessert","MawBank","animator:BattleDrones","WarpedTongs"],"acts_visited":["Exordium"],"potions_floor_usage":[13,14,14],"damage_taken":[{"damage":1,"enemies":"Jaw Worm","floor":1,"turns":3},{"damage":2,"enemies":"Small Slimes","floor":5,"turns":2},{"damage":25,"enemies":"3 Sentries","floor":6,"turns":7},{"damage":5,"enemies":"2 Louse","floor":7,"turns":2},{"damage":8,"enemies":"Lots of Slimes","floor":8,"turns":3},{"damage":17,"enemies":"3 Louse","floor":13,"turns":2},{"damage":5,"enemies":"Red Slaver","floor":14,"turns":3},{"damage":28,"enemies":"The Guardian","floor":16,"turns":4}],"seed_played":"-6077831892456349840","potions_obtained":[{"floor":1,"key":"Regen Potion"},{"floor":5,"key":"LiquidBronze"},{"floor":13,"key":"Weak Potion"},{"floor":14,"key":"SteroidPotion"}],"is_trial":false,"path_per_floor":["M","?","?","?","M","E","M","M","T","T","$","?","M","M","R","B"],"character_chosen":"THE_ANIMATOR","items_purchased":["animator:BattleDrones","animator:MumenRider"],"campfire_rested":1,"item_purchase_floors":[11,11],"current_hp_per_floor":[65,47,36,58,56,31,27,19,19,19,19,19,2,6,26,0,0],"gold":113,"neow_bonus":"RANDOM_COMMON_RELIC","is_daily":false,"chose_seed":false,"campfire_upgraded":0,"win_rate":0.0,"timestamp":1611811425,"path_taken":["M","?","?","?","M","E","M","M","T","?","$","?","M","M","R","BOSS"],"items_purchased_type":["Relic","Card"],"build_version":"2020-12-22","purchased_purges":0,"victory":false,"max_hp_per_floor":[66,66,66,66,66,66,67,67,67,67,67,67,67,67,67,67,67],"card_choices":[{"not_picked":["animator:Ciel","animator:Assassin"],"picked":"animator:YunYun","floor":1},{"not_picked":["animator:Verdia","animator:Assassin"],"picked":"animator:Tyuule","floor":5},{"not_picked":["animator:Alexander","animator:Cocytus"],"picked":"animator:Archer","floor":6},{"not_picked":["animator:Alexander","animator:Rider"],"picked":"animator:Assassin","floor":7},{"not_picked":["animator:Gillette","animator:MetalKnight"],"picked":"animator:Ara","floor":8},{"not_picked":["animator:SilverFang","animator:ShinjiMatou"],"picked":"animator:Caster","floor":13},{"not_picked":["animator:Darkness","animator:Sebas"],"picked":"animator:Mitsurugi","floor":14}],"player_experience":342441,"relics_obtained":[{"floor":6,"key":"Ice Cream"},{"floor":9,"key":"animator:ShionDessert"},{"floor":10,"key":"MawBank"}],"event_choices":[{"damage_healed":0,"gold_gain":0,"player_choice":"Success","damage_taken":18,"relics_obtained":["animator:EngravedStaff"],"max_hp_gain":0,"max_hp_loss":0,"event_name":"Scrap Ooze","floor":2,"gold_loss":0},{"damage_healed":0,"gold_gain":75,"player_choice":"Gather Gold","damage_taken":11,"max_hp_gain":0,"max_hp_loss":0,"event_name":"World of Goop","floor":3,"gold_loss":0},{"damage_healed":22,"gold_gain":0,"player_choice":"Banana","damage_taken":0,"max_hp_gain":0,"max_hp_loss":0,"event_name":"Big Fish","floor":4,"gold_loss":0},{"damage_healed":0,"gold_gain":0,"player_choice":"Rummage","damage_taken":0,"relics_obtained":["WarpedTongs"],"max_hp_gain":0,"max_hp_loss":0,"event_name":"Accursed Blacksmith","floor":12,"gold_loss":0,"cards_obtained":["Pain"]}],"is_beta":false,"boss_relics":[],"items_purged_floors":[],"is_endless":false,"potions_floor_spawned":[1,5,13,14],"killed_by":"The Guardian","ascension_level":0}}