{"host":"ty2cix8xj6r3ad26","time":1611868058,"event":{"mods":["AchievementEnabler","BaseMod","BetterRewards","Minty Spire (QoL Compilation)","Quick Restart","Robot Space Explorer","StSLib","SuperFastMode","The Hierophant"],"gold_per_floor":[117,130,142,154,169,200,200,225,225,225,245,275,60,72,72,170,170,184,73,89,109,109,142,142,168,168,83,107,124,5,16,16,121,121,135,135,146,146,146,146,196,196,196,228,239,23,23,52,52,52],"floor_reached":51,"language":"ENG","playtime":2465,"items_purged":["RobotSpaceExplorer:Strike","RobotSpaceExplorer:Defend","RobotSpaceExplorer:Strike","RobotSpaceExplorer:Defend","Enlightenment+1"],"score":860,"play_id":"897789dd-0348-40e0-8988-5c6b5712bba4","local_time":"20210128230738","is_ascension_mode":false,"campfire_choices":[{"data":"RobotSpaceExplorer:Scan","floor":7,"key":"SMITH"},{"data":"RobotSpaceExplorer:MiniDrones","floor":10,"key":"SMITH"},{"data":"RobotSpaceExplorer:MiniLasers","floor":15,"key":"SMITH"},{"floor":24,"key":"RECALL"},{"data":"Enlightenment","floor":32,"key":"SMITH"},{"data":"Thinking Ahead","floor":40,"key":"SMITH"},{"data":"Madness","floor":42,"key":"SMITH"},{"data":"Madness","floor":49,"key":"SMITH"}],"circlet_count":0,"master_deck":["RobotSpaceExplorer:Strike","RobotSpaceExplorer:Defend","RobotSpaceExplorer:Scan+1","RobotSpaceExplorer:MiniLasers+1","RobotSpaceExplorer:MiniDrones+1","RobotSpaceExplorer:PowerCollector+1","RobotSpaceExplorer:DroneSwarm+1","RobotSpaceExplorer:StarDust+1","RobotSpaceExplorer:MiniBoosters+1","RobotSpaceExplorer:ScrapMissile+1","Violence","Thinking Ahead+1","Madness+1","RobotSpaceExplorer:LuckyStrike+1","RobotSpaceExplorer:MiniBoosters+1","Madness+1","Madness","RobotSpaceExplorer:Counterblock+1"],"relics":["RobotSpaceExplorer:RoboCore","RobotSpaceExplorer:FoglandsKnife","Meat on the Bone","Frozen Egg 2","Kunai","Regal Pillow","Juzu Bracelet","Happy Flower","Membership Card","RobotSpaceExplorer:Reprocessor","Tiny Chest","Bottled Tornado","Red Mask","Molten Egg 2","InkBottle","Bag of Marbles","RobotSpaceExplorer:SearchSpecs","HornCleat","Ice Cream","Incense Burner","PreservedInsect","Mummified Hand","Lantern"],"acts_visited":["Exordium","TheCity","TheBeyond"],"potions_floor_usage":[14,16,20,25,33,33,35,37,50,50],"damage_taken":[{"damage":0,"enemies":"Cultist","floor":1,"turns":3},{"damage":0,"enemies":"Small Slimes","floor":2,"turns":2},{"damage":1,"enemies":"2 Louse","floor":3,"turns":3},{"damage":2,"enemies":"Blue Slaver","floor":4,"turns":3},{"damage":0,"enemies":"2 Fungi Beasts","floor":5,"turns":2},{"damage":33,"enemies":"Lagavulin","floor":6,"turns":8},{"damage":13,"enemies":"Gremlin Nob","floor":8,"turns":5},{"damage":0,"enemies":"Looter","floor":11,"turns":2},{"damage":0,"enemies":"Large Slime","floor":14,"turns":4},{"damage":4,"enemies":"The Guardian","floor":16,"turns":9},{"damage":0,"enemies":"Spheric Guardian","floor":18,"turns":3},{"damage":12,"enemies":"2 Thieves","floor":20,"turns":3},{"damage":4,"enemies":"Snake Plant","floor":21,"turns":4},{"damage":13,"enemies":"Book of Stabbing","floor":23,"turns":4},{"damage":6,"enemies":"Masked Bandits","floor":25,"turns":3},{"damage":0,"enemies":"Centurion and Healer","floor":29,"turns":3},{"damage":0,"enemies":"3 Cultists","floor":31,"turns":3},{"damage":0,"enemies":"Automaton","floor":33,"turns":6},{"damage":9,"enemies":"3 Shapes","floor":35,"turns":2},{"damage":0,"enemies":"3 Darklings","floor":37,"turns":2},{"damage":0,"enemies":"Mind Bloom Boss Battle","floor":41,"turns":2},{"damage":14,"enemies":"Nemesis","floor":44,"turns":7},{"damage":0,"enemies":"Jaw Worm Horde","floor":45,"turns":2},{"damage":0,"enemies":"Giant Head","floor":48,"turns":3},{"damage":0,"enemies":"Time Eater","floor":50,"turns":6}],"seed_played":"-4878990479580568552","potions_obtained":[{"floor":4,"key":"FairyPotion"},{"floor":8,"key":"Strength Potion"},{"floor":11,"key":"SpeedPotion"},{"floor":14,"key":"DuplicationPotion"},{"floor":16,"key":"LiquidMemories"},{"floor":18,"key":"Swift Potion"},{"floor":23,"key":"Ancient Potion"},{"floor":25,"key":"Fire Potion"},{"floor":33,"key":"LiquidBronze"},{"floor":35,"key":"Energy Potion"},{"floor":38,"key":"RobotSpaceExplorer:PlasmaFlask"},{"floor":38,"key":"SkillPotion"},{"floor":41,"key":"SpeedPotion"},{"floor":44,"key":"SteroidPotion"}],"is_trial":false,"path_per_floor":["M","M","M","M","M","E","R","E","T","R","M","?","$","M","R","B",null,"M","$","M","M","?","E","R","?","T","?","T","M","$","M","R","B",null,"M","?","M","?","T","R","?","R","T","E","M","$","?","E","R","B",null],"character_chosen":"RobotSpaceExplorer","items_purchased":["RobotSpaceExplorer:FoglandsKnife","Meat on the Bone","RobotSpaceExplorer:MiniDrones","Frozen Egg 2","Membership Card","RobotSpaceExplorer:MiniBoosters+1","Tiny Chest","Enlightenment","Mummified Hand"],"campfire_rested":0,"item_purchase_floors":[0,0,0,0,13,19,19,30,46],"current_hp_per_floor":[40,40,39,49,49,28,28,27,27,27,39,39,39,39,39,47,75,75,75,63,59,59,46,46,40,40,40,40,40,40,40,40,40,75,66,56,56,56,56,56,56,56,56,42,42,42,33,45,45,45],"gold":52,"neow_bonus":"","is_daily":false,"chose_seed":false,"campfire_upgraded":7,"win_rate":0.0,"timestamp":1611868058,"path_taken":["M","?","M","M","M","E","R","E","T","R","M","?","$","M","R","BOSS","M","$","M","M","?","E","R","?","T","?","?","M","?","M","R","BOSS","M","?","M","?","?","R","?","R","T","E","M","$","?","E","R","BOSS"],"items_purchased_type":["Relic","Relic","Card","Relic","Relic","Card","Relic","Card","Relic"],"build_version":"2020-12-22","purchased_purges":5,"victory":true,"max_hp_per_floor":[75,75,75,75,75,75,75,75,75,75,75,75,75,75,75,75,75,75,75,75,75,75,75,75,75,75,75,75,75,75,75,75,75,75,75,75,75,75,75,75,75,75,75,75,75,75,75,75,75,75],"card_choices":[{"not_picked":["RobotSpaceExplorer:Counterblock","RobotSpaceExplorer:Ammunition","RobotSpaceExplorer:GlueShot"],"picked":"SKIP","floor":1},{"not_picked":["RobotSpaceExplorer:ImprovisedAttack","RobotSpaceExplorer:Reload","RobotSpaceExplorer:FranticSearch"],"picked":"SKIP","floor":2},{"not_picked":["RobotSpaceExplorer:SurgingShield","RobotSpaceExplorer:FranticSearch","RobotSpaceExplorer:Electroshield"],"picked":"SKIP","floor":3},{"not_picked":["RobotSpaceExplorer:Explosion","RobotSpaceExplorer:Counterblock","RobotSpaceExplorer:MiniDrones"],"picked":"SKIP","floor":4},{"not_picked":["RobotSpaceExplorer:PlasmaMissile","RobotSpaceExplorer:SurgingShield"],"picked":"RobotSpaceExplorer:PowerCollector+1","floor":5},{"not_picked":["RobotSpaceExplorer:Probe","RobotSpaceExplorer:BlastShield"],"picked":"RobotSpaceExplorer:Wormhole","floor":6},{"not_picked":["RobotSpaceExplorer:Pulsar","RobotSpaceExplorer:Probe","RobotSpaceExplorer:MiniDrones"],"picked":"SKIP","floor":8},{"not_picked":["RobotSpaceExplorer:MiniDrones","RobotSpaceExplorer:FrostMissile","RobotSpaceExplorer:Electropulse"],"picked":"SKIP","floor":11},{"not_picked":["RobotSpaceExplorer:MiniDrones","RobotSpaceExplorer:FrostMissile","RobotSpaceExplorer:Electropulse"],"picked":"SKIP","floor":11},{"not_picked":["RobotSpaceExplorer:GlueShot","RobotSpaceExplorer:Pulsar","RobotSpaceExplorer:Comet"],"picked":"SKIP","floor":14},{"not_picked":["RobotSpaceExplorer:Exploration","RobotSpaceExplorer:Asteroid"],"picked":"RobotSpaceExplorer:DroneSwarm+1","floor":16},{"not_picked":["RobotSpaceExplorer:GlueShot","RobotSpaceExplorer:FrostMissile"],"picked":"RobotSpaceExplorer:StarDust+1","floor":18},{"not_picked":["RobotSpaceExplorer:ShockKick","RobotSpaceExplorer:MetalStrike","RobotSpaceExplorer:Blitz"],"picked":"SKIP","floor":20},{"not_picked":["RobotSpaceExplorer:TurboDodge","RobotSpaceExplorer:Autoloader+1","RobotSpaceExplorer:Probe"],"picked":"SKIP","floor":21},{"not_picked":["RobotSpaceExplorer:GlueSpray","RobotSpaceExplorer:DualCore+1","RobotSpaceExplorer:MetalStrike"],"picked":"SKIP","floor":23},{"not_picked":["RobotSpaceExplorer:StunGrenade+1","RobotSpaceExplorer:DoubleBlock+1","RobotSpaceExplorer:SurgingShield"],"picked":"SKIP","floor":29},{"not_picked":["RobotSpaceExplorer:ShockKick+1","RobotSpaceExplorer:GearShield","RobotSpaceExplorer:ImprovisedAttack+1"],"picked":"SKIP","floor":31},{"not_picked":["RobotSpaceExplorer:ShockMissile+1","RobotSpaceExplorer:Scanner+1"],"picked":"RobotSpaceExplorer:Wormhole","floor":33},{"not_picked":["RobotSpaceExplorer:MiniDrones+1","RobotSpaceExplorer:StunGrenade+1"],"picked":"RobotSpaceExplorer:ScrapMissile+1","floor":35},{"not_picked":["Mind Blast+1","Transmutation"],"picked":"Violence","floor":36},{"not_picked":["Jack Of All Trades","Deep Breath"],"picked":"Thinking Ahead","floor":36},{"not_picked":["Forethought","Discovery"],"picked":"Madness","floor":36},{"not_picked":["RobotSpaceExplorer:SurgingShield","RobotSpaceExplorer:RigExplosive"],"picked":"RobotSpaceExplorer:LuckyStrike+1","floor":37},{"not_picked":["RobotSpaceExplorer:Electropulse+1","RobotSpaceExplorer:ToxicBomb","RobotSpaceExplorer:Fix+1"],"picked":"SKIP","floor":44},{"not_picked":["RobotSpaceExplorer:PlasmaMissile+1","RobotSpaceExplorer:ShockKick+1"],"picked":"RobotSpaceExplorer:MiniBoosters+1","floor":45},{"not_picked":["RobotSpaceExplorer:GlueShot","RobotSpaceExplorer:Discharger+1"],"picked":"RobotSpaceExplorer:Counterblock+1","floor":48}],"player_experience":505950,"relics_obtained":[{"floor":6,"key":"Kunai"},{"floor":8,"key":"Regal Pillow"},{"floor":9,"key":"Juzu Bracelet"},{"floor":23,"key":"Bottled Tornado"},{"floor":25,"key":"Red Mask"},{"floor":26,"key":"Molten Egg 2"},{"floor":28,"key":"Bag of Marbles"},{"floor":39,"key":"HornCleat"},{"floor":41,"key":"Ice Cream"},{"floor":43,"key":"Incense Burner"},{"floor":44,"key":"PreservedInsect"},{"floor":48,"key":"Lantern"}],"event_choices":[{"damage_healed":0,"gold_gain":30,"player_choice":"Searched \u00273\u0027 times","damage_taken":0,"relics_obtained":["Happy Flower"],"max_hp_gain":0,"max_hp_loss":0,"event_name":"Dead Adventurer","floor":12,"gold_loss":0},{"damage_healed":0,"gold_gain":0,"player_choice":"Ignored","damage_taken":0,"max_hp_gain":0,"max_hp_loss":0,"event_name":"Ghosts","floor":22,"gold_loss":0},{"damage_healed":0,"gold_gain":0,"player_choice":"Fought Bandits","damage_taken":0,"max_hp_gain":0,"max_hp_loss":0,"event_name":"Masked Bandits","floor":25,"gold_loss":0},{"damage_healed":0,"gold_gain":0,"player_choice":"Obtained Relic","damage_taken":0,"relics_obtained":["InkBottle"],"max_hp_gain":0,"max_hp_loss":0,"event_name":"Addict","floor":27,"gold_loss":85},{"damage_healed":0,"gold_gain":0,"player_choice":"Memory 3","damage_taken":10,"max_hp_gain":0,"max_hp_loss":0,"event_name":"SensoryStone","floor":36,"gold_loss":0},{"damage_healed":0,"gold_gain":0,"player_choice":"Got Potions","damage_taken":0,"max_hp_gain":0,"max_hp_loss":0,"event_name":"Lab","floor":38,"gold_loss":0},{"damage_healed":0,"gold_gain":0,"player_choice":"Fight","damage_taken":0,"max_hp_gain":0,"max_hp_loss":0,"event_name":"MindBloom","floor":41,"gold_loss":0},{"damage_healed":0,"gold_gain":0,"player_choice":"Embrace Madness","damage_taken":9,"max_hp_gain":0,"max_hp_loss":0,"event_name":"Winding Halls","floor":47,"gold_loss":0,"cards_obtained":["Madness","Madness"]}],"is_beta":false,"boss_relics":[{"not_picked":["Runic Dome","Ectoplasm"],"picked":"RobotSpaceExplorer:Reprocessor"},{"not_picked":["Fusion Hammer","Busted Crown"],"picked":"RobotSpaceExplorer:SearchSpecs"}],"items_purged_floors":[0,0,13,30,46],"is_endless":false,"potions_floor_spawned":[4,8,11,14,16,18,23,25,33,35,41,44],"ascension_level":0}}