{"host":"v9ordiuf4xzdpttp","time":1611804292,"event":{"mods":["AchievementEnabler","Act Like it!","AlwaysNeverKeys","BaseMod","Better Third Choice","Better Vampires","BetterRewards","CCEM2","Colored Map","Gold Saver","Halation","Infinite Spire","Jedi Mod","Marked Mod","Minty Spire (QoL Compilation)","Pale of the Ancients","Remove Card Discount Mod","Shop Mod","Spicy Shops","StSLib","The Bug Knight","The Runesmith"],"gold_per_floor":[435,455,455,430,6,6,41,4,4,28,62,62,76,115,115,241,241,264,278,553,31,47,88,88,88,113,133,210,210,224,76,76,76,76],"floor_reached":33,"language":"ENG","playtime":1949,"items_purged":["Strike_G","Strike_G","Regret","Strike_G","Defend_G"],"score":347,"play_id":"b8fdbe27-f94a-408e-89df-2e4e607df8a4","local_time":"20210127222452","is_ascension_mode":true,"campfire_choices":[{"floor":6,"key":"REST"},{"floor":12,"key":"REST"},{"floor":15,"key":"REST"},{"floor":25,"key":"REST"},{"floor":29,"key":"REST"},{"floor":32,"key":"REST"}],"circlet_count":0,"master_deck":["Defend_G","Defend_G","Defend_G","Defend_G","Survivor","Neutralize","Dagger Throw","Flying Knee","jedi:unstablefumes","Noxious Fumes","Crippling Poison+1","Outmaneuver+1","Noxious Fumes","Corpse Explosion+1","jedi:unstablefumes+1","Deadly Poison+1","Infinite Blades","Phantasmal Killer+1","Flying Knee","Backstab+1","Noxious Fumes","Flash of Steel","jedi:collectorvenom+1","jedi:rejectivetoxin+1","jedi:rejectivetoxin+1","Bite","Bite","Bite","Cloak And Dagger+1","Dagger Throw","Noxious Fumes","Prepared+1"],"relics":["Golden Idol","MerchantsRug","Toxic Egg 2","jedi:ghostblades","Sozu","Pear","halation:NonexistentMirror","Bronze Scales","halation:PromiseList","Sundial"],"acts_visited":["Exordium","TheCity"],"potions_floor_usage":[16,33],"damage_taken":[{"damage":1,"enemies":"2 Louse","floor":1,"turns":2},{"damage":0,"enemies":"Jaw Worm","floor":2,"turns":3},{"damage":4,"enemies":"HollowMod:MossKnight","floor":7,"turns":8},{"damage":5,"enemies":"infinitespire:Voidling","floor":10,"turns":4},{"damage":30,"enemies":"3 Sentries","floor":11,"turns":4},{"damage":14,"enemies":"3 Louse","floor":13,"turns":2},{"damage":20,"enemies":"Lagavulin","floor":14,"turns":6},{"damage":24,"enemies":"Slime Boss","floor":16,"turns":6},{"damage":5,"enemies":"3 Byrds","floor":18,"turns":3},{"damage":10,"enemies":"Chosen","floor":19,"turns":4},{"damage":21,"enemies":"Shelled Parasite and Fungi","floor":22,"turns":4},{"damage":18,"enemies":"Slavers","floor":23,"turns":2},{"damage":15,"enemies":"Centurion and Healer","floor":27,"turns":4},{"damage":19,"enemies":"Sentry and Sphere","floor":30,"turns":4},{"damage":76,"enemies":"Automaton","floor":33,"turns":6}],"seed_played":"1047419090045472356","potions_obtained":[{"floor":2,"key":"jedi:tentaclejuice"},{"floor":10,"key":"GamblersBrew"},{"floor":11,"key":"LiquidMemories"},{"floor":16,"key":"Poison Potion"}],"is_trial":false,"path_per_floor":["M","M","?","?","$","R","E","$","T","M","E","R","M","E","R","B",null,"M","M","?","$","M","E","?","R","T","M","T","R","M","$","R","B"],"character_chosen":"THE_SILENT","items_purchased":["jedi:unstablefumes","Noxious Fumes","MerchantsRug","Toxic Egg 2","Outmaneuver+1","Noxious Fumes","Noxious Fumes","Flash of Steel","Pear","jedi:collectorvenom+1","halation:NonexistentMirror","Noxious Fumes","Prepared+1"],"campfire_rested":6,"item_purchase_floors":[5,5,5,5,8,8,21,21,21,21,21,31,31],"current_hp_per_floor":[69,69,52,52,52,70,66,66,66,65,35,56,42,22,43,19,70,65,55,55,65,44,26,26,47,47,36,36,57,40,40,61,0,0],"gold":76,"neow_bonus":"HUNDRED_GOLD","is_daily":false,"chose_seed":false,"campfire_upgraded":0,"win_rate":0.0,"timestamp":1611804292,"path_taken":["M","M","?","?","$","R","E","?","T","M","E","R","?","E","R","BOSS","M","M","?","$","?","E","?","R","T","?","?","R","M","$","R","BOSS"],"items_purchased_type":["Card","Card","Relic","Relic","Card","Card","Card","Card","Relic","Card","Relic","Card","Card"],"build_version":"2020-12-22","purchased_purges":5,"victory":false,"max_hp_per_floor":[70,70,70,70,70,70,70,70,70,70,70,70,70,70,70,70,70,70,70,70,80,80,80,70,70,70,70,70,70,70,70,70,70,70],"card_choices":[{"not_picked":["Slice","jedi:pocketpoison"],"picked":"Dagger Throw","floor":1},{"not_picked":["PiercingWail","Cloak And Dagger"],"picked":"Flying Knee","floor":2},{"not_picked":["Bane","Calculated Gamble+1"],"picked":"Crippling Poison+1","floor":7},{"not_picked":["Dagger Spray","PiercingWail+1"],"picked":"Corpse Explosion+1","floor":10},{"not_picked":["Deadly Poison+1","Dodge and Roll+1"],"picked":"jedi:unstablefumes+1","floor":11},{"not_picked":["Blade Dance+1","Outmaneuver+1"],"picked":"Deadly Poison+1","floor":13},{"not_picked":["Dagger Throw","Sucker Punch"],"picked":"Infinite Blades","floor":14},{"not_picked":["infinitespire:Neurotoxin+1","Corpse Explosion+1"],"picked":"Phantasmal Killer+1","floor":16},{"not_picked":["Outmaneuver+1","Sucker Punch"],"picked":"Flying Knee","floor":18},{"not_picked":["Deadly Poison+1","Dagger Spray"],"picked":"Backstab+1","floor":19},{"not_picked":["Prepared+1","Heel Hook","Acrobatics+1"],"picked":"SKIP","floor":22},{"not_picked":["Backstab","Backflip+1"],"picked":"jedi:rejectivetoxin+1","floor":23},{"not_picked":["Prepared+1","Finisher+1"],"picked":"Cloak And Dagger+1","floor":27},{"not_picked":["Endless Agony","Terror+1"],"picked":"Dagger Throw","floor":30}],"player_experience":211089,"relics_obtained":[{"floor":7,"key":"Pen Nib"},{"floor":9,"key":"CCEMRelics:WhiteRose"},{"floor":11,"key":"Ginger"},{"floor":14,"key":"jedi:ghostblades"},{"floor":23,"key":"Bronze Scales"},{"floor":26,"key":"halation:PromiseList"},{"floor":28,"key":"Sundial"}],"event_choices":[{"damage_healed":0,"gold_gain":0,"player_choice":"Take Damage","damage_taken":17,"relics_obtained":["Golden Idol"],"max_hp_gain":0,"max_hp_loss":0,"event_name":"Golden Idol","floor":3,"gold_loss":0},{"damage_healed":0,"gold_gain":0,"player_choice":"Left","damage_taken":0,"max_hp_gain":0,"max_hp_loss":0,"event_name":"betterThird:BetterGoop","floor":4,"gold_loss":25},{"damage_healed":0,"gold_gain":275,"player_choice":"Desecrate","damage_taken":0,"max_hp_gain":0,"max_hp_loss":0,"event_name":"Golden Shrine","floor":20,"gold_loss":0,"cards_obtained":["Regret"]},{"damage_healed":0,"gold_gain":0,"player_choice":"Became a vampire","damage_taken":0,"max_hp_gain":0,"max_hp_loss":10,"event_name":"Vampires","floor":24,"gold_loss":0,"cards_obtained":["Bite","Bite"]}],"is_beta":false,"boss_relics":[{"not_picked":["Snecko Eye","Runic Dome"],"picked":"Sozu"}],"items_purged_floors":[5,5,21,21,31],"is_endless":false,"potions_floor_spawned":[2,10,11,16,18,19],"killed_by":"Automaton","ascension_level":1}}