{"host":"yecadp3kwkksam5a","time":1611852577,"event":{"mods":["BaseMod","Minty Spire (QoL Compilation)","StSLib","SuperFastMode","The Cursed"],"gold_per_floor":[111,121,121,144,159,194,194,222,246,246,171,171,171,214,214,308,308,329,329,229,244,319,354,397,437,449,461,348,708,558,597,597,696,696,720,720,720,751,751,794,827,1160,1160,820,846,558,558,489,489,489,489],"floor_reached":50,"language":"KOR","playtime":1853,"items_purged":["Crippling Poison","Caltrops","PiercingWail","PiercingWail","PiercingWail"],"score":1664,"play_id":"815f5c30-12a3-499e-9a85-e91ca331b216","local_time":"20210129014937","daily_mods":["Draft","Flight"],"is_ascension_mode":true,"campfire_choices":[{"data":"Calculated Gamble","floor":7.0,"key":"SMITH"},{"data":"Reflex","floor":10.0,"key":"SMITH"},{"data":"Prepared","floor":15.0,"key":"SMITH"},{"data":"Tactician","floor":27.0,"key":"SMITH"},{"floor":32,"key":"RECALL"},{"data":"Accuracy","floor":47,"key":"SMITH"},{"data":"Footwork","floor":49,"key":"SMITH"}],"circlet_count":0,"master_deck":["AscendersBane","Accuracy+1","Escape Plan","Blade Dance","Backflip+1","Reflex+1","Calculated Gamble+1","Prepared+1","Acrobatics+1","Adrenaline+1","Tactician+1","After Image","Footwork+1"],"relics":["Ring of the Snake","Toy Ornithopter","StoneCalendar","Tiny Chest","Juzu Bracelet","Regal Pillow","Sozu","Ornamental Fan","Whetstone","Akabeko","MawBank","Question Card","CeramicFish","WristBlade","Gambling Chip","Snake Skull","Toxic Egg 2","Prayer Wheel","War Paint","Centennial Puzzle","Kunai"],"acts_visited":["Exordium","TheCity","TheBeyond"],"potions_floor_usage":[],"damage_taken":[{"damage":1.0,"enemies":"Cultist","floor":1.0,"turns":3.0},{"damage":1.0,"enemies":"2 Louse","floor":2.0,"turns":2.0},{"damage":3.0,"enemies":"Jaw Worm","floor":5.0,"turns":2.0},{"damage":30.0,"enemies":"Gremlin Nob","floor":6.0,"turns":4.0},{"damage":7.0,"enemies":"Lagavulin","floor":8.0,"turns":4.0},{"damage":24.0,"enemies":"3 Sentries","floor":14.0,"turns":6.0},{"damage":6.0,"enemies":"Slime Boss","floor":16.0,"turns":5.0},{"damage":8.0,"enemies":"Shell Parasite","floor":18.0,"turns":3.0},{"damage":0.0,"enemies":"3 Byrds","floor":21.0,"turns":1.0},{"damage":0.0,"enemies":"Gremlin Leader","floor":23.0,"turns":1.0},{"damage":0.0,"enemies":"Book of Stabbing","floor":24.0,"turns":1.0},{"damage":0.0,"enemies":"Slavers","floor":25.0,"turns":1.0},{"damage":0,"enemies":"Book of Stabbing","floor":31,"turns":1},{"damage":0,"enemies":"Collector","floor":33,"turns":1},{"damage":0,"enemies":"Orb Walker","floor":35,"turns":1},{"damage":0,"enemies":"Mind Bloom Boss Battle","floor":38,"turns":1},{"damage":0,"enemies":"Reptomancer","floor":40,"turns":1},{"damage":0,"enemies":"Giant Head","floor":41,"turns":1},{"damage":89,"enemies":"Time Eater","floor":50,"turns":9}],"seed_played":"-3395571416584177895","potions_obtained":[{"floor":1.0,"key":"LiquidBronze"},{"floor":2.0,"key":"LiquidBronze"},{"floor":6.0,"key":"Swift Potion"}],"is_trial":true,"path_per_floor":["M","M","?","T","M","E","R","E","T","R","$","?","?","E","R","B",null,"M","?","$","M","T","E","E","E","T","R","$","?","$","E","R","B",null,"M","?","T","?","?","E","E","?","T","$","T","$","R","$","R","B"],"character_chosen":"THE_SILENT","items_purchased":["War Paint","Kunai","Footwork"],"campfire_rested":0,"item_purchase_floors":[44,46,48],"current_hp_per_floor":[58,57,50,50,47,17,17,10,10,10,10,66,43,19,19,13,53,45,45,45,45,45,45,45,45,45,45,45,9,9,9,9,9,52,52,52,52,52,52,52,52,52,52,52,52,52,52,52,52,0,0],"gold":489,"neow_bonus":"","is_daily":false,"chose_seed":false,"campfire_upgraded":6,"win_rate":0.0,"timestamp":1611852577,"path_taken":["M","?","?","?","M","E","R","E","T","R","$","?","?","E","R","BOSS","M","?","$","M","?","E","E","E","T","R","?","?","$","E","R","BOSS","M","?","?","?","?","E","E","?","T","$","?","$","R","$","R","BOSS"],"items_purchased_type":["Relic","Relic","Card"],"build_version":"2020-12-22","purchased_purges":5,"victory":false,"max_hp_per_floor":[66,66,66,66,66,66,66,66,66,66,66,66,66,66,66,66,66,66,66,66,66,66,66,66,66,66,66,66,66,66,66,66,66,66,66,66,66,66,66,66,66,66,66,66,66,66,66,66,66,66,66],"card_choices":[{"not_picked":["Caltrops","Blade Dance"],"picked":"Accuracy","floor":0.0},{"not_picked":["Endless Agony","Outmaneuver"],"picked":"Accuracy","floor":0.0},{"not_picked":["Poisoned Stab","Predator"],"picked":"Crippling Poison","floor":0.0},{"not_picked":["Dagger Throw","Outmaneuver"],"picked":"Escape Plan","floor":0.0},{"not_picked":["Quick Slash","Leg Sweep"],"picked":"PiercingWail","floor":0.0},{"not_picked":["Dagger Throw","Distraction"],"picked":"Blade Dance","floor":0.0},{"not_picked":["Poisoned Stab","Dagger Spray"],"picked":"PiercingWail","floor":0.0},{"not_picked":["Flying Knee","Bouncing Flask"],"picked":"Backflip","floor":0.0},{"not_picked":["Deadly Poison","Bane"],"picked":"Dagger Spray","floor":0.0},{"not_picked":["Acrobatics","Quick Slash"],"picked":"Reflex","floor":0.0},{"not_picked":["Concentrate","Blade Dance"],"picked":"Noxious Fumes","floor":0.0},{"not_picked":["Deadly Poison","Dagger Spray"],"picked":"Calculated Gamble","floor":0.0},{"not_picked":["Deflect","Dash"],"picked":"PiercingWail","floor":0.0},{"not_picked":["Deflect","Slice"],"picked":"Caltrops","floor":0.0},{"not_picked":["Deflect","Bouncing Flask"],"picked":"Prepared","floor":0.0},{"not_picked":["Dagger Spray","Distraction","PiercingWail"],"picked":"SKIP","floor":1.0},{"not_picked":["Outmaneuver","Dodge and Roll"],"picked":"Acrobatics","floor":2.0},{"not_picked":["All Out Attack","Corpse Explosion","Choke"],"picked":"SKIP","floor":5.0},{"not_picked":["All Out Attack","Bane","Slice"],"picked":"SKIP","floor":6.0},{"not_picked":["Crippling Poison","Wraith Form v2","Quick Slash"],"picked":"SKIP","floor":8.0},{"not_picked":["Heel Hook","Bouncing Flask","Predator"],"picked":"SKIP","floor":14.0},{"not_picked":["Phantasmal Killer","Wraith Form v2"],"picked":"Adrenaline","floor":16.0},{"not_picked":["Prepared","PiercingWail"],"picked":"Tactician","floor":18.0},{"not_picked":["Flechettes","Flying Knee","Outmaneuver"],"picked":"SKIP","floor":21.0},{"not_picked":["Reflex","Blade Dance","Backflip"],"picked":"SKIP","floor":23.0},{"not_picked":["Leg Sweep","Underhanded Strike","Malaise"],"picked":"SKIP","floor":24.0},{"not_picked":["Expertise","Catalyst","All Out Attack"],"picked":"SKIP","floor":25.0},{"not_picked":["Terror","Backflip","Sucker Punch","Blade Dance"],"picked":"SKIP","floor":31},{"not_picked":["Unload","Phantasmal Killer","Die Die Die"],"picked":"After Image","floor":33},{"not_picked":["Flechettes","Prepared+1","Outmaneuver+1","Deadly Poison+1"],"picked":"SKIP","floor":35},{"not_picked":["Caltrops","Leg Sweep","Bouncing Flask","Cloak And Dagger"],"picked":"SKIP","floor":40},{"not_picked":["Terror+1","Tools of the Trade","Dagger Throw+1","Flying Knee"],"picked":"SKIP","floor":41},{"not_picked":["Terror+1","Tools of the Trade","Dagger Throw+1","Flying Knee"],"picked":"SKIP","floor":41}],"player_experience":525220,"relics_obtained":[{"floor":4.0,"key":"Toy Ornithopter"},{"floor":6.0,"key":"StoneCalendar"},{"floor":8.0,"key":"Tiny Chest"},{"floor":9.0,"key":"Juzu Bracelet"},{"floor":14.0,"key":"Regal Pillow"},{"floor":22.0,"key":"Ornamental Fan"},{"floor":23.0,"key":"Whetstone"},{"floor":24.0,"key":"Akabeko"},{"floor":25.0,"key":"MawBank"},{"floor":26.0,"key":"Question Card"},{"floor":31,"key":"CeramicFish"},{"floor":38,"key":"Gambling Chip"},{"floor":40,"key":"Snake Skull"},{"floor":41,"key":"Toxic Egg 2"},{"floor":43,"key":"Prayer Wheel"},{"floor":45,"key":"Centennial Puzzle"}],"event_choices":[{"cards_removed":["Dagger Spray"],"damage_healed":0.0,"max_hp_gain":0.0,"max_hp_loss":0.0,"gold_gain":0.0,"event_name":"Golden Wing","player_choice":"Card Removal","floor":3.0,"gold_loss":0.0,"damage_taken":7.0},{"cards_removed":["Noxious Fumes"],"damage_healed":56.0,"max_hp_gain":0.0,"max_hp_loss":0.0,"gold_gain":0.0,"event_name":"Bonfire Elementals","player_choice":"Offered Uncommon","floor":12.0,"gold_loss":0.0,"damage_taken":0.0},{"damage_healed":0.0,"max_hp_gain":0.0,"max_hp_loss":0.0,"gold_gain":0.0,"event_name":"Golden Idol","player_choice":"Take Damage","floor":13.0,"gold_loss":0.0,"damage_taken":23.0,"relics_obtained":["Golden Idol"]},{"damage_healed":0.0,"max_hp_gain":0.0,"max_hp_loss":0.0,"gold_gain":0.0,"event_name":"The Mausoleum","player_choice":"Ignored","floor":19.0,"gold_loss":0.0,"damage_taken":0.0},{"damage_healed":0,"gold_gain":360,"player_choice":"GOLD GOLD GOLD GOLD ","damage_taken":36,"max_hp_gain":0,"max_hp_loss":0,"event_name":"Knowing Skull","floor":29,"potions_obtained":[],"gold_loss":0,"cards_obtained":[]},{"cards_removed":["Accuracy"],"damage_healed":0,"gold_gain":0,"player_choice":"Removed Power","damage_taken":0,"max_hp_gain":0,"max_hp_loss":0,"event_name":"Falling","floor":36,"gold_loss":0},{"damage_healed":0,"gold_gain":0,"player_choice":"Fight","damage_taken":0,"max_hp_gain":0,"max_hp_loss":0,"event_name":"MindBloom","floor":38,"gold_loss":0},{"damage_healed":0,"gold_gain":0,"player_choice":"Forge","damage_taken":0,"max_hp_gain":0,"max_hp_loss":0,"event_name":"Accursed Blacksmith","floor":39,"gold_loss":0,"cards_upgraded":["Backflip"]},{"damage_healed":0,"gold_gain":333,"player_choice":"Gave Idol","damage_taken":0,"max_hp_gain":0,"max_hp_loss":0,"event_name":"The Moai Head","floor":42,"relics_lost":["Golden Idol"],"gold_loss":0}],"is_beta":false,"boss_relics":[{"not_picked":["Philosopher\u0027s Stone","Runic Dome"],"picked":"Sozu"},{"not_picked":["Snecko Eye","Empty Cage"],"picked":"WristBlade"}],"items_purged_floors":[11,20,28,30,44],"is_endless":false,"potions_floor_spawned":[1,2,6,18,21,31,33,35,40],"killed_by":"Time Eater","ascension_level":20}}