{"host":"rkezzvf6da7mjjsm","time":1611865392,"event":{"mods":["BaseMod","Colored Map","Downfall","Minty Spire (QoL Compilation)","StSLib"],"gold_per_floor":[99,110,125,125,135,169,193,93,106,132,117,117,117,146,161,266,266,166,176,196,206,306,306,386,415,433,433,433,433],"floor_reached":27,"language":"ENG","playtime":1585,"items_purged":[],"score":253,"play_id":"57235bf0-8c54-4de8-800d-4c405f529d73","local_time":"20210129072312","is_ascension_mode":false,"campfire_choices":[{"floor":1,"key":"RECALL"},{"data":"sneckomod:DiceBoulder","floor":8,"key":"SMITH"},{"data":"sneckomod:DiceBoulder+1","floor":12,"key":"SMITH"},{"data":"sneckomod:DangerNoodle","floor":18,"key":"SMITH"},{"data":"sneckomod:DiceBoulder+2","floor":23,"key":"SMITH"}],"circlet_count":0,"master_deck":["sneckomod:Strike","sneckomod:Strike","sneckomod:Strike","sneckomod:Defend","sneckomod:Defend","sneckomod:Defend","sneckomod:TailWhip","sneckomod:SnekBite","sneckomod:Unknown","sneckomod:Unknown","sneckomod:DiceBoulder+3","sneckomod:WideSting","sneckomod:UnknownDraw","sneckomod:UnknownColorless","sneckomod:TrashToTreasure","sneckomod:Mudshield","sneckomod:Rotation","sneckomod:UnendingSupply","sneckomod:UnendingSupply","sneckomod:DangerNoodle+1","sneckomod:TrashToTreasure","sneckomod:UnknownExhaust","sneckomod:SnakeSap","sneckomod:Unknown2Cost+1","sneckomod:CheapStock","sneckomod:UnknownUncommonSkill"],"relics":["Runic Pyramid","Strawberry","Anchor","downfall:HeartBlessingRed","champ:DeflectingBracers","MealTicket","Black Star","downfall:HeartBlessingGreen","downfall:CloakOfManyFaces","CultistMask","FaceOfCleric","NlothsMask","GremlinMask","SsserpentHead","Slimebound:PreparedRelic","Ice Cream"],"acts_visited":["Exordium","TheCity"],"potions_floor_usage":[14,16,16,25,25,26,27],"damage_taken":[{"damage":2,"enemies":"2 Louse","floor":2,"turns":4},{"damage":0,"enemies":"Cultist","floor":3,"turns":2},{"damage":0,"enemies":"Small Slimes","floor":5,"turns":3},{"damage":14,"enemies":"Gremlin Nob","floor":6,"turns":3},{"damage":0,"enemies":"Exordium Thugs","floor":9,"turns":3},{"damage":19,"enemies":"Lagavulin","floor":10,"turns":7},{"damage":0,"enemies":"downfall:FleeingMerchant","floor":11,"turns":4},{"damage":3,"enemies":"Gremlin Nob","floor":14,"turns":4},{"damage":0,"enemies":"3 Louse","floor":15,"turns":2},{"damage":16,"enemies":"DF_ARCHETYPE_STREAMLINE","floor":16,"turns":10},{"damage":0,"enemies":"Shell Parasite","floor":19,"turns":4},{"damage":15,"enemies":"3 Cultists","floor":20,"turns":4},{"damage":6,"enemies":"Snecko","floor":21,"turns":4},{"damage":5,"enemies":"downfall:FaceTrader","floor":22,"turns":9},{"damage":40,"enemies":"Book of Stabbing","floor":25,"turns":5},{"damage":10,"enemies":"Centurion and Healer","floor":26,"turns":6},{"damage":29,"enemies":"Slavers","floor":27,"turns":3}],"seed_played":"-7676928553640442970","potions_obtained":[{"floor":4,"key":"Weak Potion"},{"floor":4,"key":"Regen Potion"},{"floor":4,"key":"SmokeBomb"},{"floor":5,"key":"Slimebound:ThreeZeroPotion"},{"floor":14,"key":"Ancient Potion"},{"floor":16,"key":"SpeedPotion"},{"floor":20,"key":"SteroidPotion"},{"floor":25,"key":"EssenceOfSteel"}],"is_trial":false,"path_per_floor":["R","M","M","?","M","E","T","R","M","E","$","R","?","E","M","B",null,"R","M","M","M","?","R","T","E","M","E"],"character_chosen":"THE_SNECKO","items_purchased":[],"campfire_rested":0,"item_purchase_floors":[],"current_hp_per_floor":[90,88,88,88,88,81,81,81,81,77,77,77,77,74,74,72,97,97,97,82,76,71,71,71,32,23,0,0,0],"gold":433,"neow_bonus":"BOSS_RELIC","is_daily":false,"chose_seed":false,"campfire_upgraded":4,"win_rate":0.0,"timestamp":1611865392,"path_taken":["R","M","M","?","M","E","T","R","?","E","$","R","?","E","M","BOSS","R","M","M","M","?","R","T","E","M","E"],"items_purchased_type":[],"build_version":"2020-12-22","purchased_purges":0,"victory":false,"max_hp_per_floor":[90,90,90,90,90,97,97,97,97,97,97,97,97,97,97,97,97,97,97,97,97,97,97,97,98,99,99,99,99],"card_choices":[{"not_picked":["sneckomod:UnknownCommonSkill","sneckomod:SoulRoll"],"picked":"sneckomod:DiceBoulder","floor":2},{"not_picked":["sneckomod:ImprovisedGuard","sneckomod:UnknownCommonAttack"],"picked":"sneckomod:WideSting","floor":3},{"not_picked":["sneckomod:DiceBlock","sneckomod:SerpentIdol"],"picked":"sneckomod:UnknownDraw","floor":5},{"not_picked":["sneckomod:SoulRoll","sneckomod:QuickMove"],"picked":"sneckomod:UnknownColorless","floor":6},{"not_picked":["sneckomod:UnknownColorless","sneckomod:UnknownExhaust"],"picked":"sneckomod:TrashToTreasure","floor":9},{"not_picked":["sneckomod:SoulDraw","sneckomod:UnknownCommonSkill"],"picked":"sneckomod:Mudshield","floor":10},{"not_picked":["sneckomod:SoulRoll","sneckomod:MixItUp"],"picked":"sneckomod:Rotation","floor":11},{"not_picked":["sneckomod:MasterEye","sneckomod:SoulRoll"],"picked":"sneckomod:UnendingSupply","floor":14},{"not_picked":["sneckomod:Nope","sneckomod:Unknown1Cost"],"picked":"sneckomod:UnendingSupply","floor":15},{"not_picked":["sneckomod:UnlimitedRolls","sneckomod:Restock"],"picked":"sneckomod:DangerNoodle","floor":16},{"not_picked":["sneckomod:DiceCrush+1","sneckomod:SoulRoll"],"picked":"sneckomod:TrashToTreasure","floor":19},{"not_picked":["sneckomod:UnknownX","sneckomod:UnknownBlock"],"picked":"sneckomod:UnknownExhaust","floor":20},{"not_picked":["sneckomod:UnknownVulnerable","sneckomod:UnknownUncommonAttack+1"],"picked":"sneckomod:SnakeSap","floor":21},{"not_picked":["sneckomod:UnknownVulnerable","sneckomod:UnknownClassTHE_CHAMP_GRAY"],"picked":"sneckomod:Unknown2Cost+1","floor":22},{"not_picked":["sneckomod:DiceCrush","sneckomod:UnknownVulnerable"],"picked":"sneckomod:CheapStock","floor":25},{"not_picked":["sneckomod:UnknownUncommonAttack+1","sneckomod:UnknownCommonAttack+1"],"picked":"sneckomod:UnknownUncommonSkill","floor":26}],"player_experience":668435,"relics_obtained":[{"floor":6,"key":"Strawberry"},{"floor":7,"key":"Anchor"},{"floor":10,"key":"champ:DeflectingBracers"},{"floor":14,"key":"MealTicket"},{"floor":22,"key":"downfall:CloakOfManyFaces"},{"floor":25,"key":"Slimebound:PreparedRelic"},{"floor":25,"key":"Ice Cream"}],"event_choices":[{"damage_healed":0,"gold_gain":0,"player_choice":"Got Potions","damage_taken":0,"max_hp_gain":0,"max_hp_loss":0,"event_name":"Lab","floor":4,"gold_loss":0}],"is_beta":false,"boss_relics":[{"not_picked":["Tiny House","Calling Bell"],"picked":"Black Star"}],"items_purged_floors":[],"is_endless":false,"potions_floor_spawned":[5,9,14,15,16,20,21,25],"killed_by":"Slavers","ascension_level":0}}