{"host":"g2kelmgng7xf1xjg","time":1611876396,"event":{"mods":["BaseMod","Bestiary","Highlight Path","Minty Spire (QoL Compilation)","Relic Stats","StSLib"],"gold_per_floor":[116,134,145,145,164,164,114,114,114,146,162,162,162,203,203,308,308,333,101,119,3,102,102,102],"floor_reached":23,"language":"ENG","playtime":1191,"items_purged":["Strike_B","Strike_B"],"score":318,"play_id":"867e8b21-037c-4cfa-b4dd-03c59c1ce854","local_time":"20210128172636","is_ascension_mode":true,"campfire_choices":[{"data":"Streamline","floor":6,"key":"SMITH"},{"data":"Streamline","floor":8,"key":"SMITH"},{"data":"Genetic Algorithm","floor":12,"key":"SMITH"},{"data":"Hologram","floor":15,"key":"SMITH"}],"circlet_count":0,"master_deck":["AscendersBane","Defend_B","Defend_B","Defend_B","Defend_B","Zap","Dualcast","Streamline+1","Streamline+1","Coolheaded","Genetic Algorithm+1","Hologram+1","Sweeping Beam","Capacitor","Biased Cognition","Coolheaded","Defragment","Fission","Seek"],"relics":["Cracked Core","Nunchaku","InkBottle","Meat on the Bone","CeramicFish","Smiling Mask","SacredBark"],"acts_visited":["Exordium","TheCity"],"potions_floor_usage":[16],"damage_taken":[{"damage":1,"enemies":"2 Louse","floor":1,"turns":3},{"damage":0,"enemies":"Small Slimes","floor":2,"turns":2},{"damage":1,"enemies":"Cultist","floor":3,"turns":3},{"damage":0,"enemies":"Large Slime","floor":5,"turns":3},{"damage":8,"enemies":"Gremlin Nob","floor":10,"turns":3},{"damage":11,"enemies":"3 Louse","floor":11,"turns":4},{"damage":12,"enemies":"3 Sentries","floor":14,"turns":6},{"damage":38,"enemies":"The Guardian","floor":16,"turns":11},{"damage":11,"enemies":"Chosen","floor":18,"turns":6},{"damage":27,"enemies":"3 Byrds","floor":20,"turns":6},{"damage":47,"enemies":"Slavers","floor":23,"turns":3}],"seed_played":"-4515293595445904036","potions_obtained":[{"floor":2,"key":"Swift Potion"},{"floor":10,"key":"Fire Potion"},{"floor":16,"key":"Block Potion"},{"floor":18,"key":"Ancient Potion"}],"is_trial":false,"path_per_floor":["M","M","M","?","M","R","?","R","T","E","M","R","?","E","R","B",null,"M","$","M","$","?","E"],"character_chosen":"DEFECT","items_purchased":["Defragment","Fission","Seek"],"campfire_rested":0,"item_purchase_floors":[19,19,21],"current_hp_per_floor":[67,67,66,66,66,66,66,66,66,58,47,47,47,47,47,21,62,51,51,36,36,36,0,0],"gold":102,"neow_bonus":"RANDOM_COMMON_RELIC","is_daily":false,"chose_seed":false,"campfire_upgraded":4,"win_rate":0.0,"timestamp":1611876396,"path_taken":["M","M","M","?","M","R","?","R","T","E","M","R","?","E","R","BOSS","M","?","M","$","?","E"],"items_purchased_type":["Card","Card","Card"],"build_version":"2020-12-22","purchased_purges":2,"victory":false,"max_hp_per_floor":[75,75,75,75,75,75,75,75,75,75,75,75,75,75,75,75,75,75,75,75,75,75,75,75],"relic_stats":{"Nunchaku":[5],"counters":[11,50],"CeramicFish":54,"Smiling Mask":75,"obtain_stats":[{"Nunchaku":0,"CeramicFish":13,"SacredBark":17,"Cracked Core":0,"Smiling Mask":14,"InkBottle":9,"Meat on the Bone":10},{"Nunchaku":0,"CeramicFish":6,"SacredBark":8,"Cracked Core":0,"Smiling Mask":7,"InkBottle":4,"Meat on the Bone":5},{"Nunchaku":0,"CeramicFish":18,"SacredBark":35,"Cracked Core":0,"Smiling Mask":24,"InkBottle":11,"Meat on the Bone":14}],"InkBottle":[10],"Meat on the Bone":36},"card_choices":[{"not_picked":["Redo","Steam"],"picked":"Streamline","floor":1},{"not_picked":["Coolheaded","Turbo"],"picked":"Streamline","floor":2},{"not_picked":["Ball Lightning","Rebound"],"picked":"Coolheaded","floor":3},{"not_picked":["Self Repair","Rebound"],"picked":"Genetic Algorithm","floor":5},{"not_picked":["Reinforced Body","Genetic Algorithm"],"picked":"Hologram","floor":10},{"not_picked":["Ball Lightning","Turbo"],"picked":"Sweeping Beam","floor":11},{"not_picked":["Tempest","Aggregate"],"picked":"Capacitor","floor":14},{"not_picked":["Hyperbeam","Seek"],"picked":"Biased Cognition","floor":16},{"not_picked":["Sunder+1","Conserve Battery"],"picked":"Coolheaded","floor":18},{"not_picked":["Streamline","Sweeping Beam","Skim"],"picked":"SKIP","floor":20}],"player_experience":1035442,"relics_obtained":[{"floor":9,"key":"InkBottle"},{"floor":10,"key":"Meat on the Bone"},{"floor":14,"key":"Smiling Mask"}],"event_choices":[{"cards_removed":["Strike_B"],"damage_healed":0,"gold_gain":0,"player_choice":"Forget","damage_taken":0,"max_hp_gain":0,"max_hp_loss":0,"event_name":"Living Wall","floor":4,"gold_loss":0},{"cards_removed":["Strike_B"],"damage_healed":0,"gold_gain":0,"player_choice":"Card Removal","damage_taken":0,"max_hp_gain":0,"max_hp_loss":0,"event_name":"The Cleric","floor":7,"gold_loss":50},{"damage_healed":0,"gold_gain":0,"player_choice":"Gave Potion","damage_taken":0,"relics_obtained":["CeramicFish"],"max_hp_gain":0,"max_hp_loss":0,"event_name":"WeMeetAgain","floor":13,"gold_loss":0},{"damage_healed":0,"gold_gain":99,"player_choice":"Stole From Cult","damage_taken":0,"max_hp_gain":0,"max_hp_loss":0,"event_name":"Nest","floor":22,"gold_loss":0}],"is_beta":false,"boss_relics":[{"not_picked":["Astrolabe","Tiny House"],"picked":"SacredBark"}],"items_purged_floors":[19,21],"is_endless":false,"potions_floor_spawned":[2,10,16,18],"killed_by":"Slavers","ascension_level":12}}