{"host":"wcu170u0llqv9dkc","time":1611845105,"event":{"mods":["2.2 Compatiblity","AchievementEnabler","AlwaysNeverKeys","BaseMod","Bestiary","Better Altar","Better Note","Better Skull","Better Third Choice","Colored Map","Colored Powertips","Curses Come First","Custom Start","Displayed Cursed Tome","Highlight Path","Minty Spire (QoL Compilation)","Permanent Neow","Relic Stats","Reliquary","StSLib","Unknown Chances"],"gold_per_floor":[112,212,22,33,44,44,79,79,102,135,135,168,185,202,202,300,300,315,315,325,600,610,645,352,352,406,416,433,433,459,459,459,558,558,576,802,802,852,866,866,897,897,923,935,575,604,604,631,631,631,631,631,263,288,288],"floor_reached":56,"language":"ENG","playtime":1501,"items_purged":["Regret"],"score":1830,"play_id":"fa34c548-756a-4498-9aad-6e3193cad6df","local_time":"20210128114505","is_ascension_mode":true,"campfire_choices":[{"data":"Bash","floor":6,"key":"SMITH"},{"data":"Shrug It Off","floor":8,"key":"SMITH"},{"data":"Wild Strike","floor":15,"key":"SMITH"},{"data":"Inflame","floor":25,"key":"SMITH"},{"data":"Perfected Strike","floor":32,"key":"SMITH"},{"data":"Perfected Strike","floor":40,"key":"SMITH"},{"data":"1","floor":42,"key":"LIFT"},{"data":"2","floor":44,"key":"LIFT"},{"data":"3","floor":47,"key":"LIFT"},{"data":"Wild Strike","floor":49,"key":"SMITH"},{"data":"Impervious","floor":52,"key":"SMITH"}],"circlet_count":0,"master_deck":["Strike_R","Strike_R","Strike_R","Strike_R","Strike_R","Defend_R","Defend_R","Defend_R","Bash+1","Wild Strike+1","Cleave","Twin Strike","Shrug It Off+1","Perfected Strike+1","Wild Strike+1","Battle Trance+1","Feed","Disarm+1","Armaments+1","Perfected Strike+1","Flex+1","Inflame+1","Inflame+1","Perfected Strike+1","Inflame+1","Impervious+1","Thunderclap+1","Dark Shackles","Perfected Strike+1","Pommel Strike+1","Inflame+1","Hemokinesis+1","Combust+1","Evolve","Perfected Strike+1"],"relics":["Burning Blood","reliquary:Knoch","MealTicket","reliquary:RoseTintedGlasses","reliquary:TridentHead","Pear","Coffee Dripper","Happy Flower","Nunchaku","Blood Vial","Mummified Hand","reliquary:TuningFork","Runic Cube","Juzu Bracelet","Ice Cream","Girya","MawBank","reliquary:PartyBalloon","reliquary:Buckler","Question Card","reliquary:BallBearing","Membership Card","Anchor","Eternal Feather","Toy Ornithopter"],"acts_visited":["Exordium","TheCity","TheBeyond","TheEnding"],"potions_floor_usage":[0,7,22,23,23,27,54,55,55],"damage_taken":[{"damage":6,"enemies":"Cultist","floor":1,"turns":3},{"damage":7,"enemies":"Small Slimes","floor":4,"turns":3},{"damage":12,"enemies":"Jaw Worm","floor":5,"turns":3},{"damage":32,"enemies":"Lagavulin","floor":7,"turns":6},{"damage":16,"enemies":"Gremlin Nob","floor":10,"turns":4},{"damage":10,"enemies":"3 Sentries","floor":12,"turns":6},{"damage":4,"enemies":"Large Slime","floor":13,"turns":4},{"damage":0,"enemies":"Red Slaver","floor":14,"turns":2},{"damage":0,"enemies":"Slime Boss","floor":16,"turns":4},{"damage":7,"enemies":"Chosen","floor":18,"turns":3},{"damage":6,"enemies":"Spheric Guardian","floor":20,"turns":3},{"damage":7,"enemies":"Chosen and Byrds","floor":22,"turns":5},{"damage":20,"enemies":"Slavers","floor":23,"turns":4},{"damage":20,"enemies":"Centurion and Healer","floor":27,"turns":4},{"damage":0,"enemies":"3 Cultists","floor":28,"turns":4},{"damage":29,"enemies":"Book of Stabbing","floor":30,"turns":3},{"damage":44,"enemies":"Champ","floor":33,"turns":9},{"damage":4,"enemies":"3 Darklings","floor":35,"turns":2},{"damage":0,"enemies":"Mind Bloom Boss Battle","floor":38,"turns":3},{"damage":0,"enemies":"Orb Walker","floor":39,"turns":2},{"damage":3,"enemies":"Reptomancer","floor":41,"turns":5},{"damage":0,"enemies":"Nemesis","floor":46,"turns":1},{"damage":1,"enemies":"Giant Head","floor":48,"turns":4},{"damage":57,"enemies":"Time Eater","floor":50,"turns":5},{"damage":23,"enemies":"Shield and Spear","floor":54,"turns":2},{"damage":103,"enemies":"The Heart","floor":55,"turns":6}],"seed_played":"-5338247326126395520","potions_obtained":[{"floor":0,"key":"LiquidMemories"},{"floor":0,"key":"Fruit Juice"},{"floor":0,"key":"LiquidBronze"},{"floor":4,"key":"Weak Potion"},{"floor":7,"key":"Block Potion"},{"floor":13,"key":"Block Potion"},{"floor":22,"key":"Fire Potion"},{"floor":30,"key":"Ancient Potion"},{"floor":38,"key":"Energy Potion"},{"floor":48,"key":"ElixirPotion"},{"floor":54,"key":"BloodPotion"}],"is_trial":false,"path_per_floor":["M","?","$","M","M","R","E","R","T","E","?","E","M","M","R","B",null,"M","?","M","?","M","E","$","R","T","M","M","T","E","?","R","B",null,"M","?","?","?","M","R","E","R","T","R","$","E","R","E","R","B",null,"R","$","E","B",null],"character_chosen":"IRONCLAD","items_purchased":["reliquary:Knoch","Cleave","Inflame","Nunchaku","reliquary:PartyBalloon","reliquary:Buckler","Inflame","Membership Card","Anchor","Eternal Feather","Evolve"],"campfire_rested":0,"item_purchase_floors":[3,3,24,24,45,45,45,53,53,53,53],"current_hp_per_floor":[85,85,85,84,78,78,52,52,52,42,42,48,50,56,56,62,87,86,86,86,86,85,74,89,89,89,77,88,88,70,70,70,34,87,94,48,48,56,64,64,69,69,69,69,84,92,92,102,102,53,96,96,110,110,18],"gold":288,"neow_bonus":"THREE_SMALL_POTIONS","is_daily":false,"chose_seed":false,"campfire_upgraded":8,"win_rate":0.0,"timestamp":1611845105,"path_taken":["M","?","?","M","M","R","E","R","T","E","?","E","M","?","R","BOSS","M","?","?","?","M","E","$","R","T","?","M","?","E","?","R","BOSS","M","?","?","?","M","R","E","R","T","R","$","E","R","E","R","BOSS","R","$","E","BOSS"],"items_purchased_type":["Relic","Card","Card","Relic","Relic","Relic","Card","Relic","Relic","Relic","Card"],"build_version":"2020-12-22","purchased_purges":1,"victory":true,"max_hp_per_floor":[85,85,85,85,85,85,85,85,85,85,85,95,95,95,95,95,95,95,95,95,95,95,98,98,98,98,98,101,101,104,104,104,104,104,107,107,107,107,107,107,107,107,107,107,107,107,107,110,110,110,110,110,110,110,110],"relic_stats":{"Happy Flower":[16],"counters":[26,100],"Eternal Feather":0,"Juzu Bracelet":1,"MawBank":24,"Question Card":2,"Burning Blood":156,"Blood Vial":22,"Nunchaku":[13],"Mummified Hand":[42],"MealTicket":44,"obtain_stats":[{"Ice Cream":38,"reliquary:PartyBalloon":45,"Juzu Bracelet":36,"Burning Blood":0,"Blood Vial":26,"reliquary:TridentHead":10,"Nunchaku":24,"Mummified Hand":29,"MealTicket":7,"reliquary:Buckler":45,"reliquary:RoseTintedGlasses":9,"Runic Cube":34,"Girya":41,"Pear":12,"Happy Flower":23,"Eternal Feather":53,"MawBank":43,"Question Card":46,"Anchor":53,"reliquary:BallBearing":48,"Coffee Dripper":17,"reliquary:TuningFork":30,"reliquary:Knoch":3,"Membership Card":53,"Toy Ornithopter":54},{"Ice Cream":19,"reliquary:PartyBalloon":21,"Juzu Bracelet":18,"Burning Blood":0,"Blood Vial":13,"reliquary:TridentHead":5,"Nunchaku":13,"Mummified Hand":15,"MealTicket":4,"reliquary:Buckler":21,"reliquary:RoseTintedGlasses":4,"Runic Cube":17,"Girya":21,"Pear":6,"Happy Flower":13,"Eternal Feather":24,"MawBank":21,"Question Card":22,"Anchor":24,"reliquary:BallBearing":23,"Coffee Dripper":9,"reliquary:TuningFork":16,"reliquary:Knoch":1,"Membership Card":24,"Toy Ornithopter":25},{"Ice Cream":75,"reliquary:PartyBalloon":82,"Juzu Bracelet":72,"Burning Blood":0,"Blood Vial":50,"reliquary:TridentHead":19,"Nunchaku":50,"Mummified Hand":58,"MealTicket":15,"reliquary:Buckler":82,"reliquary:RoseTintedGlasses":15,"Runic Cube":70,"Girya":82,"Pear":25,"Happy Flower":50,"Eternal Feather":92,"MawBank":82,"Question Card":83,"Anchor":92,"reliquary:BallBearing":87,"Coffee Dripper":35,"reliquary:TuningFork":61,"reliquary:Knoch":3,"Membership Card":92,"Toy Ornithopter":94}],"Toy Ornithopter":5,"Runic Cube":[29]},"card_choices":[{"not_picked":["Dual Wield","Body Slam"],"picked":"Wild Strike","floor":1},{"not_picked":["Iron Wave","Bloodletting","Anger"],"picked":"SKIP","floor":4},{"not_picked":["Iron Wave","Pommel Strike"],"picked":"Twin Strike","floor":5},{"not_picked":["Armaments","Heavy Blade"],"picked":"Shrug It Off","floor":7},{"not_picked":["Twin Strike","Warcry"],"picked":"Perfected Strike","floor":10},{"not_picked":["Rampage","Barricade"],"picked":"Wild Strike","floor":12},{"not_picked":["Carnage","Heavy Blade","Armaments"],"picked":"SKIP","floor":13},{"not_picked":["Dual Wield","Sword Boomerang"],"picked":"Battle Trance","floor":14},{"not_picked":["Exhume","Reaper"],"picked":"Feed","floor":16},{"not_picked":["Infernal Blade+1","Pommel Strike+1"],"picked":"Disarm+1","floor":18},{"not_picked":["Heavy Blade","Warcry"],"picked":"Armaments+1","floor":20},{"not_picked":["Twin Strike","Pommel Strike"],"picked":"Perfected Strike","floor":22},{"not_picked":["Twin Strike","Clothesline"],"picked":"Flex+1","floor":23},{"not_picked":["Clothesline","Anger"],"picked":"Inflame+1","floor":27},{"not_picked":["Fiend Fire","Shrug It Off"],"picked":"Perfected Strike","floor":28},{"not_picked":["Dark Embrace","Warcry","Cleave"],"picked":"SKIP","floor":30},{"not_picked":["Brutality","Berserk"],"picked":"Impervious","floor":33},{"not_picked":["Dropkick+1","Infernal Blade"],"picked":"Thunderclap+1","floor":35},{"not_picked":["Dramatic Entrance","Bandage Up"],"picked":"Dark Shackles","floor":37},{"not_picked":["Ghostly Armor+1","Clothesline"],"picked":"Perfected Strike+1","floor":38},{"not_picked":["True Grit+1","Intimidate+1","Headbutt+1"],"picked":"SKIP","floor":39},{"not_picked":["Bloodletting","Power Through"],"picked":"Pommel Strike+1","floor":41},{"not_picked":["Second Wind","Ghostly Armor"],"picked":"Hemokinesis+1","floor":46},{"not_picked":["Dropkick","Sever Soul","Ghostly Armor+1"],"picked":"Combust+1","floor":48},{"not_picked":["Flex+1","Pummel+1","Twin Strike"],"picked":"Perfected Strike+1","floor":54}],"player_experience":499061,"relics_obtained":[{"floor":7,"key":"MealTicket"},{"floor":9,"key":"reliquary:RoseTintedGlasses"},{"floor":10,"key":"reliquary:TridentHead"},{"floor":12,"key":"Pear"},{"floor":23,"key":"Happy Flower"},{"floor":26,"key":"Blood Vial"},{"floor":29,"key":"Mummified Hand"},{"floor":30,"key":"reliquary:TuningFork"},{"floor":38,"key":"Ice Cream"},{"floor":41,"key":"Girya"},{"floor":43,"key":"MawBank"},{"floor":46,"key":"Question Card"},{"floor":48,"key":"reliquary:BallBearing"},{"floor":54,"key":"Toy Ornithopter"}],"event_choices":[{"damage_healed":0,"gold_gain":100,"player_choice":"Pray","damage_taken":0,"max_hp_gain":0,"max_hp_loss":0,"event_name":"Golden Shrine","floor":2,"gold_loss":0},{"damage_healed":0,"gold_gain":0,"player_choice":"Grow","damage_taken":0,"max_hp_gain":0,"max_hp_loss":0,"event_name":"Living Wall","floor":11,"gold_loss":0,"cards_upgraded":["Perfected Strike"]},{"cards_removed":["Defend_R"],"damage_healed":0,"gold_gain":0,"player_choice":"Offered Basic","damage_taken":0,"max_hp_gain":0,"max_hp_loss":0,"event_name":"Bonfire Elementals","floor":19,"gold_loss":0},{"damage_healed":0,"gold_gain":275,"player_choice":"Desecrate","damage_taken":0,"max_hp_gain":0,"max_hp_loss":0,"event_name":"Golden Shrine","floor":21,"gold_loss":0,"cards_obtained":["Regret"]},{"damage_healed":0,"gold_gain":0,"player_choice":"Copied","damage_taken":0,"max_hp_gain":0,"max_hp_loss":0,"event_name":"Duplicator","floor":31,"gold_loss":0,"cards_obtained":["Inflame"]},{"damage_healed":0,"gold_gain":226,"player_choice":"GO RE GO ","damage_taken":50,"relics_obtained":["Juzu Bracelet"],"max_hp_gain":0,"max_hp_loss":0,"event_name":"betterSkull:BetterSkull","floor":36,"gold_loss":0,"cards_upgraded":[]},{"damage_healed":0,"gold_gain":0,"player_choice":"Memory 1","damage_taken":0,"max_hp_gain":0,"max_hp_loss":0,"event_name":"SensoryStone","floor":37,"gold_loss":0},{"damage_healed":0,"gold_gain":0,"player_choice":"Fight","damage_taken":0,"max_hp_gain":0,"max_hp_loss":0,"event_name":"MindBloom","floor":38,"gold_loss":0}],"is_beta":false,"boss_relics":[{"not_picked":["Black Blood","Runic Pyramid"],"picked":"Coffee Dripper"},{"not_picked":["reliquary:Ember","Pandora\u0027s Box"],"picked":"Runic Cube"}],"items_purged_floors":[24],"is_endless":false,"potions_floor_spawned":[4,5,7,13,18,22,30,38,48,54],"ascension_level":5}}