{"host":"i29s15dsg0c43zmx","time":1611864065,"event":{"mods":["AchievementEnabler","BaseMod","Colored Map","Minty Spire (QoL Compilation)","StSLib","The Death Knight"],"gold_per_floor":[115,3,13,29,40,67,32,32,32],"floor_reached":8,"language":"ENG","playtime":444,"items_purged":["Strike_P"],"score":58,"play_id":"d8a6f696-514d-4eb8-8abf-f77b9e50406e","local_time":"20210128210105","is_ascension_mode":false,"campfire_choices":[],"circlet_count":0,"master_deck":["Strike_P","Strike_P","Strike_P","Defend_P","Defend_P","Defend_P","Defend_P","Eruption","Vigilance","Brilliance","Prostrate","Wireheading","ClearTheMind","SandsOfTime"],"relics":["PureWater","Anchor"],"acts_visited":["Exordium"],"potions_floor_usage":[],"damage_taken":[{"damage":1,"enemies":"Cultist","floor":1,"turns":4},{"damage":0,"enemies":"Small Slimes","floor":3,"turns":3},{"damage":13,"enemies":"Jaw Worm","floor":4,"turns":4},{"damage":6,"enemies":"Blue Slaver","floor":5,"turns":4},{"damage":48,"enemies":"Lagavulin","floor":6,"turns":11},{"damage":31,"enemies":"Gremlin Nob","floor":8,"turns":3}],"seed_played":"-4257300944139537086","potions_obtained":[{"floor":1,"key":"Explosive Potion"},{"floor":6,"key":"Explosive Potion"}],"is_trial":false,"path_per_floor":["M","$","M","M","M","E","?","E"],"character_chosen":"WATCHER","items_purchased":["Wireheading"],"campfire_rested":0,"item_purchase_floors":[2],"current_hp_per_floor":[71,71,71,58,52,4,22,0,0],"gold":32,"neow_bonus":"ONE_RANDOM_RARE_CARD","is_daily":false,"chose_seed":false,"campfire_upgraded":0,"win_rate":0.0,"timestamp":1611864065,"path_taken":["M","$","M","?","M","E","?","E"],"items_purchased_type":["Card"],"build_version":"2020-12-22","purchased_purges":1,"victory":false,"max_hp_per_floor":[72,72,72,72,72,72,72,72,72],"card_choices":[{"not_picked":["Protect","CutThroughFate"],"picked":"Prostrate","floor":1},{"not_picked":["CrushJoints","LikeWater"],"picked":"ClearTheMind","floor":3},{"not_picked":["SashWhip","CarveReality","EmptyMind"],"picked":"SKIP","floor":4},{"not_picked":["FlurryOfBlows","CutThroughFate","Sanctity"],"picked":"SKIP","floor":5},{"not_picked":["JustLucky","BowlingBash"],"picked":"SandsOfTime","floor":6}],"player_experience":97284,"relics_obtained":[{"floor":6,"key":"Anchor"}],"event_choices":[{"damage_healed":18,"gold_gain":0,"player_choice":"Healed","damage_taken":0,"max_hp_gain":0,"max_hp_loss":0,"event_name":"The Cleric","floor":7,"gold_loss":35}],"is_beta":false,"boss_relics":[],"items_purged_floors":[2],"is_endless":false,"potions_floor_spawned":[1,6],"killed_by":"Gremlin Nob","ascension_level":0}}