{"host":"k2mw1od0xoi9pcfj","time":1611801290,"event":{"mods":["100% Spire Juice","Act Like it!","Aspiration","BaseMod","Beaked The Cultist","Downfall","Energized Spire","Hermit","Highlight Path","Minty Spire (QoL Compilation)","Permanent Neow","Relic Stats","Replay The Spire","Retaliation","StSLib","TheHeartMod"],"gold_per_floor":[117,117,129,149,149,184,197,207,230,244,271,271,286,316,316,414,414,428,428,448,458,474,474,474],"floor_reached":23,"language":"ENG","playtime":1666,"items_purged":[],"score":207,"play_id":"bb81c06c-9ce0-4d28-8c84-03d23be882b0","local_time":"20210127203450","is_ascension_mode":false,"campfire_choices":[{"data":"beaked:Evade","floor":12,"key":"SMITH"},{"floor":15,"key":"RECALL"}],"circlet_count":0,"master_deck":["beaked:Strike_Y","beaked:Strike_Y","beaked:Strike_Y","beaked:Defend_Y","beaked:Defend_Y","beaked:Defend_Y","beaked:Ceremony","beaked:Ceremony","beaked:Ceremony","beaked:Evade+1","beaked:Insight","beaked:VigorBurst","beaked:BraceForImpact","beaked:VigorBurst","beaked:MimicHuntress","beaked:BraceForImpact","beaked:KnowThyFoe","beaked:Insight","beaked:Evade","beaked:StickSmack","beaked:AwakenedForm"],"relics":["beaked:MendingPlumage","Bag of Marbles","Replay:Byrd Feeder","aspiration:Lifesprig","energizedSpire:SpiderWeb"],"acts_visited":["Exordium","TheCity"],"potions_floor_usage":[10,23,23],"damage_taken":[{"damage":17,"enemies":"Small Slimes","floor":1,"turns":12},{"damage":15,"enemies":"Cultist","floor":3,"turns":5},{"damage":1,"enemies":"Jaw Worm","floor":4,"turns":6},{"damage":36,"enemies":"Gremlin Nob","floor":6,"turns":5},{"damage":17,"enemies":"Looter","floor":7,"turns":4},{"damage":21,"enemies":"2 Fungi Beasts","floor":8,"turns":5},{"damage":41,"enemies":"Gremlin Gang","floor":10,"turns":11},{"damage":21,"enemies":"Looter","floor":13,"turns":4},{"damage":13,"enemies":"Lagavulin","floor":14,"turns":7},{"damage":30,"enemies":"Hexaghost","floor":16,"turns":12},{"damage":46,"enemies":"3 Byrds","floor":18,"turns":8},{"damage":10,"enemies":"Spheric Guardian","floor":20,"turns":6},{"damage":0,"enemies":"Centurion and Healer","floor":21,"turns":7},{"damage":49,"enemies":"Shelled Parasite and Fungi","floor":22,"turns":5},{"damage":76,"enemies":"Book of Stabbing","floor":23,"turns":6}],"seed_played":"-6436789467474698228","potions_obtained":[{"floor":3,"key":"DuplicationPotion"},{"floor":6,"key":"Block Potion"},{"floor":7,"key":"Elixir"}],"is_trial":false,"path_per_floor":["M","?","M","M","?","E","M","M","T","M","?","R","M","E","R","B",null,"M","?","M","M","M","E"],"character_chosen":"BEAKED_THE_CULTIST","items_purchased":[],"campfire_rested":0,"item_purchase_floors":[],"current_hp_per_floor":[50,43,43,50,50,25,27,33,33,60,45,45,48,60,60,60,60,60,60,60,60,38,0,0],"gold":474,"neow_bonus":"REMOVE_TWO","is_daily":false,"chose_seed":false,"campfire_upgraded":1,"win_rate":0.0,"timestamp":1611801290,"path_taken":["M","?","M","M","?","E","M","?","T","M","?","R","M","E","R","BOSS","M","?","M","M","M","E"],"items_purchased_type":[],"build_version":"2020-12-22","purchased_purges":0,"victory":false,"max_hp_per_floor":[50,50,50,50,50,50,55,55,55,60,60,60,60,60,60,60,60,60,60,60,60,60,60,60],"relic_stats":{"counters":[15,103],"obtain_stats":[{"aspiration:Lifesprig":14,"Replay:Byrd Feeder":11,"Bag of Marbles":6,"beaked:MendingPlumage":0,"energizedSpire:SpiderWeb":17},{"aspiration:Lifesprig":9,"Replay:Byrd Feeder":7,"Bag of Marbles":4,"beaked:MendingPlumage":0,"energizedSpire:SpiderWeb":10},{"aspiration:Lifesprig":59,"Replay:Byrd Feeder":48,"Bag of Marbles":28,"beaked:MendingPlumage":0,"energizedSpire:SpiderWeb":71}]},"card_choices":[{"not_picked":["beaked:Poke","beaked:DigDeep"],"picked":"beaked:Evade","floor":1},{"not_picked":["beaked:Pecker","beaked:DigDeeper"],"picked":"beaked:Insight","floor":3},{"not_picked":["beaked:TuckingFeathers","beaked:Daydream","beaked:Tradeoff"],"picked":"SKIP","floor":4},{"not_picked":["beaked:DesperateSwing","beaked:BloodForTheGods","beaked:RuinSticks"],"picked":"SKIP","floor":6},{"not_picked":["beaked:Poke","beaked:Resilience"],"picked":"beaked:VigorBurst","floor":7},{"not_picked":["beaked:Windmill","beaked:Negation"],"picked":"beaked:BraceForImpact","floor":8},{"not_picked":["beaked:BounceBack","ReplayTheSpireMod:Owlgaze"],"picked":"beaked:VigorBurst","floor":10},{"not_picked":["beaked:Tweet","beaked:DigDeeper"],"picked":"beaked:MimicHuntress","floor":11},{"not_picked":["beaked:Poke","beaked:SacrificialAttack"],"picked":"beaked:BraceForImpact","floor":13},{"not_picked":["beaked:TuckingFeathers","beaked:Daydream","beaked:WarriorEssence"],"picked":"SKIP","floor":14},{"not_picked":["beaked:LiftOff","beaked:CheekyTricks"],"picked":"beaked:KnowThyFoe","floor":16},{"not_picked":["beaked:Flinch+1","beaked:WarriorEssence","beaked:Poke"],"picked":"SKIP","floor":18},{"not_picked":["beaked:Overpower","beaked:CursingBlood"],"picked":"beaked:Evade","floor":20},{"not_picked":["beaked:Poke","beaked:Daydream"],"picked":"beaked:StickSmack","floor":21},{"not_picked":["beaked:MachineSpirit","beaked:Tradeoff"],"picked":"beaked:AwakenedForm","floor":22}],"player_experience":860310,"relics_obtained":[{"floor":6,"key":"Bag of Marbles"},{"floor":11,"key":"Replay:Byrd Feeder"},{"floor":14,"key":"aspiration:Lifesprig"}],"event_choices":[{"cards_removed":["beaked:Strike_Y"],"damage_healed":0,"gold_gain":0,"player_choice":"Card Removal","damage_taken":7,"max_hp_gain":0,"max_hp_loss":0,"event_name":"Golden Wing","floor":2,"gold_loss":0},{"cards_removed":["beaked:Defend_Y"],"damage_healed":0,"gold_gain":0,"player_choice":"Offered Basic","damage_taken":0,"max_hp_gain":0,"max_hp_loss":0,"event_name":"Bonfire Elementals","floor":5,"gold_loss":0},{"damage_healed":0,"gold_gain":0,"player_choice":"Read","damage_taken":0,"max_hp_gain":0,"max_hp_loss":0,"event_name":"The Library","floor":19,"gold_loss":0,"cards_obtained":["beaked:Insight"]}],"is_beta":false,"boss_relics":[{"not_picked":["Fusion Hammer","beaked:MawFillet"],"picked":"energizedSpire:SpiderWeb"}],"items_purged_floors":[],"is_endless":false,"potions_floor_spawned":[3,6,7,8,22],"killed_by":"Book of Stabbing","ascension_level":0}}