{"host":"uox1h4bzknqjes88","time":1611835400,"event":{"mods":["BaseMod","Colored Powertips","Hermit","Minty Spire (QoL Compilation)","Quick Restart","StSLib"],"gold_per_floor":[115,115,115,115,3,52,52,77,146,171,196,241,261,561,561,698,698,719,469,469,147,147,187,214,242,242,242,517,557,557,572,572,692,692,720,720,752,358,116,166,166,186,213,233,292,292,292,117,117,124,124,124,5,5,5],"floor_reached":54,"language":"ZHS","playtime":4219,"items_purged":["hermit:Defend_Hermit","hermit:Defend_Hermit","hermit:Defend_Hermit","hermit:Strike_Hermit+1","hermit:FromBeyond"],"score":818,"play_id":"4f494fd9-3e07-444c-8413-93f48dd6d202","local_time":"20210128200320","is_ascension_mode":false,"campfire_choices":[{"data":"hermit:Scavenge","floor":7.0,"key":"SMITH"},{"floor":15.0,"key":"REST"},{"data":"hermit:Dive","floor":27.0,"key":"SMITH"},{"data":"hermit:Covet","floor":32.0,"key":"SMITH"},{"data":"hermit:BigShot","floor":47.0,"key":"SMITH"},{"floor":49.0,"key":"RECALL"},{"data":"hermit:Virtue","floor":52.0,"key":"SMITH"}],"circlet_count":0,"master_deck":["hermit:Strike_Hermit+1","hermit:Snapshot","hermit:Covet+1","hermit:Enervate","hermit:Scavenge+1","hermit:BigShot+1","hermit:TakeCover","hermit:Snipe","hermit:FatalDesire","hermit:Determination+1","hermit:Dive+1","hermit:Virtue+1","hermit:FlashPowder","hermit:HeroicBravado+1","hermit:Maintenance+1"],"relics":["hermit:Momento","NeowsBlessing","Golden Idol","Juzu Bracelet","Du-Vu Doll","Potion Belt","Old Coin","hermit:BartenderGlass","Nunchaku","hermit:PetGhost","TungstenRod","HornCleat","Whetstone","Empty Cage","Matryoshka","Meat on the Bone","Toxic Egg 2","Bronze Scales","Toy Ornithopter","CeramicFish","Blood Vial"],"acts_visited":["Exordium","TheCity","TheBeyond","TheEnding"],"potions_floor_usage":[54,54],"damage_taken":[{"damage":0.0,"enemies":"Small Slimes","floor":1.0,"turns":1.0},{"damage":0.0,"enemies":"3 Sentries","floor":6.0,"turns":1.0},{"damage":0.0,"enemies":"2 Louse","floor":8.0,"turns":1.0},{"damage":6.0,"enemies":"Jaw Worm","floor":10.0,"turns":2.0},{"damage":7.0,"enemies":"Blue Slaver","floor":11.0,"turns":3.0},{"damage":8.0,"enemies":"Lagavulin","floor":12.0,"turns":6.0},{"damage":6.0,"enemies":"Large Slime","floor":13.0,"turns":5.0},{"damage":23.0,"enemies":"Slime Boss","floor":16.0,"turns":9.0},{"damage":0.0,"enemies":"Spheric Guardian","floor":18.0,"turns":3.0},{"damage":24.0,"enemies":"Slavers","floor":23.0,"turns":6.0},{"damage":2.0,"enemies":"3 Byrds","floor":24.0,"turns":5.0},{"damage":20.0,"enemies":"Snake Plant","floor":25.0,"turns":4.0},{"damage":4.0,"enemies":"Book of Stabbing","floor":29.0,"turns":6.0},{"damage":4.0,"enemies":"Snecko","floor":31.0,"turns":6.0},{"damage":30.0,"enemies":"Automaton","floor":33.0,"turns":7.0},{"damage":9.0,"enemies":"Orb Walker","floor":35.0,"turns":4.0},{"damage":14.0,"enemies":"3 Darklings","floor":37.0,"turns":7.0},{"damage":0.0,"enemies":"Giant Head","floor":40.0,"turns":6.0},{"damage":2.0,"enemies":"Transient","floor":42.0,"turns":5.0},{"damage":0.0,"enemies":"Maw","floor":44.0,"turns":8.0},{"damage":0.0,"enemies":"Nemesis","floor":45.0,"turns":7.0},{"damage":0.0,"enemies":"4 Shapes","floor":46.0,"turns":1.0},{"damage":29.0,"enemies":"Time Eater","floor":50.0,"turns":13.0},{"damage":30,"enemies":"Shield and Spear","floor":54,"turns":5}],"seed_played":"3888536471659380921","potions_obtained":[{"floor":1.0,"key":"BlessingOfTheForge"},{"floor":8.0,"key":"AttackPotion"},{"floor":16.0,"key":"PowerPotion"},{"floor":24.0,"key":"hermit:Eclipse"},{"floor":25.0,"key":"Swift Potion"},{"floor":31.0,"key":"BlessingOfTheForge"},{"floor":33.0,"key":"Strength Potion"},{"floor":37.0,"key":"ColorlessPotion"},{"floor":42.0,"key":"SpeedPotion"},{"floor":44.0,"key":"Block Potion"}],"is_trial":false,"path_per_floor":["M","?","?","T","$","E","R","M","T","M","M","E","M","?","R","B",null,"M","$","?","$","?","E","M","M","T","R","?","E","?","M","R","B",null,"M","?","M","$","$","E","?","M","T","M","E","M","R","$","R","B",null,"R","$","E"],"character_chosen":"HERMIT","items_purchased":["hermit:Scavenge","Nunchaku","hermit:Dive","hermit:PetGhost","Matryoshka","Meat on the Bone","LiquidBronze","SteroidPotion"],"campfire_rested":1,"item_purchase_floors":[5,19,21,21,38,39,53,53],"current_hp_per_floor":[75,75,69,69,69,69,69,69,69,63,56,48,42,17,37,14,69,69,69,69,69,69,45,43,35,35,35,35,31,31,27,27,1,69,60,60,46,46,46,46,46,44,44,54,69,69,69,69,69,40,69,69,69,39,39],"gold":5,"neow_bonus":"THREE_ENEMY_KILL","is_daily":false,"chose_seed":false,"campfire_upgraded":5,"win_rate":0.0,"timestamp":1611835400,"path_taken":["M","?","?","?","?","E","R","M","T","M","M","E","M","?","R","BOSS","M","$","?","$","?","E","M","M","T","R","?","E","?","M","R","BOSS","M","?","M","?","$","E","?","M","T","M","E","M","R","?","R","BOSS","R","$","E"],"items_purchased_type":["Card","Relic","Card","Relic","Relic","Relic","Potion","Potion"],"build_version":"2020-12-22","purchased_purges":5,"victory":false,"max_hp_per_floor":[75,75,69,69,69,69,69,69,69,69,69,69,69,69,69,69,69,69,69,69,69,69,69,69,69,69,69,69,69,69,69,69,69,69,69,69,69,69,69,69,69,69,69,69,69,69,69,69,69,69,69,69,69,69,69],"card_choices":[{"not_picked":["hermit:TrackingShot","hermit:Quickdraw"],"picked":"hermit:Enervate","floor":1.0},{"not_picked":["hermit:ItchyTrigger","hermit:Horror","hermit:TakeCover"],"picked":"SKIP","floor":6.0},{"not_picked":["hermit:BodyArmor","hermit:Coalescence"],"picked":"hermit:BigShot","floor":8.0},{"not_picked":["hermit:Misfire","hermit:Shortfuse"],"picked":"hermit:TakeCover","floor":10.0},{"not_picked":["hermit:Gestalt","hermit:DeadMansHand","hermit:TrackingShot"],"picked":"SKIP","floor":11.0},{"not_picked":["hermit:Purgatory","hermit:CalledShot"],"picked":"hermit:Snipe","floor":12.0},{"not_picked":["hermit:HoleUp","hermit:PistolWhip","hermit:ItchyTrigger"],"picked":"SKIP","floor":13.0},{"not_picked":["hermit:Dissolve","hermit:FromBeyond"],"picked":"hermit:FatalDesire","floor":16.0},{"not_picked":["hermit:Gestalt","hermit:ItchyTrigger"],"picked":"hermit:Determination+1","floor":18.0},{"not_picked":["hermit:FromBeyond","hermit:LoneWolf","hermit:FullyLoaded"],"picked":"SKIP","floor":23.0},{"not_picked":["hermit:TrackingShot","hermit:SprayPray","hermit:Glare"],"picked":"SKIP","floor":24.0},{"not_picked":["hermit:TrackingShot","hermit:SprayPray","hermit:Glare"],"picked":"SKIP","floor":24.0},{"not_picked":["hermit:SprayPray+1","hermit:NoHoldsBarred","hermit:Roulette"],"picked":"SKIP","floor":25.0},{"not_picked":["hermit:Cheat","hermit:HoleUp"],"picked":"hermit:Virtue","floor":29.0},{"not_picked":["hermit:BodyArmor+1","hermit:LuckOfTheDraw","hermit:GhostlyPresence"],"picked":"SKIP","floor":31.0},{"not_picked":["hermit:Feint+1","hermit:HoleUp","hermit:Midnight+1"],"picked":"SKIP","floor":35.0},{"not_picked":["hermit:Ricochet+1","hermit:HighCaliber+1","hermit:Snipe+1"],"picked":"SKIP","floor":37.0},{"not_picked":["hermit:Malice+1","hermit:Coalescence+1","hermit:Determination+1"],"picked":"SKIP","floor":40.0},{"not_picked":["hermit:Coalescence+1","hermit:HighCaliber+1"],"picked":"hermit:HeroicBravado+1","floor":42.0},{"not_picked":["hermit:LowProfile+1","hermit:Snipe+1","hermit:Virtue+1"],"picked":"SKIP","floor":44.0},{"not_picked":["hermit:Misfire","hermit:Virtue+1"],"picked":"hermit:Maintenance+1","floor":45.0}],"player_experience":309861,"relics_obtained":[{"floor":4.0,"key":"Juzu Bracelet"},{"floor":6.0,"key":"Du-Vu Doll"},{"floor":12.0,"key":"Potion Belt"},{"floor":23.0,"key":"TungstenRod"},{"floor":26.0,"key":"HornCleat"},{"floor":29.0,"key":"Whetstone"},{"floor":40.0,"key":"Toxic Egg 2"},{"floor":43.0,"key":"Toy Ornithopter"},{"floor":43.0,"key":"CeramicFish"},{"floor":45.0,"key":"Blood Vial"}],"event_choices":[{"cards_removed":["hermit:Strike_Hermit"],"damage_healed":0.0,"max_hp_gain":0.0,"max_hp_loss":0.0,"gold_gain":0.0,"event_name":"Living Wall","player_choice":"Forget","floor":2.0,"gold_loss":0.0,"damage_taken":0.0},{"damage_healed":0.0,"max_hp_gain":0.0,"max_hp_loss":6.0,"gold_gain":0.0,"event_name":"Golden Idol","player_choice":"Lose Max HP","floor":3.0,"gold_loss":0.0,"damage_taken":0.0,"relics_obtained":["Golden Idol"]},{"damage_healed":0.0,"max_hp_gain":0.0,"max_hp_loss":0.0,"gold_gain":0.0,"event_name":"Scrap Ooze","player_choice":"Success","floor":14.0,"gold_loss":0.0,"damage_taken":25.0,"relics_obtained":["Old Coin"]},{"damage_healed":0.0,"max_hp_gain":0.0,"max_hp_loss":0.0,"gold_gain":0.0,"event_name":"Ghosts","player_choice":"Ignored","floor":20.0,"gold_loss":0.0,"damage_taken":0.0},{"damage_healed":0.0,"max_hp_gain":0.0,"max_hp_loss":0.0,"gold_gain":0.0,"event_name":"NoteForYourself","player_choice":"Ignored","floor":22.0,"gold_loss":0.0,"damage_taken":0.0},{"damage_healed":0.0,"max_hp_gain":0.0,"max_hp_loss":0.0,"gold_gain":275.0,"event_name":"Golden Shrine","player_choice":"Desecrate","floor":28.0,"gold_loss":0.0,"damage_taken":0.0,"cards_obtained":["Regret"]},{"cards_removed":["Regret"],"damage_healed":0.0,"max_hp_gain":0.0,"max_hp_loss":0.0,"gold_gain":0.0,"event_name":"Fountain of Cleansing","player_choice":"Removed Curses","floor":30.0,"gold_loss":0.0,"damage_taken":0.0},{"damage_healed":0.0,"max_hp_gain":0.0,"max_hp_loss":0.0,"gold_gain":0.0,"event_name":"Match and Keep!","player_choice":"2 cards matched","floor":36.0,"gold_loss":0.0,"damage_taken":0.0,"cards_obtained":["hermit:FlashPowder","hermit:FromBeyond"]},{"damage_healed":0.0,"max_hp_gain":0.0,"max_hp_loss":0.0,"gold_gain":0.0,"event_name":"WeMeetAgain","player_choice":"Gave Potion","floor":41.0,"gold_loss":0.0,"damage_taken":0.0,"relics_obtained":["Bronze Scales"]}],"is_beta":false,"boss_relics":[{"not_picked":["Ectoplasm","Cursed Key"],"picked":"hermit:BartenderGlass"},{"not_picked":["Astrolabe","Runic Pyramid"],"picked":"Empty Cage"}],"items_purged_floors":[5,19,21,38,48],"is_endless":false,"potions_floor_spawned":[1,8,16,24,25,31,33,37,42,44],"killed_by":"Shield and Spear","ascension_level":0}}