{"host":"6xsbn6ynqlzwllfm","time":1611874042,"event":{"mods":["2.2 Compatiblity","BaseMod","Bestiary","Colored Map","Colored Powertips","Curses Come First","Highlight Path","Keyboard Shortcuts","Minty Spire (QoL Compilation)","Relic Stats","Slay the Relics Exporter","StSLib","SuperFastMode"],"gold_per_floor":[119,133,133,133,145,172,172,182,482,15,15,15,48,48,48,147,147,168,182,182,182,205,205,240,265,265,265,296,321,341,357,357,450,450,464,489,520,4,4,44,44,68,68,68,6,37,60,73,73,73,73,73],"floor_reached":51,"language":"ENG","playtime":3180,"items_purged":["Strike_G","Setup"],"score":1539,"play_id":"181d140a-9fb6-4983-89f9-56bfc60a8f12","local_time":"20210128174722","is_ascension_mode":true,"campfire_choices":[{"floor":7.0,"key":"REST"},{"data":"1","floor":12.0,"key":"LIFT"},{"data":"2","floor":15.0,"key":"LIFT"},{"data":"3","floor":23.0,"key":"LIFT"},{"floor":27.0,"key":"REST"},{"data":"Footwork","floor":32.0,"key":"SMITH"},{"floor":41.0,"key":"REST"},{"floor":44.0,"key":"REST"},{"floor":49,"key":"RECALL"}],"circlet_count":0,"master_deck":["AscendersBane","Survivor","Neutralize","Quick Slash","Riddle With Holes","Noxious Fumes","Predator","Dagger Spray","Footwork+1","Glass Knife","CurseOfTheBell","Backflip+1","Riddle With Holes","Backflip+1","Footwork+1","Dodge and Roll","Cloak And Dagger+1","Adrenaline","Acrobatics","Envenom","Underhanded Strike","Footwork","Die Die Die","Riddle With Holes","Poisoned Stab","Doppelganger+1","Bane","Heel Hook","Apotheosis","Backflip","Caltrops+1","Backflip","Well Laid Plans+1","Dodge and Roll","Blur","PiercingWail"],"relics":["Philosopher\u0027s Stone","Thread and Needle","Old Coin","Girya","Golden Idol","The Courier","Strawberry","Calling Bell","Akabeko","Pantograph","Ice Cream","Nunchaku","Snake Skull","Pandora\u0027s Box","Turnip","Frozen Egg 2","Unceasing Top","Lizard Tail","Bag of Preparation"],"acts_visited":["Exordium","TheCity","TheBeyond"],"potions_floor_usage":[46,46,48,50],"damage_taken":[{"damage":3.0,"enemies":"Small Slimes","floor":1.0,"turns":4.0},{"damage":6.0,"enemies":"Jaw Worm","floor":2.0,"turns":4.0},{"damage":0.0,"enemies":"Cultist","floor":5.0,"turns":3.0},{"damage":27.0,"enemies":"Gremlin Nob","floor":6.0,"turns":4.0},{"damage":0.0,"enemies":"2 Fungi Beasts","floor":8.0,"turns":3.0},{"damage":9.0,"enemies":"Lagavulin","floor":13.0,"turns":6.0},{"damage":19.0,"enemies":"The Guardian","floor":16.0,"turns":11.0},{"damage":4.0,"enemies":"Shell Parasite","floor":18.0,"turns":2.0},{"damage":3.0,"enemies":"2 Thieves","floor":19.0,"turns":3.0},{"damage":13.0,"enemies":"Snake Plant","floor":22.0,"turns":2.0},{"damage":15.0,"enemies":"Book of Stabbing","floor":24.0,"turns":4.0},{"damage":5.0,"enemies":"Centurion and Healer","floor":25.0,"turns":3.0},{"damage":13.0,"enemies":"Slavers","floor":28.0,"turns":6.0},{"damage":0.0,"enemies":"3 Cultists","floor":29.0,"turns":4.0},{"damage":0.0,"enemies":"Cultist and Chosen","floor":30.0,"turns":3.0},{"damage":0.0,"enemies":"Centurion and Healer","floor":31.0,"turns":3.0},{"damage":40.0,"enemies":"Collector","floor":33.0,"turns":11.0},{"damage":0.0,"enemies":"3 Shapes","floor":35.0,"turns":2.0},{"damage":22.0,"enemies":"3 Darklings","floor":36.0,"turns":5.0},{"damage":0.0,"enemies":"Mind Bloom Boss Battle","floor":37.0,"turns":3.0},{"damage":27.0,"enemies":"Giant Head","floor":40.0,"turns":6.0},{"damage":16.0,"enemies":"Sphere and 2 Shapes","floor":42.0,"turns":6.0},{"damage":0,"enemies":"Reptomancer","floor":46,"turns":2},{"damage":34,"enemies":"Spire Growth","floor":47,"turns":4},{"damage":5,"enemies":"Jaw Worm Horde","floor":48,"turns":2},{"damage":36,"enemies":"Time Eater","floor":50,"turns":11},{"damage":78,"enemies":"Awakened One","floor":51,"turns":9}],"seed_played":"1901481594483751989","potions_obtained":[{"floor":2.0,"key":"DuplicationPotion"},{"floor":13.0,"key":"SpeedPotion"},{"floor":16.0,"key":"BlessingOfTheForge"},{"floor":24.0,"key":"CunningPotion"},{"floor":25.0,"key":"LiquidMemories"},{"floor":30.0,"key":"SpeedPotion"},{"floor":31.0,"key":"Fruit Juice"},{"floor":33.0,"key":"SteroidPotion"},{"floor":40.0,"key":"CunningPotion"},{"floor":46,"key":"SteroidPotion"},{"floor":47,"key":"SkillPotion"}],"is_trial":false,"path_per_floor":["M","M","?","?","M","E","R","M","T","$","?","R","E","?","R","B",null,"M","M","?","?","M","R","E","M","T","R","E","M","M","M","R","B",null,"M","M","?","$","?","E","R","M","T","R","$","E","M","M","R","B","B"],"character_chosen":"THE_SILENT","items_purchased":["Girya","Footwork","Apotheosis","Backflip","Frozen Egg 2","Caltrops+1","Well Laid Plans+1"],"campfire_rested":4,"item_purchase_floors":[10,10,38,38,38,38,45],"current_hp_per_floor":[56,50,50,30,30,3,22,22,22,22,22,22,13,20,20,1,51,47,44,44,44,31,31,16,11,11,31,18,18,18,18,18,8,56,56,34,59,59,59,32,53,37,37,58,58,58,24,19,19,8,0,0],"gold":73,"neow_bonus":"BOSS_RELIC","is_daily":false,"chose_seed":false,"campfire_upgraded":1,"win_rate":0.0,"timestamp":1611874042,"path_taken":["M","M","?","?","M","E","R","M","T","$","?","R","E","?","R","BOSS","M","?","?","?","?","R","E","M","T","R","E","M","M","M","R","BOSS","M","M","?","$","?","E","R","?","T","R","$","E","M","?","R","BOSS","BOSS"],"items_purchased_type":["Relic","Card","Card","Card","Relic","Card","Card"],"build_version":"2020-12-22","purchased_purges":2,"victory":false,"max_hp_per_floor":[66,66,66,66,66,66,66,66,66,66,60,60,60,67,67,67,67,67,67,67,67,67,67,67,67,67,67,67,67,67,67,67,72,72,72,72,72,72,72,72,72,72,72,72,72,72,72,72,72,72,72,72],"relic_stats":{"Nunchaku":[16],"Lizard Tail":36,"counters":[27,126],"Golden Idol":149,"Pantograph":100,"Pandora\u0027s Box":["Underhanded Strike","Footwork","Die Die Die","Riddle With Holes","Poisoned Stab","Doppelganger","Setup","Bane","Heel Hook"],"Snake Skull":[118],"Turnip":[3],"Bag of Preparation":[8],"obtain_stats":[{"Ice Cream":17,"Girya":10,"Golden Idol":11,"Thread and Needle":6,"The Courier":13,"Snake Skull":28,"Bag of Preparation":46,"Frozen Egg 2":38,"Akabeko":17,"Old Coin":9,"Calling Bell":17,"Nunchaku":24,"Lizard Tail":43,"Strawberry":14,"Pantograph":17,"Philosopher\u0027s Stone":0,"Pandora\u0027s Box":34,"Turnip":37,"Unceasing Top":40,"Ring of the Snake":0},{"Ice Cream":7,"Girya":5,"Golden Idol":5,"Thread and Needle":4,"The Courier":6,"Snake Skull":13,"Bag of Preparation":23,"Frozen Egg 2":20,"Akabeko":7,"Old Coin":5,"Calling Bell":7,"Nunchaku":11,"Lizard Tail":22,"Strawberry":6,"Pantograph":7,"Philosopher\u0027s Stone":0,"Pandora\u0027s Box":17,"Turnip":20,"Unceasing Top":21,"Ring of the Snake":0},{"Ice Cream":35,"Girya":18,"Golden Idol":18,"Thread and Needle":15,"The Courier":24,"Snake Skull":55,"Bag of Preparation":100,"Frozen Egg 2":86,"Akabeko":35,"Old Coin":18,"Calling Bell":35,"Nunchaku":46,"Lizard Tail":98,"Strawberry":24,"Pantograph":35,"Philosopher\u0027s Stone":0,"Pandora\u0027s Box":76,"Turnip":86,"Unceasing Top":92,"Ring of the Snake":0}],"Unceasing Top":[0]},"card_choices":[{"not_picked":["Flying Knee","Slice"],"picked":"Quick Slash","floor":1.0},{"not_picked":["Infinite Blades","PiercingWail"],"picked":"Riddle With Holes","floor":2.0},{"not_picked":["Acrobatics","Backflip"],"picked":"Noxious Fumes","floor":5.0},{"not_picked":["Blade Dance","Cloak And Dagger"],"picked":"Predator","floor":6.0},{"not_picked":["Heel Hook","Outmaneuver"],"picked":"Dagger Spray","floor":8.0},{"not_picked":["Outmaneuver","Poisoned Stab","Masterful Stab"],"picked":"SKIP","floor":13.0},{"not_picked":["Night Terror","Phantasmal Killer"],"picked":"Glass Knife","floor":16.0},{"not_picked":["Acrobatics","Flechettes"],"picked":"Backflip+1","floor":18.0},{"not_picked":["Reflex","Catalyst","Bane"],"picked":"SKIP","floor":19.0},{"not_picked":["Poisoned Stab","Underhanded Strike"],"picked":"Footwork+1","floor":22.0},{"not_picked":["Dagger Throw","Deflect"],"picked":"Dodge and Roll","floor":24.0},{"not_picked":["All Out Attack","Reflex","Acrobatics"],"picked":"SKIP","floor":25.0},{"not_picked":["Accuracy+1","Heel Hook"],"picked":"Cloak And Dagger+1","floor":28.0},{"not_picked":["Deflect","Setup"],"picked":"Adrenaline","floor":29.0},{"not_picked":["Poisoned Stab","Calculated Gamble"],"picked":"Acrobatics","floor":30.0},{"not_picked":["Bane+1","Flying Knee+1","All Out Attack"],"picked":"SKIP","floor":31.0},{"not_picked":["Die Die Die","Phantasmal Killer"],"picked":"Envenom","floor":33.0},{"not_picked":["Acrobatics","Caltrops","Grand Finale"],"picked":"SKIP","floor":36.0},{"not_picked":["Finisher+1","Distraction","Riddle With Holes"],"picked":"SKIP","floor":40.0},{"not_picked":["Dagger Spray","Acrobatics"],"picked":"Backflip","floor":42.0},{"not_picked":["Tactician","Bane"],"picked":"Dodge and Roll","floor":46},{"not_picked":["All Out Attack","Quick Slash"],"picked":"Blur","floor":47},{"not_picked":["Blade Dance","Prepared"],"picked":"PiercingWail","floor":48}],"player_experience":1198629,"relics_obtained":[{"floor":6.0,"key":"Thread and Needle"},{"floor":9.0,"key":"Old Coin"},{"floor":13.0,"key":"The Courier"},{"floor":17.0,"key":"Akabeko"},{"floor":17.0,"key":"Pantograph"},{"floor":17.0,"key":"Ice Cream"},{"floor":24.0,"key":"Nunchaku"},{"floor":28.0,"key":"Snake Skull"},{"floor":37.0,"key":"Turnip"},{"floor":40.0,"key":"Unceasing Top"},{"floor":43.0,"key":"Lizard Tail"},{"floor":46,"key":"Bag of Preparation"}],"event_choices":[{"damage_healed":0.0,"max_hp_gain":0.0,"max_hp_loss":0.0,"gold_gain":0.0,"event_name":"Liars Game","player_choice":"Ignored","floor":3.0,"gold_loss":0.0,"damage_taken":0.0},{"damage_healed":0.0,"max_hp_gain":0.0,"max_hp_loss":0.0,"gold_gain":0.0,"event_name":"Shining Light","player_choice":"Entered Light","floor":4.0,"gold_loss":0.0,"damage_taken":20.0,"cards_upgraded":["Defend_G","Strike_G"]},{"damage_healed":0.0,"max_hp_gain":0.0,"max_hp_loss":6.0,"gold_gain":0.0,"event_name":"Golden Idol","player_choice":"Lose Max HP","floor":11.0,"gold_loss":0.0,"damage_taken":0.0,"relics_obtained":["Golden Idol"]},{"damage_healed":0.0,"max_hp_gain":0.0,"max_hp_loss":0.0,"gold_gain":0.0,"event_name":"WeMeetAgain","player_choice":"Gave Potion","floor":14.0,"gold_loss":0.0,"damage_taken":0.0,"relics_obtained":["Strawberry"]},{"damage_healed":0.0,"max_hp_gain":0.0,"max_hp_loss":0.0,"gold_gain":0.0,"event_name":"The Library","player_choice":"Read","floor":20.0,"gold_loss":0.0,"damage_taken":0.0,"cards_obtained":["Riddle With Holes"]},{"damage_healed":0.0,"max_hp_gain":0.0,"max_hp_loss":0.0,"gold_gain":0.0,"event_name":"Duplicator","player_choice":"Copied","floor":21.0,"gold_loss":0.0,"damage_taken":0.0,"cards_obtained":["Backflip"]},{"damage_healed":0.0,"max_hp_gain":0.0,"max_hp_loss":0.0,"gold_gain":0.0,"event_name":"MindBloom","player_choice":"Fight","floor":37.0,"gold_loss":0.0,"damage_taken":0.0},{"damage_healed":0.0,"max_hp_gain":0.0,"max_hp_loss":0.0,"gold_gain":0.0,"event_name":"Upgrade Shrine","player_choice":"Upgraded","floor":39.0,"gold_loss":0.0,"damage_taken":0.0,"cards_upgraded":["Doppelganger"]}],"is_beta":false,"boss_relics":[{"not_picked":["Tiny House","HoveringKite"],"picked":"Calling Bell"},{"not_picked":["SacredBark","Fusion Hammer"],"picked":"Pandora\u0027s Box"}],"items_purged_floors":[10,38],"is_endless":false,"potions_floor_spawned":[2,13,16,24,25,30,31,33,40,46,47],"killed_by":"Awakened One","ascension_level":20}}