{"host":"u1dfzl6o6mfmauc3","time":1611812544,"event":{"mods":["2.2 Compatiblity","AchievementEnabler","BaseMod","Block Reminder","Challenge The Spire","Dark Map","Hermit","Minty Spire (QoL Compilation)","Relic Stats","Robot Space Explorer","StSLib","The Disciple"],"gold_per_floor":[99,99,99,99,99,99,99,99,99,99,99,54,54,54,54,54,54,54,54,54,54,54,54,0,0,0,0,0,0,0,0,0,0,0,0,0,0,0,0,0,0,0,0,0,0,0,0,0,0,0,0,0,0,0],"floor_reached":55,"language":"ENG","playtime":2549,"items_purged":[],"score":1026,"play_id":"96e9b392-672d-4bf3-9915-3082e6554a90","local_time":"20210128004224","is_ascension_mode":true,"campfire_choices":[{"data":"RobotSpaceExplorer:RigExplosive","floor":6,"key":"SMITH"},{"data":"RobotSpaceExplorer:Counterblock","floor":13,"key":"SMITH"},{"data":"RobotSpaceExplorer:Calculate","floor":16,"key":"SMITH"},{"data":"RobotSpaceExplorer:ExhaustFan","floor":17,"key":"SMITH"},{"data":"RobotSpaceExplorer:Jetpack","floor":26,"key":"SMITH"},{"data":"RobotSpaceExplorer:MiniLasers","floor":30,"key":"SMITH"},{"data":"RobotSpaceExplorer:ScrapShield","floor":34,"key":"SMITH"},{"data":"RobotSpaceExplorer:Scan","floor":43,"key":"SMITH"},{"data":"RobotSpaceExplorer:ShovelStrike","floor":45,"key":"SMITH"},{"data":"RobotSpaceExplorer:GearShield","floor":50,"key":"SMITH"},{"data":"RobotSpaceExplorer:Autoloader","floor":52,"key":"SMITH"},{"floor":53,"key":"REST"}],"circlet_count":0,"master_deck":["RobotSpaceExplorer:Strike","RobotSpaceExplorer:Strike","RobotSpaceExplorer:Strike+1","RobotSpaceExplorer:Strike+1","RobotSpaceExplorer:Defend","RobotSpaceExplorer:Defend","RobotSpaceExplorer:Defend","RobotSpaceExplorer:Defend","RobotSpaceExplorer:Scan+1","RobotSpaceExplorer:MiniLasers+1","RobotSpaceExplorer:GearShield+1","RobotSpaceExplorer:Fix+1","RobotSpaceExplorer:RigExplosive+1","RobotSpaceExplorer:Counterblock+1","RobotSpaceExplorer:ExhaustFan+1","RobotSpaceExplorer:ShovelStrike+1","RobotSpaceExplorer:Calculate+1","RobotSpaceExplorer:Jetpack+1","RobotSpaceExplorer:MetalStrike+1","RobotSpaceExplorer:Blaster+1","RobotSpaceExplorer:ScrapShield+1","RobotSpaceExplorer:StarLightning+1","RobotSpaceExplorer:FranticSearch+1","RobotSpaceExplorer:SurgingStrike+1","RobotSpaceExplorer:Autoloader+1","RobotSpaceExplorer:Asteroid+1","RobotSpaceExplorer:LaserBurst+1"],"relics":["Ectoplasm","Blue Candle","Prayer Wheel","TungstenRod","Molten Egg 2","Golden Idol","SacredBark","RobotSpaceExplorer:RingOfTheNewt","Potion Belt","Whetstone","Busted Crown","Darkstone Periapt","RobotSpaceExplorer:FoglandsKnife"],"acts_visited":["Exordium","TheCity","TheBeyond"],"potions_floor_usage":[5,7,9,15,20,20,21,23,23,25,25,27,32,33,35,35,35,37,40,40,40,41,47,47,49,49,54,54,54,54,54],"damage_taken":[{"damage":1,"enemies":"Cultist","floor":1,"turns":4},{"damage":1,"enemies":"Jaw Worm","floor":3,"turns":5},{"damage":7,"enemies":"Small Slimes","floor":4,"turns":3},{"damage":0,"enemies":"2 Fungi Beasts","floor":5,"turns":3},{"damage":20,"enemies":"3 Sentries","floor":7,"turns":11},{"damage":10,"enemies":"Lagavulin","floor":9,"turns":11},{"damage":0,"enemies":"Looter","floor":12,"turns":4},{"damage":0,"enemies":"Exordium Wildlife","floor":15,"turns":2},{"damage":16,"enemies":"The Guardian","floor":18,"turns":17},{"damage":0,"enemies":"Spheric Guardian","floor":20,"turns":2},{"damage":0,"enemies":"Chosen","floor":21,"turns":4},{"damage":4,"enemies":"Centurion and Healer","floor":23,"turns":6},{"damage":17,"enemies":"Slavers","floor":25,"turns":5},{"damage":13,"enemies":"Book of Stabbing","floor":27,"turns":6},{"damage":5,"enemies":"Shelled Parasite and Fungi","floor":32,"turns":3},{"damage":0,"enemies":"Snake Plant","floor":33,"turns":3},{"damage":18,"enemies":"Champ","floor":35,"turns":10},{"damage":5,"enemies":"Orb Walker","floor":37,"turns":3},{"damage":7,"enemies":"3 Shapes","floor":39,"turns":6},{"damage":6,"enemies":"3 Darklings","floor":40,"turns":4},{"damage":0,"enemies":"Transient","floor":41,"turns":5},{"damage":12,"enemies":"Nemesis","floor":42,"turns":7},{"damage":6,"enemies":"Writhing Mass","floor":47,"turns":3},{"damage":1,"enemies":"3 Darklings","floor":49,"turns":3},{"damage":3,"enemies":"Jaw Worm Horde","floor":51,"turns":5},{"damage":16,"enemies":"Donu and Deca","floor":54,"turns":10}],"seed_played":"2497903918070889094","potions_obtained":[{"floor":3,"key":"SteroidPotion"},{"floor":12,"key":"DuplicationPotion"},{"floor":18,"key":"RobotSpaceExplorer:LiquidFusion"},{"floor":21,"key":"PowerPotion"},{"floor":23,"key":"Weak Potion"},{"floor":33,"key":"Block Potion"},{"floor":35,"key":"Block Potion"},{"floor":39,"key":"Dexterity Potion"},{"floor":41,"key":"Explosive Potion"},{"floor":47,"key":"PowerPotion"}],"is_trial":false,"path_per_floor":["M","?","M","M","M","R","E","T","E","T","?","M","R","?","M","R","R","B",null,"M","M","?","M","?","E","R","E","T","$","R","$","M","M","R","B",null,"M","?","M","M","M","E","R","?","R","T","M","$","M","R","M","R","R","B",null],"character_chosen":"RobotSpaceExplorer","items_purchased":[],"campfire_rested":1,"item_purchase_floors":[],"current_hp_per_floor":[74,79,78,73,77,77,61,61,55,55,55,59,59,59,59,59,59,49,68,68,74,74,74,74,63,63,56,56,56,56,56,51,51,51,39,65,66,66,65,64,70,64,64,64,64,64,58,58,63,63,66,66,70,60],"gold":0,"neow_bonus":"BOSS_RELIC","is_daily":false,"chose_seed":false,"campfire_upgraded":11,"win_rate":0.0,"timestamp":1611812544,"path_taken":["M","?","M","M","M","R","E","?","E","T","?","M","R","?","M","R","R","BOSS","M","M","?","M","?","E","R","E","T","$","R","?","M","M","R","BOSS","M","?","M","M","M","E","R","?","R","T","?","?","?","R","M","R","R","BOSS"],"items_purchased_type":[],"build_version":"2020-12-22","purchased_purges":0,"victory":true,"max_hp_per_floor":[75,80,80,80,80,80,80,80,80,80,74,74,74,74,74,74,74,74,74,74,74,74,74,74,74,74,74,74,74,74,74,74,74,74,74,74,74,70,70,70,70,70,70,70,70,70,70,70,70,70,70,70,70,70],"relic_stats":{"Darkstone Periapt":0,"Busted Crown":30,"counters":[26,145],"Golden Idol":151,"Blue Candle":[0],"Prayer Wheel":14,"Ectoplasm":844,"Whetstone":["RobotSpaceExplorer:Strike","RobotSpaceExplorer:Strike"],"obtain_stats":[{"Potion Belt":27,"Darkstone Periapt":42,"Golden Idol":11,"Blue Candle":7,"SacredBark":19,"RobotSpaceExplorer:RoboCore":0,"RobotSpaceExplorer:RingOfTheNewt":25,"Whetstone":28,"RobotSpaceExplorer:FoglandsKnife":46,"Busted Crown":36,"Prayer Wheel":8,"Molten Egg 2":10,"Ectoplasm":0,"TungstenRod":9},{"Potion Belt":14,"Darkstone Periapt":22,"Golden Idol":6,"Blue Candle":5,"SacredBark":9,"RobotSpaceExplorer:RoboCore":0,"RobotSpaceExplorer:RingOfTheNewt":13,"Whetstone":14,"RobotSpaceExplorer:FoglandsKnife":22,"Busted Crown":17,"Prayer Wheel":5,"Molten Egg 2":6,"Ectoplasm":0,"TungstenRod":6},{"Potion Belt":83,"Darkstone Periapt":124,"Golden Idol":37,"Blue Candle":26,"SacredBark":60,"RobotSpaceExplorer:RoboCore":0,"RobotSpaceExplorer:RingOfTheNewt":77,"Whetstone":83,"RobotSpaceExplorer:FoglandsKnife":124,"Busted Crown":99,"Prayer Wheel":26,"Molten Egg 2":37,"Ectoplasm":0,"TungstenRod":37}],"TungstenRod":26},"card_choices":[{"not_picked":["RobotSpaceExplorer:Electroshield","RobotSpaceExplorer:SurgingShield"],"picked":"RobotSpaceExplorer:GearShield","floor":1},{"not_picked":["RobotSpaceExplorer:GlueSpray","RobotSpaceExplorer:DualCore"],"picked":"RobotSpaceExplorer:Fix","floor":3},{"not_picked":["RobotSpaceExplorer:PowerGlove","RobotSpaceExplorer:GearShield"],"picked":"RobotSpaceExplorer:RigExplosive","floor":4},{"not_picked":["RobotSpaceExplorer:Probe","RobotSpaceExplorer:MetalStrike"],"picked":"RobotSpaceExplorer:Counterblock","floor":5},{"not_picked":["RobotSpaceExplorer:SurgingStrike","RobotSpaceExplorer:FreezingShield"],"picked":"RobotSpaceExplorer:ExhaustFan","floor":7},{"not_picked":["RobotSpaceExplorer:GlueShot","RobotSpaceExplorer:Electroshield"],"picked":"RobotSpaceExplorer:ShovelStrike","floor":9},{"not_picked":["RobotSpaceExplorer:SwiftStep","RobotSpaceExplorer:FrostMissile+1"],"picked":"RobotSpaceExplorer:Calculate","floor":12},{"not_picked":["RobotSpaceExplorer:Smokescreen","RobotSpaceExplorer:SwiftStep","RobotSpaceExplorer:ScrapMissile+1"],"picked":"SKIP","floor":12},{"not_picked":["RobotSpaceExplorer:Electroshield","RobotSpaceExplorer:MiniBoosters"],"picked":"RobotSpaceExplorer:Jetpack","floor":15},{"not_picked":["RobotSpaceExplorer:Electroshield","RobotSpaceExplorer:GearShield"],"picked":"RobotSpaceExplorer:MetalStrike+1","floor":15},{"not_picked":["RobotSpaceExplorer:ShockMissile+1","RobotSpaceExplorer:Comet"],"picked":"RobotSpaceExplorer:Blaster+1","floor":18},{"not_picked":["RobotSpaceExplorer:FranticSearch+1","RobotSpaceExplorer:GlueSpray+1"],"picked":"RobotSpaceExplorer:ScrapShield","floor":20},{"not_picked":["RobotSpaceExplorer:Counterblock","RobotSpaceExplorer:ShovelStrike+1","RobotSpaceExplorer:Smokescreen"],"picked":"SKIP","floor":20},{"not_picked":["RobotSpaceExplorer:StunGrenade+1","RobotSpaceExplorer:GlueShot","RobotSpaceExplorer:SurgingShield"],"picked":"SKIP","floor":21},{"not_picked":["RobotSpaceExplorer:Pulsar","RobotSpaceExplorer:ImprovisedAttack+1","RobotSpaceExplorer:SurgingShield"],"picked":"SKIP","floor":21},{"not_picked":["RobotSpaceExplorer:Smokescreen","RobotSpaceExplorer:Discharger+1"],"picked":"RobotSpaceExplorer:StarLightning+1","floor":23},{"not_picked":["RobotSpaceExplorer:MiniDrones+1","RobotSpaceExplorer:FreezeRay"],"picked":"RobotSpaceExplorer:FranticSearch+1","floor":23},{"not_picked":["RobotSpaceExplorer:PowerCollector","RobotSpaceExplorer:Exploration","RobotSpaceExplorer:LuckyStrike+1"],"picked":"SKIP","floor":25},{"not_picked":["RobotSpaceExplorer:TurboDodge+1","RobotSpaceExplorer:ExhaustFan","RobotSpaceExplorer:Ammunition"],"picked":"SKIP","floor":27},{"not_picked":["RobotSpaceExplorer:Reload","RobotSpaceExplorer:SwiftStep+1"],"picked":"RobotSpaceExplorer:SurgingStrike+1","floor":32},{"not_picked":["RobotSpaceExplorer:TurboDodge","RobotSpaceExplorer:SurgingShield","RobotSpaceExplorer:Probe+1"],"picked":"SKIP","floor":32},{"not_picked":["RobotSpaceExplorer:MetalStrike+1","RobotSpaceExplorer:SurgingShield+1","RobotSpaceExplorer:ToxicBomb+1"],"picked":"SKIP","floor":33},{"not_picked":["RobotSpaceExplorer:Pulsar","RobotSpaceExplorer:SurgingStrike+1","RobotSpaceExplorer:MiniBoosters+1"],"picked":"SKIP","floor":33},{"not_picked":["RobotSpaceExplorer:Arsenal","RobotSpaceExplorer:HighVoltage+1"],"picked":"RobotSpaceExplorer:Autoloader","floor":35},{"not_picked":["RobotSpaceExplorer:ScrapToss+1"],"picked":"SKIP","floor":37},{"not_picked":["RobotSpaceExplorer:TurboDodge"],"picked":"SKIP","floor":37},{"not_picked":["RobotSpaceExplorer:SurgingStrike+1"],"picked":"SKIP","floor":39},{"not_picked":["RobotSpaceExplorer:Probe+1"],"picked":"SKIP","floor":39},{"not_picked":["RobotSpaceExplorer:StarLightning+1"],"picked":"SKIP","floor":40},{"not_picked":["RobotSpaceExplorer:ShovelStrike+1"],"picked":"SKIP","floor":40},{"not_picked":["RobotSpaceExplorer:FreezeRay+1"],"picked":"SKIP","floor":41},{"not_picked":["RobotSpaceExplorer:GearShield"],"picked":"SKIP","floor":41},{"not_picked":[],"picked":"RobotSpaceExplorer:Asteroid+1","floor":42},{"not_picked":["RobotSpaceExplorer:GlueSpray+1"],"picked":"SKIP","floor":47},{"not_picked":["RobotSpaceExplorer:ShockKick+1"],"picked":"SKIP","floor":47},{"not_picked":["RobotSpaceExplorer:FreezeRay"],"picked":"SKIP","floor":49},{"not_picked":["RobotSpaceExplorer:Ammunition"],"picked":"SKIP","floor":49},{"not_picked":["RobotSpaceExplorer:GlueSpray+1"],"picked":"SKIP","floor":51},{"not_picked":["RobotSpaceExplorer:ShovelStrike+1"],"picked":"SKIP","floor":51}],"player_experience":179249,"relics_obtained":[{"floor":7,"key":"Blue Candle"},{"floor":8,"key":"Prayer Wheel"},{"floor":9,"key":"TungstenRod"},{"floor":10,"key":"Molten Egg 2"},{"floor":25,"key":"RobotSpaceExplorer:RingOfTheNewt"},{"floor":27,"key":"Potion Belt"},{"floor":28,"key":"Whetstone"},{"floor":42,"key":"Darkstone Periapt"},{"floor":46,"key":"RobotSpaceExplorer:FoglandsKnife"}],"event_choices":[{"damage_healed":0,"gold_gain":0,"player_choice":"Donut","damage_taken":0,"max_hp_gain":5,"max_hp_loss":0,"event_name":"Big Fish","floor":2,"gold_loss":0},{"damage_healed":0,"gold_gain":0,"player_choice":"Lose Max HP","damage_taken":0,"relics_obtained":["Golden Idol"],"max_hp_gain":0,"max_hp_loss":6,"event_name":"Golden Idol","floor":11,"gold_loss":0},{"damage_healed":0,"gold_gain":0,"player_choice":"Grow","damage_taken":0,"max_hp_gain":0,"max_hp_loss":0,"event_name":"Living Wall","floor":14,"gold_loss":0,"cards_upgraded":["RobotSpaceExplorer:Fix"]},{"damage_healed":0,"gold_gain":0,"player_choice":"Paid Fearfully","damage_taken":0,"max_hp_gain":0,"max_hp_loss":0,"event_name":"Masked Bandits","floor":24,"gold_loss":54},{"damage_healed":0,"gold_gain":0,"player_choice":"Max HP","damage_taken":0,"max_hp_gain":0,"max_hp_loss":4,"event_name":"Winding Halls","floor":38,"gold_loss":0},{"damage_healed":0,"gold_gain":0,"player_choice":"1 cards matched","damage_taken":0,"max_hp_gain":0,"max_hp_loss":0,"event_name":"Match and Keep!","floor":44,"gold_loss":0,"cards_obtained":["RobotSpaceExplorer:LaserBurst"]}],"is_beta":false,"boss_relics":[{"not_picked":["Empty Cage","Velvet Choker"],"picked":"SacredBark"},{"not_picked":["RobotSpaceExplorer:Reprocessor","SlaversCollar"],"picked":"Busted Crown"}],"items_purged_floors":[],"is_endless":false,"potions_floor_spawned":[3,12,18,21,23,33,35,39,41,47],"ascension_level":5}}