{"host":"vx9g5eyuglzorf3u","time":1611849622,"event":{"mods":["2.2 Compatiblity","BaseMod","DeckTracker","Keyboard Shortcuts","Minty Spire (QoL Compilation)","Relic Stats","StSLib","SuperFastMode","everything is the same but u backflip on backflip"],"gold_per_floor":[109,109,133,156,156,156,177,177,231,231,275,296,23,42,42,136,136,157,207,207,207,207,207,239,250,275,307,326,336,366,65,65,137,137,151,202,55,0,0,33,104,104,157,82,82,101,101,130,130,130,130,130],"floor_reached":51,"language":"KOR","playtime":1495,"items_purged":["Strike_R","Strike_R","Strike_R","Bash"],"score":1418,"play_id":"eb2a375e-ef92-4a8f-94c7-33326aa6e012","local_time":"20210129010022","is_ascension_mode":true,"campfire_choices":[{"floor":6.0,"key":"REST"},{"data":"Blood for Blood","floor":10.0,"key":"SMITH"},{"data":"Shockwave","floor":15.0,"key":"SMITH"},{"data":"Dual Wield","floor":23.0,"key":"SMITH"},{"data":"Fire Breathing","floor":32.0,"key":"SMITH"},{"data":"Immolate","floor":42.0,"key":"SMITH"},{"floor":45.0,"key":"RECALL"},{"floor":49.0,"key":"REST"}],"circlet_count":0,"master_deck":["AscendersBane","Defend_R+1","Defend_R","Defend_R","Defend_R","Blood for Blood+1","Dual Wield+1","Rage","Shockwave+1","Immolate+1","Rage","Power Through+1","Flame Barrier+1","Entrench","Fire Breathing+1","Madness","Madness","Dual Wield+1"],"relics":["Burning Blood","Nunchaku","Bloody Idol","Bag of Marbles","Centennial Puzzle","Red Skull","Snecko Eye","Tiny Chest","Kunai","PreservedInsect","Membership Card","War Paint","Philosopher\u0027s Stone","Turnip","DollysMirror","Red Mask","Question Card","White Beast Statue","Oddly Smooth Stone","FossilizedHelix"],"acts_visited":["Exordium","TheCity","TheBeyond"],"potions_floor_usage":[],"damage_taken":[{"damage":12.0,"enemies":"Jaw Worm","floor":1.0,"turns":3.0},{"damage":7.0,"enemies":"Small Slimes","floor":3.0,"turns":5.0},{"damage":7.0,"enemies":"2 Louse","floor":4.0,"turns":4.0},{"damage":18.0,"enemies":"2 Fungi Beasts","floor":7.0,"turns":3.0},{"damage":40.0,"enemies":"Lagavulin","floor":11.0,"turns":7.0},{"damage":16.0,"enemies":"Exordium Thugs","floor":12.0,"turns":6.0},{"damage":1.0,"enemies":"Looter","floor":14.0,"turns":2.0},{"damage":8.0,"enemies":"Hexaghost","floor":16.0,"turns":6.0},{"damage":0.0,"enemies":"Chosen","floor":18.0,"turns":2.0},{"damage":10.0,"enemies":"Slavers","floor":24.0,"turns":3.0},{"damage":14.0,"enemies":"2 Thieves","floor":25.0,"turns":3.0},{"damage":29.0,"enemies":"Book of Stabbing","floor":27.0,"turns":4.0},{"damage":3.0,"enemies":"Snecko","floor":28.0,"turns":4.0},{"damage":7.0,"enemies":"3 Cultists","floor":29.0,"turns":3.0},{"damage":20.0,"enemies":"Slavers","floor":30.0,"turns":2.0},{"damage":15.0,"enemies":"Collector","floor":33.0,"turns":5.0},{"damage":0.0,"enemies":"Orb Walker","floor":35.0,"turns":2.0},{"damage":4.0,"enemies":"2 Orb Walkers","floor":36.0,"turns":5.0},{"damage":24.0,"enemies":"Giant Head","floor":40.0,"turns":6.0},{"damage":0.0,"enemies":"3 Darklings","floor":46.0,"turns":3.0},{"damage":32.0,"enemies":"Nemesis","floor":48.0,"turns":3.0},{"damage":48.0,"enemies":"Time Eater","floor":50.0,"turns":10.0},{"damage":34,"enemies":"Awakened One","floor":51,"turns":10}],"seed_played":"5534151446904126403","potions_obtained":[{"floor":4.0,"key":"Dexterity Potion"},{"floor":7.0,"key":"Energy Potion"},{"floor":16.0,"key":"SmokeBomb"},{"floor":24.0,"key":"DistilledChaos"},{"floor":27.0,"key":"EssenceOfSteel"},{"floor":28.0,"key":"HeartOfIron"},{"floor":30.0,"key":"DuplicationPotion"},{"floor":36.0,"key":"EssenceOfSteel"},{"floor":46.0,"key":"DuplicationPotion"}],"is_trial":false,"path_per_floor":["M","?","M","M","?","R","M","?","T","R","E","M","$","M","R","B",null,"M","?","?","?","?","R","E","M","T","E","M","M","E","$","R","B",null,"M","?","$","?","?","E","T","R","T","$","R","M","?","E","R","B","B"],"character_chosen":"IRONCLAD","items_purchased":["Strength Potion","Energy Potion","Rage","Membership Card","War Paint","DollysMirror"],"campfire_rested":2,"item_purchase_floors":[13,13,13,31,31,37],"current_hp_per_floor":[62,36,35,34,16,38,26,51,51,51,17,7,7,12,12,10,59,65,65,65,65,65,65,66,68,73,55,63,67,58,58,58,54,70,75,75,75,75,61,48,53,53,58,58,58,69,69,48,70,28,0,0],"gold":130,"neow_bonus":"RANDOM_COMMON_RELIC","is_daily":false,"chose_seed":false,"campfire_upgraded":5,"win_rate":0.0,"timestamp":1611849622,"path_taken":["M","?","M","M","?","R","M","?","T","R","E","M","$","M","R","BOSS","M","?","?","?","?","R","E","M","T","E","M","M","E","$","R","BOSS","M","?","$","?","?","E","?","R","T","$","R","?","?","E","R","BOSS","BOSS"],"items_purchased_type":["Potion","Potion","Card","Relic","Relic","Relic"],"build_version":"2020-12-22","purchased_purges":4,"victory":false,"max_hp_per_floor":[75,75,75,75,75,75,75,75,75,75,75,75,75,75,75,75,75,75,75,75,75,75,75,75,75,75,75,75,75,75,75,75,75,75,75,75,75,75,75,75,75,75,75,75,75,75,75,75,75,75,75,75],"relic_stats":{"counters":[23,101],"PreservedInsect":180,"War Paint":["Defend_R","Flame Barrier"],"Question Card":2,"Burning Blood":129,"Nunchaku":[17],"Centennial Puzzle":[48],"Bloody Idol":70,"Snecko Eye":[112,116,105,100],"Tiny Chest":1,"Turnip":[3],"Kunai":[12],"obtain_stats":[{"Golden Idol":2,"Oddly Smooth Stone":43,"PreservedInsect":30,"War Paint":31,"Question Card":40,"Burning Blood":0,"White Beast Statue":41,"Nunchaku":0,"Centennial Puzzle":9,"DollysMirror":37,"Bloody Idol":21,"Snecko Eye":17,"Tiny Chest":24,"Philosopher\u0027s Stone":34,"Turnip":36,"Bag of Marbles":5,"Red Mask":38,"Kunai":27,"Membership Card":31,"Red Skull":11,"FossilizedHelix":48},{"Golden Idol":1,"Oddly Smooth Stone":19,"PreservedInsect":15,"War Paint":15,"Question Card":19,"Burning Blood":0,"White Beast Statue":19,"Nunchaku":0,"Centennial Puzzle":4,"DollysMirror":18,"Bloody Idol":9,"Snecko Eye":8,"Tiny Chest":10,"Philosopher\u0027s Stone":16,"Turnip":18,"Bag of Marbles":3,"Red Mask":18,"Kunai":12,"Membership Card":15,"Red Skull":5,"FossilizedHelix":21},{"Golden Idol":3,"Oddly Smooth Stone":75,"PreservedInsect":57,"War Paint":57,"Question Card":75,"Burning Blood":0,"White Beast Statue":75,"Nunchaku":0,"Centennial Puzzle":15,"DollysMirror":69,"Bloody Idol":38,"Snecko Eye":36,"Tiny Chest":41,"Philosopher\u0027s Stone":62,"Turnip":69,"Bag of Marbles":12,"Red Mask":69,"Kunai":48,"Membership Card":57,"Red Skull":22,"FossilizedHelix":81}]},"card_choices":[{"not_picked":["True Grit","Havoc","Iron Wave"],"picked":"SKIP","floor":1.0},{"not_picked":["Armaments","Warcry","Heavy Blade"],"picked":"SKIP","floor":3.0},{"not_picked":["Iron Wave","Heavy Blade"],"picked":"Blood for Blood","floor":4.0},{"not_picked":["Body Slam","Twin Strike","Perfected Strike"],"picked":"SKIP","floor":7.0},{"not_picked":["Dark Embrace","Carnage"],"picked":"Dual Wield","floor":11.0},{"not_picked":["Whirlwind","Twin Strike","Inflame"],"picked":"SKIP","floor":12.0},{"not_picked":["Iron Wave","Shrug It Off"],"picked":"Shockwave","floor":14.0},{"not_picked":["Demon Form","Fiend Fire"],"picked":"Immolate","floor":16.0},{"not_picked":["Sword Boomerang","Pommel Strike","Havoc+1"],"picked":"SKIP","floor":18.0},{"not_picked":["Combust","Heavy Blade+1","Clash"],"picked":"SKIP","floor":24.0},{"not_picked":["Pummel+1","Clothesline","Thunderclap"],"picked":"SKIP","floor":25.0},{"not_picked":["Reckless Charge","Rage+1","Entrench"],"picked":"SKIP","floor":27.0},{"not_picked":["Reckless Charge","Rage+1","Entrench"],"picked":"SKIP","floor":27.0},{"not_picked":["Dark Embrace","Havoc"],"picked":"Power Through+1","floor":28.0},{"not_picked":["Body Slam","Twin Strike","Berserk"],"picked":"SKIP","floor":29.0},{"not_picked":["Heavy Blade","Armaments"],"picked":"Flame Barrier","floor":30.0},{"not_picked":["Anger","Wild Strike","Pommel Strike"],"picked":"SKIP","floor":35.0},{"not_picked":["Carnage+1","Iron Wave+1"],"picked":"Entrench","floor":36.0},{"not_picked":["Shockwave","Flex","Infernal Blade"],"picked":"SKIP","floor":40.0},{"not_picked":["Shockwave","Flex","Infernal Blade"],"picked":"SKIP","floor":40.0},{"not_picked":["Power Through","Disarm","Cleave"],"picked":"Dual Wield+1","floor":46.0},{"not_picked":["Infernal Blade","Limit Break","Rage","Sword Boomerang"],"picked":"SKIP","floor":48.0}],"player_experience":1491886,"relics_obtained":[{"floor":9.0,"key":"Centennial Puzzle"},{"floor":11.0,"key":"Red Skull"},{"floor":24.0,"key":"Tiny Chest"},{"floor":27.0,"key":"Kunai"},{"floor":30.0,"key":"PreservedInsect"},{"floor":36.0,"key":"Turnip"},{"floor":40.0,"key":"Question Card"},{"floor":41.0,"key":"White Beast Statue"},{"floor":43.0,"key":"Oddly Smooth Stone"},{"floor":48.0,"key":"FossilizedHelix"}],"event_choices":[{"damage_healed":0.0,"max_hp_gain":0.0,"max_hp_loss":0.0,"gold_gain":0.0,"event_name":"Golden Idol","player_choice":"Take Damage","floor":2.0,"gold_loss":0.0,"damage_taken":26.0,"relics_obtained":["Golden Idol"]},{"damage_healed":0.0,"max_hp_gain":0.0,"max_hp_loss":0.0,"gold_gain":0.0,"event_name":"Scrap Ooze","player_choice":"Success","floor":5.0,"gold_loss":0.0,"damage_taken":18.0,"relics_obtained":["Bag of Marbles"]},{"damage_healed":25.0,"max_hp_gain":0.0,"max_hp_loss":0.0,"gold_gain":0.0,"event_name":"Big Fish","player_choice":"Banana","floor":8.0,"gold_loss":0.0,"damage_taken":0.0},{"damage_healed":0.0,"max_hp_gain":0.0,"max_hp_loss":0.0,"gold_gain":50.0,"event_name":"Nest","player_choice":"Stole From Cult","floor":19.0,"gold_loss":0.0,"damage_taken":0.0},{"damage_healed":0.0,"max_hp_gain":0.0,"max_hp_loss":0.0,"gold_gain":0.0,"cards_transformed":["Strike_R","Strike_R"],"event_name":"Drug Dealer","player_choice":"Became Test Subject","floor":20.0,"gold_loss":0.0,"damage_taken":0.0,"cards_obtained":["Fire Breathing","Rage"]},{"damage_healed":0.0,"max_hp_gain":0.0,"max_hp_loss":0.0,"gold_gain":0.0,"event_name":"Forgotten Altar","player_choice":"Gave Idol","floor":21.0,"relics_lost":["Golden Idol"],"gold_loss":0.0,"damage_taken":0.0,"relics_obtained":["Bloody Idol"]},{"damage_healed":0.0,"max_hp_gain":0.0,"max_hp_loss":0.0,"gold_gain":0.0,"event_name":"Vampires","player_choice":"Ignored","floor":22.0,"gold_loss":0.0,"damage_taken":0.0},{"damage_healed":0.0,"max_hp_gain":0.0,"max_hp_loss":0.0,"gold_gain":0.0,"event_name":"Mysterious Sphere","player_choice":"Fight","floor":36.0,"gold_loss":0.0,"damage_taken":0.0},{"damage_healed":0.0,"max_hp_gain":0.0,"max_hp_loss":0.0,"gold_gain":0.0,"event_name":"Tomb of Lord Red Mask","player_choice":"Paid","floor":38.0,"gold_loss":55.0,"damage_taken":0.0,"relics_obtained":["Red Mask"]},{"damage_healed":0.0,"max_hp_gain":0.0,"max_hp_loss":0.0,"gold_gain":0.0,"event_name":"Winding Halls","player_choice":"Embrace Madness","floor":39.0,"gold_loss":0.0,"damage_taken":14.0,"cards_obtained":["Madness","Madness"]},{"cards_removed":["Fire Breathing"],"damage_healed":0.0,"max_hp_gain":0.0,"max_hp_loss":0.0,"gold_gain":0.0,"event_name":"Falling","player_choice":"Removed Power","floor":47.0,"gold_loss":0.0,"damage_taken":0.0}],"is_beta":false,"boss_relics":[{"not_picked":["Ectoplasm","Mark of Pain"],"picked":"Snecko Eye"},{"not_picked":["Empty Cage","Runic Dome"],"picked":"Philosopher\u0027s Stone"}],"items_purged_floors":[13,31,37,44],"is_endless":false,"potions_floor_spawned":[4,7,16,24,27,28,30,36,46,48],"killed_by":"Awakened One","ascension_level":20}}