{"host":"guk5h31bsklpp7e4","time":1611809673,"event":{"mods":["AchievementEnabler","BaseMod","Colored Map","Colored Powertips","Highlight Path","Minty Spire (QoL Compilation)","Quick Restart"],"gold_per_floor":[114,114,130,143,161,126,158,158,211,211,48,48,74,109,109,209,209,226,242,242,68,78,78,93,93,93,118,134,134,134,154,154,254,254,266,40,40,90,105,105,117,117,117,117,137,166,166,42,42,42],"floor_reached":51,"language":"ENG","playtime":3676,"items_purged":["Strike_G","Defend_G","Defend_G","Enlightenment"],"score":814,"play_id":"be22c589-21d2-4b02-8066-79535eb02945","local_time":"20210127235433","is_ascension_mode":true,"campfire_choices":[{"floor":8,"key":"REST"},{"data":"Sucker Punch","floor":10,"key":"SMITH"},{"floor":12,"key":"REST"},{"data":"Prepared","floor":15,"key":"SMITH"},{"floor":23,"key":"REST"},{"floor":25,"key":"REST"},{"data":"After Image","floor":29,"key":"SMITH"},{"data":"Tools of the Trade","floor":32,"key":"SMITH"},{"data":"Phantasmal Killer","floor":40,"key":"SMITH"},{"floor":42,"key":"REST"},{"data":"Dash","floor":44,"key":"SMITH"},{"floor":49,"key":"REST"}],"circlet_count":0,"master_deck":["Strike_G","Strike_G","Strike_G","Defend_G","Defend_G","Defend_G","Survivor","Neutralize","Dagger Throw","Underhanded Strike","Sucker Punch+1","Eviscerate","Finesse","Prepared+1","Burst","Dash+1","Dagger Throw+1","Dark Shackles","Cloak And Dagger","After Image+1","Phantasmal Killer+1","Acrobatics","Deflect+1","Tools of the Trade+1","Prepared"],"relics":["Ring of the Snake","StrikeDummy","Pen Nib","Toy Ornithopter","Potion Belt","SlaversCollar","Meat on the Bone","Matryoshka","SacredBark","Bird Faced Urn","Smiling Mask","PreservedInsect","Strawberry"],"acts_visited":["Exordium","TheCity","TheBeyond"],"potions_floor_usage":[4,7,7,14,18,28,33,33,39,41,46,50,50,50],"damage_taken":[{"damage":4,"enemies":"Jaw Worm","floor":1,"turns":5},{"damage":1,"enemies":"Cultist","floor":3,"turns":4},{"damage":0,"enemies":"Small Slimes","floor":4,"turns":3},{"damage":31,"enemies":"Exordium Wildlife","floor":5,"turns":11},{"damage":42,"enemies":"Gremlin Nob","floor":7,"turns":6},{"damage":10,"enemies":"Lagavulin","floor":14,"turns":6},{"damage":24,"enemies":"Hexaghost","floor":16,"turns":10},{"damage":4,"enemies":"2 Thieves","floor":18,"turns":3},{"damage":20,"enemies":"3 Byrds","floor":19,"turns":7},{"damage":16,"enemies":"Snake Plant","floor":22,"turns":4},{"damage":16,"enemies":"Centurion and Healer","floor":24,"turns":8},{"damage":0,"enemies":"Slavers","floor":27,"turns":5},{"damage":0,"enemies":"Shelled Parasite and Fungi","floor":28,"turns":3},{"damage":2,"enemies":"Cultist and Chosen","floor":31,"turns":6},{"damage":63,"enemies":"Automaton","floor":33,"turns":8},{"damage":6,"enemies":"3 Shapes","floor":35,"turns":6},{"damage":0,"enemies":"Mind Bloom Boss Battle","floor":38,"turns":6},{"damage":31,"enemies":"3 Darklings","floor":39,"turns":5},{"damage":33,"enemies":"Spire Growth","floor":41,"turns":6},{"damage":22,"enemies":"4 Shapes","floor":45,"turns":8},{"damage":33,"enemies":"Giant Head","floor":46,"turns":7},{"damage":26,"enemies":"Awakened One","floor":50,"turns":13}],"seed_played":"-3194340856721386220","potions_obtained":[{"floor":2,"key":"Regen Potion"},{"floor":2,"key":"Block Potion"},{"floor":2,"key":"SpeedPotion"},{"floor":5,"key":"GamblersBrew"},{"floor":7,"key":"Block Potion"},{"floor":16,"key":"Poison Potion"},{"floor":22,"key":"SteroidPotion"},{"floor":24,"key":"Energy Potion"},{"floor":33,"key":"Fire Potion"},{"floor":35,"key":"Regen Potion"},{"floor":41,"key":"SkillPotion"}],"is_trial":false,"path_per_floor":["M","?","M","M","M","?","E","R","T","R","$","R","T","E","R","B",null,"M","M","?","$","M","R","M","R","T","E","M","R","?","M","R","B",null,"M","$","$","?","M","R","M","R","T","R","M","E","?","$","R","B",null],"character_chosen":"THE_SILENT","items_purchased":["Finesse","After Image","Strength Potion","Dexterity Potion","Regen Potion"],"campfire_rested":6,"item_purchase_floors":[11,21,36,36,48],"current_hp_per_floor":[66,66,65,65,34,51,24,45,45,45,45,66,66,60,60,36,70,66,46,46,46,30,51,35,56,56,56,61,61,70,68,68,27,70,64,64,64,64,56,56,44,65,65,65,47,42,42,42,65,64],"gold":42,"neow_bonus":"RANDOM_COLORLESS","is_daily":false,"chose_seed":false,"campfire_upgraded":6,"win_rate":0.0,"timestamp":1611809673,"path_taken":["M","?","M","M","?","?","E","R","T","R","?","R","?","E","R","BOSS","M","M","?","$","M","R","M","R","T","E","?","R","?","M","R","BOSS","M","?","$","?","M","R","M","R","T","R","M","E","?","$","R","BOSS"],"items_purchased_type":["Card","Card","Potion","Potion","Potion"],"build_version":"2020-12-22","purchased_purges":4,"victory":true,"max_hp_per_floor":[70,70,70,70,70,70,70,70,70,70,70,70,70,70,70,70,70,70,70,70,70,70,70,70,70,70,70,70,70,70,70,70,70,70,70,70,70,70,70,70,70,70,70,70,70,77,77,77,77,77],"card_choices":[{"not_picked":["Purity","Madness"],"picked":"Enlightenment","floor":0},{"not_picked":["Deflect","Setup","PiercingWail"],"picked":"SKIP","floor":1},{"not_picked":["Deflect","Sucker Punch"],"picked":"Dagger Throw","floor":3},{"not_picked":["Leg Sweep","Bane"],"picked":"Underhanded Strike","floor":4},{"not_picked":["Crippling Poison","Noxious Fumes"],"picked":"Sucker Punch","floor":5},{"not_picked":["Endless Agony","Leg Sweep"],"picked":"Eviscerate","floor":7},{"not_picked":["Distraction","Slice"],"picked":"Prepared","floor":14},{"not_picked":["Corpse Explosion","Envenom"],"picked":"Burst","floor":16},{"not_picked":["Deflect","Slice"],"picked":"Dash","floor":18},{"not_picked":["Deflect","Backflip"],"picked":"Dagger Throw+1","floor":19},{"not_picked":["Riddle With Holes","Sucker Punch"],"picked":"Phantasmal Killer","floor":22},{"not_picked":["Well Laid Plans","Deadly Poison"],"picked":"Acrobatics","floor":24},{"not_picked":["Well Laid Plans+1","Poisoned Stab"],"picked":"Deflect+1","floor":27},{"not_picked":["Blade Dance","Poisoned Stab","Predator"],"picked":"SKIP","floor":28},{"not_picked":["Sucker Punch","Bouncing Flask"],"picked":"Tools of the Trade","floor":31},{"not_picked":["Blur+1","Dagger Throw+1"],"picked":"Prepared","floor":35},{"not_picked":["Endless Agony","Heel Hook+1","Acrobatics+1"],"picked":"SKIP","floor":39},{"not_picked":["Flying Knee+1","Bane","Well Laid Plans+1"],"picked":"SKIP","floor":41},{"not_picked":["Leg Sweep","Blur+1","Well Laid Plans"],"picked":"SKIP","floor":45},{"not_picked":["Skewer","Blade Dance+1","Crippling Poison+1"],"picked":"SKIP","floor":46}],"player_experience":313602,"relics_obtained":[{"floor":7,"key":"StrikeDummy"},{"floor":9,"key":"Pen Nib"},{"floor":13,"key":"Toy Ornithopter"},{"floor":14,"key":"Potion Belt"},{"floor":26,"key":"Meat on the Bone"},{"floor":27,"key":"Matryoshka"},{"floor":38,"key":"Bird Faced Urn"},{"floor":43,"key":"Smiling Mask"},{"floor":43,"key":"PreservedInsect"},{"floor":46,"key":"Strawberry"}],"event_choices":[{"damage_healed":0,"gold_gain":0,"player_choice":"Got Potions","damage_taken":0,"max_hp_gain":0,"max_hp_loss":0,"event_name":"Lab","floor":2,"gold_loss":0},{"damage_healed":17,"gold_gain":0,"player_choice":"Healed","damage_taken":0,"max_hp_gain":0,"max_hp_loss":0,"event_name":"The Cleric","floor":6,"gold_loss":35},{"damage_healed":0,"gold_gain":0,"player_choice":"2 cards matched","damage_taken":0,"max_hp_gain":0,"max_hp_loss":0,"event_name":"Match and Keep!","floor":20,"gold_loss":0,"cards_obtained":["Dark Shackles","Cloak And Dagger"]},{"damage_healed":9,"gold_gain":0,"player_choice":"Full Heal","damage_taken":0,"max_hp_gain":0,"max_hp_loss":0,"event_name":"Wheel of Change","floor":30,"gold_loss":0},{"damage_healed":0,"gold_gain":0,"player_choice":"Fight","damage_taken":0,"max_hp_gain":0,"max_hp_loss":0,"event_name":"MindBloom","floor":38,"gold_loss":0},{"cards_removed":["Strike_G"],"damage_healed":0,"gold_gain":0,"player_choice":"Removed Attack","damage_taken":0,"max_hp_gain":0,"max_hp_loss":0,"event_name":"Falling","floor":47,"gold_loss":0}],"is_beta":false,"boss_relics":[{"not_picked":["Calling Bell","Sozu"],"picked":"SlaversCollar"},{"not_picked":["WristBlade","Busted Crown"],"picked":"SacredBark"}],"items_purged_floors":[11,21,36,48],"is_endless":false,"potions_floor_spawned":[5,7,16,22,24,33,35,41],"ascension_level":4}}