{"host":"a1eatafr7pisesky","time":1611826430,"event":{"mods":["AchievementEnabler","BaseMod","Colored Map","Keyboard Shortcuts","Minty Spire (QoL Compilation)","Say the Spire","StSLib","SuperFastMode","everything is the same but u backflip on backflip"],"gold_per_floor":[118,68,81,94,110,110,140,65,65,65,65,82,82,82],"floor_reached":13,"language":"KOR","playtime":272,"items_purged":["Strike_G"],"score":132,"play_id":"11590ea5-03f7-4d29-9502-569df44cd13e","local_time":"20210128183350","is_ascension_mode":true,"campfire_choices":[{"data":"Bouncing Flask","floor":6,"key":"SMITH"},{"floor":11,"key":"REST"}],"circlet_count":0,"master_deck":["AscendersBane","Strike_G","Strike_G","Strike_G","Defend_G","Defend_G","Defend_G","Defend_G","Defend_G","Survivor","Neutralize","Finesse","Flechettes","Dagger Spray","Backflip","Bouncing Flask+1","Adrenaline","Decay","Backflip"],"relics":["Ring of the Snake","Blood Vial","The Courier"],"acts_visited":["Exordium"],"potions_floor_usage":[7,13],"damage_taken":[{"damage":0,"enemies":"2 Louse","floor":1,"turns":3},{"damage":3,"enemies":"Small Slimes","floor":3,"turns":4},{"damage":4,"enemies":"Cultist","floor":4,"turns":3},{"damage":10,"enemies":"3 Louse","floor":5,"turns":3},{"damage":42,"enemies":"3 Sentries","floor":7,"turns":9},{"damage":12,"enemies":"Large Slime","floor":12,"turns":5},{"damage":18,"enemies":"Lagavulin","floor":13,"turns":3}],"seed_played":"8309301357871748381","potions_obtained":[{"floor":3,"key":"Ancient Potion"},{"floor":4,"key":"FearPotion"},{"floor":5,"key":"SteroidPotion"}],"is_trial":false,"path_per_floor":["M","?","M","M","M","R","E","$","T","?","R","M","E"],"character_chosen":"THE_SILENT","items_purchased":[],"campfire_rested":1,"item_purchase_floors":[],"current_hp_per_floor":[63,63,60,56,46,46,4,4,4,4,25,15,0,0],"gold":82,"neow_bonus":"RANDOM_COLORLESS","is_daily":false,"chose_seed":false,"campfire_upgraded":1,"win_rate":0.0,"timestamp":1611826430,"path_taken":["M","?","M","M","M","R","E","$","T","?","R","?","E"],"items_purchased_type":[],"build_version":"2020-12-22","purchased_purges":1,"victory":false,"max_hp_per_floor":[70,70,70,70,70,70,70,70,70,70,70,70,70,70],"card_choices":[{"not_picked":["Forethought","Dramatic Entrance"],"picked":"Finesse","floor":0},{"not_picked":["Terror","Flying Knee"],"picked":"Flechettes","floor":1},{"not_picked":["Prepared","Reflex"],"picked":"Dagger Spray","floor":3},{"not_picked":["Tactician","All Out Attack"],"picked":"Backflip","floor":4},{"not_picked":["Sucker Punch","Catalyst"],"picked":"Bouncing Flask","floor":5},{"not_picked":["Dagger Spray","Predator"],"picked":"Adrenaline","floor":7},{"not_picked":["Dagger Throw","Heel Hook"],"picked":"Backflip","floor":12}],"player_experience":376425,"relics_obtained":[{"floor":7,"key":"Blood Vial"},{"floor":9,"key":"The Courier"}],"event_choices":[{"cards_removed":["Strike_G"],"damage_healed":0,"gold_gain":0,"player_choice":"Card Removal","damage_taken":0,"max_hp_gain":0,"max_hp_loss":0,"event_name":"The Cleric","floor":2,"gold_loss":50},{"damage_healed":0,"gold_gain":0,"player_choice":"Cursed","damage_taken":0,"max_hp_gain":0,"max_hp_loss":0,"event_name":"Wheel of Change","floor":10,"gold_loss":0,"cards_obtained":["Decay"]}],"is_beta":false,"boss_relics":[],"items_purged_floors":[8],"is_endless":false,"potions_floor_spawned":[3,4,5],"killed_by":"Lagavulin","ascension_level":11}}