{"host":"yecadp3kwkksam5a","time":1611846675,"event":{"mods":["BaseMod","Minty Spire (QoL Compilation)","StSLib","SuperFastMode","The Cursed"],"gold_per_floor":[111,111,36,50,50,50,50,83,108,139,39,64,92,92,92,166,166,185,185,185,195,195,223,98,129,129,129,44,73,73,106,118,203,215,237,294,186,236,96,131,161,195,266,266,292,319,350,376,376,376,376,376,376,82,115,115],"floor_reached":57,"language":"KOR","playtime":2422,"items_purged":["Prepared","Prepared","Underhanded Strike","Catalyst","PiercingWail","Noxious Fumes"],"score":4425,"play_id":"c543fcbc-6a2e-482e-9ca0-5ef31f14140f","local_time":"20210129001115","daily_mods":["Draft","Flight"],"is_ascension_mode":true,"campfire_choices":[{"data":"Calculated Gamble","floor":6.0,"key":"SMITH"},{"data":"Reflex","floor":7.0,"key":"SMITH"},{"data":"Tactician","floor":15.0,"key":"SMITH"},{"data":"Well Laid Plans","floor":27.0,"key":"SMITH"},{"floor":32.0,"key":"RECALL"},{"floor":49.0,"key":"DIG"},{"floor":53,"key":"DIG"}],"circlet_count":0,"master_deck":["AscendersBane","Calculated Gamble+1","Blur","Backflip","Acrobatics","Footwork","Reflex+1","Tactician+1","Grand Finale+1","Well Laid Plans+1","Prepared+1","Purity"],"relics":["Ring of the Snake","Omamori","Ancient Tea Set","Orichalcum","Gremlin Horn","Anchor","Black Star","Singing Bowl","White Beast Statue","Centennial Puzzle","Toy Ornithopter","The Courier","StrikeDummy","InkBottle","MealTicket","Juzu Bracelet","MawBank","Empty Cage","Lizard Tail","Lantern","Eternal Feather","Happy Flower","Prayer Wheel","Akabeko","Kunai","Whetstone","Art of War","Shovel","CeramicFish","Bag of Preparation","Pocketwatch","Bag of Marbles","Shuriken","Ornamental Fan","Pen Nib","Oddly Smooth Stone","Vajra"],"acts_visited":["Exordium","TheCity","TheBeyond","TheEnding"],"potions_floor_usage":[],"damage_taken":[{"damage":4.0,"enemies":"Jaw Worm","floor":1.0,"turns":5.0},{"damage":0.0,"enemies":"Cultist","floor":4.0,"turns":3.0},{"damage":0.0,"enemies":"Lagavulin","floor":8.0,"turns":3.0},{"damage":3.0,"enemies":"Gremlin Nob","floor":10.0,"turns":3.0},{"damage":21.0,"enemies":"3 Sentries","floor":12.0,"turns":10.0},{"damage":0.0,"enemies":"Gremlin Nob","floor":13.0,"turns":2.0},{"damage":0.0,"enemies":"Hexaghost","floor":16.0,"turns":1.0},{"damage":7.0,"enemies":"Shell Parasite","floor":18.0,"turns":3.0},{"damage":0.0,"enemies":"2 Thieves","floor":21.0,"turns":2.0},{"damage":0.0,"enemies":"Gremlin Leader","floor":23.0,"turns":2.0},{"damage":0.0,"enemies":"Book of Stabbing","floor":25.0,"turns":2.0},{"damage":0.0,"enemies":"Slavers","floor":29.0,"turns":1.0},{"damage":0.0,"enemies":"Book of Stabbing","floor":31.0,"turns":1.0},{"damage":0.0,"enemies":"Champ","floor":33.0,"turns":1.0},{"damage":0.0,"enemies":"3 Shapes","floor":35.0,"turns":1.0},{"damage":0.0,"enemies":"2 Orb Walkers","floor":36.0,"turns":1.0},{"damage":0.0,"enemies":"Giant Head","floor":40.0,"turns":1.0},{"damage":0.0,"enemies":"Nemesis","floor":41.0,"turns":1.0},{"damage":0.0,"enemies":"Reptomancer","floor":42.0,"turns":1.0},{"damage":0.0,"enemies":"Giant Head","floor":45.0,"turns":1.0},{"damage":0.0,"enemies":"Nemesis","floor":46.0,"turns":1.0},{"damage":0.0,"enemies":"Reptomancer","floor":47.0,"turns":1.0},{"damage":0.0,"enemies":"Nemesis","floor":48.0,"turns":1.0},{"damage":0.0,"enemies":"Donu and Deca","floor":50.0,"turns":1.0},{"damage":8,"enemies":"Time Eater","floor":51,"turns":2},{"damage":0,"enemies":"Shield and Spear","floor":55,"turns":1},{"damage":0,"enemies":"The Heart","floor":56,"turns":4}],"seed_played":"5914789298176437879","potions_obtained":[{"floor":4.0,"key":"GamblersBrew"},{"floor":8.0,"key":"CunningPotion"},{"floor":33.0,"key":"GamblersBrew"},{"floor":35.0,"key":"Swift Potion"}],"is_trial":true,"path_per_floor":["M","?","$","M","?","R","R","E","T","E","$","E","E","$","R","B",null,"M","?","?","M","?","E","$","E","T","R","?","E","$","E","R","B",null,"M","?","$","?","$","E","E","E","T","?","E","E","E","E","R","B","B",null,"R","$","E","B",null],"character_chosen":"THE_SILENT","items_purchased":["Pen Nib"],"campfire_rested":0,"item_purchase_floors":[54],"current_hp_per_floor":[55,55,55,55,46,46,46,46,46,43,43,22,22,22,22,22,55,48,48,66,66,66,68,68,70,70,70,70,72,72,74,74,76,76,78,80,80,80,80,82,84,84,84,78,80,82,84,86,92,92,84,93,96,96,98,98],"gold":115,"neow_bonus":"","is_daily":false,"chose_seed":false,"campfire_upgraded":4,"win_rate":0.0,"timestamp":1611846675,"path_taken":["M","?","$","?","?","R","R","E","T","E","$","E","E","?","R","BOSS","M","?","?","?","?","E","$","E","T","R","?","E","?","E","R","BOSS","M","?","$","?","$","E","E","E","T","?","E","E","E","E","R","BOSS","BOSS","R","$","E","BOSS"],"items_purchased_type":["Relic"],"build_version":"2020-12-22","purchased_purges":6,"victory":true,"max_hp_per_floor":[66,66,66,66,66,66,66,66,66,66,66,66,66,66,66,66,66,66,66,66,66,66,68,68,70,70,70,70,72,72,74,74,76,76,78,80,80,80,80,82,84,84,84,88,90,92,94,96,96,96,96,96,96,96,98,98],"card_choices":[{"not_picked":["Infinite Blades","Blur"],"picked":"Prepared","floor":0.0},{"not_picked":["Bouncing Flask","Slice"],"picked":"Calculated Gamble","floor":0.0},{"not_picked":["Skewer","Backflip"],"picked":"Reflex","floor":0.0},{"not_picked":["Blade Dance","Slice"],"picked":"PiercingWail","floor":0.0},{"not_picked":["Outmaneuver","Slice"],"picked":"Crippling Poison","floor":0.0},{"not_picked":["Dash","Sucker Punch"],"picked":"Blur","floor":0.0},{"not_picked":["Dagger Spray","Slice"],"picked":"Catalyst","floor":0.0},{"not_picked":["PiercingWail","Flechettes"],"picked":"Backflip","floor":0.0},{"not_picked":["Outmaneuver","Poisoned Stab"],"picked":"Dagger Spray","floor":0.0},{"not_picked":["Finisher","Blade Dance"],"picked":"Prepared","floor":0.0},{"not_picked":["Deadly Poison","Quick Slash"],"picked":"Acrobatics","floor":0.0},{"not_picked":["Noxious Fumes","Deflect"],"picked":"Footwork","floor":0.0},{"not_picked":["Bane","Flying Knee"],"picked":"Underhanded Strike","floor":0.0},{"not_picked":["Expertise","Flying Knee"],"picked":"Noxious Fumes","floor":0.0},{"not_picked":["Dash","Quick Slash"],"picked":"Prepared","floor":0.0},{"not_picked":["Sucker Punch","Distraction","Blade Dance"],"picked":"SKIP","floor":1.0},{"not_picked":["Backflip","Dagger Spray"],"picked":"Reflex","floor":4.0},{"not_picked":["Eviscerate","Cloak And Dagger","PiercingWail"],"picked":"SKIP","floor":8.0},{"not_picked":["Burst","Cloak And Dagger"],"picked":"Tactician","floor":10.0},{"not_picked":["Sucker Punch","Catalyst","Terror"],"picked":"SKIP","floor":12.0},{"not_picked":["Bouncing Flask","Deadly Poison","Dagger Spray"],"picked":"SKIP","floor":13.0},{"not_picked":["Venomology","A Thousand Cuts"],"picked":"Grand Finale","floor":16.0},{"not_picked":["Setup","Cloak And Dagger"],"picked":"Well Laid Plans","floor":18.0},{"not_picked":["Reflex","Bane","Setup"],"picked":"SKIP","floor":21.0},{"not_picked":["Expertise","Masterful Stab","Poisoned Stab"],"picked":"Singing Bowl","floor":23.0},{"not_picked":["Choke","Bane","Distraction"],"picked":"Singing Bowl","floor":25.0},{"not_picked":["Backstab","Bane","Masterful Stab"],"picked":"Singing Bowl","floor":29.0},{"not_picked":["Dagger Throw","Skewer","Finisher"],"picked":"Singing Bowl","floor":31.0},{"not_picked":["Envenom","Corpse Explosion","Die Die Die"],"picked":"Singing Bowl","floor":33.0},{"not_picked":["Blade Dance","Backflip","Blur+1"],"picked":"Singing Bowl","floor":35.0},{"not_picked":["Blade Dance","Dagger Throw","Flying Knee"],"picked":"Singing Bowl","floor":36.0},{"not_picked":["Setup","Flying Knee","Dagger Throw+1"],"picked":"Singing Bowl","floor":40.0},{"not_picked":["Slice","Underhanded Strike","Corpse Explosion"],"picked":"Singing Bowl","floor":41.0},{"not_picked":["Bouncing Flask","Dagger Throw"],"picked":"Prepared+1","floor":42.0},{"not_picked":["Trip","Swift Strike"],"picked":"Purity","floor":44.0},{"not_picked":["Enlightenment","Magnetism","Bandage Up"],"picked":"Singing Bowl","floor":44.0},{"not_picked":["Flash of Steel","Mind Blast","Purity"],"picked":"Singing Bowl","floor":44.0},{"not_picked":["Dodge and Roll","All Out Attack","Endless Agony"],"picked":"Singing Bowl","floor":45.0},{"not_picked":["Reflex","Dagger Spray","Accuracy"],"picked":"Singing Bowl","floor":46.0},{"not_picked":["Tactician","Blade Dance","Expertise"],"picked":"Singing Bowl","floor":47.0},{"not_picked":["Endless Agony","Leg Sweep","Accuracy+1"],"picked":"Singing Bowl","floor":48.0},{"not_picked":["Predator","Unload","Setup"],"picked":"Singing Bowl","floor":55}],"player_experience":519748,"relics_obtained":[{"floor":8.0,"key":"Omamori"},{"floor":9.0,"key":"Ancient Tea Set"},{"floor":10.0,"key":"Orichalcum"},{"floor":12.0,"key":"Gremlin Horn"},{"floor":13.0,"key":"Anchor"},{"floor":23.0,"key":"Singing Bowl"},{"floor":23.0,"key":"White Beast Statue"},{"floor":25.0,"key":"Centennial Puzzle"},{"floor":25.0,"key":"Toy Ornithopter"},{"floor":26.0,"key":"The Courier"},{"floor":29.0,"key":"InkBottle"},{"floor":29.0,"key":"MealTicket"},{"floor":31.0,"key":"Juzu Bracelet"},{"floor":31.0,"key":"MawBank"},{"floor":36.0,"key":"Lizard Tail"},{"floor":40.0,"key":"Lantern"},{"floor":40.0,"key":"Eternal Feather"},{"floor":41.0,"key":"Happy Flower"},{"floor":41.0,"key":"Prayer Wheel"},{"floor":42.0,"key":"Akabeko"},{"floor":42.0,"key":"Kunai"},{"floor":45.0,"key":"Whetstone"},{"floor":45.0,"key":"Art of War"},{"floor":46.0,"key":"Shovel"},{"floor":46.0,"key":"CeramicFish"},{"floor":47.0,"key":"Bag of Preparation"},{"floor":47.0,"key":"Pocketwatch"},{"floor":48.0,"key":"Bag of Marbles"},{"floor":48.0,"key":"Shuriken"},{"floor":53,"key":"Ornamental Fan"},{"floor":55,"key":"Oddly Smooth Stone"},{"floor":55,"key":"Vajra"}],"event_choices":[{"cards_removed":["Dagger Spray"],"damage_healed":0.0,"max_hp_gain":0.0,"max_hp_loss":0.0,"gold_gain":0.0,"event_name":"Purifier","player_choice":"Purged","floor":2.0,"gold_loss":0.0,"damage_taken":0.0},{"damage_healed":0.0,"max_hp_gain":0.0,"max_hp_loss":0.0,"gold_gain":0.0,"event_name":"Wheel of Change","player_choice":"Damaged","floor":5.0,"gold_loss":0.0,"damage_taken":9.0},{"damage_healed":0.0,"max_hp_gain":0.0,"max_hp_loss":0.0,"gold_gain":0.0,"event_name":"The Mausoleum","player_choice":"Ignored","floor":19.0,"gold_loss":0.0,"damage_taken":0.0},{"cards_removed":["Reflex"],"damage_healed":18.0,"max_hp_gain":0.0,"max_hp_loss":0.0,"gold_gain":0.0,"event_name":"Bonfire Elementals","player_choice":"Offered Uncommon","floor":20.0,"gold_loss":0.0,"damage_taken":0.0},{"damage_healed":13.0,"max_hp_gain":0.0,"max_hp_loss":0.0,"gold_gain":0.0,"event_name":"The Library","player_choice":"Heal","floor":22.0,"gold_loss":0.0,"damage_taken":0.0},{"damage_healed":0.0,"max_hp_gain":0.0,"max_hp_loss":0.0,"gold_gain":0.0,"event_name":"Addict","player_choice":"Obtained Relic","floor":28.0,"gold_loss":85.0,"damage_taken":0.0,"relics_obtained":["StrikeDummy"]},{"damage_healed":0.0,"max_hp_gain":0.0,"max_hp_loss":0.0,"gold_gain":0.0,"event_name":"Mysterious Sphere","player_choice":"Fight","floor":36.0,"gold_loss":0.0,"damage_taken":0.0},{"damage_healed":0.0,"max_hp_gain":0.0,"max_hp_loss":0.0,"gold_gain":50.0,"event_name":"Golden Shrine","player_choice":"Pray","floor":38.0,"gold_loss":0.0,"damage_taken":0.0},{"damage_healed":0.0,"max_hp_gain":0.0,"max_hp_loss":0.0,"gold_gain":0.0,"event_name":"SensoryStone","player_choice":"Memory 3","floor":44.0,"gold_loss":0.0,"damage_taken":10.0}],"is_beta":false,"boss_relics":[{"not_picked":["Ring of the Serpent","Sozu"],"picked":"Black Star"},{"not_picked":["Coffee Dripper","WristBlade"],"picked":"Empty Cage"}],"items_purged_floors":[3,11,24,37,39,54],"is_endless":false,"potions_floor_spawned":[4,8,18,25,29,31,33,35,36,40,41,42,45,46,47,48,55],"ascension_level":20}}