{"host":"sav7uxregyirlf69","time":1611835642,"event":{"mods":["AchievementEnabler","BaseMod","Colored Map","DeckTracker","Keyboard Shortcuts","Minty Spire (QoL Compilation)","READ ME - Guardian Mod","StSLib","SuperFastMode"],"gold_per_floor":[110,120,131,158,175,175,189,205,230,230,261,271,51,62,62,139,139,155,155,155,167,177,177,177],"floor_reached":23,"language":"KOR","playtime":398,"items_purged":[],"score":419,"play_id":"4504fa69-b828-4ddc-aca3-ba3ca6de7fe1","local_time":"20210128210722","is_ascension_mode":true,"campfire_choices":[{"data":"Crippling Poison","floor":6.0,"key":"SMITH"},{"data":"Bouncing Flask","floor":10.0,"key":"SMITH"},{"data":"Apotheosis","floor":15.0,"key":"SMITH"}],"circlet_count":0,"master_deck":["AscendersBane","Defend_G","Defend_G","Defend_G","Defend_G","Survivor","Neutralize","Crippling Poison+1","Heel Hook","Bouncing Flask+1","Backstab","Calculated Gamble","Apotheosis+1","Footwork","Noxious Fumes","After Image","Bite+1","Bite+1","Bite+1","Bite+1","Bite+1","Eviscerate+1","PiercingWail"],"relics":["Ring of the Snake","NeowsBlessing","Centennial Puzzle","Snake Skull","Molten Egg 2","HoveringKite"],"acts_visited":["Exordium","TheCity"],"potions_floor_usage":[21,23],"damage_taken":[{"damage":0.0,"enemies":"Cultist","floor":1.0,"turns":1.0},{"damage":0.0,"enemies":"Jaw Worm","floor":2.0,"turns":1.0},{"damage":0.0,"enemies":"Small Slimes","floor":3.0,"turns":1.0},{"damage":2.0,"enemies":"Gremlin Gang","floor":5.0,"turns":4.0},{"damage":3.0,"enemies":"Lots of Slimes","floor":7.0,"turns":3.0},{"damage":0.0,"enemies":"2 Fungi Beasts","floor":8.0,"turns":2.0},{"damage":7.0,"enemies":"Gremlin Nob","floor":11.0,"turns":3.0},{"damage":9.0,"enemies":"Looter","floor":12.0,"turns":3.0},{"damage":9.0,"enemies":"Exordium Thugs","floor":14.0,"turns":4.0},{"damage":10.0,"enemies":"Slime Boss","floor":16.0,"turns":9.0},{"damage":4.0,"enemies":"Chosen","floor":18.0,"turns":4.0},{"damage":14,"enemies":"3 Byrds","floor":21,"turns":4},{"damage":16,"enemies":"Sentry and Sphere","floor":22,"turns":6},{"damage":52,"enemies":"Book of Stabbing","floor":23,"turns":5}],"seed_played":"1706245392265851995","potions_obtained":[{"floor":1.0,"key":"CunningPotion"},{"floor":5.0,"key":"EssenceOfSteel"},{"floor":7.0,"key":"SpeedPotion"},{"floor":12.0,"key":"FearPotion"},{"floor":16.0,"key":"SpeedPotion"},{"floor":22,"key":"AttackPotion"}],"is_trial":false,"path_per_floor":["M","M","M","T","M","R","M","M","T","R","E","M","$","M","R","B",null,"M","?","?","M","M","E"],"character_chosen":"THE_SILENT","items_purchased":["Apotheosis","Footwork"],"campfire_rested":0,"item_purchase_floors":[13,13],"current_hp_per_floor":[59,59,59,59,57,57,54,54,54,54,47,38,38,29,29,19,54,50,46,46,35,37,0,0],"gold":177,"neow_bonus":"THREE_ENEMY_KILL","is_daily":false,"chose_seed":false,"campfire_upgraded":3,"win_rate":0.0,"timestamp":1611835642,"path_taken":["M","?","M","?","?","R","M","M","T","R","E","M","?","M","R","BOSS","M","?","?","?","M","E"],"items_purchased_type":["Card","Card"],"build_version":"2020-12-22","purchased_purges":0,"victory":false,"max_hp_per_floor":[66,66,66,66,66,66,66,66,66,66,66,66,66,66,66,66,66,66,46,46,46,46,46,46],"card_choices":[{"not_picked":["Acrobatics","Slice"],"picked":"Crippling Poison","floor":1.0},{"not_picked":["Flying Knee","Deflect"],"picked":"Heel Hook","floor":2.0},{"not_picked":["Dodge and Roll","Tools of the Trade"],"picked":"Bouncing Flask","floor":3.0},{"not_picked":["Slice","Leg Sweep"],"picked":"Backstab","floor":5.0},{"not_picked":["Quick Slash","Eviscerate"],"picked":"Calculated Gamble","floor":7.0},{"not_picked":["Prepared","Slice","Dagger Spray"],"picked":"SKIP","floor":8.0},{"not_picked":["Terror","Prepared","Underhanded Strike+1"],"picked":"SKIP","floor":11.0},{"not_picked":["Slice+1","Bouncing Flask","Finisher+1"],"picked":"SKIP","floor":12.0},{"not_picked":["Quick Slash+1","Prepared"],"picked":"Noxious Fumes","floor":14.0},{"not_picked":["Glass Knife+1","Phantasmal Killer"],"picked":"After Image","floor":16.0},{"not_picked":["Dodge and Roll","Dash+1","Predator+1"],"picked":"SKIP","floor":18.0},{"not_picked":["Bane+1","Sucker Punch+1","Deflect"],"picked":"SKIP","floor":21},{"not_picked":["Poisoned Stab+1","Riddle With Holes+1"],"picked":"PiercingWail","floor":22}],"player_experience":1421537,"relics_obtained":[{"floor":4.0,"key":"Centennial Puzzle"},{"floor":9.0,"key":"Snake Skull"},{"floor":11.0,"key":"Molten Egg 2"}],"event_choices":[{"damage_healed":0,"gold_gain":0,"player_choice":"Became a vampire","damage_taken":0,"max_hp_gain":0,"max_hp_loss":20,"event_name":"Vampires","floor":19,"gold_loss":0,"cards_obtained":["Bite","Bite","Bite","Bite","Bite"]},{"damage_healed":0,"gold_gain":0,"cards_transformed":["Defend_G"],"player_choice":"Transformed","damage_taken":0,"max_hp_gain":0,"max_hp_loss":0,"event_name":"Transmorgrifier","floor":20,"gold_loss":0,"cards_obtained":["Eviscerate"]}],"is_beta":false,"boss_relics":[{"not_picked":["Snecko Eye","Tiny House"],"picked":"HoveringKite"}],"items_purged_floors":[],"is_endless":false,"potions_floor_spawned":[1,5,7,12,16,22],"killed_by":"Book of Stabbing","ascension_level":20}}