{"host":"8ef2eyqaps3igadt","time":1611857799,"event":{"mods":["AchievementEnabler","Act Like it!","Aspiration","BaseMod","Better Altar","Better Match","Better Skull","Better Third Choice","Better Vampires","BetterRewards","Conspire","Curses Come First","Defuse TimeMaze Blight","Disable Question Mark Monsters","Displayed Cursed Tome","Energized Spire","Fox Events","GifTheSpireLib","Hallownest","Highlight Path","Hubris","Infinite Spire","Marked Mod","Mimic Mod","Minty Spire (QoL Compilation)","Quick Restart","Replay The Spire","Shop Mod","Spicy Shops","Spikes Relics","StS++","StSLib","Stuff the Spire","SuperFastMode","The Marked","Trackpad","Unceasing Turn Reminder","Virulent Crown","Wandering Minibosses"],"gold_per_floor":[112,112,37,37,37,37,37,63,63,63,63,73,90,119,119,218,218,199,213,213,213,231,257,272,272,306,306,306,338,338,357,357,455,455,467,467,467,479,527,538,538,19,19,19,35,62,78,103,103,103,103],"floor_reached":50,"language":"ENG","playtime":1486,"items_purged":["Pain"],"score":571,"play_id":"bbdf1f93-80a2-40e2-9eae-fc3a13fb99cb","local_time":"20210128191639","is_ascension_mode":false,"campfire_choices":[{"data":"Neutralize","floor":6.0,"key":"SMITH"},{"data":"Draining Mist","floor":11.0,"key":"SMITH"},{"data":"Deadly Poison","floor":15.0,"key":"SMITH"},{"floor":25.0,"key":"REST"},{"floor":27.0,"key":"REST"},{"floor":30.0,"key":"REST"},{"floor":32.0,"key":"REST"},{"floor":41.0,"key":"REST"},{"floor":49,"key":"REST"}],"circlet_count":0,"master_deck":["Strike_G","Strike_G","Strike_G","Strike_G","Strike_G","Defend_G","Defend_G","Defend_G","Defend_G","Defend_G","Survivor","Neutralize+1","StuffTheSpire:Python","Regret","Draining Mist+1","Terror","Blade Dance+1","Deadly Poison+1","Poison Darts","PiercingWail","Footwork","StSpp:PoisonousPunch","Poisoned Stab","Languid","infinitespire:Gouge","infinitespire:Neurotoxin","StuffTheSpire:BumpUp"],"relics":["Ring of the Snake","NeowsBlessing","BrokenLever","Blue Doll","VirulentCrownMod:VirulentCrown","trackpad:SappingStone","infinitespire:WardingShard","Busted Crown","hubris:Towel","WarpedTongs","Onion Ring","Eternal Feather","StSpp:TwinEgg","hubris:PeanutButter","ChewingGum","trackpad:ZombieHeart","MerchantsRug","Medical Kit","Replay:Multitool","Blood Vial","StSpp:BoiledEgg","ReplayTheSpireMod:Ninjato"],"acts_visited":["Exordium","TheCity","TheBeyond"],"potions_floor_usage":[48],"damage_taken":[{"damage":0.0,"enemies":"Small Slimes","floor":1.0,"turns":1.0},{"damage":0.0,"enemies":"Gremlin Nob","floor":8.0,"turns":1.0},{"damage":0.0,"enemies":"Cultist","floor":12.0,"turns":1.0},{"damage":5.0,"enemies":"conspire:RoseBush","floor":13.0,"turns":2.0},{"damage":24.0,"enemies":"Lagavulin","floor":14.0,"turns":4.0},{"damage":11.0,"enemies":"Slime Boss","floor":16.0,"turns":9.0},{"damage":11.0,"enemies":"2 Thieves","floor":18.0,"turns":4.0},{"damage":8.0,"enemies":"conspire:FuzzyDice","floor":19.0,"turns":6.0},{"damage":18.0,"enemies":"Sentry and Sphere","floor":22.0,"turns":6.0},{"damage":13.0,"enemies":"Slavers","floor":23.0,"turns":6.0},{"damage":18.0,"enemies":"Shelled Parasite and Fungi","floor":24.0,"turns":4.0},{"damage":10.0,"enemies":"Centurion and Healer","floor":26.0,"turns":5.0},{"damage":11.0,"enemies":"Nightmare","floor":29.0,"turns":5.0},{"damage":39.0,"enemies":"Centurion and Healer","floor":31.0,"turns":8.0},{"damage":18.0,"enemies":"conspire:MysteriousRune","floor":33.0,"turns":6.0},{"damage":0.0,"enemies":"3 Shapes","floor":35.0,"turns":5.0},{"damage":0.0,"enemies":"Orb Walker","floor":38.0,"turns":2.0},{"damage":31.0,"enemies":"2 Orb Walkers","floor":39.0,"turns":6.0},{"damage":6.0,"enemies":"Spire Growth","floor":40.0,"turns":4.0},{"damage":30.0,"enemies":"Transient","floor":45.0,"turns":6.0},{"damage":22.0,"enemies":"Nightmare","floor":46.0,"turns":6.0},{"damage":0,"enemies":"Maw","floor":47,"turns":6},{"damage":20,"enemies":"Reptomancer","floor":48,"turns":7},{"damage":55,"enemies":"hubris:GrandSnecko","floor":50,"turns":6}],"seed_played":"7692490464882795124","potions_obtained":[{"floor":13.0,"key":"Fruit Juice"},{"floor":14.0,"key":"Block Potion"},{"floor":16.0,"key":"StSpp:SecondWindPotion"},{"floor":19.0,"key":"Flashbang"},{"floor":22.0,"key":"FearPotion"},{"floor":24.0,"key":"EssenceOfSteel"},{"floor":48,"key":"Energy Potion"}],"is_trial":false,"path_per_floor":["M","?","?","$","?","R","$","E","T","?","R","M","M","E","R","B",null,"M","M","?","?","M","E","M","R","MIM","R","?","NM","R","M","R","B",null,"M","?","?","M","?","M","R","$","T","R","M","NM","M","E","R","B"],"character_chosen":"THE_SILENT","items_purchased":["MerchantsRug","Medical Kit","Replay:Multitool"],"campfire_rested":6,"item_purchase_floors":[42,42,42],"current_hp_per_floor":[70,70,70,70,70,70,70,70,70,67,67,67,62,43,43,32,75,64,56,56,56,38,25,7,29,19,53,53,42,75,36,73,55,75,75,75,75,75,44,39,76,76,76,76,47,28,31,14,53,0,0],"gold":103,"neow_bonus":"THREE_ENEMY_KILL","is_daily":false,"chose_seed":false,"campfire_upgraded":3,"win_rate":0.0,"timestamp":1611857799,"path_taken":["M","?","?","$","?","R","$","E","T","?","R","M","M","E","R","BOSS","M","M","?","?","?","E","M","R","MIM","R","?","NM","R","M","R","BOSS","M","?","?","M","?","M","R","$","T","R","M","NM","?","E","R","BOSS"],"items_purchased_type":["Relic","Relic","Relic"],"build_version":"2020-12-22","purchased_purges":1,"victory":false,"max_hp_per_floor":[70,70,70,70,70,70,70,70,70,70,70,70,70,75,75,75,75,75,75,75,75,75,75,75,75,75,75,75,75,75,75,75,75,75,75,75,75,75,75,76,76,76,76,76,77,78,79,80,80,80,80],"card_choices":[{"not_picked":["Flying Knee","Deflect"],"picked":"StuffTheSpire:Python","floor":1.0},{"not_picked":["Hidden Blade","InfectiousVector"],"picked":"Draining Mist","floor":8.0},{"not_picked":["StuffTheSpire:Injection","Well Laid Plans"],"picked":"Terror","floor":12.0},{"not_picked":["Quick Slash","hubris:Sniper"],"picked":"Blade Dance","floor":13.0},{"not_picked":["Endless Agony","hubris:Sniper"],"picked":"Deadly Poison","floor":14.0},{"not_picked":["aspiration:Lunge","Wraith Form v2"],"picked":"Poison Darts","floor":16.0},{"not_picked":[],"picked":"PiercingWail","floor":18.0},{"not_picked":[],"picked":"Footwork","floor":19.0},{"not_picked":[],"picked":"StSpp:PoisonousPunch","floor":22.0},{"not_picked":["Outmaneuver"],"picked":"SKIP","floor":23.0},{"not_picked":[],"picked":"Poisoned Stab","floor":24.0},{"not_picked":["infinitespire:DeathsTouch","infinitespire:SealOfDarkness+"],"picked":"infinitespire:Gouge","floor":29.0},{"not_picked":["Heel Hook"],"picked":"SKIP","floor":29.0},{"not_picked":["Outmaneuver"],"picked":"SKIP","floor":31.0},{"not_picked":[],"picked":"infinitespire:Neurotoxin","floor":33.0},{"not_picked":["StuffTheSpire:Python"],"picked":"SKIP","floor":35.0},{"not_picked":["Predator"],"picked":"SKIP","floor":38.0},{"not_picked":["Poisoned Stab"],"picked":"SKIP","floor":40.0},{"not_picked":["StSpp:CorrosivePoison"],"picked":"SKIP","floor":45.0},{"not_picked":["Quick Slash"],"picked":"SKIP","floor":46.0},{"not_picked":["StuffTheSpire:Repulse+1"],"picked":"SKIP","floor":47},{"not_picked":[],"picked":"StuffTheSpire:BumpUp","floor":48}],"player_experience":12953,"relics_obtained":[{"floor":8.0,"key":"Blue Doll"},{"floor":9.0,"key":"VirulentCrownMod:VirulentCrown"},{"floor":14.0,"key":"infinitespire:WardingShard"},{"floor":23.0,"key":"Onion Ring"},{"floor":26.0,"key":"Eternal Feather"},{"floor":26.0,"key":"StSpp:TwinEgg"},{"floor":29.0,"key":"hubris:PeanutButter"},{"floor":39.0,"key":"trackpad:ZombieHeart"},{"floor":43.0,"key":"Blood Vial"},{"floor":46.0,"key":"StSpp:BoiledEgg"},{"floor":48,"key":"ReplayTheSpireMod:Ninjato"}],"event_choices":[{"damage_healed":0.0,"max_hp_gain":0.0,"max_hp_loss":0.0,"gold_gain":0.0,"event_name":"NoteForYourself","player_choice":"Ignored","floor":2.0,"gold_loss":0.0,"damage_taken":0.0},{"damage_healed":0.0,"max_hp_gain":0.0,"max_hp_loss":0.0,"gold_gain":0.0,"event_name":"betterMatch:BetterMatch","player_choice":"3","floor":3.0,"gold_loss":0.0,"damage_taken":0.0,"cards_obtained":[]},{"damage_healed":0.0,"max_hp_gain":0.0,"max_hp_loss":0.0,"gold_gain":0.0,"event_name":"Big Fish","player_choice":"Box","floor":5.0,"gold_loss":0.0,"damage_taken":0.0,"relics_obtained":["BrokenLever"],"cards_obtained":["Regret"]},{"damage_healed":0.0,"max_hp_gain":0.0,"max_hp_loss":0.0,"gold_gain":0.0,"event_name":"betterThird:BetterScrap","player_choice":"Relic ","floor":10.0,"gold_loss":0.0,"damage_taken":3.0,"cards_obtained":["Replay:Anticipation"]},{"damage_healed":0.0,"max_hp_gain":0.0,"max_hp_loss":0.0,"gold_gain":0.0,"event_name":"Accursed Blacksmith","player_choice":"Rummage","floor":21.0,"gold_loss":0.0,"damage_taken":0.0,"relics_obtained":["WarpedTongs"],"cards_obtained":["Pain"]},{"damage_healed":0.0,"max_hp_gain":0.0,"max_hp_loss":0.0,"gold_gain":0.0,"event_name":"Tomb of Lord Red Mask","player_choice":"Ignored","floor":36.0,"gold_loss":0.0,"damage_taken":0.0},{"damage_healed":0.0,"max_hp_gain":0.0,"max_hp_loss":0.0,"gold_gain":0.0,"event_name":"conspire:Investor","player_choice":"Leave","floor":37.0,"gold_loss":0.0,"damage_taken":0.0},{"damage_healed":0.0,"max_hp_gain":0.0,"max_hp_loss":0.0,"gold_gain":0.0,"event_name":"Mysterious Sphere","player_choice":"Fight","floor":39.0,"gold_loss":0.0,"damage_taken":0.0}],"is_beta":false,"boss_relics":[{"not_picked":["hubris:RunicObelisk","Abe\u0027s Treasure"],"picked":"Busted Crown"},{"not_picked":["WristBlade","Ring of Chaos"],"picked":"ChewingGum"}],"items_purged_floors":[42],"is_endless":true,"potions_floor_spawned":[13,14,16,19,22,24,29,35,38,46,47,48],"killed_by":"hubris:GrandSnecko","ascension_level":0}}