{"host":"yuoancq4cku3x8wq","time":1611853574,"event":{"mods":["AchievementEnabler","BaseMod","Minty Spire (QoL Compilation)","Quick Restart","StSLib","SuperFastMode"],"gold_per_floor":[112,123,143,163,88,88,88,106,179,179,113,113,113,130,130,208,208,222,234,267,127,177,177,208,208,208,208,242,18,44,56,56,134,134,146,71,21,40,50,80,80,111,157,177,193,222,241,253,253,253,253,253,253,203,234,234],"floor_reached":57,"language":"ZHS","playtime":2593,"items_purged":["Strike_G","Defend_G","Defend_G","Defend_G","A Thousand Cuts+1"],"score":3034,"play_id":"487be224-efbe-4121-b868-ed9e6dc6e39a","local_time":"20210129010614","is_ascension_mode":true,"campfire_choices":[{"data":"Phantasmal Killer","floor":6.0,"key":"SMITH"},{"floor":12.0,"key":"REST"},{"data":"A Thousand Cuts","floor":15.0,"key":"SMITH"},{"data":"Acrobatics","floor":23.0,"key":"SMITH"},{"data":"Accuracy","floor":25.0,"key":"SMITH"},{"floor":27.0,"key":"REST"},{"data":"Footwork","floor":32.0,"key":"SMITH"},{"data":"Reflex","floor":41.0,"key":"SMITH"},{"floor":49.0,"key":"RECALL"},{"data":"Neutralize","floor":53.0,"key":"SMITH"}],"circlet_count":0,"master_deck":["AscendersBane","Survivor","Neutralize+1","Master of Strategy","Footwork+1","Blade Dance+1","Phantasmal Killer+1","Acrobatics+1","After Image","Footwork+1","Backflip+1","Tools of the Trade+1","Accuracy+1","After Image","Blur","Finesse","Crippling Poison","Venomology","Reflex+1","Escape Plan","After Image","Prepared+1"],"relics":["Ring of the Snake","Shuriken","Astrolabe","Red Mask","Mango","Pantograph","Potion Belt","Smiling Mask","Runic Dome","Happy Flower","Art of War","Ancient Tea Set","Bag of Marbles"],"acts_visited":["Exordium","TheCity","TheBeyond","TheEnding"],"potions_floor_usage":[56,56,56,56],"damage_taken":[{"damage":1.0,"enemies":"Cultist","floor":1.0,"turns":6.0},{"damage":0.0,"enemies":"2 Louse","floor":2.0,"turns":5.0},{"damage":12.0,"enemies":"Jaw Worm","floor":3.0,"turns":7.0},{"damage":14.0,"enemies":"3 Louse","floor":4.0,"turns":5.0},{"damage":0.0,"enemies":"Exordium Wildlife","floor":8.0,"turns":4.0},{"damage":0.0,"enemies":"2 Fungi Beasts","floor":14.0,"turns":2.0},{"damage":14.0,"enemies":"Hexaghost","floor":16.0,"turns":8.0},{"damage":4.0,"enemies":"Shell Parasite","floor":18.0,"turns":6.0},{"damage":0.0,"enemies":"Chosen","floor":19.0,"turns":5.0},{"damage":0.0,"enemies":"Masked Bandits","floor":20.0,"turns":3.0},{"damage":16.0,"enemies":"Slavers","floor":24.0,"turns":8.0},{"damage":17.0,"enemies":"Book of Stabbing","floor":28.0,"turns":5.0},{"damage":0.0,"enemies":"Gremlin Leader","floor":30.0,"turns":6.0},{"damage":0.0,"enemies":"Centurion and Healer","floor":31.0,"turns":6.0},{"damage":21.0,"enemies":"Collector","floor":33.0,"turns":8.0},{"damage":0.0,"enemies":"3 Darklings","floor":35.0,"turns":3.0},{"damage":0.0,"enemies":"3 Shapes","floor":38.0,"turns":5.0},{"damage":12.0,"enemies":"3 Darklings","floor":39.0,"turns":5.0},{"damage":0.0,"enemies":"Giant Head","floor":40.0,"turns":4.0},{"damage":0.0,"enemies":"Reptomancer","floor":42.0,"turns":3.0},{"damage":6.0,"enemies":"Transient","floor":44.0,"turns":6.0},{"damage":0.0,"enemies":"Writhing Mass","floor":45.0,"turns":5.0},{"damage":0.0,"enemies":"Giant Head","floor":46.0,"turns":4.0},{"damage":0.0,"enemies":"Maw","floor":47.0,"turns":7.0},{"damage":0.0,"enemies":"Spire Growth","floor":48.0,"turns":5.0},{"damage":23.0,"enemies":"Donu and Deca","floor":50.0,"turns":5.0},{"damage":18.0,"enemies":"Time Eater","floor":51.0,"turns":10.0},{"damage":0.0,"enemies":"Shield and Spear","floor":55.0,"turns":5.0},{"damage":43,"enemies":"The Heart","floor":56,"turns":7}],"seed_played":"3869939770976429142","potions_obtained":[{"floor":8.0,"key":"Ancient Potion"},{"floor":14.0,"key":"SkillPotion"},{"floor":20.0,"key":"Weak Potion"},{"floor":24.0,"key":"Ancient Potion"},{"floor":30.0,"key":"SkillPotion"},{"floor":44.0,"key":"Fruit Juice"},{"floor":45.0,"key":"Energy Potion"}],"is_trial":false,"path_per_floor":["M","M","M","M","$","R","?","M","T","?","?","R","?","M","R","B",null,"M","M","?","$","?","R","E","R","T","R","E","$","E","M","R","B",null,"M","?","$","M","M","E","R","E","T","M","M","E","M","M","R","B","B",null,"R","$","E","B",null],"character_chosen":"THE_SILENT","items_purchased":["Blur","Finesse"],"campfire_rested":2,"item_purchase_floors":[21,29],"current_hp_per_floor":[58,58,46,32,32,32,14,14,14,7,7,25,25,25,25,11,48,44,44,44,44,44,44,42,42,42,64,47,47,47,47,47,51,68,68,68,68,68,56,56,56,56,56,55,55,55,69,69,69,56,61,75,75,75,75,36],"gold":234,"neow_bonus":"RANDOM_COLORLESS_2","is_daily":false,"chose_seed":false,"campfire_upgraded":7,"win_rate":0.0,"timestamp":1611853574,"path_taken":["M","M","?","M","$","R","?","M","T","?","?","R","?","M","R","BOSS","M","M","?","$","?","R","E","R","T","R","E","?","E","M","R","BOSS","M","?","$","?","M","E","R","E","T","M","M","E","M","M","R","BOSS","BOSS","R","$","E","BOSS"],"items_purchased_type":["Card","Card"],"build_version":"2020-12-22","purchased_purges":5,"victory":true,"max_hp_per_floor":[60,60,60,60,60,60,60,60,60,60,60,60,60,60,60,60,60,60,60,60,60,60,60,74,74,74,74,74,74,74,74,74,74,74,74,74,74,74,74,74,74,74,74,79,79,79,79,79,79,79,79,79,79,79,79,79],"card_choices":[{"not_picked":["Secret Technique","Chrysalis"],"picked":"Master of Strategy","floor":0.0},{"not_picked":["Sucker Punch","Bane"],"picked":"Footwork","floor":1.0},{"not_picked":["PiercingWail","Escape Plan"],"picked":"Blade Dance","floor":2.0},{"not_picked":["Bouncing Flask","All Out Attack"],"picked":"Phantasmal Killer","floor":3.0},{"not_picked":["Bane","Deadly Poison"],"picked":"Acrobatics","floor":4.0},{"not_picked":["Finisher","Deadly Poison","Acrobatics"],"picked":"SKIP","floor":8.0},{"not_picked":["Dagger Spray","Underhanded Strike"],"picked":"A Thousand Cuts","floor":14.0},{"not_picked":["Glass Knife","Bullet Time"],"picked":"After Image","floor":16.0},{"not_picked":["Dodge and Roll","Outmaneuver","Poisoned Stab"],"picked":"SKIP","floor":18.0},{"not_picked":["Sucker Punch","Skewer"],"picked":"Accuracy","floor":19.0},{"not_picked":["Quick Slash","Dodge and Roll"],"picked":"After Image","floor":20.0},{"not_picked":["Bane","Deadly Poison","Acrobatics"],"picked":"SKIP","floor":24.0},{"not_picked":["Sucker Punch","Accuracy","Flying Knee+1"],"picked":"SKIP","floor":28.0},{"not_picked":["Storm of Steel","Infinite Blades","Night Terror"],"picked":"SKIP","floor":30.0},{"not_picked":["Dash","Bane","Riddle With Holes+1"],"picked":"SKIP","floor":31.0},{"not_picked":["Bane","Crippling Poison","Dagger Throw"],"picked":"SKIP","floor":35.0},{"not_picked":["Dagger Throw+1","Acrobatics","Noxious Fumes+1"],"picked":"SKIP","floor":38.0},{"not_picked":["Slice","Caltrops"],"picked":"Reflex","floor":39.0},{"not_picked":["Footwork","Finisher+1"],"picked":"Escape Plan","floor":40.0},{"not_picked":["Acrobatics","Poisoned Stab","Deadly Poison"],"picked":"SKIP","floor":42.0},{"not_picked":["Underhanded Strike+1","Heel Hook","Dash"],"picked":"SKIP","floor":44.0},{"not_picked":["Deflect","Endless Agony+1","PiercingWail"],"picked":"SKIP","floor":45.0},{"not_picked":["Acrobatics","Setup","Choke"],"picked":"SKIP","floor":46.0},{"not_picked":["Riddle With Holes","Noxious Fumes+1"],"picked":"After Image","floor":47.0},{"not_picked":["Outmaneuver+1","Quick Slash+1"],"picked":"Prepared+1","floor":48.0},{"not_picked":["Bane","Eviscerate","Endless Agony"],"picked":"SKIP","floor":55.0}],"player_experience":309846,"relics_obtained":[{"floor":9.0,"key":"Shuriken"},{"floor":20.0,"key":"Red Mask"},{"floor":24.0,"key":"Mango"},{"floor":26.0,"key":"Pantograph"},{"floor":28.0,"key":"Potion Belt"},{"floor":30.0,"key":"Smiling Mask"},{"floor":40.0,"key":"Happy Flower"},{"floor":42.0,"key":"Art of War"},{"floor":46.0,"key":"Ancient Tea Set"},{"floor":55.0,"key":"Bag of Marbles"}],"event_choices":[{"damage_healed":0.0,"max_hp_gain":0.0,"max_hp_loss":0.0,"gold_gain":0.0,"event_name":"Shining Light","player_choice":"Entered Light","floor":7.0,"gold_loss":0.0,"damage_taken":18.0,"cards_upgraded":["Strike_G","Blade Dance"]},{"cards_removed":["Strike_G"],"damage_healed":0.0,"max_hp_gain":0.0,"max_hp_loss":0.0,"gold_gain":0.0,"event_name":"Golden Wing","player_choice":"Card Removal","floor":10.0,"gold_loss":0.0,"damage_taken":7.0},{"damage_healed":0.0,"max_hp_gain":0.0,"max_hp_loss":0.0,"gold_gain":0.0,"event_name":"World of Goop","player_choice":"Left Gold","floor":11.0,"gold_loss":66.0,"damage_taken":0.0},{"damage_healed":0.0,"max_hp_gain":0.0,"max_hp_loss":0.0,"gold_gain":0.0,"event_name":"Scrap Ooze","player_choice":"Fled","floor":13.0,"gold_loss":0.0,"damage_taken":0.0},{"damage_healed":0.0,"max_hp_gain":0.0,"max_hp_loss":0.0,"gold_gain":0.0,"event_name":"Masked Bandits","player_choice":"Fought Bandits","floor":20.0,"gold_loss":0.0,"damage_taken":0.0},{"damage_healed":0.0,"max_hp_gain":0.0,"max_hp_loss":0.0,"gold_gain":50.0,"event_name":"Nest","player_choice":"Stole From Cult","floor":22.0,"gold_loss":0.0,"damage_taken":0.0},{"damage_healed":0.0,"max_hp_gain":0.0,"max_hp_loss":0.0,"gold_gain":0.0,"cards_transformed":["Defend_G","Defend_G"],"event_name":"Designer","player_choice":"Transformed Cards","floor":36.0,"gold_loss":75.0,"damage_taken":0.0,"cards_obtained":["Crippling Poison","Venomology"]}],"is_beta":false,"boss_relics":[{"not_picked":["Runic Pyramid","Busted Crown"],"picked":"Astrolabe"},{"not_picked":["Sozu","Snecko Eye"],"picked":"Runic Dome"}],"items_purged_floors":[5,21,29,37,54],"is_endless":false,"potions_floor_spawned":[8,14,20,24,30,40,44,45,46,48],"ascension_level":20}}