{"host":"gqcohn9v5baj3dmw","time":1611799128,"event":{"mods":["BaseMod","Better Note","Better Sensory Stone","Better Skull","Colored Map","Downfall","Marked Mod","Minty Spire (QoL Compilation)","Rare Cards Sparkle","Relic Stats","StSLib"],"gold_per_floor":[99,112,127,139,155,155,180,12,112,112,131,149,149,169,182,182,182,182],"floor_reached":16,"language":"ENG","playtime":794,"items_purged":["bronze:Strike"],"score":106,"play_id":"2271786a-8a64-41d3-9c01-ffed6c839483","local_time":"20210128025848","is_ascension_mode":true,"campfire_choices":[{"data":"bronze:RecursiveStrike","floor":1,"key":"SMITH"},{"data":"bronze:Frontload","floor":10,"key":"SMITH"},{"floor":13,"key":"REST"}],"circlet_count":0,"master_deck":["bronze:Strike","bronze:Strike","bronze:Strike","bronze:Defend","bronze:Defend","bronze:Defend","bronze:Defend","bronze:Replicate","bronze:Goto","bronze:RecursiveStrike+1","bronze:ForLoop","bronze:Branch","bronze:Frontload+1","bronze:Frontload","bronze:ClassDefault","bronze:Overheat"],"relics":["bronze:BronzeCore","MawBank","Toy Ornithopter"],"acts_visited":["Exordium"],"potions_floor_usage":[5,11,16,16],"damage_taken":[{"damage":0,"enemies":"Cultist","floor":2,"turns":3},{"damage":0,"enemies":"2 Louse","floor":3,"turns":3},{"damage":12,"enemies":"Jaw Worm","floor":4,"turns":2},{"damage":20,"enemies":"Exordium Thugs","floor":5,"turns":4},{"damage":5,"enemies":"downfall:FleeingMerchant","floor":8,"turns":4},{"damage":0,"enemies":"downfall:LadyInBlue","floor":9,"turns":5},{"damage":5,"enemies":"Lots of Slimes","floor":11,"turns":6},{"damage":0,"enemies":"Exordium Wildlife","floor":12,"turns":6},{"damage":0,"enemies":"Large Slime","floor":14,"turns":5},{"damage":0,"enemies":"2 Fungi Beasts","floor":15,"turns":2},{"damage":63,"enemies":"DF_ARCHETYPE_STREAMLINE","floor":16,"turns":14}],"seed_played":"3209702677106264967","potions_obtained":[{"floor":4,"key":"Weak Potion"},{"floor":5,"key":"Fire Potion"},{"floor":9,"key":"DistilledChaos"},{"floor":9,"key":"SteroidPotion"},{"floor":14,"key":"ColorlessPotion"}],"is_trial":false,"path_per_floor":["R","M","M","M","M","?","T","$","?","R","M","M","R","M","M","B"],"character_chosen":"THE_AUTOMATON","items_purchased":["bronze:Frontload","bronze:ClassDefault"],"campfire_rested":1,"item_purchase_floors":[8,8],"current_hp_per_floor":[63,63,63,51,31,31,31,26,26,26,26,26,44,44,44,0,0,0],"gold":182,"neow_bonus":"THREE_RARE_CARDS","is_daily":false,"chose_seed":false,"campfire_upgraded":2,"win_rate":0.0,"timestamp":1611799128,"path_taken":["R","M","M","?","M","?","T","$","?","R","M","?","R","M","M","BOSS"],"items_purchased_type":["Card","Card"],"build_version":"2020-12-22","purchased_purges":1,"victory":false,"max_hp_per_floor":[63,63,63,63,63,63,63,63,63,63,63,63,63,63,63,63,63,63],"relic_stats":{"counters":[11,54],"MawBank":12,"obtain_stats":[{"bronze:BronzeCore":0,"MawBank":7,"Toy Ornithopter":9},{"bronze:BronzeCore":0,"MawBank":4,"Toy Ornithopter":6},{"bronze:BronzeCore":0,"MawBank":12,"Toy Ornithopter":21}],"Toy Ornithopter":15},"card_choices":[{"not_picked":["bronze:Verify","bronze:Hardcode"],"picked":"bronze:RecursiveStrike","floor":0},{"not_picked":["bronze:BitShift","bronze:GetLatest"],"picked":"bronze:ForLoop","floor":2},{"not_picked":["bronze:FollowUp","bronze:BuggyMess","bronze:Separator"],"picked":"SKIP","floor":3},{"not_picked":["bronze:Turbo","bronze:InfiniteBeams","bronze:DelayedSlice"],"picked":"SKIP","floor":4},{"not_picked":["bronze:Overload","bronze:InfiniteBeams"],"picked":"bronze:Branch","floor":5},{"not_picked":["bronze:Overheat","bronze:MaxOutput"],"picked":"bronze:Frontload","floor":8},{"not_picked":["bronze:BitShift","bronze:WildBeam","bronze:FineTuning"],"picked":"SKIP","floor":11},{"not_picked":["bronze:Philosophize","bronze:Overheat","bronze:Shield"],"picked":"SKIP","floor":12},{"not_picked":["bronze:NullPointer","bronze:Mutator","bronze:DigitalCarnage"],"picked":"SKIP","floor":14},{"not_picked":["bronze:BuggyMess","bronze:DarkDash"],"picked":"bronze:Overheat","floor":15}],"player_experience":541911,"relics_obtained":[{"floor":7,"key":"MawBank"},{"floor":9,"key":"Toy Ornithopter"}],"event_choices":[{"damage_healed":0,"gold_gain":1,"player_choice":"1","damage_taken":0,"max_hp_gain":0,"max_hp_loss":0,"event_name":"betterStone:BetterStone","floor":6,"gold_loss":0}],"is_beta":false,"boss_relics":[],"items_purged_floors":[8],"is_endless":false,"potions_floor_spawned":[4,5,14],"killed_by":"DF_ARCHETYPE_STREAMLINE","ascension_level":2}}