{"host":"aukiz5jlacd3g5yc","time":1611801910,"event":{"mods":["2.2 Compatiblity","BaseMod","Bestiary","Colored Map","Colored Powertips","Downfall","GifTheSpireLib","Minty Spire (QoL Compilation)","Permanent Neow","Quick Restart","Random Character Button","Rare Cards Sparkle","Relic Sorter","Relic Stats","Replay The Spire","StSLib","everything is the same but u backflip on backflip","slay the spire mod where everything is the same but ironclad has a cowboy hat"],"gold_per_floor":[109,121,121,121,121,121,136,175,175,175,175],"floor_reached":10,"language":"ENG","playtime":296,"items_purged":[],"score":69,"play_id":"7bc60160-818e-4365-ab6e-892675ae87f7","local_time":"20210127204510","is_ascension_mode":true,"campfire_choices":[{"data":"Judgement","floor":6,"key":"SMITH"}],"circlet_count":0,"master_deck":["Strike_P","Strike_P+1","Strike_P","Strike_P","Defend_P+1","Defend_P","Defend_P","Defend_P","Eruption","Vigilance","Judgement+1","CutThroughFate","Tantrum","TalkToTheHand"],"relics":["PureWater","Golden Idol","Tiny Chest","Letter Opener"],"acts_visited":["Exordium"],"potions_floor_usage":[],"damage_taken":[{"damage":0,"enemies":"Small Slimes","floor":1,"turns":2},{"damage":0,"enemies":"2 Louse","floor":2,"turns":3},{"damage":0,"enemies":"Cultist","floor":7,"turns":3},{"damage":36,"enemies":"Lagavulin","floor":8,"turns":5},{"damage":20,"enemies":"3 Sentries","floor":10,"turns":3}],"seed_played":"-6397365932069015372","potions_obtained":[{"floor":1,"key":"Dexterity Potion"},{"floor":8,"key":"Toxic Potion"}],"is_trial":false,"path_per_floor":["M","M","?","?","?","R","M","E","T","E"],"character_chosen":"WATCHER","items_purchased":[],"campfire_rested":0,"item_purchase_floors":[],"current_hp_per_floor":[72,72,67,54,54,54,54,18,18,0,0],"gold":175,"neow_bonus":"ONE_RANDOM_RARE_CARD","is_daily":false,"chose_seed":false,"campfire_upgraded":1,"win_rate":0.0,"timestamp":1611801910,"path_taken":["M","M","?","?","?","R","M","E","T","E"],"items_purchased_type":[],"build_version":"2020-12-22","purchased_purges":0,"victory":false,"max_hp_per_floor":[72,72,67,67,67,67,67,67,67,67,67],"relic_stats":{"counters":[5,16],"Golden Idol":11,"Tiny Chest":0,"Letter Opener":[10],"obtain_stats":[{"Golden Idol":3,"Tiny Chest":8,"Letter Opener":9,"PureWater":0},{"Golden Idol":2,"Tiny Chest":4,"Letter Opener":4,"PureWater":0},{"Golden Idol":5,"Tiny Chest":13,"Letter Opener":13,"PureWater":0}]},"card_choices":[{"not_picked":["Nirvana","Protect"],"picked":"CutThroughFate","floor":1},{"not_picked":["FollowUp","Replay:BluntJabs"],"picked":"Tantrum","floor":2},{"not_picked":["Protect","CrushJoints","Evaluate"],"picked":"SKIP","floor":7},{"not_picked":["Weave","Evaluate"],"picked":"TalkToTheHand","floor":8}],"player_experience":362303,"relics_obtained":[{"floor":8,"key":"Tiny Chest"},{"floor":9,"key":"Letter Opener"}],"event_choices":[{"damage_healed":0,"gold_gain":0,"player_choice":"Lose Max HP","damage_taken":0,"relics_obtained":["Golden Idol"],"max_hp_gain":0,"max_hp_loss":5,"event_name":"Golden Idol","floor":3,"gold_loss":0},{"damage_healed":0,"gold_gain":0,"player_choice":"Entered Light","damage_taken":13,"max_hp_gain":0,"max_hp_loss":0,"event_name":"Shining Light","floor":4,"gold_loss":0,"cards_upgraded":["Defend_P","Strike_P"]},{"damage_healed":0,"gold_gain":0,"player_choice":"Ignored","damage_taken":0,"max_hp_gain":0,"max_hp_loss":0,"event_name":"Liars Game","floor":5,"gold_loss":0}],"is_beta":false,"boss_relics":[],"items_purged_floors":[],"is_endless":false,"potions_floor_spawned":[1,8],"killed_by":"3 Sentries","ascension_level":1}}