{"host":"pf47v7h0307523iy","time":1611851379,"event":{"mods":["BaseMod","Minty Spire (QoL Compilation)","Relic Stats"],"gold_per_floor":[115,135,135,146,159,159,179,211,282,282,312,364,51,68,68,143,143,157,127,127,127,141,141,141,141],"floor_reached":24,"language":"ENG","playtime":3424,"items_purged":["Strike_G"],"score":396,"play_id":"f3b3e1df-0773-45a7-88d5-dbdb2285b511","local_time":"20210128182939","is_ascension_mode":true,"campfire_choices":[{"data":"Crippling Poison","floor":6.0,"key":"SMITH"},{"floor":10.0,"key":"REST"},{"data":"Dagger Spray","floor":15.0,"key":"SMITH"},{"floor":23,"key":"REST"}],"circlet_count":0,"master_deck":["AscendersBane","Strike_G+1","Strike_G+1","Strike_G","Strike_G","Defend_G","Defend_G","Defend_G+1","Defend_G","Defend_G","Survivor","Neutralize","Dagger Spray+1","Crippling Poison+1","Well Laid Plans","Backstab","Dagger Throw","Dash+1","Envenom","Deadly Poison+1","RitualDagger"],"relics":["Ring of the Serpent","Blood Vial","Bottled Flame","The Courier","Lantern","Snake Skull","Whetstone","Nilry\u0027s Codex"],"acts_visited":["Exordium","TheCity"],"potions_floor_usage":[16,18,22,24],"damage_taken":[{"damage":6.0,"enemies":"Cultist","floor":1.0,"turns":5.0},{"damage":1.0,"enemies":"2 Louse","floor":2.0,"turns":3.0},{"damage":1.0,"enemies":"Jaw Worm","floor":4.0,"turns":4.0},{"damage":0.0,"enemies":"Exordium Thugs","floor":5.0,"turns":5.0},{"damage":0.0,"enemies":"3 Louse","floor":7.0,"turns":2.0},{"damage":37.0,"enemies":"3 Sentries","floor":8.0,"turns":11.0},{"damage":0.0,"enemies":"Large Slime","floor":14.0,"turns":4.0},{"damage":17,"enemies":"Slime Boss","floor":16,"turns":7},{"damage":0,"enemies":"Chosen","floor":18,"turns":3},{"damage":10,"enemies":"2 Thieves","floor":19,"turns":4},{"damage":5,"enemies":"Centurion and Healer","floor":22,"turns":6},{"damage":43,"enemies":"Slavers","floor":24,"turns":2}],"seed_played":"-8504944656757457761","potions_obtained":[{"floor":4.0,"key":"Weak Potion"},{"floor":8.0,"key":"FearPotion"},{"floor":16,"key":"Explosive Potion"},{"floor":22,"key":"Swift Potion"}],"is_trial":false,"path_per_floor":["M","M","?","M","M","R","M","E","T","R","?","T","$","M","R","B",null,"M","M","?","?","M","R","E"],"character_chosen":"THE_SILENT","items_purchased":["Snake Skull","Whetstone"],"campfire_rested":2,"item_purchase_floors":[13,13],"current_hp_per_floor":[55,56,36,37,39,39,41,6,6,25,25,25,25,27,27,12,53,55,47,41,20,17,36,0,0],"gold":141,"neow_bonus":"RANDOM_COMMON_RELIC","is_daily":false,"chose_seed":false,"campfire_upgraded":2,"win_rate":0.0,"timestamp":1611851379,"path_taken":["M","M","?","M","M","R","M","E","T","R","?","?","$","M","R","BOSS","M","M","?","?","M","R","E"],"items_purchased_type":["Relic","Relic"],"build_version":"2020-12-22","purchased_purges":1,"victory":false,"max_hp_per_floor":[66,66,66,66,66,66,66,66,66,66,66,66,66,66,66,66,66,66,66,66,66,66,66,66,66],"relic_stats":{"Blood Vial":24,"counters":[12,56],"Snake Skull":[32],"Whetstone":["Dash","Strike_G"],"obtain_stats":[{"Blood Vial":0,"Bottled Flame":8,"Lantern":12,"Nilry\u0027s Codex":21,"The Courier":9,"Snake Skull":13,"Whetstone":13,"Ring of the Serpent":17,"Ring of the Snake":0},{"Blood Vial":0,"Bottled Flame":6,"Lantern":6,"Nilry\u0027s Codex":10,"The Courier":6,"Snake Skull":6,"Whetstone":6,"Ring of the Serpent":8,"Ring of the Snake":0},{"Blood Vial":0,"Bottled Flame":30,"Lantern":30,"Nilry\u0027s Codex":48,"The Courier":30,"Snake Skull":30,"Whetstone":30,"Ring of the Serpent":41,"Ring of the Snake":0}]},"card_choices":[{"not_picked":["Prepared","Tactician"],"picked":"Dagger Spray","floor":1.0},{"not_picked":["Bane","Dagger Spray"],"picked":"Crippling Poison","floor":2.0},{"not_picked":["Flechettes","Dagger Spray"],"picked":"Well Laid Plans","floor":4.0},{"not_picked":["Riddle With Holes","Blade Dance"],"picked":"Backstab","floor":5.0},{"not_picked":["Acrobatics","Underhanded Strike"],"picked":"Dagger Throw","floor":7.0},{"not_picked":["Deadly Poison","Blade Dance"],"picked":"Dash","floor":8.0},{"not_picked":["Riddle With Holes","Phantasmal Killer","Infinite Blades"],"picked":"SKIP","floor":14.0},{"not_picked":["Bullet Time","Grand Finale"],"picked":"Envenom","floor":16},{"not_picked":["Poisoned Stab","Prepared"],"picked":"Deadly Poison+1","floor":18},{"not_picked":["Underhanded Strike+1","Choke","Bouncing Flask"],"picked":"SKIP","floor":19},{"not_picked":["Slice","Blade Dance","Calculated Gamble"],"picked":"SKIP","floor":22}],"player_experience":1702799,"relics_obtained":[{"floor":8.0,"key":"Bottled Flame"},{"floor":9.0,"key":"The Courier"},{"floor":12.0,"key":"Lantern"},{"floor":21,"key":"Nilry\u0027s Codex"}],"event_choices":[{"damage_healed":0.0,"max_hp_gain":0.0,"max_hp_loss":0.0,"gold_gain":0.0,"event_name":"Shining Light","player_choice":"Entered Light","floor":3.0,"gold_loss":0.0,"damage_taken":20.0,"cards_upgraded":["Strike_G","Defend_G"]},{"damage_healed":0.0,"max_hp_gain":0.0,"max_hp_loss":0.0,"gold_gain":30.0,"event_name":"Dead Adventurer","player_choice":"Searched \u00272\u0027 times","floor":11.0,"gold_loss":0.0,"damage_taken":0.0},{"damage_healed":0,"gold_gain":0,"player_choice":"Joined the Cult","damage_taken":6,"max_hp_gain":0,"max_hp_loss":0,"event_name":"Nest","floor":20,"gold_loss":0,"cards_obtained":["RitualDagger"]},{"damage_healed":0,"gold_gain":0,"player_choice":"Obtained Book","damage_taken":21,"max_hp_gain":0,"max_hp_loss":0,"event_name":"Cursed Tome","floor":21,"gold_loss":0}],"is_beta":false,"boss_relics":[{"not_picked":["HoveringKite","Fusion Hammer"],"picked":"Ring of the Serpent"}],"items_purged_floors":[13],"is_endless":false,"potions_floor_spawned":[4,8,16,22],"killed_by":"Slavers","ascension_level":20}}