{"host":"zwuytn9vh5b8tdl7","time":1611877327,"event":{"mods":["AchievementEnabler","BaseMod","Colored Powertips","GifTheSpireLib","Minty Spire (QoL Compilation)","Rare Cards Sparkle","StSLib","The Animator"],"gold_per_floor":[109,109,109,152,126,126,137,181,206,227,227,142,152,165,165,274,374,402,425,40,58,58,58,71,90,115,115,115],"floor_reached":27,"language":"ENG","playtime":1360,"items_purged":[],"score":213,"play_id":"1aceb153-312d-4f25-b6e1-3032bbe3b2f9","local_time":"20210128184207","is_ascension_mode":false,"campfire_choices":[{"floor":6,"key":"REST"},{"floor":11,"key":"REST"},{"floor":15,"key":"REST"},{"floor":23,"key":"REST"}],"circlet_count":0,"master_deck":["animator:Strike_Fate","animator:Strike","animator:Strike","animator:Strike","animator:Defend+1","animator:Defend","animator:Defend","animator:Alexander","animator:Rider+1","animator:Vanir+1","animator:Shinoa","animator:Tet","animator:ShinjiMatou","animator:Mitsurugi","animator:MisakiNakahara","animator:EmiyaShirou","animator:YunYun","animator:Gilgamesh+5","CurseOfTheBell","animator:OrikoMikuni","animator:HiiragiShinya","animator:Canti","animator:Zero","animator:Viivi","animator:Illya+1"],"relics":["animator:LivingPicture","animator:TheMissingPiece","Incense Burner","Mercury Hourglass","War Paint","Odd Mushroom","Calling Bell","Regal Pillow","Singing Bowl","animator:AlchemistGlove","Shovel","Letter Opener"],"acts_visited":["Exordium","TheCity"],"potions_floor_usage":[16,25,27,27,27,27,27],"damage_taken":[{"damage":11,"enemies":"Jaw Worm","floor":1,"turns":4},{"damage":5,"enemies":"Small Slimes","floor":7,"turns":3},{"damage":45,"enemies":"3 Sentries","floor":8,"turns":9},{"damage":2,"enemies":"The Mushroom Lair","floor":10,"turns":3},{"damage":0,"enemies":"2 Louse","floor":13,"turns":2},{"damage":0,"enemies":"Looter","floor":14,"turns":3},{"damage":20,"enemies":"Slime Boss","floor":16,"turns":8},{"damage":23,"enemies":"3 Byrds","floor":18,"turns":3},{"damage":11,"enemies":"Chosen","floor":19,"turns":5},{"damage":17,"enemies":"Snake Plant","floor":21,"turns":4},{"damage":20,"enemies":"Centurion and Healer","floor":24,"turns":5},{"damage":9,"enemies":"Snecko","floor":25,"turns":5},{"damage":22,"enemies":"Snake Plant","floor":27,"turns":2}],"seed_played":"776358752396538500","potions_obtained":[{"floor":13,"key":"LiquidBronze"},{"floor":14,"key":"Swift Potion"},{"floor":18,"key":"SkillPotion"},{"floor":19,"key":"EntropicBrew"},{"floor":25,"key":"Weak Potion"}],"is_trial":false,"path_per_floor":["M","$","?","?","$","R","M","E","T","?","R","$","M","M","R","B",null,"M","M","$","M","?","R","M","M","T","M"],"character_chosen":"THE_ANIMATOR","items_purchased":["animator:Shinoa","animator:MisakiNakahara","Shovel","animator:Canti"],"campfire_rested":4,"item_purchase_floors":[5,12,20,20],"current_hp_per_floor":[49,49,49,49,49,60,55,10,10,8,26,26,27,27,45,25,61,38,27,27,10,10,43,23,19,19,0,0],"gold":115,"neow_bonus":"ONE_RARE_RELIC","is_daily":false,"chose_seed":false,"campfire_upgraded":0,"win_rate":0.0,"timestamp":1611877327,"path_taken":["M","$","?","?","$","R","M","E","T","?","R","$","M","M","R","BOSS","M","M","$","M","?","R","?","M","T","M"],"items_purchased_type":["Card","Card","Relic","Card"],"build_version":"2020-12-22","purchased_purges":0,"victory":false,"max_hp_per_floor":[60,60,60,60,60,60,60,60,60,60,60,60,61,61,61,61,61,61,61,61,61,61,61,61,62,62,62,62],"card_choices":[{"not_picked":["animator:Alexander","animator:Layla"],"picked":"animator:Vanir","floor":1},{"not_picked":["animator:FielNirvalen","animator:HiiragiShinya"],"picked":"animator:Tet","floor":7},{"not_picked":["animator:Aqua","animator:Assassin"],"picked":"animator:ShinjiMatou","floor":8},{"not_picked":["animator:Gillette","animator:Guy"],"picked":"animator:Mitsurugi","floor":10},{"not_picked":["animator:Alexander","animator:Illya"],"picked":"animator:EmiyaShirou","floor":13},{"not_picked":["animator:YachiyoNanami","animator:OrikoMikuni"],"picked":"animator:YunYun","floor":14},{"not_picked":["animator:FeridBathory","animator:Saitama"],"picked":"animator:Gilgamesh","floor":16},{"not_picked":["animator:Tet","animator:Chris"],"picked":"animator:OrikoMikuni","floor":18},{"not_picked":["animator:Illya","animator:Tatsumaki"],"picked":"animator:HiiragiShinya","floor":19},{"not_picked":["animator:Aqua","animator:Darkness"],"picked":"animator:Eris","floor":21},{"not_picked":["animator:Alexander","animator:MamiTomoe"],"picked":"animator:Viivi","floor":24},{"not_picked":["animator:Tet","animator:Fredrika+1"],"picked":"animator:Illya+1","floor":25}],"player_experience":342914,"relics_obtained":[{"floor":8,"key":"Mercury Hourglass"},{"floor":9,"key":"War Paint"},{"floor":10,"key":"Odd Mushroom"},{"floor":17,"key":"Regal Pillow"},{"floor":17,"key":"Singing Bowl"},{"floor":17,"key":"animator:AlchemistGlove"},{"floor":26,"key":"Letter Opener"}],"event_choices":[{"damage_healed":0,"gold_gain":0,"player_choice":"Grow","damage_taken":0,"max_hp_gain":0,"max_hp_loss":0,"event_name":"Living Wall","floor":3,"gold_loss":0,"cards_upgraded":["animator:Vanir"]},{"damage_healed":0,"gold_gain":0,"player_choice":"Fought Mushrooms","damage_taken":0,"max_hp_gain":0,"max_hp_loss":0,"event_name":"Mushrooms","floor":10,"gold_loss":0},{"damage_healed":0,"gold_gain":0,"player_choice":"1 cards matched","damage_taken":0,"max_hp_gain":0,"max_hp_loss":0,"event_name":"Match and Keep!","floor":22,"gold_loss":0,"cards_obtained":["animator:Zero"]}],"is_beta":false,"boss_relics":[{"not_picked":["Tiny House","Fusion Hammer"],"picked":"Calling Bell"}],"items_purged_floors":[],"is_endless":false,"potions_floor_spawned":[13,14,18,19,25],"killed_by":"Snake Plant","ascension_level":0}}