{"host":"yx5rao87132cy5xq","time":1611871453,"event":{"mods":["2.2 Compatiblity","AchievementEnabler","BaseMod","Bestiary","Colored Map","Colored Powertips","Minty Spire (QoL Compilation)","Quick Restart","Relic Stats","Slay-I","SuperFastMode"],"gold_per_floor":[138,115,132,207,207,226,251,251,280,306,306,323,323,334,345,345,345,345],"floor_reached":16,"language":"ENG","playtime":715,"items_purged":[],"score":185,"play_id":"6d478583-f8ff-462b-91d3-a01a69f86553","local_time":"20210128230413","is_ascension_mode":true,"campfire_choices":[{"floor":7.0,"key":"REST"},{"floor":15,"key":"REST"}],"circlet_count":0,"master_deck":["AscendersBane","Strike_R","Strike_R","Strike_R","Strike_R","Defend_R","Defend_R","Defend_R","Defend_R","Bash+1","Havoc","Iron Wave+1","Carnage","Offering","Cleave","Second Wind","Sentinel"],"relics":["Burning Blood","Lantern","Nunchaku","Art of War"],"acts_visited":["Exordium"],"potions_floor_usage":[16,16],"damage_taken":[{"damage":9.0,"enemies":"2 Louse","floor":1.0,"turns":5.0},{"damage":14.0,"enemies":"Cultist","floor":2.0,"turns":5.0},{"damage":8.0,"enemies":"Jaw Worm","floor":5.0,"turns":2.0},{"damage":26.0,"enemies":"3 Sentries","floor":6.0,"turns":9.0},{"damage":26,"enemies":"Lagavulin","floor":8,"turns":5},{"damage":3,"enemies":"2 Fungi Beasts","floor":11,"turns":3},{"damage":6,"enemies":"Exordium Thugs","floor":13,"turns":2},{"damage":5,"enemies":"Lots of Slimes","floor":14,"turns":4},{"damage":77,"enemies":"Slime Boss","floor":16,"turns":7}],"seed_played":"-1014334646426086573","potions_obtained":[{"floor":2.0,"key":"BloodPotion"},{"floor":6.0,"key":"ColorlessPotion"}],"is_trial":false,"path_per_floor":["M","M","?","?","M","E","R","E","T","?","M","?","M","M","R","B"],"character_chosen":"IRONCLAD","items_purchased":[],"campfire_rested":2,"item_purchase_floors":[],"current_hp_per_floor":[3,69,61,50,50,48,28,52,32,32,32,35,35,35,36,60,0,0],"gold":345,"neow_bonus":"TRANSFORM_CARD","is_daily":false,"chose_seed":false,"campfire_upgraded":0,"win_rate":0.0,"timestamp":1611871453,"path_taken":["M","M","?","?","?","E","R","E","T","?","M","?","?","M","R","BOSS"],"items_purchased_type":[],"build_version":"2020-12-22","purchased_purges":0,"victory":false,"max_hp_per_floor":[80,80,80,80,80,80,80,80,80,80,80,80,80,80,80,80,80,80],"relic_stats":{"Nunchaku":[3],"counters":[9,42],"Art of War":[0],"obtain_stats":[{"Lantern":6,"Nunchaku":8,"Art of War":9,"Burning Blood":0},{"Lantern":4,"Nunchaku":5,"Art of War":5,"Burning Blood":0},{"Lantern":21,"Nunchaku":26,"Art of War":26,"Burning Blood":0}],"Burning Blood":48},"card_choices":[{"not_picked":["Flex","True Grit"],"picked":"Iron Wave","floor":1.0},{"not_picked":["Shrug It Off","Twin Strike"],"picked":"Carnage","floor":2.0},{"not_picked":["Clash","Fire Breathing","Sword Boomerang"],"picked":"SKIP","floor":5.0},{"not_picked":["Fire Breathing","Heavy Blade"],"picked":"Cleave","floor":6.0},{"not_picked":["Heavy Blade","Pommel Strike"],"picked":"Second Wind","floor":8},{"not_picked":["Searing Blow","Fiend Fire","Sword Boomerang"],"picked":"SKIP","floor":11},{"not_picked":["Anger","Pommel Strike"],"picked":"Sentinel","floor":13},{"not_picked":["Dual Wield","Clash","Body Slam"],"picked":"SKIP","floor":14}],"player_experience":880173,"relics_obtained":[{"floor":6.0,"key":"Lantern"},{"floor":8,"key":"Nunchaku"},{"floor":9,"key":"Art of War"}],"event_choices":[{"damage_healed":0.0,"max_hp_gain":0.0,"max_hp_loss":0.0,"gold_gain":75.0,"event_name":"World of Goop","player_choice":"Gather Gold","floor":3.0,"gold_loss":0.0,"damage_taken":11.0},{"damage_healed":0.0,"max_hp_gain":0.0,"max_hp_loss":0.0,"gold_gain":0.0,"event_name":"Match and Keep!","player_choice":"1 cards matched","floor":4.0,"gold_loss":0.0,"damage_taken":0.0,"cards_obtained":["Offering"]},{"damage_healed":0,"gold_gain":0,"player_choice":"Grow","damage_taken":0,"max_hp_gain":0,"max_hp_loss":0,"event_name":"Living Wall","floor":10,"gold_loss":0,"cards_upgraded":["Bash"]},{"damage_healed":0,"gold_gain":0,"player_choice":"Forge","damage_taken":0,"max_hp_gain":0,"max_hp_loss":0,"event_name":"Accursed Blacksmith","floor":12,"gold_loss":0,"cards_upgraded":["Iron Wave"]}],"is_beta":false,"boss_relics":[],"items_purged_floors":[],"is_endless":false,"potions_floor_spawned":[2,6,13,14],"killed_by":"Slime Boss","ascension_level":13}}