{"host":"ziko4uwynam20dv9","time":1611867243,"event":{"mods":["Aspiration","BaseMod","BetterRewards","Downfall","Hubris","Infinite Spire","Minty Spire (QoL Compilation)","Remilia??????","Replay The Spire","Shop Mod","StSLib","The Animator","The Jungle"],"gold_per_floor":[364,383,399,85,95,95,105,105,105,105,132,164,184,198,198,198,198,148,148],"floor_reached":18,"language":"FRA","playtime":821,"items_purged":["downfall:Haunted"],"score":125,"play_id":"7a6ea834-65d5-44dc-8845-5f885cc78a62","local_time":"20210128215403","is_ascension_mode":true,"campfire_choices":[{"data":"Crescendo","floor":6,"key":"SMITH"},{"floor":10,"key":"REST"},{"floor":17,"key":"REST"}],"circlet_count":0,"master_deck":["Strike_P","Strike_P","Strike_P","Strike_P","Defend_P","Defend_P","Defend_P","Defend_P","Eruption","Vigilance","Crescendo+1","EmptyBody","FearNoEvil","EmptyMind","Replay:Battleflow","Prostrate","Tantrum","Weave","FlurryOfBlows","Replay:ManipulateFuture"],"relics":["Yang","Boot","Prayer Wheel","hubris:Icosahedron","Replay:M_StaffOfTheSnake"],"acts_visited":["Exordium"],"potions_floor_usage":[12],"damage_taken":[{"damage":21,"enemies":"infinitespire:Voidling","floor":1,"turns":7},{"damage":12,"enemies":"2 Louse","floor":2,"turns":3},{"damage":4,"enemies":"Jaw Worm","floor":3,"turns":3},{"damage":0,"enemies":"Blue Slaver","floor":5,"turns":4},{"damage":28,"enemies":"Exordium Wildlife","floor":7,"turns":5},{"damage":29,"enemies":"Gremlin Nob","floor":12,"turns":5},{"damage":0,"enemies":"2 Fungi Beasts","floor":13,"turns":2},{"damage":6,"enemies":"Large Slime","floor":14,"turns":4},{"damage":38,"enemies":"Fading Forest","floor":18,"turns":10}],"seed_played":"8409661271018801721","potions_obtained":[{"floor":7,"key":"AttackPotion"},{"floor":12,"key":"Dexterity Potion"}],"is_trial":false,"path_per_floor":["M","M","M","$","M","R","M","PTL","PTL","R","T","E","M","M","?","?","R","B"],"character_chosen":"WATCHER","items_purchased":["Yang"],"campfire_rested":2,"item_purchase_floors":[4],"current_hp_per_floor":[64,52,48,48,48,48,20,20,20,41,41,12,12,6,6,6,27,0,0],"gold":148,"neow_bonus":"TWO_FIFTY_GOLD","is_daily":false,"chose_seed":false,"campfire_upgraded":1,"win_rate":0.0,"timestamp":1611867243,"path_taken":["M","?","M","$","M","R","M","PTL","PTL","R","T","E","M","M","?","?","R","BOSS"],"items_purchased_type":["Relic"],"build_version":"2020-12-22","purchased_purges":1,"victory":false,"max_hp_per_floor":[72,72,72,72,72,72,72,72,72,72,72,72,72,72,72,72,72,72,72],"card_choices":[{"not_picked":["FlyingSleeves","Indignation"],"picked":"Crescendo","floor":1},{"not_picked":["PathToVictory","ReachHeaven"],"picked":"EmptyBody","floor":2},{"not_picked":["Protect","BowlingBash"],"picked":"FearNoEvil","floor":3},{"not_picked":["FlurryOfBlows","Blasphemy"],"picked":"EmptyMind","floor":5},{"not_picked":["BattleHymn","Adaptation"],"picked":"Replay:Battleflow","floor":7},{"not_picked":["CrushJoints","JustLucky"],"picked":"Prostrate","floor":12},{"not_picked":["JustLucky","EmptyBody"],"picked":"Tantrum","floor":13},{"not_picked":["EmptyBody","Collect"],"picked":"Weave","floor":13},{"not_picked":["Perseverance","Crescendo"],"picked":"FlurryOfBlows","floor":14},{"not_picked":["EmptyBody","ThirdEye"],"picked":"Replay:ManipulateFuture","floor":14}],"player_experience":960095,"relics_obtained":[{"floor":11,"key":"Boot"},{"floor":12,"key":"Prayer Wheel"}],"event_choices":[],"is_beta":false,"boss_relics":[],"items_purged_floors":[4],"is_endless":false,"potions_floor_spawned":[7,12],"killed_by":"Fading Forest","ascension_level":2}}