{"host":"sckme7d1fomdxamv","time":1611849185,"event":{"mods":["Act Like it!","BaseMod","Downfall","Friendly Minions","Gensokyo","Kiyohime（清姬）","Marisa（F雨　魔理沙）","Minty Spire (QoL Compilation)","READ ME - Guardian Mod","Rare Cards Sparkle","Remilia（蕾米莉亚）","Replay The Spire","Shop Mod","StSLib","The Bug Knight","The Hierophant","The Servant 0.9.4"],"gold_per_floor":[109,284,295,220,235,264,278,311,338,28,28,103,103,122,122,222,222,236,236,216,216,233,276,276,292,292,292,292,292,292,305,305,406,406,423,423,423,473,473,499,499,512,539,114,114,114,114,132,132,132,132,132,62,94,94,94],"floor_reached":55,"language":"ZHS","playtime":3053,"items_purged":["Doubt"],"score":694,"play_id":"926b8a6d-0c56-40dc-91e7-609fd5502c99","local_time":"20210128235305","is_ascension_mode":false,"campfire_choices":[{"floor":11,"key":"REST"},{"floor":15,"key":"DIG"},{"data":"TreasureHunter","floor":24,"key":"SMITH"},{"data":"CasketOfStar","floor":27,"key":"SMITH"},{"floor":32,"key":"REST"},{"floor":41,"key":"RECALL"},{"floor":47,"key":"REST"},{"floor":49,"key":"REST"},{"floor":52,"key":"REST"}],"circlet_count":0,"master_deck":["Strike_MRS+1","Strike_MRS+1","Defend_MRS+1","Defend_MRS+1","Defend_MRS+1","MasterSpark","UpSweep","TreasureHunter+1","GalacticHalo","PowerUp","PulseMagic","DC","DeepEcoloBomb","MagicAbsorber","Acceleration","CasketOfStar+1","NonDirectionalLaser+1","SporeBomb","PowerUp","MysteriousBeam+1","J.A.X.","IllusionStar+1","JA","SporeBomb","PowerUp","Singularity+1","AsteroidBelt","BinaryStars","PowerUp","WitchLeyline","AsteroidBelt","PowerUp","ManaConvection+1","PropBag+1","PulseMagic","MysteriousBeam"],"relics":["MiniHakkero","Juzu Bracelet","Bronze Scales","Regal Pillow","ReplayTheSpireMod:TigerMarble","Orichalcum","Omamori","ReplayTheSpireMod:CursedCoin","Thread and Needle","Replay:Baseball","Counterbalance","Philosopher\u0027s Stone","Ring of Searing","Bag of Preparation","Fusion Hammer","Replay:Arrowhead","Dream Catcher","ReplayTheSpireMod:Lightbulb","Lee\u0027s Waffle","Oddly Smooth Stone","Blue Candle","Lantern","Kunai"],"acts_visited":["Exordium","TheCity","TheBeyond","TheEnding"],"potions_floor_usage":[6,8,8,16,38,55,55,55],"damage_taken":[{"damage":1,"enemies":"2 Louse","floor":1,"turns":2},{"damage":8,"enemies":"Small Slimes","floor":3,"turns":3},{"damage":1,"enemies":"Cultist","floor":5,"turns":3},{"damage":12,"enemies":"Gremlin Nob","floor":6,"turns":2},{"damage":14,"enemies":"3 Louse","floor":7,"turns":3},{"damage":17,"enemies":"3 Sentries","floor":8,"turns":4},{"damage":0,"enemies":"Red Slaver","floor":14,"turns":3},{"damage":35,"enemies":"The Guardian","floor":16,"turns":7},{"damage":1,"enemies":"Spheric Guardian","floor":18,"turns":3},{"damage":11,"enemies":"2 Thieves","floor":22,"turns":3},{"damage":12,"enemies":"Slavers","floor":23,"turns":3},{"damage":0,"enemies":"Snecko","floor":25,"turns":2},{"damage":0,"enemies":"Centurion and Healer","floor":31,"turns":1},{"damage":18,"enemies":"Collector","floor":33,"turns":5},{"damage":21,"enemies":"3 Shapes","floor":35,"turns":3},{"damage":0,"enemies":"Mind Bloom Boss Battle","floor":38,"turns":3},{"damage":10,"enemies":"Giant Head","floor":40,"turns":4},{"damage":3,"enemies":"Orb Walker","floor":42,"turns":1},{"damage":3,"enemies":"3 Darklings","floor":48,"turns":1},{"damage":20,"enemies":"Replay:Hell Engine","floor":50,"turns":4},{"damage":51,"enemies":"Shield and Spear","floor":54,"turns":6},{"damage":51,"enemies":"The Heart","floor":55,"turns":2}],"seed_played":"3769927928432719967","potions_obtained":[{"floor":3,"key":"Swift Potion"},{"floor":5,"key":"Death Potion"},{"floor":6,"key":"Energy Potion"},{"floor":7,"key":"AttackPotion"},{"floor":18,"key":"ShroomBrew"},{"floor":20,"key":"Ancient Potion"},{"floor":22,"key":"Swift Potion"},{"floor":25,"key":"StarNLove"},{"floor":35,"key":"Weak Potion"},{"floor":38,"key":"PowerPotion"}],"is_trial":false,"path_per_floor":["M","?","M","$","M","E","M","E","T","$","R","?","?","M","R","B",null,"M","?","?","?","M","E","R","M","T","R","?","?","?","M","R","B",null,"M","?","?","?","?","E","R","M","T","$","?","?","R","M","R","B",null,"R","$","E","B"],"character_chosen":"MARISA","items_purchased":["Omamori","ReplayTheSpireMod:CursedCoin","Thread and Needle","Lee\u0027s Waffle","CultistPotion","Oddly Smooth Stone","PowerUp","PulseMagic"],"campfire_rested":5,"item_purchase_floors":[10,10,10,44,44,44,44,53],"current_hp_per_floor":[74,74,66,66,65,53,39,22,22,22,59,48,48,48,48,17,75,74,74,74,74,63,51,51,51,51,51,51,51,37,37,76,58,80,59,59,59,59,59,49,49,46,46,87,87,82,87,84,87,67,87,87,87,36,0,0],"gold":94,"neow_bonus":"TRANSFORM_CARD","is_daily":false,"chose_seed":false,"campfire_upgraded":2,"win_rate":0.0,"timestamp":1611849185,"path_taken":["M","?","M","$","M","E","M","E","T","$","R","?","?","M","R","BOSS","M","?","?","?","M","E","R","M","T","R","?","?","?","M","R","BOSS","M","?","?","?","?","E","R","M","T","?","?","?","R","M","R","BOSS","R","$","E","BOSS"],"items_purchased_type":["Relic","Relic","Relic","Relic","Potion","Relic","Card","Card"],"build_version":"2020-12-22","purchased_purges":1,"victory":false,"max_hp_per_floor":[75,75,75,75,75,75,75,75,75,75,75,75,75,75,75,75,75,75,75,75,75,75,75,75,75,75,75,75,75,80,80,80,80,80,80,80,80,80,80,80,80,80,80,87,87,87,87,87,87,87,87,87,87,87,87,87],"card_choices":[{"not_picked":["6A","OneTimeOff"],"picked":"GalacticHalo","floor":1},{"not_picked":["EarthLightRay","Acceleration"],"picked":"PowerUp","floor":3},{"not_picked":["LuminesStrike","WitchOfGreed"],"picked":"PulseMagic","floor":5},{"not_picked":["Occultation","SuperNova"],"picked":"DC","floor":6},{"not_picked":["GrandCross","ShootingEcho"],"picked":"DeepEcoloBomb","floor":7},{"not_picked":["MagicChant","Occultation"],"picked":"MagicAbsorber","floor":8},{"not_picked":["ShootingEcho","DC"],"picked":"Acceleration","floor":14},{"not_picked":["MillisecondPulsars","FinalSpark"],"picked":"CasketOfStar","floor":16},{"not_picked":["OneTimeOff","MysteriousBeam+1"],"picked":"NonDirectionalLaser+1","floor":18},{"not_picked":["DarkSpark","ShootTheMoon"],"picked":"SporeBomb","floor":22},{"not_picked":["DC","OneTimeOff"],"picked":"PowerUp","floor":23},{"not_picked":["NonDirectionalLaser","BlazingStar"],"picked":"MysteriousBeam+1","floor":25},{"not_picked":["DoubleSpark","WitchOfGreed"],"picked":"IllusionStar+1","floor":31},{"not_picked":["BlazingStar","BinaryStars"],"picked":"JA","floor":33},{"not_picked":["WitchOfGreed+1","6A"],"picked":"SporeBomb","floor":35},{"not_picked":["GravityBeat+1","6A+1"],"picked":"Singularity+1","floor":38},{"not_picked":["ShootingEcho","SporeBomb"],"picked":"AsteroidBelt","floor":40},{"not_picked":["DarkSpark","Orbital+1"],"picked":"BinaryStars","floor":42},{"not_picked":["SporeBomb+1","DC+1"],"picked":"AsteroidBelt","floor":47},{"not_picked":["FairyDestructionRay","WitchLeyline"],"picked":"PowerUp","floor":48},{"not_picked":["LuminesStrike","Robbery"],"picked":"ManaConvection+1","floor":49},{"not_picked":["AsteroidBelt","JA"],"picked":"PropBag+1","floor":52},{"not_picked":["DarkMatter","DC"],"picked":"MysteriousBeam","floor":54}],"player_experience":237819,"relics_obtained":[{"floor":6,"key":"Juzu Bracelet"},{"floor":6,"key":"Bronze Scales"},{"floor":8,"key":"Regal Pillow"},{"floor":8,"key":"ReplayTheSpireMod:TigerMarble"},{"floor":9,"key":"Orichalcum"},{"floor":15,"key":"Replay:Baseball"},{"floor":16,"key":"Counterbalance"},{"floor":19,"key":"Ring of Searing"},{"floor":23,"key":"Bag of Preparation"},{"floor":38,"key":"Replay:Arrowhead"},{"floor":40,"key":"Dream Catcher"},{"floor":43,"key":"ReplayTheSpireMod:Lightbulb"},{"floor":54,"key":"Lantern"}],"event_choices":[{"damage_healed":0,"gold_gain":175,"player_choice":"AGREE","damage_taken":0,"max_hp_gain":0,"max_hp_loss":0,"event_name":"Liars Game","floor":2,"gold_loss":0,"cards_obtained":["Doubt"]},{"damage_healed":0,"gold_gain":75,"player_choice":"Gather Gold","damage_taken":11,"max_hp_gain":0,"max_hp_loss":0,"event_name":"World of Goop","floor":12,"gold_loss":0},{"cards_removed":["Strike_MRS"],"damage_healed":0,"gold_gain":0,"player_choice":"Purged","damage_taken":0,"max_hp_gain":0,"max_hp_loss":0,"event_name":"Purifier","floor":13,"gold_loss":0},{"damage_healed":0,"gold_gain":0,"player_choice":"Bought 1 Potion","damage_taken":0,"max_hp_gain":0,"max_hp_loss":0,"event_name":"The Woman in Blue","floor":20,"gold_loss":0},{"damage_healed":0,"gold_gain":0,"player_choice":"Simplicity","damage_taken":0,"max_hp_gain":0,"max_hp_loss":0,"event_name":"Back to Basics","floor":21,"gold_loss":0,"cards_upgraded":["Strike_MRS","Strike_MRS","Strike_MRS","Defend_MRS","Defend_MRS","Defend_MRS"]},{"damage_healed":0,"gold_gain":0,"player_choice":"Obtain J.A.X.","damage_taken":0,"max_hp_gain":0,"max_hp_loss":0,"event_name":"Drug Dealer","floor":28,"gold_loss":0,"cards_obtained":["J.A.X."]},{"damage_healed":0,"gold_gain":0,"player_choice":"Shed Blood","damage_taken":19,"max_hp_gain":5,"max_hp_loss":0,"event_name":"Forgotten Altar","floor":30,"gold_loss":0},{"damage_healed":0,"gold_gain":0,"player_choice":"Got Potions","damage_taken":0,"max_hp_gain":0,"max_hp_loss":0,"event_name":"Lab","floor":36,"gold_loss":0},{"damage_healed":0,"gold_gain":0,"player_choice":"Copied","damage_taken":0,"max_hp_gain":0,"max_hp_loss":0,"event_name":"Duplicator","floor":37,"gold_loss":0,"cards_obtained":["PowerUp"]},{"damage_healed":0,"gold_gain":0,"player_choice":"Fight","damage_taken":0,"max_hp_gain":0,"max_hp_loss":0,"event_name":"MindBloom","floor":38,"gold_loss":0},{"damage_healed":0,"gold_gain":0,"player_choice":"Ignored","damage_taken":0,"max_hp_gain":0,"max_hp_loss":0,"event_name":"NoteForYourself","floor":39,"gold_loss":0},{"damage_healed":0,"gold_gain":0,"cards_transformed":["Strike_MRS"],"player_choice":"Transformed","damage_taken":0,"max_hp_gain":0,"max_hp_loss":0,"event_name":"Transmorgrifier","floor":45,"gold_loss":0,"cards_obtained":["WitchLeyline"]}],"is_beta":false,"boss_relics":[{"not_picked":["Painkiller Herb","ReplayTheSpireMod:DimensionalGlitch"],"picked":"Philosopher\u0027s Stone"},{"not_picked":["Replay:Drink Me","Kintsugi"],"picked":"Fusion Hammer"}],"items_purged_floors":[4],"is_endless":false,"potions_floor_spawned":[3,5,6,7,18,22,25,35,38,48],"killed_by":"The Heart","ascension_level":0}}