{"host":"9glxjasd35ghdaim","time":1611866024,"event":{"mods":["Act Like it!","AlwaysNeverKeys","Aspiration","Bard","BaseMod","Better Third Choice","CCEM2","CapriCore","Colored Map","Colored Powertips","Conspire","Dark Map","Displayed Cursed Tome","Energized Spire","GifTheSpireLib","Halation","Hermit","Hubris","Infinite Spire","Jorbs\u0027s Wanderer Trilogy","Luminous","Marisa????????","Minty Spire (QoL Compilation)","Permanent Neow","Quick Restart","Random Character Button","Rare Cards Sparkle","Relic Stats","Reliquary","Replay The Spire","Shade Mod","Spicy Shops","StS++","StSLib","Stuff the Spire","The Administrix","The Animator","The Blue Laboratory","The Bug Knight","The Construct","The Cursed","The Disciple","The Florist","The Hierophant","The Problem Sleuth","The Senshi","The Servant 0.9.4","The Wild Card","TheFirefly","TheSwordswoman","Unceasing Turn Reminder","Wandering Minibosses"],"gold_per_floor":[110,165,165,151,151,151,151,151],"floor_reached":7,"language":"ENG","playtime":607,"items_purged":[],"score":39,"play_id":"72097bb1-ea3c-47f7-bb6d-261ca11c727c","local_time":"20210128153344","is_ascension_mode":false,"campfire_choices":[{"data":"thefirefly:PhotonBlast","floor":6,"key":"SMITH"}],"circlet_count":0,"master_deck":["thefirefly:Strike","thefirefly:Strike","thefirefly:Strike","thefirefly:Defend","thefirefly:Defend","thefirefly:Defend","thefirefly:Defend","thefirefly:StealthMode","thefirefly:PhotonBlast+1","thefirefly:ShieldGenerator","infinitespire:Menacing","thefirefly:ShieldArray"],"relics":["Replay:Rubber Ducky"],"acts_visited":["Exordium"],"potions_floor_usage":[4],"damage_taken":[{"damage":10,"enemies":"Cultist","floor":1,"turns":4},{"damage":1,"enemies":"Jaw Worm","floor":4,"turns":9},{"damage":15,"enemies":"3 Sentries","floor":7,"turns":6}],"seed_played":"1931821992272692982","potions_obtained":[{"floor":1,"key":"blueLaboratory:BottledHope"}],"is_trial":false,"path_per_floor":["M","T","?","M","?","R","E"],"character_chosen":"THE_FIREFLY","items_purchased":[],"campfire_rested":0,"item_purchase_floors":[],"current_hp_per_floor":[45,45,32,31,46,46,31,31],"gold":151,"neow_bonus":"REMOVE_CARD","is_daily":false,"chose_seed":false,"campfire_upgraded":1,"win_rate":0.0,"timestamp":1611866024,"path_taken":["M","?","?","M","?","R","E"],"items_purchased_type":[],"build_version":"2020-12-22","purchased_purges":0,"victory":false,"max_hp_per_floor":[55,55,55,55,55,55,55,55],"relic_stats":{"counters":[3,19],"obtain_stats":[{"thefirefly:StealthSystem":0,"Replay:Rubber Ducky":2},{"thefirefly:StealthSystem":0,"Replay:Rubber Ducky":1},{"thefirefly:StealthSystem":0,"Replay:Rubber Ducky":4}]},"card_choices":[{"not_picked":["thefirefly:Distort","thefirefly:EMP"],"picked":"thefirefly:ShieldGenerator","floor":1},{"not_picked":["hubris:InfiniteBlow","ReplayTheSpireMod:Haul"],"picked":"infinitespire:Menacing","floor":3},{"not_picked":["thefirefly:EvasiveManeuver","thefirefly:LaserMail"],"picked":"thefirefly:ShieldArray","floor":4}],"player_experience":236686,"relics_obtained":[{"floor":2,"key":"Replay:Rubber Ducky"}],"event_choices":[],"is_beta":false,"boss_relics":[],"items_purged_floors":[],"is_endless":false,"potions_floor_spawned":[1],"killed_by":"3 Sentries","ascension_level":0}}