{"host":"usru02jcpe2a942d","time":1611832294,"event":{"mods":["Act Like it!","BaseMod","Colored Powertips","GifTheSpireLib","Highlight Path","Hubris","Infinite Spire","Minty Spire (QoL Compilation)","MostiFishMod","Quick Restart","Relic Stats","Replay The Spire","RumiaBox-露米娅的神秘盒子","StSLib","noobMod","【遗物卡牌】REMEMod","篝火指南"],"gold_per_floor":[110,153,167,185,185,185,195,195,219,1,19,19,19,19,19,115,115,135,146,160,190,190,218,233,233,233,133,8,8,25,25,25,123,123,141,153,153,169,391,391,391,391,438,438,452,452,465,500,500,500],"floor_reached":51,"language":"ZHS","playtime":2253,"items_purged":["Strike_G","Voices","Injury","Injury"],"score":810,"play_id":"23fea384-2f2d-4a1e-b82d-d2579432a030","local_time":"20210128191134","is_ascension_mode":false,"campfire_choices":[{"data":"hubris:DuctTapeCard","floor":6,"key":"SMITH"},{"data":"Distraction","floor":8,"key":"SMITH"},{"data":"ReplayTheSpireMod:Scrap Shanks","floor":32,"key":"SMITH"},{"data":"MostiFishMod:WinterMarkForm","floor":40,"key":"SMITH"},{"data":"Prepared","floor":44,"key":"SMITH"},{"data":"After Image","floor":46,"key":"SMITH"},{"data":"After Image","floor":49,"key":"SMITH"}],"circlet_count":0,"master_deck":["Survivor","Neutralize","Seeing Red","Distraction+1","Deadly Poison","Masterful Stab+1","hubris:DuctTapeCard+2","Prepared+1","Flying Knee+1","After Image+1","Accuracy+1","hubris:SlightOfHand+1","Acrobatics+1","Crippling Poison","After Image+1","MostiFishMod:PoisonShield+1","ReplayTheSpireMod:Scrap Shanks+1","MostiFishMod:WinterMarkForm+1","Blade Dance+1","infinitespire:FutureSight","ReplayTheSpireMod:Shiv Toss+1"],"relics":["Ring of the Snake","DaveBox","ice","REME_ComplimentaryCards","JellyFishMachine","SynthV:TestCard","InkBottle","hubris:DuctTape","Blue Doll","Boot","Kintsugi","Red Mask","infinitespire:Bottled Soul","ReplayTheSpireMod:Ring of Collecting","ReplayTheSpireMod:Ring of Exchange","Ring of Fury","Mummified Hand","Frozen Eye","HandDrill","Ring of Hypnosis","Art of War","Ring of Fangs","Toy Ornithopter","infinitespire:Beetle Shell"],"acts_visited":["Exordium","TheCity","TheBeyond"],"potions_floor_usage":[16,16,16,50,50],"damage_taken":[{"damage":0,"enemies":"Cultist","floor":1,"turns":4},{"damage":0,"enemies":"Jaw Worm","floor":3,"turns":3},{"damage":3,"enemies":"Small Slimes","floor":4,"turns":3},{"damage":0,"enemies":"2 Fungi Beasts","floor":7,"turns":1},{"damage":0,"enemies":"Blue Slaver","floor":11,"turns":1},{"damage":11,"enemies":"Hexaghost","floor":16,"turns":6},{"damage":0,"enemies":"3 Byrds","floor":18,"turns":1},{"damage":0,"enemies":"2 Thieves","floor":19,"turns":1},{"damage":5,"enemies":"Snecko","floor":20,"turns":4},{"damage":0,"enemies":"Masked Bandits","floor":21,"turns":3},{"damage":2,"enemies":"Book of Stabbing","floor":23,"turns":4},{"damage":0,"enemies":"3 Cultists","floor":24,"turns":4},{"damage":0,"enemies":"Centurion and Healer","floor":30,"turns":2},{"damage":0,"enemies":"Automaton","floor":33,"turns":5},{"damage":7,"enemies":"3 Darklings","floor":35,"turns":2},{"damage":0,"enemies":"Orb Walker","floor":36,"turns":2},{"damage":0,"enemies":"3 Darklings","floor":38,"turns":2},{"damage":10,"enemies":"Writhing Mass","floor":45,"turns":2},{"damage":0,"enemies":"Sphere and 2 Shapes","floor":47,"turns":2},{"damage":0,"enemies":"R_Hoarder","floor":48,"turns":5},{"damage":48,"enemies":"infinitespire:MassOfShapes","floor":50,"turns":4}],"seed_played":"2662431722208423941","potions_obtained":[{"floor":1,"key":"BlessingOfTheForge"},{"floor":4,"key":"Poison Potion"},{"floor":11,"key":"Dexterity Potion"},{"floor":18,"key":"SpeedPotion"},{"floor":20,"key":"Adrenaline Potion"},{"floor":24,"key":"Poison Potion"},{"floor":30,"key":"CunningPotion"},{"floor":35,"key":"DuplicationPotion"}],"is_trial":false,"path_per_floor":["M","?","M","M","?","R","M","R","T","$","M","?","?","?","R","B",null,"M","M","M","?","?","E","M","?","T","R","$","AVR","M","?","R","B",null,"M","M","?","M","?","R","T","?","T","R","M","R","M","E","R","B",null],"character_chosen":"THE_SILENT","items_purchased":["Boot"],"campfire_rested":0,"item_purchase_floors":[10],"current_hp_per_floor":[77,58,58,55,55,55,55,55,55,55,55,55,55,55,77,66,77,77,77,72,72,72,70,70,70,70,70,70,70,70,70,70,77,77,70,70,70,70,70,70,70,51,51,51,41,41,41,41,41,3],"gold":500,"neow_bonus":"TEN_PERCENT_HP_BONUS","is_daily":false,"chose_seed":false,"campfire_upgraded":7,"win_rate":0.0,"timestamp":1611832294,"path_taken":["M","?","M","M","?","R","M","R","T","$","M","?","?","?","R","BOSS","M","M","M","?","?","E","M","?","T","R","?","AVR","M","?","R","BOSS","M","M","?","?","?","R","?","?","T","R","M","R","?","E","R","BOSS"],"items_purchased_type":["Relic"],"build_version":"2020-12-22","purchased_purges":4,"victory":true,"max_hp_per_floor":[77,77,77,77,77,77,77,77,77,77,77,77,77,77,77,77,77,77,77,77,77,77,77,77,77,77,77,77,77,77,77,77,77,77,77,77,77,77,77,77,77,77,77,77,77,77,77,77,77,77],"relic_stats":{"counters":[21,61],"Mummified Hand":[45],"HandDrill":[36],"Art of War":[0],"Boot":[92],"obtain_stats":[{"ReplayTheSpireMod:Ring of Exchange":25,"DaveBox":0,"hubris:DuctTape":5,"Ring of Hypnosis":41,"JellyFishMachine":0,"Blue Doll":9,"infinitespire:Beetle Shell":48,"ice":0,"Boot":10,"Frozen Eye":29,"SynthV:TestCard":1,"Ring of Fangs":43,"infinitespire:Bottled Soul":23,"Mummified Hand":26,"ReplayTheSpireMod:Ring of Collecting":25,"Ring of Fury":26,"Red Mask":21,"HandDrill":34,"Art of War":41,"Kintsugi":17,"InkBottle":2,"Toy Ornithopter":43,"Ring of the Snake":0,"REME_ComplimentaryCards":0},{"ReplayTheSpireMod:Ring of Exchange":12,"DaveBox":0,"hubris:DuctTape":3,"Ring of Hypnosis":17,"JellyFishMachine":0,"Blue Doll":4,"infinitespire:Beetle Shell":20,"ice":0,"Boot":4,"Frozen Eye":12,"SynthV:TestCard":1,"Ring of Fangs":17,"infinitespire:Bottled Soul":11,"Mummified Hand":12,"ReplayTheSpireMod:Ring of Collecting":12,"Ring of Fury":12,"Red Mask":10,"HandDrill":14,"Art of War":17,"Kintsugi":6,"InkBottle":1,"Toy Ornithopter":17,"Ring of the Snake":0,"REME_ComplimentaryCards":0},{"ReplayTheSpireMod:Ring of Exchange":35,"DaveBox":0,"hubris:DuctTape":10,"Ring of Hypnosis":48,"JellyFishMachine":0,"Blue Doll":11,"infinitespire:Beetle Shell":57,"ice":0,"Boot":11,"Frozen Eye":35,"SynthV:TestCard":4,"Ring of Fangs":48,"infinitespire:Bottled Soul":31,"Mummified Hand":35,"ReplayTheSpireMod:Ring of Collecting":35,"Ring of Fury":35,"Red Mask":27,"HandDrill":42,"Art of War":48,"Kintsugi":18,"InkBottle":4,"Toy Ornithopter":48,"Ring of the Snake":0,"REME_ComplimentaryCards":0}],"InkBottle":[51],"Toy Ornithopter":10,"Ring of the Snake":[42]},"card_choices":[{"not_picked":["Backstab","MostiFishMod:PerfectParry"],"picked":"Distraction","floor":1},{"not_picked":["Poisoned Stab","Bouncing Flask","Backflip","Outmaneuver"],"picked":"Cloak And Dagger","floor":2},{"not_picked":["Dodge and Roll","Sucker Punch","ReplayTheSpireMod:Tripwire","MostiFishMod:AdrenalineArouse"],"picked":"Deadly Poison","floor":2},{"not_picked":["ReplayTheSpireMod:Scrap Shanks","Escape Plan","Terror","Backflip"],"picked":"Masterful Stab","floor":3},{"not_picked":["Cloak And Dagger","MostiFishMod:PerfectParry","Tactician","Venomology"],"picked":"MostiFishMod:PreservedThorns","floor":4},{"not_picked":["Bouncing Flask","Poisoned Stab","Dodge and Roll","Caltrops"],"picked":"Prepared","floor":7},{"not_picked":["MostiFishMod:PerfectParry","Masterful Stab","Well Laid Plans","MostiFishMod:Opportunism","Quick Slash"],"picked":"SKIP","floor":11},{"not_picked":["MostiFishMod:FullyArmed","REME_LeechingPoison","Wraith Form v2","Poison Darts"],"picked":"After Image","floor":16},{"not_picked":["Poisoned Stab","Deflect","hubris:TrickCloak","MostiFishMod:PerfectParry"],"picked":"Accuracy+1","floor":18},{"not_picked":["Prepared","Tactician","Underhanded Strike+1","Sucker Punch"],"picked":"hubris:SlightOfHand+1","floor":19},{"not_picked":["Heel Hook","Well Laid Plans","Masterful Stab","Escape Plan+1"],"picked":"Acrobatics+1","floor":20},{"not_picked":["ReplayTheSpireMod:Speed Training","Acrobatics","Dagger Spray","Cloak And Dagger+1"],"picked":"After Image","floor":23},{"not_picked":["Acrobatics+1","Prepared","Infinite Blades","ReplayTheSpireMod:Scrap Shanks+1"],"picked":"MostiFishMod:PoisonShield+1","floor":24},{"not_picked":["Cloak And Dagger","Underhanded Strike+1","Flying Knee+1","Deflect+1"],"picked":"ReplayTheSpireMod:Scrap Shanks","floor":30},{"not_picked":["MostiFishMod:Confrontation","Glass Knife","Envenom","MostiFishMod:Dislodge"],"picked":"MostiFishMod:WinterMarkForm","floor":33},{"not_picked":["hubris:SlightOfHand+1","Flechettes+1","Deflect+1","Bane","Dagger Spray"],"picked":"SKIP","floor":35},{"not_picked":["Doppelganger","Setup","Bane+1","Flying Knee+1","MostiFishMod:PerfectParry+1"],"picked":"SKIP","floor":36},{"not_picked":["Well Laid Plans+1","Dagger Spray","Heel Hook+1","MostiFishMod:PerfectParry+1"],"picked":"Blade Dance+1","floor":38},{"not_picked":["hubris:Fate","ReplayTheSpireMod:??????????????????????"],"picked":"infinitespire:FutureSight","floor":42},{"not_picked":["Backstab","Terror","Backflip","MostiFishMod:InvigoratingSolution+1"],"picked":"ReplayTheSpireMod:Shiv Toss+1","floor":45},{"not_picked":["Prepared","Blur","Dagger Throw+1","Bullet Time","Cloak And Dagger"],"picked":"SKIP","floor":47},{"not_picked":["Flying Knee","Expertise+1","Infinite Blades+1","All Out Attack+1","Riddle With Holes"],"picked":"SKIP","floor":48}],"player_experience":228076,"relics_obtained":[{"floor":1,"key":"SynthV:TestCard"},{"floor":2,"key":"InkBottle"},{"floor":5,"key":"hubris:DuctTape"},{"floor":9,"key":"Blue Doll"},{"floor":21,"key":"Red Mask"},{"floor":23,"key":"infinitespire:Bottled Soul"},{"floor":25,"key":"ReplayTheSpireMod:Ring of Collecting"},{"floor":25,"key":"ReplayTheSpireMod:Ring of Exchange"},{"floor":26,"key":"Ring of Fury"},{"floor":26,"key":"Mummified Hand"},{"floor":41,"key":"Ring of Hypnosis"},{"floor":41,"key":"Art of War"},{"floor":43,"key":"Ring of Fangs"},{"floor":43,"key":"Toy Ornithopter"},{"floor":48,"key":"infinitespire:Beetle Shell"}],"event_choices":[{"cards_removed":["Defend_G"],"damage_healed":0,"gold_gain":0,"player_choice":"Forget","damage_taken":0,"max_hp_gain":0,"max_hp_loss":0,"event_name":"Living Wall","floor":12,"gold_loss":0},{"damage_healed":0,"gold_gain":0,"player_choice":"Fought Bandits","damage_taken":0,"max_hp_gain":0,"max_hp_loss":0,"event_name":"Masked Bandits","floor":21,"gold_loss":0},{"damage_healed":0,"gold_gain":0,"player_choice":"Read","damage_taken":0,"max_hp_gain":0,"max_hp_loss":0,"event_name":"The Library","floor":22,"gold_loss":0,"cards_obtained":["Crippling Poison"]},{"cards_removed":["Defend_G"],"damage_healed":0,"gold_gain":0,"player_choice":"Elegance","damage_taken":0,"max_hp_gain":0,"max_hp_loss":0,"event_name":"Back to Basics","floor":31,"gold_loss":0},{"cards_removed":["Defend_G"],"damage_healed":0,"gold_gain":0,"player_choice":"Purged","damage_taken":0,"max_hp_gain":0,"max_hp_loss":0,"event_name":"Purifier","floor":37,"gold_loss":0},{"damage_healed":0,"gold_gain":222,"player_choice":"Wore Mask","damage_taken":0,"max_hp_gain":0,"max_hp_loss":0,"event_name":"Tomb of Lord Red Mask","floor":39,"gold_loss":0}],"is_beta":false,"boss_relics":[{"not_picked":["hubris:RunicObelisk","REME_ChargedStone"],"picked":"Kintsugi"},{"not_picked":["ClockworkSouvenir","Transparent"],"picked":"HandDrill"}],"items_purged_floors":[10,27,28,29],"is_endless":false,"potions_floor_spawned":[1,4,11,18,20,24,30,35,47],"ascension_level":0}}