{"host":"gfxjwtol062e9znw","time":1611834459,"event":{"mods":["BaseMod","Colored Map","Minty Spire (QoL Compilation)"],"gold_per_floor":[117,117,117,37,56,85,160,178,257,287,299,323,355,367,379,493,505,529,430,430,442,460,460,486,503,503,503,513,541,205,217,217,316,316,330,127,87,98,114,114,114,133,184,184,213,228,228,240,240,240,240],"floor_reached":50,"language":"ENG","playtime":2748,"items_purged":["Defend_R","Defend_R","Defend_R"],"score":766,"play_id":"6433faf5-0345-4a3c-9604-9e0fb9bb0664","local_time":"20210128224739","is_ascension_mode":true,"campfire_choices":[{"data":"Limit Break","floor":15,"key":"SMITH"},{"floor":23,"key":"REST"},{"floor":27,"key":"REST"},{"data":"Fire Breathing","floor":32,"key":"SMITH"},{"data":"Shockwave","floor":40,"key":"SMITH"},{"floor":44,"key":"REST"},{"data":"Secret Weapon","floor":47,"key":"SMITH"},{"data":"Inflame","floor":49,"key":"SMITH"}],"circlet_count":0,"master_deck":["Strike_R","Strike_R+1","Strike_R","Strike_R","Strike_R+1","Defend_R","Bash","Wild Strike+1","Inflame+1","Pommel Strike","Shrug It Off","Perfected Strike","Limit Break+1","Shrug It Off","Intimidate","Immolate","Wild Strike+1","Shockwave+1","Spot Weakness","Battle Trance+1","Body Slam","Second Wind","Secret Weapon+1","Sword Boomerang","Fire Breathing+1","Offering+1","Power Through","Body Slam+1","Perfected Strike+1","Sword Boomerang","Sword Boomerang+1"],"relics":["Burning Blood","NeowsBlessing","Akabeko","Gremlin Horn","MawBank","Pear","Omamori","Sozu","Eternal Feather","Pantograph","Bottled Tornado","Cursed Key","Bag of Preparation","Magic Flower"],"acts_visited":["Exordium","TheCity","TheBeyond"],"potions_floor_usage":[16],"damage_taken":[{"damage":0,"enemies":"2 Louse","floor":1,"turns":1},{"damage":0,"enemies":"Small Slimes","floor":5,"turns":1},{"damage":0,"enemies":"Lagavulin","floor":6,"turns":1},{"damage":0,"enemies":"Cultist","floor":8,"turns":2},{"damage":14,"enemies":"3 Sentries","floor":10,"turns":5},{"damage":0,"enemies":"3 Louse","floor":12,"turns":2},{"damage":5,"enemies":"Gremlin Gang","floor":13,"turns":3},{"damage":55,"enemies":"Hexaghost","floor":16,"turns":11},{"damage":7,"enemies":"Chosen","floor":18,"turns":4},{"damage":10,"enemies":"3 Byrds","floor":21,"turns":5},{"damage":13,"enemies":"Snecko","floor":22,"turns":5},{"damage":32,"enemies":"Slavers","floor":24,"turns":5},{"damage":6,"enemies":"Snake Plant","floor":25,"turns":3},{"damage":30,"enemies":"Chosen and Byrds","floor":28,"turns":5},{"damage":22,"enemies":"Book of Stabbing","floor":29,"turns":4},{"damage":0,"enemies":"Sentry and Sphere","floor":31,"turns":2},{"damage":82,"enemies":"Automaton","floor":33,"turns":8},{"damage":0,"enemies":"Orb Walker","floor":35,"turns":2},{"damage":6,"enemies":"3 Shapes","floor":38,"turns":1},{"damage":0,"enemies":"Sphere and 2 Shapes","floor":39,"turns":2},{"damage":58,"enemies":"Spire Growth","floor":42,"turns":5},{"damage":35,"enemies":"Nemesis","floor":45,"turns":5},{"damage":6,"enemies":"Maw","floor":46,"turns":4},{"damage":23,"enemies":"Sphere and 2 Shapes","floor":48,"turns":3},{"damage":104,"enemies":"Time Eater","floor":50,"turns":8}],"seed_played":"-7358474005155569243","potions_obtained":[{"floor":5,"key":"ElixirPotion"},{"floor":13,"key":"Dexterity Potion"}],"is_trial":false,"path_per_floor":["M","?","?","$","M","E","?","M","T","E","T","M","M","?","R","B",null,"M","$","?","M","M","R","E","M","T","R","M","E","$","M","R","B",null,"M","$","?","M","M","R","?","M","T","R","E","M","R","M","R","B"],"character_chosen":"IRONCLAD","items_purchased":["Inflame","Shockwave","Secret Weapon","Sword Boomerang","Power Through"],"campfire_rested":3,"item_purchase_floors":[4,19,30,30,36],"current_hp_per_floor":[78,78,62,62,68,74,63,69,69,61,71,77,78,78,78,29,75,74,74,56,52,45,73,47,47,47,87,63,47,47,53,68,17,76,82,82,82,82,88,95,95,43,43,86,57,60,78,64,82,0,0],"gold":240,"neow_bonus":"THREE_ENEMY_KILL","is_daily":false,"chose_seed":false,"campfire_upgraded":5,"win_rate":0.0,"timestamp":1611834459,"path_taken":["M","?","?","$","M","E","?","M","T","E","?","M","M","?","R","BOSS","M","$","?","M","M","R","E","M","T","R","M","E","$","M","R","BOSS","M","$","?","?","M","R","?","M","T","R","E","?","R","M","R","BOSS"],"items_purchased_type":["Card","Card","Card","Card","Card"],"build_version":"2020-12-22","purchased_purges":3,"victory":false,"max_hp_per_floor":[80,80,80,80,80,80,80,80,80,80,90,90,90,90,90,90,90,90,90,95,95,95,95,95,95,95,95,95,95,95,95,95,95,95,95,95,95,95,95,95,95,95,95,95,95,95,95,95,95,95,95],"card_choices":[{"not_picked":["Flex","Evolve"],"picked":"Wild Strike","floor":1},{"not_picked":["Uppercut","Metallicize"],"picked":"Pommel Strike","floor":5},{"not_picked":["Combust","Headbutt"],"picked":"Shrug It Off","floor":6},{"not_picked":["Thunderclap","Reckless Charge"],"picked":"Perfected Strike","floor":8},{"not_picked":["Thunderclap","Ghostly Armor"],"picked":"Limit Break","floor":10},{"not_picked":["Disarm","Entrench"],"picked":"Shrug It Off","floor":12},{"not_picked":["Uppercut","Shockwave"],"picked":"Intimidate","floor":13},{"not_picked":["Barricade","Fiend Fire"],"picked":"Immolate","floor":16},{"not_picked":["Reckless Charge+1","Headbutt"],"picked":"Wild Strike","floor":18},{"not_picked":["Feel No Pain","Thunderclap"],"picked":"Spot Weakness","floor":21},{"not_picked":["Searing Blow","Rampage+1","Entrench+1"],"picked":"SKIP","floor":22},{"not_picked":["Perfected Strike","Body Slam"],"picked":"Battle Trance+1","floor":24},{"not_picked":["Battle Trance","Metallicize"],"picked":"Body Slam","floor":25},{"not_picked":["Wild Strike+1","Dark Embrace+1","Havoc"],"picked":"SKIP","floor":28},{"not_picked":["Fiend Fire","Clothesline+1"],"picked":"Second Wind","floor":29},{"not_picked":["Cleave","Hemokinesis"],"picked":"Fire Breathing","floor":31},{"not_picked":["Bludgeon","Impervious"],"picked":"Offering","floor":33},{"not_picked":["Flex","Dark Embrace+1","Dual Wield"],"picked":"SKIP","floor":35},{"not_picked":["True Grit","Dropkick","Disarm"],"picked":"SKIP","floor":38},{"not_picked":["Perfected Strike","Havoc"],"picked":"Body Slam+1","floor":39},{"not_picked":["Havoc","Warcry+1"],"picked":"Perfected Strike+1","floor":42},{"not_picked":["Corruption","Combust","Cleave+1"],"picked":"SKIP","floor":45},{"not_picked":["Body Slam","Headbutt"],"picked":"Sword Boomerang","floor":46},{"not_picked":["Clash+1","Perfected Strike"],"picked":"Sword Boomerang+1","floor":48}],"player_experience":13016,"relics_obtained":[{"floor":6,"key":"Akabeko"},{"floor":9,"key":"Gremlin Horn"},{"floor":10,"key":"MawBank"},{"floor":11,"key":"Pear"},{"floor":24,"key":"Eternal Feather"},{"floor":26,"key":"Pantograph"},{"floor":29,"key":"Bottled Tornado"},{"floor":43,"key":"Bag of Preparation"},{"floor":45,"key":"Magic Flower"}],"event_choices":[{"damage_healed":0,"gold_gain":0,"player_choice":"Grow","damage_taken":0,"max_hp_gain":0,"max_hp_loss":0,"event_name":"Living Wall","floor":2,"gold_loss":0,"cards_upgraded":["Wild Strike"]},{"damage_healed":0,"gold_gain":0,"player_choice":"Entered Light","damage_taken":16,"max_hp_gain":0,"max_hp_loss":0,"event_name":"Shining Light","floor":3,"gold_loss":0,"cards_upgraded":["Strike_R","Strike_R"]},{"damage_healed":0,"gold_gain":75,"player_choice":"Gather Gold","damage_taken":11,"max_hp_gain":0,"max_hp_loss":0,"event_name":"World of Goop","floor":7,"gold_loss":0},{"damage_healed":0,"gold_gain":0,"player_choice":"Searched \u00271\u0027 times","damage_taken":0,"relics_obtained":["Omamori"],"max_hp_gain":0,"max_hp_loss":0,"event_name":"Dead Adventurer","floor":14,"gold_loss":0},{"damage_healed":0,"gold_gain":0,"player_choice":"Shed Blood","damage_taken":23,"max_hp_gain":5,"max_hp_loss":0,"event_name":"Forgotten Altar","floor":20,"gold_loss":0},{"damage_healed":0,"gold_gain":0,"player_choice":"Upgraded Two","damage_taken":0,"max_hp_gain":0,"max_hp_loss":0,"event_name":"Designer","floor":37,"gold_loss":40,"cards_upgraded":["Wild Strike","Offering"]},{"damage_healed":0,"gold_gain":0,"player_choice":"0 cards matched","damage_taken":0,"max_hp_gain":0,"max_hp_loss":0,"event_name":"Match and Keep!","floor":41,"gold_loss":0,"cards_obtained":[]}],"is_beta":false,"boss_relics":[{"not_picked":["Busted Crown","Runic Pyramid"],"picked":"Sozu"},{"not_picked":["Runic Dome","SlaversCollar"],"picked":"Cursed Key"}],"items_purged_floors":[19,30,36],"is_endless":false,"potions_floor_spawned":[5,13,18,21,25,29,38,39,46,48],"killed_by":"Time Eater","ascension_level":7}}