{"host":"w01zow3jg16g8jdh","time":1611853707,"event":{"mods":["AchievementEnabler","BaseMod","DeckTracker","Keyboard Shortcuts","Minty Spire (QoL Compilation)","Permanent Neow","StSLib","SuperFastMode"],"gold_per_floor":[116,131,150,167,167,167,195,195,195,195,227,227,262,129,129,202,202,220,120,131,6,24,55,69,96,96,96,96,96,96,131,131,202,202,215,215,266,146,163,163,180,212,212,212,229,229,229,89,89,89,89,89,89,3,37,37],"floor_reached":57,"language":"KOR","playtime":1745,"items_purged":["Strike_G","Defend_G","Strike_G","Defend_G","Strike_G"],"score":2758,"play_id":"9be8fe59-eafa-4e16-9e1c-8cfd1542773b","local_time":"20210129020827","is_ascension_mode":true,"campfire_choices":[{"data":"Deadly Poison","floor":6.0,"key":"SMITH"},{"data":"Adrenaline","floor":8.0,"key":"SMITH"},{"data":"Acrobatics","floor":10.0,"key":"SMITH"},{"floor":12.0,"key":"REST"},{"data":"Cloak And Dagger","floor":15.0,"key":"SMITH"},{"floor":28.0,"key":"REST"},{"data":"Phantasmal Killer","floor":30.0,"key":"SMITH"},{"data":"Tactician","floor":32.0,"key":"SMITH"},{"data":"Prepared","floor":40.0,"key":"SMITH"},{"data":"Cloak And Dagger","floor":47.0,"key":"SMITH"},{"floor":49.0,"key":"RECALL"},{"data":"PiercingWail","floor":53.0,"key":"SMITH"}],"circlet_count":0,"master_deck":["AscendersBane","Strike_G","Defend_G","Defend_G","Defend_G","Survivor","Neutralize+1","Deadly Poison+1","Acrobatics+1","PiercingWail+1","Escape Plan","Adrenaline+1","Cloak And Dagger+1","Phantasmal Killer+1","Tactician+1","Crippling Poison+1","Deflect","Writhe","Wraith Form v2+1","After Image+1","After Image+1","Prepared+1","Cloak And Dagger+1","Backflip","Purity","Accuracy+1"],"relics":["Ring of the Snake","PreservedInsect","Du-Vu Doll","Vajra","Kunai","Cursed Key","The Courier","Bag of Preparation","Frozen Egg 2","Torii","WristBlade","The Specimen","Omamori","StoneCalendar","Lizard Tail"],"acts_visited":["Exordium","TheCity","TheBeyond","TheEnding"],"potions_floor_usage":[56,56],"damage_taken":[{"damage":7.0,"enemies":"Small Slimes","floor":1.0,"turns":7.0},{"damage":0.0,"enemies":"Cultist","floor":2.0,"turns":4.0},{"damage":1.0,"enemies":"2 Louse","floor":3.0,"turns":3.0},{"damage":2.0,"enemies":"2 Fungi Beasts","floor":4.0,"turns":6.0},{"damage":14.0,"enemies":"3 Sentries","floor":7.0,"turns":7.0},{"damage":2.0,"enemies":"Lagavulin","floor":11.0,"turns":6.0},{"damage":20.0,"enemies":"3 Sentries","floor":13.0,"turns":10.0},{"damage":21.0,"enemies":"The Guardian","floor":16.0,"turns":11.0},{"damage":0.0,"enemies":"Shell Parasite","floor":18.0,"turns":5.0},{"damage":6.0,"enemies":"2 Thieves","floor":20.0,"turns":4.0},{"damage":2.0,"enemies":"3 Cultists","floor":22.0,"turns":4.0},{"damage":4.0,"enemies":"Book of Stabbing","floor":23.0,"turns":5.0},{"damage":25.0,"enemies":"Cultist and Chosen","floor":24.0,"turns":7.0},{"damage":5.0,"enemies":"Slavers","floor":25.0,"turns":5.0},{"damage":0.0,"enemies":"Gremlin Leader","floor":31.0,"turns":5.0},{"damage":30.0,"enemies":"Automaton","floor":33.0,"turns":16.0},{"damage":0.0,"enemies":"Orb Walker","floor":35.0,"turns":4.0},{"damage":0.0,"enemies":"2 Orb Walkers","floor":37.0,"turns":8.0},{"damage":7.0,"enemies":"3 Shapes","floor":39.0,"turns":4.0},{"damage":0.0,"enemies":"Maw","floor":41.0,"turns":7.0},{"damage":38.0,"enemies":"Giant Head","floor":42.0,"turns":9.0},{"damage":10.0,"enemies":"4 Shapes","floor":45.0,"turns":5.0},{"damage":22.0,"enemies":"Awakened One","floor":50.0,"turns":18.0},{"damage":9.0,"enemies":"Donu and Deca","floor":51.0,"turns":13.0},{"damage":0.0,"enemies":"Shield and Spear","floor":55.0,"turns":6.0},{"damage":81,"enemies":"The Heart","floor":56,"turns":11}],"seed_played":"7963409797412905636","potions_obtained":[{"floor":2.0,"key":"DistilledChaos"},{"floor":3.0,"key":"LiquidBronze"},{"floor":7.0,"key":"Fruit Juice"},{"floor":16.0,"key":"AttackPotion"},{"floor":37.0,"key":"Ancient Potion"},{"floor":41.0,"key":"EssenceOfSteel"},{"floor":42.0,"key":"CultistPotion"}],"is_trial":false,"path_per_floor":["M","M","M","M","?","R","E","R","T","R","E","R","E","$","R","B",null,"M","$","M","$","M","E","M","E","T","?","R","?","R","E","R","B",null,"M","?","?","$","M","R","M","E","T","?","M","?","R","$","R","B","B",null,"R","$","E","B",null],"character_chosen":"THE_SILENT","items_purchased":["Cloak And Dagger","Purity"],"campfire_rested":2,"item_purchase_floors":[14,54],"current_hp_per_floor":[52,52,51,49,49,49,35,35,35,35,33,52,32,32,32,11,52,52,52,46,46,44,40,15,15,15,15,36,36,36,36,36,6,55,55,55,55,55,48,48,48,10,10,58,48,58,58,58,58,36,27,50,50,50,50,26],"gold":37,"neow_bonus":"UPGRADE_CARD","is_daily":false,"chose_seed":false,"campfire_upgraded":9,"win_rate":0.0,"timestamp":1611853707,"path_taken":["M","M","M","M","?","R","E","R","T","R","E","R","E","?","R","BOSS","M","$","M","$","M","E","M","E","T","?","R","?","R","E","R","BOSS","M","?","?","$","M","R","M","E","T","?","M","?","R","$","R","BOSS","BOSS","R","$","E","BOSS"],"items_purchased_type":["Card","Card"],"build_version":"2020-12-22","purchased_purges":5,"victory":true,"max_hp_per_floor":[66,66,66,66,66,66,66,66,66,66,66,66,66,66,66,66,66,66,66,66,66,66,66,66,71,71,71,71,71,71,71,71,71,71,71,71,71,71,71,71,71,71,71,58,58,58,58,58,58,58,58,58,58,58,58,58],"card_choices":[{"not_picked":["Underhanded Strike","PiercingWail"],"picked":"Deadly Poison","floor":1.0},{"not_picked":["Dagger Throw","Deadly Poison"],"picked":"Acrobatics","floor":2.0},{"not_picked":["Glass Knife","Bane"],"picked":"PiercingWail","floor":3.0},{"not_picked":["Footwork","Prepared"],"picked":"Escape Plan","floor":4.0},{"not_picked":["Flechettes","Dagger Throw"],"picked":"Adrenaline","floor":7.0},{"not_picked":["Flying Knee","Finisher","Deflect"],"picked":"SKIP","floor":11.0},{"not_picked":["Distraction","Underhanded Strike","Deadly Poison"],"picked":"SKIP","floor":13.0},{"not_picked":["Corpse Explosion","A Thousand Cuts"],"picked":"Phantasmal Killer","floor":16.0},{"not_picked":["Endless Agony","Riddle With Holes"],"picked":"Tactician","floor":18.0},{"not_picked":["PiercingWail","Blade Dance"],"picked":"Crippling Poison+1","floor":20.0},{"not_picked":["Dodge and Roll","Footwork"],"picked":"Deflect","floor":22.0},{"not_picked":["Crippling Poison","Deflect","Outmaneuver"],"picked":"SKIP","floor":23.0},{"not_picked":["Eviscerate","Masterful Stab","Deadly Poison+1"],"picked":"SKIP","floor":24.0},{"not_picked":["Concentrate","Footwork+1","Dagger Throw"],"picked":"SKIP","floor":25.0},{"not_picked":["Acrobatics","Finisher"],"picked":"After Image+1","floor":31.0},{"not_picked":["Storm of Steel","Venomology"],"picked":"After Image+1","floor":33.0},{"not_picked":["Terror","Dagger Throw","Slice"],"picked":"SKIP","floor":35.0},{"not_picked":["Choke","Flechettes+1"],"picked":"Prepared","floor":37.0},{"not_picked":["Poisoned Stab+1","Dagger Spray+1","Underhanded Strike+1"],"picked":"SKIP","floor":39.0},{"not_picked":["Noxious Fumes+1","Expertise"],"picked":"Cloak And Dagger","floor":41.0},{"not_picked":["PiercingWail","Dodge and Roll","Skewer"],"picked":"SKIP","floor":42.0},{"not_picked":["Prepared+1","Sucker Punch"],"picked":"Backflip","floor":45.0},{"not_picked":["Burst","Flying Knee"],"picked":"Accuracy+1","floor":55.0}],"player_experience":330972,"relics_obtained":[{"floor":7.0,"key":"Du-Vu Doll"},{"floor":11.0,"key":"Vajra"},{"floor":13.0,"key":"Kunai"},{"floor":23.0,"key":"The Courier"},{"floor":25.0,"key":"Bag of Preparation"},{"floor":26.0,"key":"Frozen Egg 2"},{"floor":31.0,"key":"Torii"},{"floor":37.0,"key":"The Specimen"},{"floor":42.0,"key":"Omamori"},{"floor":43.0,"key":"StoneCalendar"},{"floor":55.0,"key":"Lizard Tail"}],"event_choices":[{"damage_healed":0.0,"max_hp_gain":0.0,"max_hp_loss":0.0,"gold_gain":0.0,"event_name":"WeMeetAgain","player_choice":"Gave Potion","floor":5.0,"gold_loss":0.0,"damage_taken":0.0,"relics_obtained":["PreservedInsect"]},{"damage_healed":0.0,"max_hp_gain":0.0,"max_hp_loss":0.0,"gold_gain":0.0,"event_name":"The Library","player_choice":"Read","floor":27.0,"gold_loss":0.0,"damage_taken":0.0,"cards_obtained":["Wraith Form v2"]},{"damage_healed":0.0,"max_hp_gain":0.0,"max_hp_loss":0.0,"gold_gain":0.0,"event_name":"Cursed Tome","player_choice":"Ignored","floor":29.0,"gold_loss":0.0,"damage_taken":0.0},{"cards_removed":["Strike_G"],"damage_healed":0.0,"max_hp_gain":0.0,"max_hp_loss":0.0,"gold_gain":0.0,"event_name":"Falling","player_choice":"Removed Attack","floor":36.0,"gold_loss":0.0,"damage_taken":0.0},{"damage_healed":0.0,"max_hp_gain":0.0,"max_hp_loss":0.0,"gold_gain":0.0,"event_name":"Mysterious Sphere","player_choice":"Fight","floor":37.0,"gold_loss":0.0,"damage_taken":0.0},{"damage_healed":58.0,"max_hp_gain":0.0,"max_hp_loss":13.0,"gold_gain":0.0,"event_name":"The Moai Head","player_choice":"Heal","floor":44.0,"gold_loss":0.0,"damage_taken":0.0},{"damage_healed":12.0,"max_hp_gain":0.0,"max_hp_loss":0.0,"gold_gain":0.0,"event_name":"Winding Halls","player_choice":"Writhe","floor":46.0,"gold_loss":0.0,"damage_taken":0.0,"cards_obtained":["Writhe"]}],"is_beta":false,"boss_relics":[{"not_picked":["Snecko Eye","Astrolabe"],"picked":"Cursed Key"},{"not_picked":["Empty Cage","Coffee Dripper"],"picked":"WristBlade"}],"items_purged_floors":[14,19,21,38,48],"is_endless":false,"potions_floor_spawned":[2,3,7,16,18,37,41,42],"ascension_level":20}}