{"host":"wq5h7jomr5a1xww7","time":1611858677,"event":{"mods":["BaseMod","Highlight Path","Marked Mod","Minty Spire (QoL Compilation)","Relic Stats","StSLib"],"gold_per_floor":[114,127,127,139,153,180,200,231,256,256,82,113,113,138,138,138,239,239,239,239,239],"floor_reached":20,"language":"ENG","playtime":1051,"items_purged":["Strike_P"],"score":263,"play_id":"48861911-234a-4742-bee3-439143750f5a","local_time":"20210128123117","is_ascension_mode":true,"campfire_choices":[{"floor":10,"key":"REST"},{"floor":15,"key":"DIG"},{"floor":16,"key":"DIG"},{"data":"TalkToTheHand","floor":19,"key":"SMITH"}],"circlet_count":0,"master_deck":["Strike_P","Strike_P","Strike_P","Defend_P","Defend_P","Defend_P","Defend_P","Eruption","Vigilance","MarkedMod:FirstStrike","Wireheading","BowlingBash","Weave","MarkedMod:SlowDance","Tantrum","TalkToTheHand+1","Tantrum","FlurryOfBlows","Wish","Wallop","LessonLearned"],"relics":["SlaversCollar","Blood Vial","WingedGreaves","Pen Nib","Dream Catcher","Shovel","Turnip","Potion Belt","Vajra","Coffee Dripper"],"acts_visited":["Exordium"],"potions_floor_usage":[8,12,20],"damage_taken":[{"damage":2.0,"enemies":"Cultist","floor":1.0,"turns":3.0},{"damage":0.0,"enemies":"2 Louse","floor":2.0,"turns":4.0},{"damage":0.0,"enemies":"Small Slimes","floor":4.0,"turns":3.0},{"damage":16.0,"enemies":"Blue Slaver","floor":5.0,"turns":6.0},{"damage":19.0,"enemies":"3 Sentries","floor":6.0,"turns":4.0},{"damage":27,"enemies":"Gremlin Gang","floor":7,"turns":6},{"damage":0,"enemies":"Gremlin Nob","floor":8,"turns":2},{"damage":0,"enemies":"Lagavulin","floor":12,"turns":2},{"damage":7,"enemies":"Gremlin Nob","floor":14,"turns":3},{"damage":24,"enemies":"The Guardian","floor":17,"turns":7},{"damage":28,"enemies":"The Guardian","floor":20,"turns":5}],"seed_played":"-5152079631626835554","potions_obtained":[{"floor":4.0,"key":"Regen Potion"},{"floor":6.0,"key":"Strength Potion"},{"floor":8,"key":"SmokeBomb"},{"floor":14,"key":"Energy Potion"}],"is_trial":false,"path_per_floor":["M","M","T","M","M","E","M","E","T","R","$","E","?","E","R","R","B",null,"R","B"],"character_chosen":"WATCHER","items_purchased":["FlurryOfBlows","Swift Potion"],"campfire_rested":1,"item_purchase_floors":[11,11],"current_hp_per_floor":[70,70,70,72,56,48,23,25,25,46,46,48,53,48,48,48,26,26,26,0,0],"gold":239,"neow_bonus":"BOSS_RELIC","is_daily":false,"chose_seed":false,"campfire_upgraded":1,"win_rate":0.0,"timestamp":1611858677,"path_taken":["M","M","?","M","M","E","M","E","T","R","$","E","?","E","R","R","BOSS","R","BOSS"],"items_purchased_type":["Card","Potion"],"build_version":"2020-12-22","purchased_purges":1,"victory":false,"max_hp_per_floor":[72,72,72,72,72,72,72,72,72,72,72,72,77,77,77,77,77,77,77,77,77],"relic_stats":{"Blood Vial":16,"Dream Catcher":1,"Shovel":2,"counters":[11,45],"Pen Nib":[4],"Turnip":[0],"obtain_stats":[{"Blood Vial":3,"Potion Belt":15,"SlaversCollar":0,"Dream Catcher":9,"Shovel":12,"Vajra":16,"WingedGreaves":6,"Pen Nib":8,"Turnip":14,"Coffee Dripper":18,"PureWater":0},{"Blood Vial":2,"Potion Belt":9,"SlaversCollar":0,"Dream Catcher":7,"Shovel":8,"Vajra":9,"WingedGreaves":5,"Pen Nib":7,"Turnip":9,"Coffee Dripper":10,"PureWater":0},{"Blood Vial":7,"Potion Belt":33,"SlaversCollar":0,"Dream Catcher":28,"Shovel":30,"Vajra":33,"WingedGreaves":20,"Pen Nib":28,"Turnip":33,"Coffee Dripper":40,"PureWater":0}]},"card_choices":[{"not_picked":["Consecrate","JustLucky"],"picked":"MarkedMod:FirstStrike","floor":1.0},{"not_picked":["CrushJoints","EmptyFist"],"picked":"Wireheading","floor":2.0},{"not_picked":["Halt","Protect"],"picked":"BowlingBash","floor":4.0},{"not_picked":["Wireheading","ThirdEye"],"picked":"Weave","floor":5.0},{"not_picked":["FlurryOfBlows","Evaluate"],"picked":"MarkedMod:SlowDance","floor":6.0},{"not_picked":["Evaluate","ReachHeaven"],"picked":"Tantrum","floor":7},{"not_picked":["SashWhip","Nirvana"],"picked":"TalkToTheHand","floor":8},{"not_picked":["Halt","Sanctity"],"picked":"Tantrum","floor":10},{"not_picked":["EmptyBody","ThirdEye"],"picked":"Wish","floor":12},{"not_picked":["Halt","Crescendo"],"picked":"Wallop","floor":14},{"not_picked":["Alpha","Blasphemy"],"picked":"LessonLearned","floor":17}],"player_experience":84243,"relics_obtained":[{"floor":3.0,"key":"Blood Vial"},{"floor":6.0,"key":"WingedGreaves"},{"floor":8,"key":"Pen Nib"},{"floor":9,"key":"Dream Catcher"},{"floor":12,"key":"Shovel"},{"floor":14,"key":"Turnip"},{"floor":15,"key":"Potion Belt"},{"floor":16,"key":"Vajra"}],"event_choices":[{"damage_healed":0,"gold_gain":0,"player_choice":"Donut","damage_taken":0,"max_hp_gain":5,"max_hp_loss":0,"event_name":"Big Fish","floor":13,"gold_loss":0}],"is_beta":false,"boss_relics":[{"not_picked":["Busted Crown","Cursed Key"],"picked":"Coffee Dripper"}],"items_purged_floors":[11],"is_endless":false,"potions_floor_spawned":[4,6,8,14],"killed_by":"The Guardian","ascension_level":1}}