{"host":"gg","time":1611803864,"event":{"mods":["BaseMod","Colored Map","Googly Eyes","Minty Spire (QoL Compilation)","Permanent Neow","Relic Stats","The IronCluck"],"gold_per_floor":[111,130,205,216,234,234,234],"floor_reached":6,"language":"ENG","playtime":492,"items_purged":[],"score":76,"play_id":"8459c2de-ceab-4834-8b1f-bca4e5605b60","local_time":"20210127191744","is_ascension_mode":true,"campfire_choices":[],"circlet_count":0,"master_deck":["AscendersBane","Strike_P","Strike_P","Strike_P","Strike_P","Defend_P","Defend_P","Defend_P","Defend_P","Eruption","Vigilance","FollowUp","Consecrate"],"relics":["Snecko Eye"],"acts_visited":["Exordium"],"potions_floor_usage":[],"damage_taken":[{"damage":0.0,"enemies":"Cultist","floor":1.0,"turns":4.0},{"damage":0.0,"enemies":"Small Slimes","floor":2.0,"turns":2.0},{"damage":2.0,"enemies":"Jaw Worm","floor":4.0,"turns":3.0},{"damage":0.0,"enemies":"Large Slime","floor":5.0,"turns":3.0},{"damage":7,"enemies":"3 Sentries","floor":6,"turns":3}],"seed_played":"8448526679958231734","potions_obtained":[{"floor":4.0,"key":"Weak Potion"},{"floor":5.0,"key":"SkillPotion"}],"is_trial":false,"path_per_floor":["M","M","?","M","M","E"],"character_chosen":"WATCHER","items_purchased":[],"campfire_rested":0,"item_purchase_floors":[],"current_hp_per_floor":[61,61,50,48,48,41,41],"gold":234,"neow_bonus":"BOSS_RELIC","is_daily":false,"chose_seed":false,"campfire_upgraded":0,"win_rate":0.0,"timestamp":1611803864,"path_taken":["M","?","?","M","M","E"],"items_purchased_type":[],"build_version":"2020-12-18","purchased_purges":0,"victory":false,"max_hp_per_floor":[68,68,68,68,68,68,68],"relic_stats":{"counters":[5,15],"Snecko Eye":[26,23,19,28],"obtain_stats":[{"Snecko Eye":0,"PureWater":0},{"Snecko Eye":0,"PureWater":0},{"Snecko Eye":0,"PureWater":0}]},"card_choices":[{"not_picked":["Protect","ClearTheMind"],"picked":"FollowUp","floor":1.0},{"not_picked":["EmptyBody","Wireheading"],"picked":"Consecrate","floor":2.0},{"not_picked":["Indignation","Consecrate","JustLucky"],"picked":"SKIP","floor":4.0},{"not_picked":["Perseverance","ForeignInfluence","Halt"],"picked":"SKIP","floor":5.0}],"player_experience":1288951,"relics_obtained":[],"event_choices":[{"damage_healed":0.0,"max_hp_gain":0.0,"max_hp_loss":0.0,"gold_gain":75.0,"event_name":"World of Goop","player_choice":"Gather Gold","floor":3.0,"gold_loss":0.0,"damage_taken":11.0}],"is_beta":true,"boss_relics":[],"items_purged_floors":[],"is_endless":false,"potions_floor_spawned":[4,5],"killed_by":"3 Sentries","ascension_level":20}}