{"host":"krw8blyxua7at9ak","time":1611801962,"event":{"mods":["BaseMod","Highlight Path","Minty Spire (QoL Compilation)","ojb\u0027s Info Mod"],"gold_per_floor":[110,137,212,212,52,87,87,122,122,148,148,167,203,223,223,314,314,333,356,356,372,54,54,54],"floor_reached":23,"language":"ENG","playtime":719,"items_purged":[],"score":514,"play_id":"bf1d786d-2719-46d3-9b2e-24a592279566","local_time":"20210128034602","is_ascension_mode":true,"campfire_choices":[{"data":"Dagger Throw","floor":7,"key":"SMITH"},{"data":"Blade Dance","floor":11,"key":"SMITH"},{"data":"Blade Dance","floor":15,"key":"SMITH"}],"circlet_count":0,"master_deck":["AscendersBane","Strike_G","Strike_G","Strike_G","Strike_G","Strike_G","Defend_G","Defend_G","Defend_G","Defend_G","Defend_G","Survivor","Neutralize","Dagger Throw+1","Blade Dance+1","Blade Dance+1","Terror","Doppelganger+1","Terror+1","Night Terror+1","Escape Plan+1","Blade Dance+1","Calculated Gamble+1","Ghostly+1","Ghostly+1","Ghostly+1","Cloak And Dagger+1","Well Laid Plans+1"],"relics":["Ring of the Snake","NeowsBlessing","Akabeko","Golden Idol","Sling","Potion Belt","Prayer Wheel","Kunai","Odd Mushroom","Toxic Egg 2","Philosopher\u0027s Stone","Incense Burner"],"acts_visited":["Exordium","TheCity"],"potions_floor_usage":[10,19,19],"damage_taken":[{"damage":0,"enemies":"Cultist","floor":1,"turns":1},{"damage":0,"enemies":"3 Sentries","floor":6,"turns":1},{"damage":0,"enemies":"Gremlin Nob","floor":8,"turns":1},{"damage":11,"enemies":"The Mushroom Lair","floor":10,"turns":4},{"damage":0,"enemies":"Small Slimes","floor":12,"turns":2},{"damage":2,"enemies":"3 Sentries","floor":13,"turns":6},{"damage":0,"enemies":"2 Louse","floor":14,"turns":2},{"damage":10,"enemies":"The Guardian","floor":16,"turns":12},{"damage":11,"enemies":"2 Thieves","floor":18,"turns":4},{"damage":19,"enemies":"3 Byrds","floor":19,"turns":3},{"damage":13,"enemies":"3 Cultists","floor":21,"turns":4},{"damage":25,"enemies":"Book of Stabbing","floor":23,"turns":3}],"seed_played":"-2940297014966134308","potions_obtained":[{"floor":8,"key":"PowerPotion"},{"floor":12,"key":"LiquidBronze"},{"floor":18,"key":"AttackPotion"},{"floor":21,"key":"SpeedPotion"}],"is_trial":false,"path_per_floor":["M","T","?","?","$","E","R","E","T","?","R","M","E","M","R","B",null,"M","M","?","M","$","E"],"character_chosen":"THE_SILENT","items_purchased":["Sling","Incense Burner"],"campfire_rested":0,"item_purchase_floors":[5,22],"current_hp_per_floor":[59,59,48,48,48,48,48,48,48,37,37,37,35,35,35,25,51,40,21,21,8,8,0,0],"gold":54,"neow_bonus":"THREE_ENEMY_KILL","is_daily":false,"chose_seed":false,"campfire_upgraded":3,"win_rate":0.0,"timestamp":1611801962,"path_taken":["M","?","?","?","$","E","R","E","T","?","R","M","E","M","R","BOSS","M","M","?","M","$","E"],"items_purchased_type":["Relic","Relic"],"build_version":"2020-12-22","purchased_purges":0,"victory":false,"max_hp_per_floor":[66,66,66,60,60,60,60,60,60,60,60,60,60,60,60,60,60,60,60,30,30,30,30,30],"card_choices":[{"not_picked":["Quick Slash","Riddle With Holes","Tactician"],"picked":"SKIP","floor":1},{"not_picked":["Deflect","Well Laid Plans"],"picked":"Dagger Throw","floor":6},{"not_picked":["Quick Slash","Backflip","PiercingWail"],"picked":"SKIP","floor":8},{"not_picked":["Noxious Fumes","Flying Knee"],"picked":"Blade Dance","floor":10},{"not_picked":["Outmaneuver","Die Die Die"],"picked":"Blade Dance","floor":12},{"not_picked":["Skewer","Reflex"],"picked":"Terror","floor":12},{"not_picked":["Flying Knee","Calculated Gamble+1"],"picked":"Doppelganger+1","floor":13},{"not_picked":["Deadly Poison+1","Outmaneuver+1"],"picked":"Terror+1","floor":14},{"not_picked":["Predator","Quick Slash","Flying Knee"],"picked":"SKIP","floor":14},{"not_picked":["Burst+1","Grand Finale"],"picked":"Night Terror+1","floor":16},{"not_picked":["PiercingWail+1","Flying Knee"],"picked":"Escape Plan+1","floor":18},{"not_picked":["Bane","Outmaneuver+1","Poisoned Stab"],"picked":"SKIP","floor":18},{"not_picked":["Dodge and Roll+1","Flying Knee"],"picked":"Blade Dance+1","floor":19},{"not_picked":["Slice","Deadly Poison+1"],"picked":"Calculated Gamble+1","floor":19},{"not_picked":["Eviscerate","Deadly Poison+1"],"picked":"Cloak And Dagger+1","floor":21},{"not_picked":["Underhanded Strike","Sucker Punch+1"],"picked":"Well Laid Plans+1","floor":21}],"player_experience":368533,"relics_obtained":[{"floor":2,"key":"Akabeko"},{"floor":6,"key":"Potion Belt"},{"floor":8,"key":"Prayer Wheel"},{"floor":9,"key":"Kunai"},{"floor":10,"key":"Odd Mushroom"},{"floor":13,"key":"Toxic Egg 2"}],"event_choices":[{"damage_healed":0,"gold_gain":75,"player_choice":"Gather Gold","damage_taken":11,"max_hp_gain":0,"max_hp_loss":0,"event_name":"World of Goop","floor":3,"gold_loss":0},{"damage_healed":0,"gold_gain":0,"player_choice":"Lose Max HP","damage_taken":0,"relics_obtained":["Golden Idol"],"max_hp_gain":0,"max_hp_loss":6,"event_name":"Golden Idol","floor":4,"gold_loss":0},{"damage_healed":0,"gold_gain":0,"player_choice":"Fought Mushrooms","damage_taken":0,"max_hp_gain":0,"max_hp_loss":0,"event_name":"Mushrooms","floor":10,"gold_loss":0},{"damage_healed":0,"gold_gain":0,"player_choice":"Became a Ghost","damage_taken":0,"max_hp_gain":0,"max_hp_loss":30,"event_name":"Ghosts","floor":20,"gold_loss":0,"cards_obtained":["Ghostly","Ghostly","Ghostly"]}],"is_beta":false,"boss_relics":[{"not_picked":["HoveringKite","Sozu"],"picked":"Philosopher\u0027s Stone"}],"items_purged_floors":[],"is_endless":false,"potions_floor_spawned":[8,12,18,21],"killed_by":"Book of Stabbing","ascension_level":20}}