{"host":"test","time":1611833697,"event":{"mods":["BaseMod","Colored Map","Colored Powertips","Minty Spire (QoL Compilation)","Relic Stats","Slay the Relics Exporter","SpireBot","StSLib","ojb\u0027s Better Paths Mod","ojb\u0027s Info Mod"],"gold_per_floor":[110,185,185,205,226,226,226,226,226,226,262,278,0,39,39,133,133,146,120,120,120,135,135,170,170,170,208,224,224,224,51,51,147,147,161,179,202,202,233,233,266,266,266,305,324,337,59,99,99,99,99,99,99,46,77,77],"floor_reached":57,"language":"JPN","playtime":4350,"items_purged":["Strike_G"],"score":2847,"play_id":"4f6d3988-c134-4908-8950-281aed06c92a","local_time":"20210128203457","is_ascension_mode":true,"campfire_choices":[{"data":"Bouncing Flask","floor":6,"key":"SMITH"},{"data":"Dagger Spray","floor":8,"key":"SMITH"},{"floor":10,"key":"REST"},{"data":"Cloak And Dagger","floor":15,"key":"SMITH"},{"floor":23,"key":"REST"},{"data":"Hyperbeam","floor":25,"key":"SMITH"},{"floor":30,"key":"REST"},{"data":"Crippling Poison","floor":32,"key":"SMITH"},{"data":"Aggregate","floor":40,"key":"SMITH"},{"floor":42,"key":"RECALL"},{"data":"Well Laid Plans","floor":49,"key":"SMITH"},{"data":"Footwork","floor":53,"key":"SMITH"}],"circlet_count":0,"master_deck":["AscendersBane","Strike_G","Strike_G","Defend_G","Defend_G","Defend_G","Defend_G","Defend_G","Survivor","Neutralize","Sucker Punch","Bouncing Flask+1","Dagger Spray+1","Cloak And Dagger+1","Well Laid Plans+1","Footwork+1","Poisoned Stab","JustLucky","Creative AI+1","Acrobatics","Crippling Poison+1","Dodge and Roll","Hyperbeam+1","Wireheading+1","Dark Embrace+1","Buffer+1","Carnage","Self Repair+1","Aggregate+1","The Bomb","Crippling Poison","Wallop","Footwork+1","Feel No Pain+1","Headbutt+1"],"relics":["Black Star","Golden Idol","Mummified Hand","Kunai","Lizard Tail","PrismaticShard","Frozen Egg 2","Ninja Scroll","Snecko Eye","Akabeko","Blood Vial","Happy Flower","Shuriken","Paper Crane","Strawberry","TwistedFunnel","Coffee Dripper","Turnip","Nunchaku","Oddly Smooth Stone","Pen Nib","Omamori","Medical Kit","Prayer Wheel","Incense Burner","Pantograph","InkBottle"],"acts_visited":["Exordium","TheCity","TheBeyond","TheEnding"],"potions_floor_usage":[11,11,16,16,27,35,41,50,56,56],"damage_taken":[{"damage":11,"enemies":"Jaw Worm","floor":1,"turns":5},{"damage":7,"enemies":"Small Slimes","floor":4,"turns":4},{"damage":3,"enemies":"Cultist","floor":5,"turns":4},{"damage":17,"enemies":"3 Sentries","floor":11,"turns":6},{"damage":6,"enemies":"Looter","floor":12,"turns":3},{"damage":8,"enemies":"Lagavulin","floor":14,"turns":5},{"damage":9,"enemies":"Slime Boss","floor":16,"turns":10},{"damage":3,"enemies":"3 Byrds","floor":18,"turns":4},{"damage":8,"enemies":"2 Thieves","floor":19,"turns":4},{"damage":9,"enemies":"Snake Plant","floor":22,"turns":4},{"damage":17,"enemies":"Gremlin Leader","floor":24,"turns":7},{"damage":23,"enemies":"Slavers","floor":27,"turns":4},{"damage":0,"enemies":"Chosen and Byrds","floor":28,"turns":4},{"damage":12,"enemies":"Automaton","floor":33,"turns":8},{"damage":0,"enemies":"3 Shapes","floor":35,"turns":4},{"damage":0,"enemies":"3 Darklings","floor":36,"turns":1},{"damage":0,"enemies":"Sphere and 2 Shapes","floor":37,"turns":1},{"damage":0,"enemies":"Mind Bloom Boss Battle","floor":39,"turns":3},{"damage":0,"enemies":"Reptomancer","floor":41,"turns":4},{"damage":3,"enemies":"Giant Head","floor":44,"turns":8},{"damage":0,"enemies":"Jaw Worm Horde","floor":45,"turns":1},{"damage":0,"enemies":"Maw","floor":46,"turns":5},{"damage":9,"enemies":"Reptomancer","floor":48,"turns":7},{"damage":20,"enemies":"Awakened One","floor":50,"turns":16},{"damage":23,"enemies":"Time Eater","floor":51,"turns":13},{"damage":0,"enemies":"Shield and Spear","floor":55,"turns":5},{"damage":8,"enemies":"The Heart","floor":56,"turns":9}],"seed_played":"1838156607385243849","potions_obtained":[{"floor":1,"key":"Fire Potion"},{"floor":4,"key":"DistilledChaos"},{"floor":12,"key":"Swift Potion"},{"floor":14,"key":"GamblersBrew"},{"floor":18,"key":"PowerPotion"},{"floor":19,"key":"EssenceOfSteel"},{"floor":24,"key":"Fruit Juice"},{"floor":33,"key":"AttackPotion"},{"floor":35,"key":"Weak Potion"},{"floor":44,"key":"EssenceOfSteel"},{"floor":55,"key":"EssenceOfSteel"}],"is_trial":false,"path_per_floor":["M","?","?","M","M","R","?","R","T","R","E","M","$","E","R","B",null,"M","M","?","?","M","R","E","R","T","E","M","?","R","$","R","B",null,"M","M","M","?","?","R","E","R","T","E","M","M","$","E","R","B","B",null,"R","$","E","B",null],"character_chosen":"THE_SILENT","items_purchased":["PrismaticShard","Footwork","Poisoned Stab","TwistedFunnel","Medical Kit","Footwork+1","Fire Potion"],"campfire_rested":3,"item_purchase_floors":[13,13,13,31,47,47,54],"current_hp_per_floor":[48,37,37,30,27,27,27,27,27,45,28,22,22,14,14,5,46,43,35,35,35,26,44,27,27,27,13,15,15,35,35,35,25,57,64,66,68,58,70,70,72,72,72,72,72,72,72,72,72,62,51,67,67,67,72,72],"gold":77,"neow_bonus":"BOSS_RELIC","is_daily":false,"chose_seed":true,"campfire_upgraded":8,"win_rate":0.0,"timestamp":1611833697,"path_taken":["M","?","?","M","M","R","?","R","T","R","E","M","$","E","R","BOSS","M","M","?","?","M","R","E","R","T","E","?","?","R","?","R","BOSS","M","M","M","?","?","R","E","R","T","E","M","M","$","E","R","BOSS","BOSS","R","$","E","BOSS"],"items_purchased_type":["Relic","Card","Card","Relic","Relic","Card","Potion"],"build_version":"2020-12-18","purchased_purges":1,"victory":true,"max_hp_per_floor":[66,66,60,60,60,60,60,60,60,60,60,60,60,60,60,60,60,60,60,60,60,60,60,60,60,60,67,67,67,67,67,67,67,67,72,72,72,72,72,72,72,72,72,72,72,72,72,72,72,72,72,72,72,72,72,72],"relic_stats":{"Happy Flower":[31],"counters":[27,149],"Golden Idol":202,"Pen Nib":[14],"Medical Kit":[10],"Blood Vial":20,"Lizard Tail":0,"Nunchaku":[16],"Mummified Hand":[270],"Shuriken":[57],"Pantograph":0,"Snecko Eye":[207,216,206,215],"Prayer Wheel":0,"Turnip":[9],"Black Star":8,"Kunai":[77],"obtain_stats":[{"TwistedFunnel":31,"Incense Burner":48,"PrismaticShard":13,"Blood Vial":24,"Lizard Tail":11,"Nunchaku":41,"Mummified Hand":9,"Ninja Scroll":14,"Strawberry":27,"Pantograph":55,"Prayer Wheel":48,"Kunai":11,"InkBottle":55,"Ring of the Snake":0,"Happy Flower":24,"Golden Idol":3,"Oddly Smooth Stone":41,"Pen Nib":44,"Omamori":44,"Frozen Egg 2":14,"Paper Crane":27,"Medical Kit":47,"Akabeko":21,"Shuriken":26,"Snecko Eye":17,"Turnip":39,"Black Star":0,"Coffee Dripper":34},{"TwistedFunnel":13,"Incense Burner":23,"PrismaticShard":5,"Blood Vial":11,"Lizard Tail":4,"Nunchaku":19,"Mummified Hand":3,"Ninja Scroll":6,"Strawberry":12,"Pantograph":26,"Prayer Wheel":23,"Kunai":4,"InkBottle":26,"Ring of the Snake":0,"Happy Flower":11,"Golden Idol":1,"Oddly Smooth Stone":19,"Pen Nib":20,"Omamori":20,"Frozen Egg 2":6,"Paper Crane":12,"Medical Kit":22,"Akabeko":9,"Shuriken":11,"Snecko Eye":7,"Turnip":18,"Black Star":0,"Coffee Dripper":14},{"TwistedFunnel":64,"Incense Burner":106,"PrismaticShard":22,"Blood Vial":56,"Lizard Tail":19,"Nunchaku":85,"Mummified Hand":13,"Ninja Scroll":27,"Strawberry":60,"Pantograph":140,"Prayer Wheel":106,"Kunai":19,"InkBottle":140,"Ring of the Snake":0,"Happy Flower":56,"Golden Idol":5,"Oddly Smooth Stone":85,"Pen Nib":93,"Omamori":93,"Frozen Egg 2":27,"Paper Crane":60,"Medical Kit":99,"Akabeko":45,"Shuriken":56,"Snecko Eye":37,"Turnip":81,"Black Star":0,"Coffee Dripper":72}],"InkBottle":[6]},"card_choices":[{"not_picked":["Accuracy","Backflip"],"picked":"Sucker Punch","floor":1},{"not_picked":["Endless Agony","Choke"],"picked":"Bouncing Flask","floor":4},{"not_picked":["Prepared","Choke"],"picked":"Dagger Spray","floor":5},{"not_picked":["Accuracy","Deflect"],"picked":"Cloak And Dagger","floor":11},{"not_picked":["Slice","Expertise"],"picked":"Well Laid Plans","floor":12},{"not_picked":["Setup","Eviscerate"],"picked":"JustLucky","floor":14},{"not_picked":["Core Surge","Exhume"],"picked":"Creative AI+1","floor":16},{"not_picked":["Prepared","Bane"],"picked":"Acrobatics","floor":18},{"not_picked":["Body Slam","Dagger Spray","Prostrate"],"picked":"SKIP","floor":19},{"not_picked":["Leap","Deflect"],"picked":"Dodge and Roll","floor":22},{"not_picked":["Go for the Eyes","Doom and Gloom"],"picked":"Hyperbeam","floor":24},{"not_picked":["Study+1","Collect"],"picked":"Wireheading+1","floor":27},{"not_picked":["PiercingWail","Iron Wave+1"],"picked":"Dark Embrace+1","floor":28},{"not_picked":["Violence","Envenom+1"],"picked":"Buffer+1","floor":33},{"not_picked":["Protect","EmptyFist"],"picked":"Carnage","floor":35},{"not_picked":["Rampage","Aggregate"],"picked":"Self Repair+1","floor":36},{"not_picked":["Fusion","Choke"],"picked":"Aggregate","floor":37},{"not_picked":["Dramatic Entrance","Discovery"],"picked":"The Bomb","floor":38},{"not_picked":["Body Slam","Dodge and Roll+1"],"picked":"Crippling Poison","floor":39},{"not_picked":["Clash+1","Perfected Strike+1","Cold Snap+1"],"picked":"SKIP","floor":41},{"not_picked":["Clash+1","Perfected Strike+1","Cold Snap+1"],"picked":"SKIP","floor":41},{"not_picked":["Rampage","Dagger Throw"],"picked":"Wallop","floor":44},{"not_picked":["ThirdEye","Chaos","Cleave"],"picked":"SKIP","floor":45},{"not_picked":["EmptyFist","Evaluate","Brilliance"],"picked":"SKIP","floor":46},{"not_picked":["Recycle+1","EmptyFist"],"picked":"Feel No Pain+1","floor":48},{"not_picked":["Fission","Stack+1"],"picked":"Headbutt+1","floor":55}],"player_experience":2003557,"relics_obtained":[{"floor":9,"key":"Mummified Hand"},{"floor":11,"key":"Kunai"},{"floor":11,"key":"Lizard Tail"},{"floor":14,"key":"Frozen Egg 2"},{"floor":14,"key":"Ninja Scroll"},{"floor":24,"key":"Blood Vial"},{"floor":24,"key":"Happy Flower"},{"floor":26,"key":"Shuriken"},{"floor":27,"key":"Paper Crane"},{"floor":27,"key":"Strawberry"},{"floor":39,"key":"Turnip"},{"floor":41,"key":"Nunchaku"},{"floor":41,"key":"Oddly Smooth Stone"},{"floor":44,"key":"Pen Nib"},{"floor":44,"key":"Omamori"},{"floor":48,"key":"Prayer Wheel"},{"floor":48,"key":"Incense Burner"},{"floor":55,"key":"Pantograph"},{"floor":55,"key":"InkBottle"}],"event_choices":[{"damage_healed":0,"gold_gain":75,"player_choice":"Gather Gold","damage_taken":11,"max_hp_gain":0,"max_hp_loss":0,"event_name":"World of Goop","floor":2,"gold_loss":0},{"damage_healed":0,"gold_gain":0,"player_choice":"Lose Max HP","damage_taken":0,"relics_obtained":["Golden Idol"],"max_hp_gain":0,"max_hp_loss":6,"event_name":"Golden Idol","floor":3,"gold_loss":0},{"cards_removed":["Strike_G"],"damage_healed":0,"gold_gain":0,"player_choice":"Offered Basic","damage_taken":0,"max_hp_gain":0,"max_hp_loss":0,"event_name":"Bonfire Elementals","floor":7,"gold_loss":0},{"damage_healed":0,"gold_gain":0,"player_choice":"Read","damage_taken":0,"max_hp_gain":0,"max_hp_loss":0,"event_name":"The Library","floor":20,"gold_loss":0,"cards_obtained":["Crippling Poison"]},{"damage_healed":0,"gold_gain":0,"player_choice":"Gave Potion","damage_taken":0,"relics_obtained":["Akabeko"],"max_hp_gain":0,"max_hp_loss":0,"event_name":"WeMeetAgain","floor":21,"gold_loss":0},{"cards_removed":["Strike_G"],"damage_healed":0,"gold_gain":0,"player_choice":"Purged","damage_taken":0,"max_hp_gain":0,"max_hp_loss":0,"event_name":"Purifier","floor":29,"gold_loss":0},{"damage_healed":0,"gold_gain":0,"player_choice":"Memory 3","damage_taken":10,"max_hp_gain":0,"max_hp_loss":0,"event_name":"SensoryStone","floor":38,"gold_loss":0},{"damage_healed":0,"gold_gain":0,"player_choice":"Fight","damage_taken":0,"max_hp_gain":0,"max_hp_loss":0,"event_name":"MindBloom","floor":39,"gold_loss":0}],"is_beta":true,"boss_relics":[{"not_picked":["Busted Crown","Empty Cage"],"picked":"Snecko Eye"},{"not_picked":["HoveringKite","Runic Pyramid"],"picked":"Coffee Dripper"}],"items_purged_floors":[47],"is_endless":false,"potions_floor_spawned":[1,4,12,14,18,19,24,33,35,44,45,46,55],"ascension_level":20}}