{"host":"zlryddw6xv0ljf8b","time":1611796799,"event":{"mods":["AchievementEnabler","BaseMod","Colored Map","Colored Powertips","Highlight Path","Minty Spire (QoL Compilation)","Permanent Neow","Quick Restart","StSLib","UnlockEverythingMod"],"gold_per_floor":[116,126,139,40,115,149,149,175,175,175,185,185,200,200,200,303,303,319,333,333,6,0,0,33,48,48,48,61,90,90,106,106,206,206,220,160,160,170,190,215,215,227,227,245,256,274,158,158,158,158,158,158,36,71,71],"floor_reached":56,"language":"ENG","playtime":4924,"items_purged":["Well Laid Plans+1","Strike_G"],"score":1229,"play_id":"196dd486-f881-40b2-a9ba-4f6b38430992","local_time":"20210127191959","is_ascension_mode":false,"campfire_choices":[{"data":"Noxious Fumes","floor":12.0,"key":"SMITH"},{"floor":15.0,"key":"REST"},{"data":"Wraith Form v2","floor":23.0,"key":"SMITH"},{"data":"Adrenaline","floor":27.0,"key":"SMITH"},{"data":"Night Terror","floor":32.0,"key":"SMITH"},{"floor":41,"key":"RECALL"},{"data":"Footwork","floor":49,"key":"SMITH"},{"data":"Noxious Fumes","floor":52,"key":"SMITH"}],"circlet_count":0,"master_deck":["Defend_G","Defend_G","Defend_G","Defend_G","Defend_G","Survivor","Neutralize","Poisoned Stab","Acrobatics","Adrenaline+1","Noxious Fumes+1","Footwork+1","Backflip","Wraith Form v2+1","Poisoned Stab","Setup","Noxious Fumes+1","Concentrate","Poisoned Stab","Deadly Poison+1","Night Terror+1","Bullet Time","Deflect+1","Crippling Poison","Blur","Deadly Poison","PiercingWail"],"relics":["Ring of the Snake","Boot","The Specimen","Meat on the Bone","The Courier","Runic Pyramid","ClockworkSouvenir","Dream Catcher","Toy Ornithopter","Letter Opener","Matryoshka","SlaversCollar","Thread and Needle","Bronze Scales","Medical Kit","Nunchaku"],"acts_visited":["Exordium","TheCity","TheBeyond","TheEnding"],"potions_floor_usage":[45,50],"damage_taken":[{"damage":0.0,"enemies":"2 Louse","floor":1.0,"turns":3.0},{"damage":0.0,"enemies":"Small Slimes","floor":2.0,"turns":4.0},{"damage":1.0,"enemies":"Cultist","floor":3.0,"turns":4.0},{"damage":0.0,"enemies":"Gremlin Nob","floor":6.0,"turns":3.0},{"damage":20.0,"enemies":"Lagavulin","floor":8.0,"turns":7.0},{"damage":0.0,"enemies":"Looter","floor":11.0,"turns":4.0},{"damage":7.0,"enemies":"Large Slime","floor":13.0,"turns":7.0},{"damage":7.0,"enemies":"The Guardian","floor":16.0,"turns":11.0},{"damage":1.0,"enemies":"Chosen","floor":18.0,"turns":7.0},{"damage":3.0,"enemies":"Spheric Guardian","floor":19.0,"turns":5.0},{"damage":13.0,"enemies":"Book of Stabbing","floor":24.0,"turns":9.0},{"damage":8.0,"enemies":"Centurion and Healer","floor":25.0,"turns":8.0},{"damage":1.0,"enemies":"Sentry and Sphere","floor":28.0,"turns":4.0},{"damage":0.0,"enemies":"Slavers","floor":29.0,"turns":5.0},{"damage":10.0,"enemies":"Cultist and Chosen","floor":31.0,"turns":6.0},{"damage":22.0,"enemies":"Automaton","floor":33.0,"turns":7.0},{"damage":2.0,"enemies":"3 Shapes","floor":35.0,"turns":6.0},{"damage":0,"enemies":"3 Darklings","floor":38,"turns":5},{"damage":0,"enemies":"4 Shapes","floor":39,"turns":6},{"damage":23,"enemies":"Nemesis","floor":40,"turns":7},{"damage":0,"enemies":"Writhing Mass","floor":42,"turns":7},{"damage":0,"enemies":"Spire Growth","floor":44,"turns":8},{"damage":0,"enemies":"3 Darklings","floor":45,"turns":4},{"damage":0,"enemies":"Sphere and 2 Shapes","floor":46,"turns":6},{"damage":26,"enemies":"Donu and Deca","floor":50,"turns":10},{"damage":0,"enemies":"Shield and Spear","floor":54,"turns":6},{"damage":41,"enemies":"The Heart","floor":55,"turns":12}],"seed_played":"1008289480398365881","potions_obtained":[{"floor":2.0,"key":"Swift Potion"},{"floor":11.0,"key":"ColorlessPotion"},{"floor":16.0,"key":"EntropicBrew"},{"floor":19.0,"key":"EssenceOfSteel"},{"floor":25.0,"key":"SkillPotion"},{"floor":28.0,"key":"SneckoOil"},{"floor":35.0,"key":"SteroidPotion"},{"floor":42,"key":"Explosive Potion"},{"floor":46,"key":"Explosive Potion"}],"is_trial":false,"path_per_floor":["M","M","M","$","?","E","?","E","T","?","M","R","M","?","R","B",null,"M","M","?","$","?","R","E","M","T","R","M","E","?","M","R","B",null,"M","$","?","M","M","E","R","M","T","M","M","M","$","?","R","B",null,"R","$","E","B",null],"character_chosen":"THE_SILENT","items_purchased":["EntropicBrew","Noxious Fumes","Concentrate","ClockworkSouvenir","Dream Catcher","PiercingWail","Medical Kit"],"campfire_rested":1,"item_purchase_floors":[4,21,21,21,21,47,53],"current_hp_per_floor":[70,70,69,69,58,58,51,31,31,31,43,43,36,36,57,50,70,69,66,53,53,53,53,40,44,44,44,43,53,53,43,43,48,75,73,73,73,73,73,50,50,50,50,50,55,55,55,55,55,46,71,71,71,71,42],"gold":71,"neow_bonus":"REMOVE_CARD","is_daily":false,"chose_seed":false,"campfire_upgraded":6,"win_rate":0.0,"timestamp":1611796799,"path_taken":["M","M","M","$","?","E","?","E","T","?","?","R","M","?","R","BOSS","M","M","?","$","?","R","E","M","T","R","M","E","?","M","R","BOSS","M","$","?","M","M","E","R","M","T","M","M","M","$","?","R","BOSS","R","$","E","BOSS"],"items_purchased_type":["Potion","Card","Card","Relic","Relic","Card","Relic"],"build_version":"2020-12-22","purchased_purges":2,"victory":true,"max_hp_per_floor":[70,70,70,70,70,70,70,70,70,70,70,70,70,70,70,70,70,70,70,75,75,75,75,75,75,75,75,75,75,75,75,75,75,75,75,75,75,75,75,75,75,75,75,75,75,75,75,71,71,71,71,71,71,71,71],"card_choices":[{"not_picked":["Endless Agony","Acrobatics"],"picked":"Poisoned Stab","floor":1.0},{"not_picked":["Choke","Expertise"],"picked":"Acrobatics","floor":2.0},{"not_picked":["Flying Knee","Dodge and Roll"],"picked":"Adrenaline","floor":3.0},{"not_picked":["Slice","Escape Plan"],"picked":"Well Laid Plans","floor":6.0},{"not_picked":["Finisher","Prepared"],"picked":"Noxious Fumes","floor":8.0},{"not_picked":["Predator","PiercingWail"],"picked":"Footwork","floor":11.0},{"not_picked":["Dodge and Roll","Deflect"],"picked":"Backflip","floor":13.0},{"not_picked":["Grand Finale","Glass Knife"],"picked":"Wraith Form v2","floor":16.0},{"not_picked":["Choke+1","Dagger Throw+1"],"picked":"Poisoned Stab","floor":18.0},{"not_picked":["Riddle With Holes+1","Dagger Spray"],"picked":"Setup","floor":19.0},{"not_picked":["Quick Slash","Dagger Throw+1"],"picked":"Poisoned Stab","floor":24.0},{"not_picked":["Flying Knee+1","Finisher","Masterful Stab+1"],"picked":"SKIP","floor":25.0},{"not_picked":["Underhanded Strike","Endless Agony","Poisoned Stab"],"picked":"SKIP","floor":28.0},{"not_picked":["Footwork","Dagger Spray+1"],"picked":"Deadly Poison+1","floor":29.0},{"not_picked":["Underhanded Strike","Expertise+1","Prepared"],"picked":"SKIP","floor":31.0},{"not_picked":["Die Die Die","Malaise"],"picked":"Bullet Time","floor":33.0},{"not_picked":["Deadly Poison","Slice"],"picked":"Deflect+1","floor":35.0},{"not_picked":["Doppelganger","Masterful Stab","Predator"],"picked":"SKIP","floor":38},{"not_picked":["Flechettes","Tactician"],"picked":"Crippling Poison","floor":39},{"not_picked":["Crippling Poison","Underhanded Strike"],"picked":"Blur","floor":40},{"not_picked":["Poisoned Stab","Backflip+1","Dagger Throw"],"picked":"SKIP","floor":42},{"not_picked":["Outmaneuver+1","Prepared","Quick Slash+1"],"picked":"SKIP","floor":44},{"not_picked":["Sucker Punch","Prepared+1"],"picked":"Deadly Poison","floor":45},{"not_picked":["Cloak And Dagger+1","Infinite Blades+1","Bane"],"picked":"SKIP","floor":46},{"not_picked":["Underhanded Strike","Phantasmal Killer","Cloak And Dagger"],"picked":"SKIP","floor":54}],"player_experience":6809,"relics_obtained":[{"floor":6.0,"key":"Boot"},{"floor":8.0,"key":"The Specimen"},{"floor":9.0,"key":"Meat on the Bone"},{"floor":10.0,"key":"The Courier"},{"floor":24.0,"key":"Toy Ornithopter"},{"floor":26.0,"key":"Letter Opener"},{"floor":29.0,"key":"Matryoshka"},{"floor":40,"key":"Thread and Needle"},{"floor":43,"key":"Bronze Scales"},{"floor":54,"key":"Nunchaku"}],"event_choices":[{"damage_healed":0.0,"max_hp_gain":0.0,"max_hp_loss":0.0,"gold_gain":75.0,"event_name":"World of Goop","player_choice":"Gather Gold","floor":5.0,"gold_loss":0.0,"damage_taken":11.0},{"cards_removed":["Strike_G"],"damage_healed":0.0,"max_hp_gain":0.0,"max_hp_loss":0.0,"gold_gain":0.0,"event_name":"Golden Wing","player_choice":"Card Removal","floor":7.0,"gold_loss":0.0,"damage_taken":7.0},{"damage_healed":0.0,"max_hp_gain":0.0,"max_hp_loss":0.0,"gold_gain":0.0,"event_name":"Wheel of Change","player_choice":"Relic","floor":10.0,"gold_loss":0.0,"damage_taken":0.0},{"damage_healed":0.0,"max_hp_gain":0.0,"max_hp_loss":0.0,"gold_gain":0.0,"event_name":"Living Wall","player_choice":"Grow","floor":14.0,"gold_loss":0.0,"damage_taken":0.0,"cards_upgraded":["Well Laid Plans"]},{"damage_healed":0.0,"max_hp_gain":5.0,"max_hp_loss":0.0,"gold_gain":0.0,"event_name":"Forgotten Altar","player_choice":"Shed Blood","floor":20.0,"gold_loss":0.0,"damage_taken":18.0},{"damage_healed":0.0,"max_hp_gain":0.0,"max_hp_loss":0.0,"gold_gain":0.0,"event_name":"Masked Bandits","player_choice":"Paid Fearfully","floor":22.0,"gold_loss":6.0,"damage_taken":0.0},{"damage_healed":0.0,"max_hp_gain":0.0,"max_hp_loss":0.0,"gold_gain":0.0,"cards_transformed":["Strike_G"],"event_name":"Transmorgrifier","player_choice":"Transformed","floor":30.0,"gold_loss":0.0,"damage_taken":0.0,"cards_obtained":["Night Terror"]},{"cards_removed":["Strike_G"],"damage_healed":0,"gold_gain":0,"player_choice":"Removed Attack","damage_taken":0,"max_hp_gain":0,"max_hp_loss":0,"event_name":"Falling","floor":37,"gold_loss":0},{"damage_healed":0,"gold_gain":0,"player_choice":"Max HP","damage_taken":0,"max_hp_gain":0,"max_hp_loss":4,"event_name":"Winding Halls","floor":48,"gold_loss":0}],"is_beta":false,"boss_relics":[{"not_picked":["Ectoplasm","Ring of the Serpent"],"picked":"Runic Pyramid"},{"not_picked":["Runic Dome","Pandora\u0027s Box"],"picked":"SlaversCollar"}],"items_purged_floors":[36,47],"is_endless":false,"potions_floor_spawned":[2,11,16,19,25,28,35,42,46],"ascension_level":0}}