{"host":"e1pm3b7xpcm97e5w","time":1611868288,"event":{"mods":["BaseMod","Better Skull","Googly Eyes","Minty Spire (QoL Compilation)","Relic Stats","Shop Mod","Spicy Shops","StSLib"],"gold_per_floor":[368,43,43,57,57,82,82,22,45,45,8,36,55,74,74,173,173,188,201,201,20,34,34,54,54,130,144,161,161,161],"floor_reached":29,"language":"ENG","playtime":2772,"items_purged":["Strike_P","Strike_P"],"score":416,"play_id":"e06cf448-bf33-4c50-9808-f6ddb502081d","local_time":"20210128161128","is_ascension_mode":true,"campfire_choices":[{"data":"Eruption","floor":7,"key":"SMITH"},{"data":"LikeWater","floor":10,"key":"SMITH"},{"floor":15,"key":"REST"},{"floor":23,"key":"REST"},{"floor":25,"key":"REST"}],"circlet_count":0,"master_deck":["AscendersBane","Strike_P","Defend_P","Defend_P","Defend_P","Defend_P","Eruption+1","Vigilance","Weave","Fasting2+1","InnerPeace","PathToVictory+1","ClearTheMind","LikeWater+1","WindmillStrike","CarveReality","Scrawl","TalkToTheHand","Establishment","Tantrum","BattleHymn+1","EmptyBody","PathToVictory","JustLucky"],"relics":["PureWater","ClockworkSouvenir","Darkstone Periapt","Damaru","Smiling Mask","VioletLotus","Ice Cream","Kunai"],"acts_visited":["Exordium","TheCity"],"potions_floor_usage":[19,22],"damage_taken":[{"damage":0,"enemies":"Jaw Worm","floor":1,"turns":3},{"damage":2,"enemies":"2 Louse","floor":4,"turns":4},{"damage":13,"enemies":"Lagavulin","floor":6,"turns":5},{"damage":0,"enemies":"Gremlin Nob","floor":12,"turns":2},{"damage":0,"enemies":"Cultist","floor":13,"turns":3},{"damage":10,"enemies":"Exordium Wildlife","floor":14,"turns":3},{"damage":6,"enemies":"The Guardian","floor":16,"turns":10},{"damage":0,"enemies":"Spheric Guardian","floor":18,"turns":1},{"damage":22,"enemies":"3 Byrds","floor":19,"turns":5},{"damage":28,"enemies":"Snake Plant","floor":22,"turns":3},{"damage":8,"enemies":"Snecko","floor":24,"turns":5},{"damage":14,"enemies":"3 Cultists","floor":27,"turns":4},{"damage":22,"enemies":"Sentry and Sphere","floor":28,"turns":4},{"damage":11,"enemies":"Slavers","floor":29,"turns":1}],"seed_played":"6569865233333742237","potions_obtained":[{"floor":1,"key":"BottledMiracle"},{"floor":12,"key":"Block Potion"},{"floor":19,"key":"SpeedPotion"},{"floor":28,"key":"FearPotion"}],"is_trial":false,"path_per_floor":["M","$","?","M","?","E","R","$","T","R","$","E","M","M","R","B",null,"M","M","?","$","M","R","M","R","T","M","M","E"],"character_chosen":"WATCHER","items_purchased":["ClockworkSouvenir","Fasting2","InnerPeace","LikeWater","WindmillStrike","Ice Cream"],"campfire_rested":3,"item_purchase_floors":[2,2,2,8,11,21],"current_hp_per_floor":[47,47,47,45,45,32,32,32,32,32,32,32,32,22,43,37,63,63,41,41,41,13,34,26,47,47,33,11,0,0],"gold":161,"neow_bonus":"TWO_FIFTY_GOLD","is_daily":false,"chose_seed":false,"campfire_upgraded":2,"win_rate":0.0,"timestamp":1611868288,"path_taken":["M","$","?","M","?","E","R","$","T","R","$","E","M","?","R","BOSS","M","M","?","?","M","R","?","R","T","M","M","E"],"items_purchased_type":["Relic","Card","Card","Card","Card","Relic"],"build_version":"2020-12-22","purchased_purges":2,"victory":false,"max_hp_per_floor":[72,72,72,72,72,72,72,72,72,72,72,72,72,72,72,72,72,72,72,72,72,72,72,72,72,72,72,72,72,72],"relic_stats":{"Darkstone Periapt":0,"counters":[14,53],"VioletLotus":[4],"Kunai":[4],"Smiling Mask":75,"obtain_stats":[{"Darkstone Periapt":6,"Ice Cream":21,"Damaru":9,"VioletLotus":17,"Kunai":26,"PureWater":0,"Smiling Mask":12,"ClockworkSouvenir":2},{"Darkstone Periapt":3,"Ice Cream":9,"Damaru":3,"VioletLotus":7,"Kunai":11,"PureWater":0,"Smiling Mask":4,"ClockworkSouvenir":1},{"Darkstone Periapt":12,"Ice Cream":36,"Damaru":12,"VioletLotus":30,"Kunai":44,"PureWater":0,"Smiling Mask":14,"ClockworkSouvenir":3}]},"card_choices":[{"not_picked":["FlyingSleeves","SandsOfTime"],"picked":"Weave","floor":1},{"not_picked":["FlurryOfBlows","ClearTheMind"],"picked":"PathToVictory","floor":4},{"not_picked":["LikeWater","Nirvana"],"picked":"ClearTheMind","floor":6},{"not_picked":["Evaluate","Consecrate"],"picked":"CarveReality","floor":12},{"not_picked":["FlyingSleeves","Prostrate"],"picked":"Scrawl","floor":13},{"not_picked":["Collect","Crescendo"],"picked":"TalkToTheHand","floor":14},{"not_picked":["ConjureBlade","Alpha"],"picked":"Establishment","floor":16},{"not_picked":["Indignation","Evaluate"],"picked":"Tantrum","floor":18},{"not_picked":["EmptyFist","Halt"],"picked":"BattleHymn+1","floor":19},{"not_picked":["BowlingBash","FollowUp"],"picked":"EmptyBody","floor":22},{"not_picked":["Evaluate","FollowUp"],"picked":"PathToVictory","floor":24},{"not_picked":["Prostrate","Wish"],"picked":"JustLucky","floor":27},{"not_picked":["BowlingBash","FollowUp","CrushJoints"],"picked":"SKIP","floor":28}],"player_experience":602393,"relics_obtained":[{"floor":6,"key":"Darkstone Periapt"},{"floor":9,"key":"Damaru"},{"floor":12,"key":"Smiling Mask"},{"floor":26,"key":"Kunai"}],"event_choices":[{"damage_healed":0,"gold_gain":0,"player_choice":"Grow","damage_taken":0,"max_hp_gain":0,"max_hp_loss":0,"event_name":"Living Wall","floor":3,"gold_loss":0,"cards_upgraded":["Fasting2"]},{"damage_healed":0,"gold_gain":0,"player_choice":"Upgraded","damage_taken":0,"max_hp_gain":0,"max_hp_loss":0,"event_name":"Upgrade Shrine","floor":5,"gold_loss":0,"cards_upgraded":["PathToVictory"]},{"cards_removed":["Strike_P"],"damage_healed":0,"gold_gain":0,"player_choice":"Offered Basic","damage_taken":0,"max_hp_gain":0,"max_hp_loss":0,"event_name":"Bonfire Elementals","floor":20,"gold_loss":0}],"is_beta":false,"boss_relics":[{"not_picked":["Fusion Hammer","HolyWater"],"picked":"VioletLotus"}],"items_purged_floors":[21,21],"is_endless":false,"potions_floor_spawned":[1,12,19,28],"killed_by":"Slavers","ascension_level":12}}