{"host":"c3lc60y5x60jlt1y","time":1611838186,"event":{"mods":["AchievementEnabler","BaseMod","Bestiary","Colored Map","Minty Spire (QoL Compilation)","Quick Restart","StSLib","ojb\u0027s Info Mod"],"gold_per_floor":[119,119,132,14,14,46,64,95,122,122,156,156,191,0,0,77,77,90,90,107,119,99,124,124,141,192,210,235,273,273,4,4,87,87,102,152,171,200,223,257,257,289,314,314,333,358,358,378,378,378,378],"floor_reached":50,"language":"ENG","playtime":9338,"items_purged":["Strike_R","Defend_R"],"score":1194,"play_id":"c452aabb-0a3a-408f-97d1-184758718585","local_time":"20210128144946","is_ascension_mode":true,"campfire_choices":[{"data":"Fiend Fire","floor":10.0,"key":"SMITH"},{"floor":12.0,"key":"REST"},{"data":"True Grit","floor":15.0,"key":"SMITH"},{"floor":24.0,"key":"REST"},{"data":"Reaper","floor":30.0,"key":"SMITH"},{"floor":32.0,"key":"REST"},{"floor":41.0,"key":"RECALL"},{"data":"Limit Break","floor":44.0,"key":"SMITH"},{"data":"Heavy Blade","floor":47.0,"key":"SMITH"},{"data":"Dual Wield","floor":49.0,"key":"SMITH"}],"circlet_count":0,"master_deck":["AscendersBane","Defend_R","Defend_R","Bash+1","Blood for Blood","Armaments","Dark Embrace","True Grit+1","Heavy Blade+1","Fiend Fire+1","Demon Form+1","Immolate","Shrug It Off","Corruption+1","Sentinel","Inflame+1","Evolve+1","Carnage+1","Dual Wield+1","Reaper+1","Exhume","Limit Break+1","Flame Barrier","Reaper","Clothesline","Flame Barrier+1","Spot Weakness"],"relics":["Snecko Eye","Happy Flower","Pen Nib","Toy Ornithopter","Frozen Egg 2","Ancient Tea Set","Empty Cage","Oddly Smooth Stone","CeramicFish","HornCleat","Bag of Preparation","Philosopher\u0027s Stone","Blood Vial","TungstenRod","Potion Belt"],"acts_visited":["Exordium","TheCity","TheBeyond"],"potions_floor_usage":[],"damage_taken":[{"damage":7.0,"enemies":"Jaw Worm","floor":1.0,"turns":2.0},{"damage":0.0,"enemies":"Cultist","floor":3.0,"turns":2.0},{"damage":15.0,"enemies":"Lagavulin","floor":6.0,"turns":3.0},{"damage":1.0,"enemies":"Small Slimes","floor":7.0,"turns":3.0},{"damage":5.0,"enemies":"3 Sentries","floor":8.0,"turns":4.0},{"damage":16.0,"enemies":"Lagavulin","floor":11.0,"turns":4.0},{"damage":13.0,"enemies":"3 Sentries","floor":13.0,"turns":4.0},{"damage":1.0,"enemies":"Hexaghost","floor":16.0,"turns":5.0},{"damage":0.0,"enemies":"Spheric Guardian","floor":18.0,"turns":1.0},{"damage":0.0,"enemies":"Chosen","floor":20.0,"turns":2.0},{"damage":7.0,"enemies":"Shelled Parasite and Fungi","floor":21.0,"turns":2.0},{"damage":22.0,"enemies":"Book of Stabbing","floor":23.0,"turns":4.0},{"damage":3.0,"enemies":"Snake Plant","floor":25.0,"turns":2.0},{"damage":0.0,"enemies":"3 Cultists","floor":27.0,"turns":3.0},{"damage":0.0,"enemies":"Shelled Parasite and Fungi","floor":28.0,"turns":1.0},{"damage":15.0,"enemies":"Slavers","floor":29.0,"turns":3.0},{"damage":2.0,"enemies":"Automaton","floor":33.0,"turns":4.0},{"damage":1.0,"enemies":"3 Shapes","floor":35.0,"turns":2.0},{"damage":0.0,"enemies":"Orb Walker","floor":37.0,"turns":2.0},{"damage":0.0,"enemies":"Sphere and 2 Shapes","floor":38.0,"turns":3.0},{"damage":16.0,"enemies":"3 Darklings","floor":39.0,"turns":3.0},{"damage":2.0,"enemies":"Giant Head","floor":40.0,"turns":4.0},{"damage":15.0,"enemies":"Reptomancer","floor":42.0,"turns":4.0},{"damage":4.0,"enemies":"Writhing Mass","floor":45.0,"turns":4.0},{"damage":0.0,"enemies":"Jaw Worm Horde","floor":46.0,"turns":2.0},{"damage":0.0,"enemies":"Maw","floor":48.0,"turns":4.0},{"damage":105,"enemies":"Awakened One","floor":50,"turns":3}],"seed_played":"-5921948192984191477","potions_obtained":[{"floor":1.0,"key":"Fire Potion"},{"floor":7.0,"key":"Explosive Potion"},{"floor":16.0,"key":"SmokeBomb"},{"floor":18.0,"key":"Ancient Potion"},{"floor":22.0,"key":"SteroidPotion"},{"floor":23.0,"key":"AttackPotion"},{"floor":25.0,"key":"DistilledChaos"},{"floor":37.0,"key":"SneckoOil"},{"floor":38.0,"key":"BlessingOfTheForge"},{"floor":46.0,"key":"LiquidBronze"},{"floor":48.0,"key":"Fire Potion"}],"is_trial":false,"path_per_floor":["M","?","M","$","?","E","M","E","T","R","E","R","E","$","R","B",null,"M","?","M","M","?","E","R","M","T","M","M","E","R","$","R","B",null,"M","?","M","M","M","E","R","E","T","R","M","M","R","M","R","B"],"character_chosen":"IRONCLAD","items_purchased":["Dark Embrace","Immolate","Shrug It Off","Bag of Preparation"],"campfire_rested":3,"item_purchase_floors":[4,14,14,31],"current_hp_per_floor":[61,61,61,61,61,46,45,40,40,40,24,46,33,33,33,32,64,64,64,64,57,57,35,57,54,54,54,54,44,44,44,66,69,74,73,73,75,75,75,73,73,75,75,75,71,75,75,75,75,0,0],"gold":378,"neow_bonus":"BOSS_RELIC","is_daily":false,"chose_seed":false,"campfire_upgraded":6,"win_rate":0.0,"timestamp":1611838186,"path_taken":["M","?","?","$","?","E","M","E","T","R","E","R","E","?","R","BOSS","M","?","M","M","?","E","R","M","T","?","M","E","R","$","R","BOSS","M","?","?","?","M","E","R","E","T","R","M","M","R","M","R","BOSS"],"items_purchased_type":["Card","Card","Card","Relic"],"build_version":"2020-12-22","purchased_purges":2,"victory":false,"max_hp_per_floor":[75,75,75,75,75,75,75,75,75,75,75,75,75,75,75,75,75,75,75,75,75,75,75,75,75,75,75,75,75,75,75,75,75,75,75,75,75,75,75,75,75,75,75,75,75,75,75,75,75,75,75],"card_choices":[{"not_picked":["Intimidate","Seeing Red"],"picked":"Blood for Blood","floor":1.0},{"not_picked":["Twin Strike","True Grit"],"picked":"Armaments","floor":3.0},{"not_picked":["Anger","Limit Break"],"picked":"True Grit","floor":6.0},{"not_picked":["Battle Trance","Pommel Strike"],"picked":"Heavy Blade","floor":7.0},{"not_picked":["Armaments","Heavy Blade"],"picked":"Fiend Fire","floor":8.0},{"not_picked":["Flex","Power Through"],"picked":"Demon Form+1","floor":11.0},{"not_picked":["Body Slam","Twin Strike","Headbutt"],"picked":"SKIP","floor":13.0},{"not_picked":["Bludgeon","Barricade+1"],"picked":"Corruption+1","floor":16.0},{"not_picked":["Armaments","Body Slam"],"picked":"Sentinel","floor":18.0},{"not_picked":["Anger","Pummel","Warcry"],"picked":"SKIP","floor":20.0},{"not_picked":["Sword Boomerang+1","Wild Strike","Havoc"],"picked":"SKIP","floor":21.0},{"not_picked":["Juggernaut+1","Flex"],"picked":"Carnage+1","floor":23.0},{"not_picked":["Headbutt","Body Slam","Reckless Charge"],"picked":"SKIP","floor":25.0},{"not_picked":["Feel No Pain+1","Perfected Strike","Rupture+1"],"picked":"SKIP","floor":27.0},{"not_picked":["Havoc","Clothesline"],"picked":"Dual Wield","floor":28.0},{"not_picked":["Flex","Anger"],"picked":"Reaper","floor":29.0},{"not_picked":["Juggernaut+1","Offering"],"picked":"Exhume","floor":33.0},{"not_picked":["Perfected Strike+1","Rupture+1","Clothesline"],"picked":"SKIP","floor":35.0},{"not_picked":["Warcry","Perfected Strike","Power Through"],"picked":"SKIP","floor":37.0},{"not_picked":["Cleave","Havoc+1"],"picked":"Limit Break","floor":38.0},{"not_picked":["Armaments+1","Clothesline"],"picked":"Flame Barrier","floor":39.0},{"not_picked":["Dropkick+1","Thunderclap"],"picked":"Reaper","floor":40.0},{"not_picked":["Pummel","Rage+1","Headbutt+1"],"picked":"SKIP","floor":42.0},{"not_picked":["Sword Boomerang","Cleave"],"picked":"Clothesline","floor":45.0},{"not_picked":["Havoc","Power Through"],"picked":"Flame Barrier+1","floor":46.0},{"not_picked":["Pummel","Combust+1"],"picked":"Spot Weakness","floor":48.0}],"player_experience":8707913,"relics_obtained":[{"floor":6.0,"key":"Happy Flower"},{"floor":8.0,"key":"Pen Nib"},{"floor":9.0,"key":"Toy Ornithopter"},{"floor":11.0,"key":"Frozen Egg 2"},{"floor":13.0,"key":"Ancient Tea Set"},{"floor":23.0,"key":"Oddly Smooth Stone"},{"floor":26.0,"key":"CeramicFish"},{"floor":29.0,"key":"HornCleat"},{"floor":40.0,"key":"Blood Vial"},{"floor":42.0,"key":"TungstenRod"},{"floor":43.0,"key":"Potion Belt"}],"event_choices":[{"damage_healed":0.0,"max_hp_gain":0.0,"max_hp_loss":0.0,"gold_gain":0.0,"event_name":"Upgrade Shrine","player_choice":"Upgraded","floor":2.0,"gold_loss":0.0,"damage_taken":0.0,"cards_upgraded":["Bash"]},{"cards_removed":["Strike_R"],"damage_healed":0.0,"max_hp_gain":0.0,"max_hp_loss":0.0,"gold_gain":0.0,"event_name":"Bonfire Elementals","player_choice":"Offered Basic","floor":5.0,"gold_loss":0.0,"damage_taken":0.0},{"damage_healed":0.0,"max_hp_gain":0.0,"max_hp_loss":0.0,"gold_gain":0.0,"cards_transformed":["Strike_R","Defend_R"],"event_name":"Drug Dealer","player_choice":"Became Test Subject","floor":19.0,"gold_loss":0.0,"damage_taken":0.0,"cards_obtained":["Inflame","Evolve"]},{"damage_healed":0.0,"max_hp_gain":0.0,"max_hp_loss":0.0,"gold_gain":0.0,"event_name":"The Woman in Blue","player_choice":"Bought 1 Potion","floor":22.0,"gold_loss":0.0,"damage_taken":0.0},{"damage_healed":0.0,"max_hp_gain":0.0,"max_hp_loss":0.0,"gold_gain":50.0,"event_name":"Golden Shrine","player_choice":"Pray","floor":36.0,"gold_loss":0.0,"damage_taken":0.0}],"is_beta":false,"boss_relics":[{"not_picked":["Calling Bell","Runic Cube"],"picked":"Empty Cage"},{"not_picked":["Runic Dome","Velvet Choker"],"picked":"Philosopher\u0027s Stone"}],"items_purged_floors":[4,31],"is_endless":false,"potions_floor_spawned":[1,7,16,18,23,25,37,38,46,48],"killed_by":"Awakened One","ascension_level":20}}