{"host":"hrvs05np4ys7itky","time":1611805308,"event":{"mods":["BaseMod","Colored Map","Colored Powertips","Downfall","Emptier Cage","Hermit","Highlight Path","Minty Spire (QoL Compilation)","Permanent Neow","Rare Cards Sparkle","Relic Stats","Replay The Spire","StSLib","everything is the same but u backflip on backflip"],"gold_per_floor":[111,160,173,17,17,43,43,193,193,193,193,207,222,16,16,93,393,333,333,353,372,1,26,26,75,124,124,124,158,158,191,191,191,191],"floor_reached":33,"language":"ENG","playtime":1872,"items_purged":["Pain"],"score":595,"play_id":"3e1dc2d7-51e1-404a-b7af-5b1265286433","local_time":"20210127224148","is_ascension_mode":true,"campfire_choices":[{"data":"Poison Darts","floor":7.0,"key":"SMITH"},{"floor":10.0,"key":"REST"},{"data":"Noxious Fumes","floor":24,"key":"SMITH"},{"data":"Adrenaline","floor":27,"key":"SMITH"},{"data":"Footwork","floor":30,"key":"SMITH"},{"floor":32,"key":"REST"}],"circlet_count":0,"master_deck":["AscendersBane","Strike_G","Strike_G","Strike_G","Strike_G","Strike_G","Defend_G","Defend_G","Defend_G","Defend_G","Defend_G","Survivor","Neutralize+1","Cloak And Dagger+1","Pot Of Greed","Pot Of Greed","Dash","PiercingWail","Dagger Spray+1","Poison Darts+1","Deflect","Doubt","Replay:Poison Smokescreen","Leg Sweep","Noxious Fumes+1","Pot Of Greed+1","Heel Hook","Heel Hook","Poison Darts","Decay","Deadly Poison","Pain","Deflect+1","Sneak Up+1","Adrenaline+1","Malaise","Footwork+1","Deadly Poison","Pot Of Greed"],"relics":["Ring of the Snake","Grinning Jar","Replay:Kaleidoscope","Mummified Hand","Torii","Replay:Ancient Bell","Omamori","Replay:Ringing Soul","Old Coin","WarpedTongs","ClockworkSouvenir","Pet Ghost","ReplayTheSpireMod:Lightbulb","War Paint","Gremlin Horn","ReplayTheSpireMod:TigerMarble"],"acts_visited":["Exordium","TheCity"],"potions_floor_usage":[21,29,29],"damage_taken":[{"damage":0.0,"enemies":"Small Slimes","floor":1.0,"turns":3.0},{"damage":4.0,"enemies":"Jaw Worm","floor":3.0,"turns":4.0},{"damage":31.0,"enemies":"Lagavulin","floor":6.0,"turns":7.0},{"damage":2.0,"enemies":"2 Louse","floor":12.0,"turns":3.0},{"damage":3.0,"enemies":"Looter","floor":13.0,"turns":3.0},{"damage":19.0,"enemies":"The Guardian","floor":16.0,"turns":9.0},{"damage":10.0,"enemies":"2 Thieves","floor":18.0,"turns":4.0},{"damage":1,"enemies":"Spheric Guardian","floor":20,"turns":3},{"damage":5,"enemies":"Snecko","floor":21,"turns":5},{"damage":9,"enemies":"Replay:Snechameleon","floor":23,"turns":5},{"damage":26,"enemies":"Gremlin Leader","floor":29,"turns":8},{"damage":16,"enemies":"Slavers","floor":31,"turns":6},{"damage":54,"enemies":"Champ","floor":33,"turns":14}],"seed_played":"6986734712384965536","potions_obtained":[{"floor":2.0,"key":"Milkshake"},{"floor":3.0,"key":"Explosive Potion"},{"floor":12.0,"key":"SkillPotion"},{"floor":16.0,"key":"SneckoOil"},{"floor":20,"key":"EssenceOfSteel"},{"floor":21,"key":"Block Potion"}],"is_trial":false,"path_per_floor":["M","?","M","$","?","E","R","?","T","R","T","M","M","$","R_BF","B",null,"M","?","M","M","$","E","R","T","T","R","?","E","R","E","R","B"],"character_chosen":"THE_SILENT","items_purchased":["Poison Darts","Leg Sweep","Noxious Fumes","Heel Hook","ClockworkSouvenir","Adrenaline"],"campfire_rested":2,"item_purchase_floors":[4,14,14,14,22,22],"current_hp_per_floor":[59,59,55,55,60,29,29,29,29,50,50,48,45,45,66,47,68,61,64,66,64,67,61,61,61,61,61,64,38,38,25,54,0,0],"gold":191,"neow_bonus":"UPGRADE_CARD","is_daily":false,"chose_seed":false,"campfire_upgraded":4,"win_rate":0.0,"timestamp":1611805308,"path_taken":["M","?","M","$","?","E","R","?","T","R","?","?","M","$","R_BF","BOSS","M","?","M","?","$","E","R","?","T","R","?","E","R","E","R","BOSS"],"items_purchased_type":["Card","Card","Card","Card","Relic","Card"],"build_version":"2020-12-22","purchased_purges":1,"victory":false,"max_hp_per_floor":[66,66,66,66,71,71,71,71,71,71,71,71,71,71,71,71,74,77,80,83,86,89,92,92,92,92,92,95,95,95,98,98,98,98],"relic_stats":{"Torii":18,"Gremlin Horn":[2,2],"counters":[13,74],"Mummified Hand":[13],"War Paint":["Pot Of Greed","Cloak And Dagger"],"obtain_stats":[{"Torii":11,"Gremlin Horn":29,"Replay:Ancient Bell":17,"Omamori":17,"Replay:Kaleidoscope":6,"War Paint":26,"Pet Ghost":23,"Old Coin":17,"WarpedTongs":19,"ClockworkSouvenir":22,"Replay:Ringing Soul":17,"Mummified Hand":9,"ReplayTheSpireMod:TigerMarble":31,"Grinning Jar":2,"ReplayTheSpireMod:Lightbulb":25,"Ring of the Snake":0},{"Torii":3,"Gremlin Horn":11,"Replay:Ancient Bell":6,"Omamori":6,"Replay:Kaleidoscope":3,"War Paint":10,"Pet Ghost":10,"Old Coin":6,"WarpedTongs":7,"ClockworkSouvenir":9,"Replay:Ringing Soul":6,"Mummified Hand":3,"ReplayTheSpireMod:TigerMarble":12,"Grinning Jar":1,"ReplayTheSpireMod:Lightbulb":10,"Ring of the Snake":0},{"Torii":14,"Gremlin Horn":54,"Replay:Ancient Bell":29,"Omamori":29,"Replay:Kaleidoscope":14,"War Paint":46,"Pet Ghost":46,"Old Coin":29,"WarpedTongs":33,"ClockworkSouvenir":41,"Replay:Ringing Soul":29,"Mummified Hand":14,"ReplayTheSpireMod:TigerMarble":60,"Grinning Jar":3,"ReplayTheSpireMod:Lightbulb":46,"Ring of the Snake":0}],"Ring of the Snake":[26],"WarpedTongs":[41]},"card_choices":[{"not_picked":["Deflect","Blade Dance"],"picked":"Cloak And Dagger","floor":1.0},{"not_picked":["Flying Knee","Prepared"],"picked":"Dash","floor":2.0},{"not_picked":["Sucker Punch","Choke"],"picked":"PiercingWail","floor":2.0},{"not_picked":["Hidden Blade","Slice"],"picked":"Dagger Spray","floor":3.0},{"not_picked":["Blade Dance","Expertise"],"picked":"Deflect","floor":6.0},{"not_picked":["Expertise","ReplayTheSpireMod:Exploit Weakness","Sucker Punch"],"picked":"SKIP","floor":12.0},{"not_picked":["Poison Darts","Slice"],"picked":"Replay:Poison Smokescreen","floor":13.0},{"not_picked":["After Image","Envenom"],"picked":"Poison Darts","floor":16.0},{"not_picked":["CurseOfTheBell","Languid"],"picked":"Writhe","floor":17.0},{"not_picked":["CurseOfTheBell","Delirium"],"picked":"downfall:Haunted","floor":17.0},{"not_picked":["ReplayTheSpireMod:Restless Dread","downfall:Aged"],"picked":"Decay","floor":17.0},{"not_picked":["Flying Knee","Backstab"],"picked":"Deadly Poison","floor":18.0},{"not_picked":["Acrobatics","Leg Sweep"],"picked":"Deflect+1","floor":20},{"not_picked":["Bane","Flying Knee"],"picked":"Sneak Up+1","floor":21},{"not_picked":["Dagger Throw","All Out Attack"],"picked":"Malaise","floor":23},{"not_picked":["Dagger Spray","ReplayTheSpireMod:Shiv Toss","Underhanded Strike+1"],"picked":"SKIP","floor":29},{"not_picked":["Acrobatics","Dagger Spray+1"],"picked":"Deadly Poison","floor":31}],"player_experience":1019598,"relics_obtained":[{"floor":2.0,"key":"Grinning Jar"},{"floor":6.0,"key":"Replay:Kaleidoscope"},{"floor":9.0,"key":"Mummified Hand"},{"floor":11.0,"key":"Torii"},{"floor":23,"key":"Pet Ghost"},{"floor":25,"key":"ReplayTheSpireMod:Lightbulb"},{"floor":26,"key":"War Paint"},{"floor":29,"key":"Gremlin Horn"},{"floor":31,"key":"ReplayTheSpireMod:TigerMarble"}],"event_choices":[{"damage_healed":0.0,"max_hp_gain":5.0,"max_hp_loss":0.0,"gold_gain":0.0,"event_name":"Big Fish","player_choice":"Donut","floor":5.0,"gold_loss":0.0,"damage_taken":0.0},{"damage_healed":0.0,"max_hp_gain":0.0,"max_hp_loss":0.0,"gold_gain":150.0,"event_name":"Liars Game","player_choice":"AGREE","floor":8.0,"gold_loss":0.0,"damage_taken":0.0,"cards_obtained":["Doubt"]},{"damage_healed":0.0,"max_hp_gain":0.0,"max_hp_loss":0.0,"gold_gain":0.0,"event_name":"Accursed Blacksmith","player_choice":"Rummage","floor":19.0,"gold_loss":0.0,"damage_taken":0.0,"relics_obtained":["WarpedTongs"],"cards_obtained":["Pain"]},{"damage_healed":0,"gold_gain":0,"player_choice":"Read","damage_taken":0,"max_hp_gain":0,"max_hp_loss":0,"event_name":"The Library","floor":28,"gold_loss":0,"cards_obtained":["Footwork"]}],"is_beta":false,"boss_relics":[{"not_picked":["Honey Jar","Fusion Hammer"],"picked":"Replay:Ancient Bell"},{"not_picked":["Dream Catcher","Bag of Marbles"],"picked":"Omamori"},{"not_picked":["InkBottle","Pear"],"picked":"Replay:Ringing Soul"},{"not_picked":["Peace Pipe","WingedGreaves"],"picked":"Old Coin"}],"items_purged_floors":[22],"is_endless":false,"potions_floor_spawned":[3,12,16,20,21],"killed_by":"Champ","ascension_level":15}}