{"host":"3jjxuhjpio8e4zkv","time":1611798945,"event":{"mods":["BaseMod","Colored Map","Highlight Path","Minty Spire (QoL Compilation)","Permanent Neow","Relic Stats","StSLib"],"gold_per_floor":[116,1,16,26,26,101,118,146,191,191,11,20,20,49,49,129,183,195,195,219,233,254,254,284,303,303,63,96,105,134,170,170,254,254,264,36,36,91,25,51,51,51,51,51,93,93,120,143,143,143,143,143,152,1,38,38],"floor_reached":57,"language":"ENG","playtime":2715,"items_purged":["Decay","Zap"],"score":2917,"play_id":"0fc1de56-cdd8-4479-b664-120b4701a5df","local_time":"20210127205545","is_ascension_mode":true,"campfire_choices":[{"data":"Storm","floor":10.0,"key":"SMITH"},{"data":"Apotheosis","floor":13.0,"key":"SMITH"},{"data":"Static Discharge","floor":15.0,"key":"SMITH"},{"floor":23.0,"key":"REST"},{"floor":29.0,"key":"REST"},{"data":"Seek","floor":32.0,"key":"SMITH"},{"data":"Storm","floor":42.0,"key":"SMITH"},{"floor":44.0,"key":"RECALL"},{"data":"Echo Form","floor":46.0,"key":"SMITH"},{"data":"Biased Cognition","floor":49.0,"key":"SMITH"},{"floor":53.0,"key":"REST"}],"circlet_count":0,"master_deck":["AscendersBane","Dualcast","Master of Strategy","Storm+1","Self Repair","Ball Lightning","Turbo","Conserve Battery","Buffer","Apotheosis+1","Melter","Static Discharge+1","Biased Cognition+1","Steam","Steam","Genetic Algorithm","Reinforced Body","Cold Snap","Force Field","Coolheaded","BootSequence+1","Force Field","Coolheaded","Skim","Seek+1","Buffer","Core Surge","Storm+1","Echo Form+1","Static Discharge","Loop","Defragment","Defragment"],"relics":["Cracked Core","Mummified Hand","CeramicFish","Pandora\u0027s Box","Dream Catcher","Juzu Bracelet","Chemical X","Oddly Smooth Stone","StrikeDummy","Philosopher\u0027s Stone","Dead Branch","Bronze Scales","Prayer Wheel","Lantern","PreservedInsect","Blood Vial"],"acts_visited":["Exordium","TheCity","TheBeyond","TheEnding"],"potions_floor_usage":[56],"damage_taken":[{"damage":0.0,"enemies":"2 Louse","floor":1.0,"turns":3.0},{"damage":15.0,"enemies":"Small Slimes","floor":3.0,"turns":4.0},{"damage":4.0,"enemies":"Jaw Worm","floor":4.0,"turns":4.0},{"damage":17.0,"enemies":"Large Slime","floor":7.0,"turns":6.0},{"damage":11.0,"enemies":"Gremlin Nob","floor":8.0,"turns":3.0},{"damage":0.0,"enemies":"Blue Slaver","floor":14.0,"turns":3.0},{"damage":25.0,"enemies":"Hexaghost","floor":16.0,"turns":8.0},{"damage":3.0,"enemies":"3 Byrds","floor":18.0,"turns":3.0},{"damage":0.0,"enemies":"Spheric Guardian","floor":20.0,"turns":3.0},{"damage":34.0,"enemies":"Snake Plant","floor":21.0,"turns":3.0},{"damage":0.0,"enemies":"Sentry and Sphere","floor":22.0,"turns":4.0},{"damage":15.0,"enemies":"Book of Stabbing","floor":24.0,"turns":4.0},{"damage":0.0,"enemies":"Centurion and Healer","floor":25.0,"turns":4.0},{"damage":47.0,"enemies":"Slavers","floor":28.0,"turns":5.0},{"damage":15.0,"enemies":"Cultist and Chosen","floor":30.0,"turns":4.0},{"damage":0.0,"enemies":"Book of Stabbing","floor":31.0,"turns":4.0},{"damage":2.0,"enemies":"Automaton","floor":33.0,"turns":13.0},{"damage":0.0,"enemies":"3 Shapes","floor":35.0,"turns":5.0},{"damage":1.0,"enemies":"2 Orb Walkers","floor":38.0,"turns":5.0},{"damage":12.0,"enemies":"Nemesis","floor":40.0,"turns":5.0},{"damage":0.0,"enemies":"Giant Head","floor":45.0,"turns":7.0},{"damage":0.0,"enemies":"Nemesis","floor":47.0,"turns":5.0},{"damage":0.0,"enemies":"Orb Walker","floor":48.0,"turns":2.0},{"damage":44.0,"enemies":"Time Eater","floor":50.0,"turns":15.0},{"damage":46.0,"enemies":"Awakened One","floor":51.0,"turns":12.0},{"damage":16.0,"enemies":"Shield and Spear","floor":55.0,"turns":3.0},{"damage":52,"enemies":"The Heart","floor":56,"turns":7}],"seed_played":"6596479656095650557","potions_obtained":[{"floor":3.0,"key":"FocusPotion"},{"floor":4.0,"key":"LiquidBronze"},{"floor":14.0,"key":"FearPotion"},{"floor":16.0,"key":"SkillPotion"},{"floor":18.0,"key":"LiquidBronze"},{"floor":24.0,"key":"Explosive Potion"},{"floor":25.0,"key":"LiquidMemories"},{"floor":28.0,"key":"SkillPotion"},{"floor":33.0,"key":"Dexterity Potion"},{"floor":40.0,"key":"Swift Potion"}],"is_trial":false,"path_per_floor":["M","$","M","M","?","?","M","E","T","R","$","?","R","M","R","B",null,"M","?","M","M","M","R","E","M","T","$","E","R","M","E","R","B",null,"M","$","?","?","$","E","$","R","T","R","E","R","E","M","R","B","B",null,"R","$","E","B",null],"character_chosen":"DEFECT","items_purchased":["Self Repair","Apotheosis","Chemical X","Force Field","Core Surge","ColorlessPotion","Storm","Defragment","Ancient Potion"],"campfire_rested":3,"item_purchase_floors":[2,11,27,27,36,36,39,54,54],"current_hp_per_floor":[64,64,56,59,52,41,31,27,27,27,27,27,27,37,37,19,58,65,65,71,47,57,71,66,71,71,71,31,52,47,57,57,65,70,71,71,71,71,71,69,69,69,69,69,71,71,71,71,71,47,11,56,71,71,65,35],"gold":38,"neow_bonus":"RANDOM_COLORLESS_2","is_daily":false,"chose_seed":false,"campfire_upgraded":7,"win_rate":0.0,"timestamp":1611798945,"path_taken":["M","$","M","M","?","?","M","E","T","R","?","?","R","?","R","BOSS","M","?","M","M","?","R","E","M","T","$","E","R","M","E","R","BOSS","M","$","?","?","?","E","?","R","T","R","E","R","E","M","R","BOSS","BOSS","R","$","E","BOSS"],"items_purchased_type":["Card","Card","Relic","Card","Card","Potion","Card","Card","Potion"],"build_version":"2020-12-22","purchased_purges":2,"victory":true,"max_hp_per_floor":[71,71,71,71,71,71,71,71,71,71,71,71,71,71,71,71,71,71,71,71,71,71,71,71,71,71,71,71,71,71,71,71,71,71,71,71,71,71,71,71,71,71,71,71,71,71,71,71,71,71,71,71,71,71,71,71],"relic_stats":{"counters":[27,143],"CeramicFish":225,"Dead Branch":[76],"PreservedInsect":77,"Juzu Bracelet":1,"Blood Vial":2,"Dream Catcher":3,"Mummified Hand":[154],"Bronze Scales":[274],"Pandora\u0027s Box":["Steam","Ball Lightning","Steam","Genetic Algorithm","Reinforced Body","Cold Snap"],"Prayer Wheel":1,"Chemical X":[23],"obtain_stats":[{"Lantern":45,"CeramicFish":9,"Dead Branch":38,"Oddly Smooth Stone":28,"PreservedInsect":47,"Juzu Bracelet":24,"Blood Vial":55,"Dream Catcher":19,"Mummified Hand":8,"Bronze Scales":40,"Pandora\u0027s Box":17,"Philosopher\u0027s Stone":34,"Prayer Wheel":43,"Chemical X":27,"Cracked Core":0,"StrikeDummy":31},{"Lantern":21,"CeramicFish":5,"Dead Branch":19,"Oddly Smooth Stone":14,"PreservedInsect":22,"Juzu Bracelet":12,"Blood Vial":26,"Dream Catcher":8,"Mummified Hand":5,"Bronze Scales":20,"Pandora\u0027s Box":7,"Philosopher\u0027s Stone":17,"Prayer Wheel":20,"Chemical X":13,"Cracked Core":0,"StrikeDummy":16},{"Lantern":100,"CeramicFish":20,"Dead Branch":88,"Oddly Smooth Stone":57,"PreservedInsect":105,"Juzu Bracelet":48,"Blood Vial":137,"Dream Catcher":34,"Mummified Hand":20,"Bronze Scales":93,"Pandora\u0027s Box":31,"Philosopher\u0027s Stone":78,"Prayer Wheel":93,"Chemical X":52,"Cracked Core":0,"StrikeDummy":65}]},"card_choices":[{"not_picked":["Secret Technique","Violence"],"picked":"Master of Strategy","floor":0.0},{"not_picked":["Double Energy","Self Repair"],"picked":"Storm","floor":1.0},{"not_picked":["Chill","Beam Cell"],"picked":"Ball Lightning","floor":3.0},{"not_picked":["Stack","Ball Lightning"],"picked":"Turbo","floor":4.0},{"not_picked":["Redo","Turbo"],"picked":"Conserve Battery","floor":7.0},{"not_picked":["Go for the Eyes","Conserve Battery"],"picked":"Buffer","floor":8.0},{"not_picked":["Ball Lightning","Go for the Eyes"],"picked":"Static Discharge","floor":14.0},{"not_picked":["Creative AI","Reboot"],"picked":"Biased Cognition","floor":16.0},{"not_picked":["Reprogram","Scrape","Beam Cell"],"picked":"SKIP","floor":18.0},{"not_picked":["Go for the Eyes","Stack"],"picked":"Force Field","floor":20.0},{"not_picked":["Fusion","Coolheaded","Streamline"],"picked":"SKIP","floor":21.0},{"not_picked":["Coolheaded","Redo","Stack"],"picked":"SKIP","floor":22.0},{"not_picked":["Redo","Stack"],"picked":"Coolheaded","floor":22.0},{"not_picked":["Doom and Gloom","Multi-Cast","Cold Snap"],"picked":"SKIP","floor":24.0},{"not_picked":["Streamline","Go for the Eyes"],"picked":"BootSequence+1","floor":25.0},{"not_picked":["Genetic Algorithm+1","Sweeping Beam","Melter"],"picked":"SKIP","floor":28.0},{"not_picked":["Rebound","Capacitor"],"picked":"Coolheaded","floor":29.0},{"not_picked":["Blizzard","Steam+1"],"picked":"Skim","floor":30.0},{"not_picked":["Consume","Rip and Tear"],"picked":"Seek","floor":31.0},{"not_picked":["Reboot","Meteor Strike"],"picked":"Buffer","floor":33.0},{"not_picked":["Leap","Compile Driver","Sweeping Beam+1"],"picked":"SKIP","floor":35.0},{"not_picked":["Self Repair","Force Field","Cold Snap"],"picked":"SKIP","floor":40.0},{"not_picked":["Capacitor","Cold Snap+1"],"picked":"Echo Form","floor":45.0},{"not_picked":["Multi-Cast","Redo","Coolheaded"],"picked":"SKIP","floor":47.0},{"not_picked":["Stack+1","Barrage+1"],"picked":"Static Discharge","floor":48.0},{"not_picked":["Auto Shields","Go for the Eyes+1","All For One"],"picked":"SKIP","floor":48.0},{"not_picked":["Hologram","Melter"],"picked":"Loop","floor":53.0},{"not_picked":["Sunder","Skim+1"],"picked":"Defragment","floor":55.0}],"player_experience":1251894,"relics_obtained":[{"floor":8.0,"key":"Mummified Hand"},{"floor":9.0,"key":"CeramicFish"},{"floor":24.0,"key":"Juzu Bracelet"},{"floor":28.0,"key":"Oddly Smooth Stone"},{"floor":31.0,"key":"StrikeDummy"},{"floor":38.0,"key":"Dead Branch"},{"floor":40.0,"key":"Bronze Scales"},{"floor":43.0,"key":"Prayer Wheel"},{"floor":45.0,"key":"Lantern"},{"floor":47.0,"key":"PreservedInsect"},{"floor":55.0,"key":"Blood Vial"}],"event_choices":[{"cards_removed":["Strike_B"],"damage_healed":0.0,"max_hp_gain":0.0,"max_hp_loss":0.0,"gold_gain":0.0,"event_name":"Golden Wing","player_choice":"Card Removal","floor":5.0,"gold_loss":0.0,"damage_taken":7.0},{"damage_healed":0.0,"max_hp_gain":0.0,"max_hp_loss":0.0,"gold_gain":75.0,"event_name":"World of Goop","player_choice":"Gather Gold","floor":6.0,"gold_loss":0.0,"damage_taken":11.0},{"damage_healed":0.0,"max_hp_gain":0.0,"max_hp_loss":0.0,"gold_gain":0.0,"cards_transformed":["Strike_B"],"event_name":"Living Wall","player_choice":"Change","floor":12.0,"gold_loss":0.0,"damage_taken":0.0,"cards_obtained":["Melter"]},{"damage_healed":0.0,"max_hp_gain":0.0,"max_hp_loss":0.0,"gold_gain":0.0,"event_name":"WeMeetAgain","player_choice":"Gave Potion","floor":19.0,"gold_loss":0.0,"damage_taken":0.0,"relics_obtained":["Dream Catcher"]},{"cards_removed":["Ball Lightning"],"damage_healed":0.0,"max_hp_gain":0.0,"max_hp_loss":0.0,"gold_gain":0.0,"event_name":"Falling","player_choice":"Removed Attack","floor":37.0,"gold_loss":0.0,"damage_taken":0.0},{"damage_healed":0.0,"max_hp_gain":0.0,"max_hp_loss":0.0,"gold_gain":0.0,"event_name":"Mysterious Sphere","player_choice":"Fight","floor":38.0,"gold_loss":0.0,"damage_taken":0.0}],"is_beta":false,"boss_relics":[{"not_picked":["SlaversCollar","Busted Crown"],"picked":"Pandora\u0027s Box"},{"not_picked":["Snecko Eye","Cursed Key"],"picked":"Philosopher\u0027s Stone"}],"items_purged_floors":[2,36],"is_endless":false,"potions_floor_spawned":[3,4,14,16,18,24,25,28,33,38,40],"ascension_level":20}}