{"host":"Bilverbakes","time":1611799246,"event":{"mods":["2.2 Compatiblity","AchievementEnabler","BaseMod","Bestiary","Colored Map","Minty Spire (QoL Compilation)","Relic Stats","StSLib","ojb\u0027s Info Mod"],"gold_per_floor":[115,127,127,147,163,163,180,207,207,207,272,307,19,46,46,120,120,135,147,147,18,36,51,51,65,88,117,128,140,169,179,179,251,251,261,1260,1000,1000,375,375,405,405,405,405,417,417,417,431,431,431,431],"floor_reached":50,"language":"ENG","playtime":2448,"items_purged":["Shame","Normality","Normality"],"score":1239,"play_id":"887b676a-45d9-41a0-b3d8-1bbff141f0c0","local_time":"20210127200045","is_ascension_mode":true,"campfire_choices":[{"data":"Neutralize","floor":6.0,"key":"SMITH"},{"data":"Glass Knife","floor":10.0,"key":"SMITH"},{"floor":15.0,"key":"REST"},{"data":"Catalyst","floor":24.0,"key":"SMITH"},{"data":"Concentrate","floor":32.0,"key":"SMITH"},{"data":"Envenom","floor":40.0,"key":"SMITH"},{"data":"Wraith Form v2","floor":42.0,"key":"SMITH"},{"floor":44.0,"key":"RECALL"},{"data":"Adrenaline","floor":46.0,"key":"SMITH"},{"data":"Crippling Poison","floor":49.0,"key":"SMITH"}],"circlet_count":0,"master_deck":["AscendersBane","Survivor","Neutralize+1","Dagger Spray","Choke","Deadly Poison","Glass Knife+1","Deadly Poison","PiercingWail","Catalyst+1","Dodge and Roll","Terror","Glass Knife","Blade Dance+1","Flechettes","Finisher","Concentrate+1","Wraith Form v2+1","Adrenaline+1","A Thousand Cuts","Backstab","Envenom+1","Calculated Gamble","Catalyst","Adrenaline","Catalyst","All Out Attack","Reflex","Cloak And Dagger+1","Crippling Poison+1","Envenom","Setup"],"relics":["SacredBark","PreservedInsect","Mango","Blue Candle","Calipers","Shuriken","Happy Flower","Runic Pyramid","Akabeko","Lantern","Pantograph","Potion Belt","Pandora\u0027s Box","Cauldron","Oddly Smooth Stone","Bag of Preparation","HandDrill","Gremlin Horn"],"acts_visited":["Exordium","TheCity","TheBeyond"],"potions_floor_usage":[50],"damage_taken":[{"damage":11.0,"enemies":"Cultist","floor":1.0,"turns":6.0},{"damage":7.0,"enemies":"Jaw Worm","floor":2.0,"turns":6.0},{"damage":0.0,"enemies":"2 Louse","floor":4.0,"turns":3.0},{"damage":18.0,"enemies":"Large Slime","floor":5.0,"turns":5.0},{"damage":8.0,"enemies":"Blue Slaver","floor":7.0,"turns":3.0},{"damage":0.0,"enemies":"Gremlin Nob","floor":8.0,"turns":2.0},{"damage":0.0,"enemies":"Lagavulin Event","floor":11.0,"turns":2.0},{"damage":10.0,"enemies":"3 Sentries","floor":12.0,"turns":5.0},{"damage":7.0,"enemies":"Lagavulin","floor":14.0,"turns":6.0},{"damage":34.0,"enemies":"The Guardian","floor":16.0,"turns":9.0},{"damage":23.0,"enemies":"Shell Parasite","floor":18.0,"turns":5.0},{"damage":23.0,"enemies":"Spheric Guardian","floor":19.0,"turns":7.0},{"damage":1.0,"enemies":"Centurion and Healer","floor":22.0,"turns":7.0},{"damage":0.0,"enemies":"Sentry and Sphere","floor":23.0,"turns":2.0},{"damage":4.0,"enemies":"Chosen and Byrds","floor":25.0,"turns":3.0},{"damage":14.0,"enemies":"Book of Stabbing","floor":27.0,"turns":3.0},{"damage":4.0,"enemies":"Centurion and Healer","floor":28.0,"turns":5.0},{"damage":11.0,"enemies":"Cultist and Chosen","floor":29.0,"turns":4.0},{"damage":20.0,"enemies":"Slavers","floor":30.0,"turns":6.0},{"damage":0.0,"enemies":"Snecko","floor":31.0,"turns":2.0},{"damage":126.0,"enemies":"Champ","floor":33.0,"turns":10.0},{"damage":6.0,"enemies":"3 Darklings","floor":35.0,"turns":3.0},{"damage":5.0,"enemies":"Giant Head","floor":41.0,"turns":3.0},{"damage":9.0,"enemies":"3 Shapes","floor":45.0,"turns":3.0},{"damage":1.0,"enemies":"Transient","floor":48.0,"turns":6.0},{"damage":106,"enemies":"Awakened One","floor":50,"turns":11}],"seed_played":"-8612230035024838818","potions_obtained":[{"floor":1.0,"key":"Explosive Potion"},{"floor":4.0,"key":"CunningPotion"},{"floor":5.0,"key":"Energy Potion"},{"floor":7.0,"key":"SteroidPotion"},{"floor":12.0,"key":"LiquidMemories"},{"floor":16.0,"key":"Fruit Juice"},{"floor":18.0,"key":"Regen Potion"},{"floor":23.0,"key":"Fruit Juice"},{"floor":25.0,"key":"PowerPotion"},{"floor":30.0,"key":"Regen Potion"},{"floor":31.0,"key":"Regen Potion"},{"floor":33.0,"key":"Poison Potion"},{"floor":35.0,"key":"Block Potion"},{"floor":37.0,"key":"Poison Potion"},{"floor":37.0,"key":"BlessingOfTheForge"},{"floor":41.0,"key":"GhostInAJar"}],"is_trial":false,"path_per_floor":["M","M","?","M","M","R","M","E","T","R","?","E","$","E","R","B",null,"M","M","?","$","M","M","R","M","T","E","M","M","E","M","R","B",null,"M","?","$","?","$","R","E","R","T","R","M","R","?","M","R","B"],"character_chosen":"THE_SILENT","items_purchased":["Shuriken","Strength Potion","Cauldron","Oddly Smooth Stone","Bag of Preparation","HandDrill"],"campfire_rested":1,"item_purchase_floors":[13,21,37,39,39,39],"current_hp_per_floor":[48,41,41,41,23,23,15,15,29,29,29,19,19,12,36,12,71,48,25,25,25,69,69,69,65,65,51,47,36,16,16,16,56,82,76,76,86,86,86,86,81,81,81,81,72,72,72,71,71,0,0],"gold":431,"neow_bonus":"BOSS_RELIC","is_daily":false,"chose_seed":false,"campfire_upgraded":8,"win_rate":0.0,"timestamp":1611799245,"path_taken":["M","?","?","?","M","R","M","E","T","R","?","E","$","E","R","BOSS","M","M","?","$","M","M","R","M","T","E","M","M","E","M","R","BOSS","M","?","$","?","$","R","E","R","T","R","M","R","?","M","R","BOSS"],"items_purchased_type":["Relic","Potion","Relic","Relic","Relic","Relic"],"build_version":"2020-12-18","purchased_purges":3,"victory":false,"max_hp_per_floor":[66,66,66,66,66,66,66,66,80,80,80,80,80,80,80,90,90,90,90,90,90,90,90,90,90,90,90,90,90,90,90,90,90,90,90,90,100,100,100,100,100,100,100,100,100,100,100,100,100,100,100],"relic_stats":{"Happy Flower":[29],"Gremlin Horn":[5,5],"counters":[26,127],"Shuriken":[44],"Blue Candle":[0],"Pantograph":50,"Pandora\u0027s Box":["Adrenaline","A Thousand Cuts","Backstab","Envenom","Calculated Gamble","Catalyst","Adrenaline","Catalyst","All Out Attack","Reflex"],"PreservedInsect":305,"Bag of Preparation":[8],"HandDrill":[0],"obtain_stats":[{"Potion Belt":30,"Lantern":26,"Calipers":12,"Happy Flower":14,"Gremlin Horn":41,"SacredBark":0,"Blue Candle":11,"Oddly Smooth Stone":39,"Mango":9,"PreservedInsect":8,"Bag of Preparation":39,"Akabeko":20,"Cauldron":37,"Shuriken":13,"Pantograph":27,"Pandora\u0027s Box":34,"HandDrill":39,"Ring of the Snake":0,"Runic Pyramid":17},{"Potion Belt":19,"Lantern":15,"Calipers":8,"Happy Flower":9,"Gremlin Horn":23,"SacredBark":0,"Blue Candle":7,"Oddly Smooth Stone":22,"Mango":6,"PreservedInsect":6,"Bag of Preparation":22,"Akabeko":12,"Cauldron":22,"Shuriken":8,"Pantograph":16,"Pandora\u0027s Box":21,"HandDrill":22,"Ring of the Snake":0,"Runic Pyramid":10},{"Potion Belt":89,"Lantern":71,"Calipers":32,"Happy Flower":38,"Gremlin Horn":107,"SacredBark":0,"Blue Candle":27,"Oddly Smooth Stone":104,"Mango":25,"PreservedInsect":25,"Bag of Preparation":104,"Akabeko":59,"Cauldron":104,"Shuriken":32,"Pantograph":74,"Pandora\u0027s Box":101,"HandDrill":104,"Ring of the Snake":0,"Runic Pyramid":47}]},"card_choices":[{"not_picked":["Escape Plan","Acrobatics"],"picked":"Dagger Spray","floor":1.0},{"not_picked":["Distraction","Cloak And Dagger"],"picked":"Choke","floor":2.0},{"not_picked":["Masterful Stab","Flying Knee"],"picked":"Deadly Poison","floor":4.0},{"not_picked":["Sucker Punch","Distraction"],"picked":"Glass Knife","floor":5.0},{"not_picked":["Backflip","Dagger Spray"],"picked":"Quick Slash","floor":7.0},{"not_picked":["Dodge and Roll","Cloak And Dagger"],"picked":"Deadly Poison","floor":8.0},{"not_picked":["Concentrate","Dagger Spray"],"picked":"PiercingWail","floor":11.0},{"not_picked":["Accuracy","Blur"],"picked":"Catalyst","floor":12.0},{"not_picked":["Acrobatics","Flechettes"],"picked":"Dodge and Roll","floor":14.0},{"not_picked":["Acrobatics","Heel Hook","Quick Slash+1"],"picked":"SKIP","floor":18.0},{"not_picked":["Backflip","Caltrops"],"picked":"Terror","floor":19.0},{"not_picked":["Dagger Spray+1","Quick Slash"],"picked":"Glass Knife","floor":22.0},{"not_picked":["Escape Plan","Backflip"],"picked":"Blade Dance+1","floor":23.0},{"not_picked":["Dagger Spray","Quick Slash"],"picked":"Flechettes","floor":25.0},{"not_picked":["Dodge and Roll","Slice","Bouncing Flask"],"picked":"SKIP","floor":27.0},{"not_picked":["Flying Knee","Cloak And Dagger","Dodge and Roll"],"picked":"SKIP","floor":28.0},{"not_picked":["Skewer+1","Deadly Poison","Acrobatics"],"picked":"SKIP","floor":29.0},{"not_picked":["Expertise","Caltrops"],"picked":"Finisher","floor":30.0},{"not_picked":["Blade Dance","Setup"],"picked":"Concentrate","floor":31.0},{"not_picked":["Storm of Steel","Glass Knife"],"picked":"Wraith Form v2","floor":33.0},{"not_picked":["Slice+1","Flying Knee"],"picked":"Cloak And Dagger+1","floor":35.0},{"not_picked":["Flechettes","Calculated Gamble"],"picked":"Crippling Poison","floor":41.0},{"not_picked":["Flying Knee","Dagger Spray","Caltrops"],"picked":"SKIP","floor":45.0},{"not_picked":["Distraction","Cloak And Dagger"],"picked":"Setup","floor":48.0}],"player_experience":827051,"relics_obtained":[{"floor":8.0,"key":"PreservedInsect"},{"floor":9.0,"key":"Mango"},{"floor":11.0,"key":"Blue Candle"},{"floor":12.0,"key":"Calipers"},{"floor":14.0,"key":"Happy Flower"},{"floor":26.0,"key":"Lantern"},{"floor":27.0,"key":"Pantograph"},{"floor":30.0,"key":"Potion Belt"},{"floor":41.0,"key":"Gremlin Horn"}],"event_choices":[{"damage_healed":0.0,"max_hp_gain":0.0,"max_hp_loss":0.0,"gold_gain":0.0,"event_name":"Match and Keep!","player_choice":"0 cards matched","floor":3.0,"gold_loss":0.0,"damage_taken":0.0,"cards_obtained":[]},{"damage_healed":0.0,"max_hp_gain":0.0,"max_hp_loss":0.0,"gold_gain":0.0,"event_name":"Dead Adventurer","player_choice":"Searched \u00271\u0027 times","floor":11.0,"gold_loss":0.0,"damage_taken":0.0},{"damage_healed":0.0,"max_hp_gain":0.0,"max_hp_loss":0.0,"gold_gain":0.0,"event_name":"Addict","player_choice":"Stole Relic","floor":20.0,"gold_loss":0.0,"damage_taken":0.0,"relics_obtained":["Akabeko"],"cards_obtained":["Shame"]},{"damage_healed":0.0,"max_hp_gain":0.0,"max_hp_loss":0.0,"gold_gain":999.0,"event_name":"MindBloom","player_choice":"Gold","floor":36.0,"gold_loss":0.0,"damage_taken":0.0,"cards_obtained":["Normality","Normality"]},{"damage_healed":0.0,"max_hp_gain":0.0,"max_hp_loss":0.0,"gold_gain":0.0,"event_name":"Tomb of Lord Red Mask","player_choice":"Ignored","floor":38.0,"gold_loss":0.0,"damage_taken":0.0},{"damage_healed":0.0,"max_hp_gain":0.0,"max_hp_loss":0.0,"gold_gain":0.0,"cards_transformed":["Quick Slash"],"event_name":"Transmorgrifier","player_choice":"Transformed","floor":47.0,"gold_loss":0.0,"damage_taken":0.0,"cards_obtained":["Envenom"]}],"is_beta":true,"boss_relics":[{"not_picked":["WristBlade","Ectoplasm"],"picked":"Runic Pyramid"},{"not_picked":["HoveringKite","Tiny House"],"picked":"Pandora\u0027s Box"}],"items_purged_floors":[21,37,39],"is_endless":false,"potions_floor_spawned":[1,4,5,7,12,16,18,23,25,30,31,33,35,41],"killed_by":"Awakened One","ascension_level":20}}