{"host":"g8ufh7m4frdlkxwv","time":1611804572,"event":{"mods":["AchievementEnabler","BaseMod","Colored Map","Dark Map","Minty Spire (QoL Compilation)","Relic Stats","StSLib","ojb\u0027s Info Mod"],"gold_per_floor":[114,128,145,156,156,202,214,226,226],"floor_reached":8,"language":"ENG","playtime":414,"items_purged":[],"score":116,"play_id":"bc74845a-cedd-42d7-8a08-b472586292c4","local_time":"20210128042932","is_ascension_mode":true,"campfire_choices":[],"circlet_count":0,"master_deck":["AscendersBane","Strike_G","Strike_G","Strike_G","Strike_G","Strike_G","Defend_G","Defend_G","Defend_G","Defend_G","Defend_G","Survivor","Neutralize","Violence","Poisoned Stab","Dash","Leg Sweep","Regret","Calculated Gamble"],"relics":["Ring of the Snake","MawBank","Matryoshka"],"acts_visited":["Exordium"],"potions_floor_usage":[6],"damage_taken":[{"damage":1,"enemies":"Cultist","floor":1,"turns":5},{"damage":0,"enemies":"2 Louse","floor":2,"turns":4},{"damage":0,"enemies":"Jaw Worm","floor":3,"turns":4},{"damage":0,"enemies":"Looter","floor":4,"turns":4},{"damage":29,"enemies":"3 Sentries","floor":6,"turns":10},{"damage":30,"enemies":"Lagavulin","floor":8,"turns":7}],"seed_played":"8726759665119642675","potions_obtained":[{"floor":4,"key":"Fire Potion"}],"is_trial":false,"path_per_floor":["M","M","M","M","?","E","?","E"],"character_chosen":"THE_SILENT","items_purchased":[],"campfire_rested":0,"item_purchase_floors":[],"current_hp_per_floor":[58,58,58,58,58,29,29,0,0],"gold":226,"neow_bonus":"RANDOM_COLORLESS_2","is_daily":false,"chose_seed":false,"campfire_upgraded":0,"win_rate":0.0,"timestamp":1611804572,"path_taken":["M","M","M","?","?","E","?","E"],"items_purchased_type":[],"build_version":"2020-12-22","purchased_purges":0,"victory":false,"max_hp_per_floor":[60,60,60,60,60,60,60,60,60],"relic_stats":{"counters":[6,34],"MawBank":36,"obtain_stats":[{"Matryoshka":6,"MawBank":5,"Ring of the Snake":0},{"Matryoshka":5,"MawBank":4,"Ring of the Snake":0},{"Matryoshka":27,"MawBank":17,"Ring of the Snake":0}],"Ring of the Snake":[12]},"card_choices":[{"not_picked":["Magnetism","Secret Weapon"],"picked":"Violence","floor":0},{"not_picked":["Concentrate","Outmaneuver"],"picked":"Poisoned Stab","floor":1},{"not_picked":["Slice","Dagger Spray"],"picked":"Dash","floor":2},{"not_picked":["Outmaneuver","Acrobatics"],"picked":"Leg Sweep","floor":3},{"not_picked":["Noxious Fumes","Flechettes","Deflect"],"picked":"SKIP","floor":4},{"not_picked":["Finisher","Caltrops"],"picked":"Calculated Gamble","floor":6}],"player_experience":1110797,"relics_obtained":[{"floor":6,"key":"Matryoshka"}],"event_choices":[{"damage_healed":0,"gold_gain":0,"player_choice":"Box","damage_taken":0,"relics_obtained":["MawBank"],"max_hp_gain":0,"max_hp_loss":0,"event_name":"Big Fish","floor":5,"gold_loss":0,"cards_obtained":["Regret"]},{"damage_healed":0,"gold_gain":0,"player_choice":"Ignored","damage_taken":0,"max_hp_gain":0,"max_hp_loss":0,"event_name":"Shining Light","floor":7,"gold_loss":0}],"is_beta":false,"boss_relics":[],"items_purged_floors":[],"is_endless":false,"potions_floor_spawned":[4],"killed_by":"Lagavulin","ascension_level":20}}