{"host":"dzit4ljil6490tuf","time":1611797997,"event":{"mods":["BaseMod","Downfall","Hermit","Hubris","Minty Spire (QoL Compilation)","StSLib","The Cursed","The Runesmith","The Servant 0.9.4"],"gold_per_floor":[99,99,110,124,142,168,192,192,224,18,18,28,54,54,74,169,169,69,86,102,102,39,24,24,35,35,20,48,148,148,182,197,293,293,293,312,362,172,190,113,113,113,213,244,244,255,155,171,186,186],"floor_reached":51,"language":"ITA","playtime":3420,"items_purged":["bronze:Strike"],"score":606,"play_id":"733261a4-bef7-44df-a79c-efce44e19e68","local_time":"20210128023957","is_ascension_mode":true,"campfire_choices":[{"data":"bronze:Replicate","floor":1,"key":"SMITH"},{"data":"bronze:Shield","floor":11,"key":"SMITH"},{"data":"bronze:TinkerersToolbox","floor":18,"key":"SMITH"},{"data":"bronze:Verify","floor":30,"key":"SMITH"},{"floor":35,"key":"RECALL"},{"floor":45,"key":"REST"},{"floor":47,"key":"REST"}],"circlet_count":0,"master_deck":["bronze:Strike+1","bronze:Strike+1","bronze:Defend+1","bronze:Defend+1","bronze:Defend+1","bronze:Replicate+1","bronze:Goto+1","bronze:Iterate","bronze:NullPointer","bronze:Fortify","bronze:Overheat","bronze:Branch","bronze:WhirlingStrike","bronze:Terminator","bronze:Shield+1","bronze:Safeguard","bronze:BronzeOrb","bronze:Frontload","bronze:TinkerersToolbox+1","bronze:ChildClass+1","bronze:Repair+1","bronze:Flail","bronze:Separator","bronze:Verify+1","bronze:Overheat","bronze:Constructor","bronze:Boost","bronze:Overheat+1","bronze:Constructor","bronze:Frontload+1","bronze:Shell","bronze:Separator","bronze:NullPointer","bronze:Constructor","bronze:ThunderWave","bronze:Separator+1","bronze:SpaghettiCode","bronze:Invalidate+1","bronze:Deprecate+1","bronze:ClassDefault","bronze:FineTuning+1","bronze:WhirlingStrike","bronze:ChildClass+1"],"relics":["bronze:BronzeCore","Ancient Tea Set","Juzu Bracelet","Bag of Marbles","Prayer Wheel","hubris:HollowSoul","downfall:HeartBlessingGreen","Ornamental Fan","Enchiridion","Blood Vial","downfall:CloakOfManyFaces","CultistMask","FaceOfCleric","NlothsMask","GremlinMask","SsserpentHead","Tiny Chest","Fusion Hammer","hubris:MysteriousPyramids","Toolbox","hubris:Potato","Boot","downfall:HeartBlessingRed"],"acts_visited":["Exordium","TheCity","TheBeyond"],"potions_floor_usage":[6,16,19,25,28,31,31,31,33,44,46,48],"damage_taken":[{"damage":8,"enemies":"Jaw Worm","floor":3,"turns":4},{"damage":0,"enemies":"2 Louse","floor":4,"turns":2},{"damage":1,"enemies":"Cultist","floor":5,"turns":3},{"damage":0,"enemies":"Gremlin Nob","floor":6,"turns":2},{"damage":4,"enemies":"Lagavulin","floor":9,"turns":6},{"damage":0,"enemies":"downfall:FleeingMerchant","floor":10,"turns":4},{"damage":0,"enemies":"Exordium Thugs","floor":12,"turns":1},{"damage":10,"enemies":"3 Sentries","floor":13,"turns":5},{"damage":10,"enemies":"Gremlin Gang","floor":15,"turns":3},{"damage":24,"enemies":"WA_ARCHETYPE_RETAIN","floor":16,"turns":9},{"damage":0,"enemies":"Spheric Guardian","floor":19,"turns":5},{"damage":0,"enemies":"Chosen","floor":20,"turns":4},{"damage":0,"enemies":"downfall:FleeingMerchant","floor":22,"turns":4},{"damage":1,"enemies":"downfall:FleeingMerchant","floor":23,"turns":4},{"damage":8,"enemies":"Centurion and Healer","floor":25,"turns":7},{"damage":0,"enemies":"downfall:FleeingMerchant","floor":27,"turns":4},{"damage":26,"enemies":"Book of Stabbing","floor":28,"turns":6},{"damage":5,"enemies":"downfall:FaceTrader","floor":29,"turns":11},{"damage":0,"enemies":"Slavers","floor":31,"turns":8},{"damage":22,"enemies":"Snecko","floor":32,"turns":5},{"damage":0,"enemies":"DF_ARCHETYPE_CLAW","floor":33,"turns":1},{"damage":0,"enemies":"Orb Walker","floor":36,"turns":2},{"damage":0,"enemies":"downfall:FleeingMerchant","floor":38,"turns":2},{"damage":9,"enemies":"3 Shapes","floor":39,"turns":3},{"damage":19,"enemies":"3 Shapes","floor":43,"turns":7},{"damage":34,"enemies":"Giant Head","floor":44,"turns":9},{"damage":16,"enemies":"3 Darklings","floor":46,"turns":6},{"damage":12,"enemies":"Maw","floor":48,"turns":10},{"damage":0,"enemies":"Jaw Worm Horde","floor":49,"turns":5},{"damage":0,"enemies":"IC_BLOCK_ARCHETYPE","floor":50,"turns":1}],"seed_played":"7827403108987504667","potions_obtained":[{"floor":3,"key":"Explosive Potion"},{"floor":4,"key":"FearPotion"},{"floor":6,"key":"Strength Potion"},{"floor":12,"key":"Strength Potion"},{"floor":16,"key":"SneckoOil"},{"floor":19,"key":"Weak Potion"},{"floor":25,"key":"EntropicBrew"},{"floor":31,"key":"bronze:FreeFunctionsPotion"},{"floor":32,"key":"FearPotion"},{"floor":43,"key":"Slimebound:ThreeZeroPotion"},{"floor":44,"key":"Fire Potion"},{"floor":48,"key":"Ancient Potion"}],"is_trial":false,"path_per_floor":["R","?","M","M","M","E","T","?","E","$","R","M","E","?","M","B",null,"R","M","M","?","$","$","T","M","?","$","E","?","R","E","M","B",null,"R","M","?","$","M","$","T","$","?","E","R","M","R","M","M","B",null],"character_chosen":"THE_AUTOMATON","items_purchased":["bronze:Terminator","bronze:Shield","bronze:Overheat","hubris:MysteriousPyramids","bronze:SpaghettiCode","Toolbox","bronze:ClassDefault"],"campfire_rested":2,"item_purchase_floors":[10,10,22,38,38,38,40],"current_hp_per_floor":[70,70,62,62,61,61,61,61,57,57,57,57,47,47,37,13,70,70,70,70,70,70,69,69,70,54,54,38,35,35,48,39,37,73,73,74,74,75,67,67,67,67,51,30,53,50,73,68,81,41],"gold":186,"neow_bonus":"UPGRADE_CARD","is_daily":false,"chose_seed":false,"campfire_upgraded":4,"win_rate":0.0,"timestamp":1611797997,"path_taken":["R","?","M","M","M","E","T","?","E","$","R","M","E","?","M","BOSS","R","M","M","?","?","$","T","M","?","$","E","?","R","E","M","BOSS","R","M","?","$","M","$","T","$","?","E","R","M","R","M","M","BOSS"],"items_purchased_type":["Card","Card","Card","Relic","Card","Relic","Card"],"build_version":"2020-12-22","purchased_purges":1,"victory":true,"max_hp_per_floor":[70,70,70,70,70,70,70,70,70,70,70,70,70,70,70,70,70,70,70,70,70,70,70,70,70,70,70,70,70,70,71,72,73,73,73,74,74,75,76,76,76,76,77,78,78,79,79,80,81,82],"card_choices":[{"not_picked":["bronze:BronzeOrb","bronze:Deprecate"],"picked":"bronze:NullPointer","floor":3},{"not_picked":["bronze:DarkDash","bronze:CutThrough"],"picked":"bronze:Fortify","floor":4},{"not_picked":["bronze:CutThrough","bronze:BugBarrage"],"picked":"bronze:Overheat","floor":5},{"not_picked":["bronze:Overheat","bronze:ForLoop"],"picked":"bronze:Branch","floor":6},{"not_picked":["bronze:BitShift","bronze:Optimize"],"picked":"bronze:WhirlingStrike","floor":9},{"not_picked":["bronze:FollowUp","bronze:MaxOutput","bronze:Turbo"],"picked":"SKIP","floor":10},{"not_picked":["bronze:BuggyMess","bronze:BugBarrage","bronze:Deprecate"],"picked":"SKIP","floor":12},{"not_picked":["bronze:Overload","bronze:Refactor"],"picked":"bronze:Safeguard","floor":13},{"not_picked":["bronze:FollowUp","bronze:Frontload"],"picked":"bronze:BronzeOrb","floor":15},{"not_picked":["bronze:DelayedSlice","bronze:Turbo"],"picked":"bronze:Frontload","floor":15},{"not_picked":["bronze:Format","bronze:ThunderWave"],"picked":"bronze:TinkerersToolbox","floor":16},{"not_picked":["bronze:Shell+1","bronze:Refactor"],"picked":"bronze:ChildClass+1","floor":19},{"not_picked":["bronze:WildBeam","bronze:Iterate"],"picked":"bronze:Repair+1","floor":19},{"not_picked":["bronze:ItsAFeature","bronze:Return"],"picked":"bronze:Flail","floor":20},{"not_picked":["bronze:ItsAFeature","bronze:WhirlingStrike+1"],"picked":"bronze:Separator","floor":20},{"not_picked":["bronze:Separator","bronze:Overheat"],"picked":"bronze:Verify","floor":22},{"not_picked":["bronze:Overload","bronze:Frontload"],"picked":"bronze:Constructor","floor":23},{"not_picked":["bronze:CutThrough","bronze:Shield"],"picked":"bronze:Boost","floor":25},{"not_picked":["bronze:Deprecate+1","bronze:CutThrough"],"picked":"bronze:Overheat+1","floor":25},{"not_picked":["bronze:DelayedSlice+1","bronze:BugBarrage"],"picked":"bronze:Constructor","floor":27},{"not_picked":["bronze:RecursiveStrike","bronze:DelayedSlice+1"],"picked":"bronze:Frontload+1","floor":28},{"not_picked":["bronze:ForLoop","bronze:Deprecate"],"picked":"bronze:Shell","floor":29},{"not_picked":["bronze:Fortify","bronze:ForLoop"],"picked":"bronze:Separator","floor":31},{"not_picked":["bronze:DelayedGuard","bronze:MaxOutput"],"picked":"bronze:NullPointer","floor":32},{"not_picked":["bronze:Branch","bronze:DelayedGuard"],"picked":"bronze:Constructor","floor":32},{"not_picked":["bronze:Break","bronze:InfiniteLoop"],"picked":"bronze:ThunderWave","floor":33},{"not_picked":["bronze:BronzeOrb+1","bronze:Refactor+1"],"picked":"bronze:Separator+1","floor":36},{"not_picked":["bronze:BuggyMess","bronze:DelayedGuard"],"picked":"bronze:FineTuning","floor":36},{"not_picked":["bronze:BitShift","bronze:Branch","bronze:BuggyMess+1"],"picked":"SKIP","floor":38},{"not_picked":["bronze:Turbo+1","bronze:Flail+1"],"picked":"bronze:Invalidate+1","floor":39},{"not_picked":["bronze:CutThrough+1","bronze:Shield"],"picked":"bronze:Deprecate+1","floor":39},{"not_picked":["bronze:DigitalCarnage","bronze:Frontload+1"],"picked":"bronze:FineTuning+1","floor":44},{"not_picked":["bronze:DelayedGuard+1","bronze:Constructor+1"],"picked":"bronze:WhirlingStrike","floor":46},{"not_picked":["bronze:Constructor+1","bronze:Refactor","bronze:BugBarrage+1"],"picked":"SKIP","floor":46},{"not_picked":["bronze:Overheat","bronze:Branch+1","bronze:ChosenStrike+1"],"picked":"SKIP","floor":48},{"not_picked":["bronze:BuggyMess+1","bronze:Backtrace+1","bronze:WhirlingStrike+1"],"picked":"SKIP","floor":48},{"not_picked":["bronze:DelayedSlice+1","bronze:InfiniteBeams+1"],"picked":"bronze:ChildClass+1","floor":49},{"not_picked":["bronze:HyperBeam","bronze:FineTuning","bronze:BugBarrage"],"picked":"SKIP","floor":49}],"player_experience":615853,"relics_obtained":[{"floor":6,"key":"Ancient Tea Set"},{"floor":7,"key":"Juzu Bracelet"},{"floor":9,"key":"Bag of Marbles"},{"floor":13,"key":"Prayer Wheel"},{"floor":24,"key":"Ornamental Fan"},{"floor":26,"key":"Enchiridion"},{"floor":28,"key":"Blood Vial"},{"floor":29,"key":"downfall:CloakOfManyFaces"},{"floor":31,"key":"Tiny Chest"},{"floor":43,"key":"hubris:Potato"},{"floor":44,"key":"Boot"}],"event_choices":[{"cards_removed":["bronze:Defend"],"damage_healed":0,"gold_gain":0,"player_choice":"Card Removal","damage_taken":0,"max_hp_gain":0,"max_hp_loss":0,"event_name":"The Cleric","floor":8,"gold_loss":0},{"cards_removed":["bronze:FineTuning"],"damage_healed":0,"gold_gain":0,"player_choice":"Removed Skill","damage_taken":0,"max_hp_gain":0,"max_hp_loss":0,"event_name":"Falling","floor":37,"gold_loss":0}],"is_beta":false,"boss_relics":[{"not_picked":["SacredBark","Runesmith:UraniumAnvil"],"picked":"hubris:HollowSoul"},{"not_picked":["hubris:RunicObelisk","hubris:TerracottaHorce"],"picked":"Fusion Hammer"}],"items_purged_floors":[10],"is_endless":false,"potions_floor_spawned":[3,4,6,12,15,16,19,25,31,32,43,44,48],"ascension_level":2}}