{"host":"vm3f1ccwgbs4oygt","time":1611833514,"event":{"mods":["BaseMod","BetterRewards","Colored Powertips","Minty Spire (QoL Compilation)","Permanent Neow","Shop Mod","StSLib"],"gold_per_floor":[112,37,2,18,28,28,58,28,28,54,54,67,67,77,77,175,175,175],"floor_reached":17,"language":"ENG","playtime":1895,"items_purged":["Strike_G"],"score":182,"play_id":"47bb8199-a5fd-4dcb-be58-23507efcd4ad","local_time":"20210128123154","is_ascension_mode":true,"campfire_choices":[{"data":"Neutralize","floor":6,"key":"SMITH"},{"data":"Outmaneuver","floor":11,"key":"SMITH"},{"data":"Malaise","floor":13,"key":"SMITH"},{"data":"Backflip","floor":15,"key":"SMITH"}],"circlet_count":0,"master_deck":["Strike_G","Strike_G","Strike_G","Strike_G","Defend_G","Defend_G","Defend_G","Defend_G","Survivor","Neutralize+1","Flying Knee","Deadly Poison","Dagger Throw","Malaise+1","Outmaneuver+1","Choke","Backflip+1","Doppelganger"],"relics":["Ring of the Snake","Pear","Bottled Flame","Matryoshka","Snecko Eye"],"acts_visited":["Exordium","TheCity"],"potions_floor_usage":[7,10,10,16,16,16,16,16,16,16],"damage_taken":[{"damage":6,"enemies":"Cultist","floor":1,"turns":5},{"damage":1,"enemies":"2 Louse","floor":4,"turns":3},{"damage":4,"enemies":"Small Slimes","floor":5,"turns":4},{"damage":13,"enemies":"Gremlin Nob","floor":7,"turns":5},{"damage":20,"enemies":"3 Sentries","floor":10,"turns":8},{"damage":4,"enemies":"3 Louse","floor":12,"turns":5},{"damage":0,"enemies":"Large Slime","floor":14,"turns":5},{"damage":6,"enemies":"Hexaghost","floor":16,"turns":11}],"seed_played":"1744566354925899984","potions_obtained":[{"floor":4,"key":"SpeedPotion"},{"floor":7,"key":"GamblersBrew"},{"floor":8,"key":"PowerPotion"},{"floor":8,"key":"EntropicBrew"},{"floor":12,"key":"CunningPotion"},{"floor":16,"key":"AttackPotion"}],"is_trial":false,"path_per_floor":["M","$","?","M","M","R","E","?","T","E","R","M","R","M","R","B",null],"character_chosen":"THE_SILENT","items_purchased":[],"campfire_rested":0,"item_purchase_floors":[],"current_hp_per_floor":[64,64,70,69,65,65,62,62,62,42,42,38,38,38,38,32,80,80],"gold":175,"neow_bonus":"REMOVE_CARD","is_daily":false,"chose_seed":false,"campfire_upgraded":4,"win_rate":0.0,"timestamp":1611833514,"path_taken":["M","$","?","M","M","R","E","?","T","E","R","M","R","M","R","BOSS"],"items_purchased_type":[],"build_version":"2020-12-22","purchased_purges":1,"victory":false,"max_hp_per_floor":[70,70,70,70,70,70,80,80,80,80,80,80,80,80,80,80,80,80],"card_choices":[{"not_picked":["Backflip","Cloak And Dagger"],"picked":"Flying Knee","floor":1},{"not_picked":["Cloak And Dagger","Expertise"],"picked":"Deadly Poison","floor":4},{"not_picked":["Bane","Quick Slash"],"picked":"Dagger Throw","floor":5},{"not_picked":["Well Laid Plans","Endless Agony"],"picked":"Malaise","floor":7},{"not_picked":["Acrobatics","PiercingWail"],"picked":"Outmaneuver","floor":10},{"not_picked":["Cloak And Dagger","Dagger Spray"],"picked":"Choke","floor":12},{"not_picked":["Finisher","Dagger Spray"],"picked":"Backflip","floor":14},{"not_picked":["A Thousand Cuts","Phantasmal Killer"],"picked":"Doppelganger","floor":16}],"player_experience":917116,"relics_obtained":[{"floor":7,"key":"Pear"},{"floor":9,"key":"Bottled Flame"},{"floor":10,"key":"Matryoshka"}],"event_choices":[{"damage_healed":17,"gold_gain":0,"player_choice":"Healed","damage_taken":0,"max_hp_gain":0,"max_hp_loss":0,"event_name":"The Cleric","floor":3,"gold_loss":35},{"damage_healed":0,"gold_gain":0,"player_choice":"Bought 2 Potions","damage_taken":0,"max_hp_gain":0,"max_hp_loss":0,"event_name":"The Woman in Blue","floor":8,"gold_loss":0}],"is_beta":false,"boss_relics":[{"not_picked":["Astrolabe","Ring of the Serpent"],"picked":"Snecko Eye"}],"items_purged_floors":[2],"is_endless":false,"potions_floor_spawned":[4,7,12,16],"ascension_level":2}}