{"host":"8pcehwtvb3b6plng","time":1611822241,"event":{"mods":["BaseMod","Minty Spire (QoL Compilation)","Replay The Spire","StSLib"],"gold_per_floor":[109,126,126,126,139,139,64,92,92,119,119,119,119,119],"floor_reached":13,"language":"ZHS","playtime":305,"items_purged":["Pain"],"score":123,"play_id":"aaf07d74-b551-4420-92f5-77ea8003dc6b","local_time":"20210128162401","is_ascension_mode":true,"campfire_choices":[{"data":"Zap","floor":9,"key":"SMITH"},{"data":"Coolheaded","floor":12,"key":"SMITH"}],"circlet_count":0,"master_deck":["Strike_B","Strike_B","Strike_B","Strike_B","Defend_B","Defend_B","Defend_B","Defend_B","Zap+1","Dualcast","Capacitor","Conserve Battery","Coolheaded+1","Conserve Battery","Reboot"],"relics":["Cracked Core","NeowsBlessing","WarpedTongs","Darkstone Periapt","Snack Pack","Question Card"],"acts_visited":["Exordium"],"potions_floor_usage":[13],"damage_taken":[{"damage":0,"enemies":"Cultist","floor":1,"turns":1},{"damage":0,"enemies":"2 Louse","floor":2,"turns":1},{"damage":0,"enemies":"Small Slimes","floor":5,"turns":1},{"damage":51,"enemies":"Gremlin Nob","floor":8,"turns":6},{"damage":11,"enemies":"Lagavulin","floor":10,"turns":9},{"damage":7,"enemies":"3 Sentries","floor":13,"turns":6}],"seed_played":"3907275612428774299","potions_obtained":[{"floor":1,"key":"Swift Potion"},{"floor":10,"key":"Dexterity Potion"}],"is_trial":false,"path_per_floor":["M","M","PTL","PTL","M","?","$","E","R","E","T","R","E"],"character_chosen":"DEFECT","items_purchased":[],"campfire_rested":0,"item_purchase_floors":[],"current_hp_per_floor":[68,68,68,68,68,68,68,17,17,6,6,6,0,0],"gold":119,"neow_bonus":"THREE_ENEMY_KILL","is_daily":false,"chose_seed":false,"campfire_upgraded":2,"win_rate":0.0,"timestamp":1611822241,"path_taken":["M","M","PTL","PTL","?","?","$","E","R","E","T","R","E"],"items_purchased_type":[],"build_version":"2020-12-22","purchased_purges":1,"victory":false,"max_hp_per_floor":[75,75,75,75,75,75,75,75,75,75,75,75,75,75],"card_choices":[{"not_picked":["Force Field","Beam Cell"],"picked":"Capacitor","floor":1},{"not_picked":["Steam","Sweeping Beam"],"picked":"Conserve Battery","floor":2},{"not_picked":["Rebound","Leap"],"picked":"Coolheaded","floor":5},{"not_picked":["Hologram","ReplayTheSpireMod:Repulse"],"picked":"Conserve Battery","floor":8},{"not_picked":["Redo","Stack"],"picked":"Reboot","floor":10}],"player_experience":158320,"relics_obtained":[{"floor":8,"key":"Darkstone Periapt"},{"floor":10,"key":"Snack Pack"},{"floor":11,"key":"Question Card"}],"event_choices":[{"damage_healed":0,"gold_gain":0,"player_choice":"Rummage","damage_taken":0,"relics_obtained":["WarpedTongs"],"max_hp_gain":0,"max_hp_loss":0,"event_name":"Accursed Blacksmith","floor":6,"gold_loss":0,"cards_obtained":["Pain"]}],"is_beta":false,"boss_relics":[],"items_purged_floors":[7],"is_endless":false,"potions_floor_spawned":[1,10],"killed_by":"3 Sentries","ascension_level":7}}