{"host":"rylkjufw9dlhr07b","time":1611825012,"event":{"mods":["AchievementEnabler","BaseMod","Better Note","BetterRewards","Hubris","Minty Spire (QoL Compilation)","Quick Restart","StSLib"],"gold_per_floor":[113,113,127,127,147,147,161,185,232,232,256,256,256,6,6,102,102,102,102,27,27,27,27,27,27,27,27,27,27,27,27,27,27,27,27,27,27,27,27],"floor_reached":38,"language":"FRA","playtime":1640,"items_purged":["Injury"],"score":1146,"play_id":"5ca1ade5-e0b1-499a-8694-b8db59953323","local_time":"20210128101012","is_ascension_mode":true,"campfire_choices":[{"data":"Armaments","floor":6.0,"key":"SMITH"},{"data":"Metallicize","floor":10.0,"key":"SMITH"},{"data":"Infernal Blade","floor":13.0,"key":"SMITH"},{"data":"Metallicize","floor":15.0,"key":"SMITH"},{"floor":23.0,"key":"REST"},{"floor":32.0,"key":"REST"}],"circlet_count":0,"master_deck":["AscendersBane","hubris:StunningStrike+1","Strike_R","Strike_R","Strike_R","Strike_R","Strike_R","Defend_R","Defend_R","Defend_R","Defend_R","Bash","Armaments+1","Flex","Clash+1","Bash","Dropkick","Thunderclap","Dark Embrace","Thunderclap","Metallicize+1","Infernal Blade+1","Metallicize+1","Immolate","Inflame","Demon Form","Fire Breathing+1","Clash","Searing Blow","Thunderclap+1","hubris:CleavingFinish","Inflame+1","Shrug It Off","Juggernaut","Twin Strike","Armaments+1"],"relics":["Burning Blood","FossilizedHelix","Golden Idol","Art of War","Boot","Ectoplasm","hubris:IronBody","Whetstone","Sozu","Charon\u0027s Ashes"],"acts_visited":["Exordium","TheCity","TheBeyond"],"potions_floor_usage":[],"damage_taken":[{"damage":2.0,"enemies":"Jaw Worm","floor":1.0,"turns":4.0},{"damage":0.0,"enemies":"Cultist","floor":3.0,"turns":2.0},{"damage":7.0,"enemies":"2 Louse","floor":5.0,"turns":4.0},{"damage":0.0,"enemies":"Large Slime","floor":7.0,"turns":6.0},{"damage":0.0,"enemies":"Looter","floor":8.0,"turns":3.0},{"damage":6.0,"enemies":"2 Fungi Beasts","floor":11.0,"turns":3.0},{"damage":38.0,"enemies":"The Guardian","floor":16.0,"turns":15.0},{"damage":0.0,"enemies":"Chosen","floor":18.0,"turns":4.0},{"damage":33.0,"enemies":"3 Byrds","floor":21.0,"turns":6.0},{"damage":65.0,"enemies":"Gremlin Leader","floor":24.0,"turns":8.0},{"damage":0.0,"enemies":"Snecko","floor":27.0,"turns":5.0},{"damage":0.0,"enemies":"Shelled Parasite and Fungi","floor":28.0,"turns":4.0},{"damage":16.0,"enemies":"Snake Plant","floor":29.0,"turns":4.0},{"damage":13.0,"enemies":"Sentry and Sphere","floor":30.0,"turns":4.0},{"damage":0.0,"enemies":"Chosen and Byrds","floor":31.0,"turns":5.0},{"damage":0.0,"enemies":"Collector","floor":33.0,"turns":9.0},{"damage":0.0,"enemies":"3 Shapes","floor":35.0,"turns":4.0},{"damage":0,"enemies":"Orb Walker","floor":36,"turns":3},{"damage":84,"enemies":"2 Orb Walkers","floor":37,"turns":6},{"damage":30,"enemies":"Spire Growth","floor":38,"turns":3}],"seed_played":"-958949693303619152","potions_obtained":[{"floor":5.0,"key":"Fire Potion"},{"floor":7.0,"key":"Block Potion"},{"floor":11.0,"key":"SpeedPotion"},{"floor":24.0,"key":"PowerPotion"},{"floor":27.0,"key":"FairyPotion"},{"floor":28.0,"key":"EssenceOfSteel"}],"is_trial":false,"path_per_floor":["M","?","M","?","M","R","M","M","T","R","M","?","R","$","R","B",null,"M","?","$","M","?","R","E","?","T","M","M","M","M","M","R","B",null,"M","M","?","M"],"character_chosen":"IRONCLAD","items_purchased":["FossilizedHelix","Armaments","Flex","Boot","Metallicize"],"campfire_rested":2,"item_purchase_floors":[0,0,0,14,14],"current_hp_per_floor":[53,53,59,59,58,58,64,70,70,70,70,73,73,73,73,41,69,75,71,71,44,44,67,8,24,24,30,36,26,19,25,48,54,72,78,78,29,0,0],"gold":27,"neow_bonus":"","is_daily":false,"chose_seed":false,"campfire_upgraded":4,"win_rate":0.0,"timestamp":1611825012,"path_taken":["M","?","?","?","M","R","M","M","T","R","M","?","R","$","R","BOSS","M","?","$","M","?","R","E","?","T","?","M","M","M","M","R","BOSS","M","?","?","M"],"items_purchased_type":["Relic","Card","Card","Relic","Card"],"build_version":"2020-12-22","purchased_purges":1,"victory":false,"max_hp_per_floor":[75,75,75,75,75,75,75,75,75,75,75,78,78,78,78,78,78,78,78,78,78,78,78,78,78,78,78,78,78,78,78,78,78,78,78,78,78,78,78],"card_choices":[{"not_picked":["Spot Weakness","Havoc"],"picked":"Clash","floor":1.0},{"not_picked":["Shockwave","Second Wind"],"picked":"Thunderclap","floor":3.0},{"not_picked":["Whirlwind","True Grit"],"picked":"Dark Embrace","floor":5.0},{"not_picked":["Reckless Charge","Clothesline"],"picked":"Thunderclap","floor":7.0},{"not_picked":["Infernal Blade","Reckless Charge"],"picked":"Metallicize","floor":8.0},{"not_picked":["Burning Pact","Sword Boomerang"],"picked":"Infernal Blade","floor":11.0},{"not_picked":["Berserk","hubris:StunningStrike"],"picked":"Immolate","floor":16.0},{"not_picked":["Anger","Cleave"],"picked":"Inflame","floor":18.0},{"not_picked":["True Grit","Flex"],"picked":"Demon Form","floor":21.0},{"not_picked":["Havoc","hubris:SharpeningStone"],"picked":"Clash","floor":24.0},{"not_picked":["Cleave","Havoc"],"picked":"Searing Blow","floor":27.0},{"not_picked":["Warcry","Rampage"],"picked":"Thunderclap+1","floor":28.0},{"not_picked":["Dual Wield+1","Bloodletting"],"picked":"hubris:CleavingFinish","floor":29.0},{"not_picked":["Flex","Havoc"],"picked":"Inflame+1","floor":30.0},{"not_picked":["hubris:ReadiedAction","Havoc"],"picked":"Shrug It Off","floor":31.0},{"not_picked":["Limit Break","Immolate"],"picked":"Juggernaut","floor":33.0},{"not_picked":["Rupture","Blood for Blood","Havoc"],"picked":"SKIP","floor":35.0},{"not_picked":["hubris:ReadiedAction+1","Blood for Blood"],"picked":"Twin Strike","floor":36},{"not_picked":["Thunderclap","Pummel"],"picked":"Armaments+1","floor":37}],"player_experience":555333,"relics_obtained":[{"floor":9.0,"key":"Art of War"},{"floor":24.0,"key":"hubris:IronBody"},{"floor":26.0,"key":"Whetstone"},{"floor":37,"key":"Charon\u0027s Ashes"}],"event_choices":[{"damage_healed":0.0,"max_hp_gain":0.0,"max_hp_loss":0.0,"gold_gain":0.0,"event_name":"Match and Keep!","player_choice":"2 cards matched","floor":2.0,"gold_loss":0.0,"damage_taken":0.0,"cards_obtained":["Bash","Dropkick"]},{"damage_healed":0.0,"max_hp_gain":0.0,"max_hp_loss":0.0,"gold_gain":0.0,"event_name":"Golden Idol","player_choice":"Take Wound","floor":4.0,"gold_loss":0.0,"damage_taken":0.0,"relics_obtained":["Golden Idol"],"cards_obtained":["Injury"]},{"damage_healed":0.0,"max_hp_gain":0.0,"max_hp_loss":0.0,"gold_gain":0.0,"event_name":"The Woman in Blue","player_choice":"Bought 0 Potions","floor":19.0,"gold_loss":0.0,"damage_taken":0.0},{"cards_removed":["Infernal Blade"],"damage_healed":0.0,"max_hp_gain":0.0,"max_hp_loss":0.0,"gold_gain":0.0,"event_name":"betterNote:BetterNote","player_choice":"Take \u0026 Give","floor":22.0,"gold_loss":0.0,"damage_taken":0.0,"cards_obtained":["Fire Breathing"]},{"damage_healed":16.0,"max_hp_gain":0.0,"max_hp_loss":0.0,"gold_gain":0.0,"event_name":"The Library","player_choice":"Heal","floor":25.0,"gold_loss":0.0,"damage_taken":0.0},{"damage_healed":0,"gold_gain":0,"player_choice":"Fight","damage_taken":0,"max_hp_gain":0,"max_hp_loss":0,"event_name":"Mysterious Sphere","floor":37,"gold_loss":0}],"is_beta":false,"boss_relics":[{"not_picked":["Empty Cage","hubris:CrackedHourglass"],"picked":"Ectoplasm"},{"not_picked":["Runic Cube","Fusion Hammer"],"picked":"Sozu"}],"items_purged_floors":[20],"is_endless":false,"potions_floor_spawned":[5,7,11,24,27,28,31,35,36,37],"killed_by":"Spire Growth","ascension_level":18}}