{"host":"j4g6ia6asvpyu2b0","time":1611850218,"event":{"mods":["BaseMod","Colored Map","Minty Spire (QoL Compilation)","Permanent Neow","Quick Restart","Relic Stats","StSLib","Unceasing Turn Reminder"],"gold_per_floor":[110,30,67,67,106,106,174,174,201,229,269,269,269,269,269,369,369,409,409,295,295,329,359,359,408,408,408,442,442,454,484,484,484,484],"floor_reached":33,"language":"ENG","playtime":1482,"items_purged":["Strike_B"],"score":483,"play_id":"9f438d13-2ec8-4c71-98a1-ac4140b0be2b","local_time":"20210128091018","is_ascension_mode":true,"campfire_choices":[{"data":"Consume","floor":6.0,"key":"SMITH"},{"data":"Capacitor","floor":8.0,"key":"SMITH"},{"data":"Double Energy","floor":12.0,"key":"SMITH"},{"data":"Zap","floor":15.0,"key":"SMITH"},{"floor":24.0,"key":"REST"},{"floor":27.0,"key":"REST"},{"data":"Loop","floor":32.0,"key":"SMITH"}],"circlet_count":0,"master_deck":["Strike_B+1","Strike_B","Defend_B+1","Defend_B","Defend_B","Defend_B","Zap+1","Dualcast","HandOfGreed","Consume+1","Glacier","Compile Driver","Capacitor+1","FTL","Double Energy+1","Cold Snap","Core Surge","Compile Driver","Self Repair","Necronomicurse","Conserve Battery","Ball Lightning","Cold Snap","Loop+1","BootSequence","Coolheaded+1"],"relics":["Cracked Core","Orichalcum","Bag of Marbles","Blue Candle","Inserter","Necronomicon","InkBottle","Omamori","Question Card","Happy Flower"],"acts_visited":["Exordium","TheCity"],"potions_floor_usage":[],"damage_taken":[{"damage":1.0,"enemies":"Cultist","floor":1.0,"turns":3.0},{"damage":2.0,"enemies":"2 Louse","floor":3.0,"turns":2.0},{"damage":0.0,"enemies":"Small Slimes","floor":5.0,"turns":3.0},{"damage":25.0,"enemies":"3 Sentries","floor":7.0,"turns":10.0},{"damage":0.0,"enemies":"Lagavulin","floor":10.0,"turns":9.0},{"damage":9.0,"enemies":"2 Fungi Beasts","floor":11.0,"turns":3.0},{"damage":0.0,"enemies":"Hexaghost","floor":16.0,"turns":10.0},{"damage":6.0,"enemies":"Chosen","floor":18.0,"turns":4.0},{"damage":2.0,"enemies":"Shell Parasite","floor":22.0,"turns":5.0},{"damage":35.0,"enemies":"Gremlin Leader","floor":23.0,"turns":6.0},{"damage":43.0,"enemies":"Slavers","floor":25.0,"turns":5.0},{"damage":8.0,"enemies":"Book of Stabbing","floor":28.0,"turns":5.0},{"damage":8.0,"enemies":"Snecko","floor":30.0,"turns":3.0},{"damage":1.0,"enemies":"3 Cultists","floor":31.0,"turns":5.0},{"damage":45,"enemies":"Automaton","floor":33,"turns":6}],"seed_played":"-1120885936358618754","potions_obtained":[{"floor":1.0,"key":"FairyPotion"},{"floor":7.0,"key":"FocusPotion"},{"floor":10.0,"key":"BlessingOfTheForge"},{"floor":23.0,"key":"Block Potion"},{"floor":25.0,"key":"Strength Potion"},{"floor":30.0,"key":"ColorlessPotion"}],"is_trial":false,"path_per_floor":["M","$","M","?","M","R","E","R","T","E","M","R","?","?","R","B",null,"M","?","$","?","M","E","R","E","T","R","E","?","M","M","R","B"],"character_chosen":"DEFECT","items_purchased":["Glacier","Self Repair"],"campfire_rested":2,"item_purchase_floors":[2,20],"current_hp_per_floor":[67,67,65,70,70,70,45,45,45,45,36,36,21,14,14,14,58,52,52,52,36,41,6,27,13,13,34,26,26,25,31,31,0,0],"gold":484,"neow_bonus":"RANDOM_COLORLESS_2","is_daily":false,"chose_seed":false,"campfire_upgraded":5,"win_rate":0.0,"timestamp":1611850218,"path_taken":["M","$","?","?","M","R","E","R","T","E","M","R","?","?","R","BOSS","M","?","$","?","M","E","R","E","T","R","E","?","M","M","R","BOSS"],"items_purchased_type":["Card","Card"],"build_version":"2020-12-22","purchased_purges":1,"victory":false,"max_hp_per_floor":[68,68,68,73,73,73,73,73,73,73,73,73,73,73,73,73,73,73,73,73,73,73,73,73,73,73,73,73,73,73,73,73,73,73],"relic_stats":{"Inserter":[19],"Happy Flower":[4],"counters":[15,79],"Blue Candle":[1],"Necronomicon":[11],"Orichalcum":[132],"Question Card":3,"obtain_stats":[{"Inserter":17,"Happy Flower":28,"Blue Candle":10,"Bag of Marbles":9,"Necronomicon":21,"Omamori":25,"Orichalcum":7,"Cracked Core":0,"Question Card":26,"InkBottle":23},{"Inserter":7,"Happy Flower":12,"Blue Candle":5,"Bag of Marbles":4,"Necronomicon":8,"Omamori":11,"Orichalcum":4,"Cracked Core":0,"Question Card":11,"InkBottle":10},{"Inserter":40,"Happy Flower":65,"Blue Candle":27,"Bag of Marbles":18,"Necronomicon":44,"Omamori":60,"Orichalcum":18,"Cracked Core":0,"Question Card":60,"InkBottle":55}],"InkBottle":[9]},"card_choices":[{"not_picked":["Chrysalis","The Bomb"],"picked":"HandOfGreed","floor":0.0},{"not_picked":["Loop","Stack"],"picked":"Consume","floor":1.0},{"not_picked":["Hologram","Barrage"],"picked":"Compile Driver","floor":3.0},{"not_picked":["Streamline","White Noise"],"picked":"Capacitor","floor":5.0},{"not_picked":["Leap","Reprogram"],"picked":"FTL","floor":7.0},{"not_picked":["Compile Driver","Hologram"],"picked":"Double Energy","floor":10.0},{"not_picked":["Barrage","Hologram"],"picked":"Cold Snap","floor":11.0},{"not_picked":["Multi-Cast","Meteor Strike"],"picked":"Core Surge","floor":16.0},{"not_picked":["Reprogram+1","Melter"],"picked":"Compile Driver","floor":18.0},{"not_picked":["Go for the Eyes","Redo"],"picked":"Conserve Battery","floor":22.0},{"not_picked":["Go for the Eyes","Hello World"],"picked":"Ball Lightning","floor":23.0},{"not_picked":["Beam Cell","Hyperbeam"],"picked":"Cold Snap","floor":25.0},{"not_picked":["Beam Cell","Sunder","Ball Lightning+1"],"picked":"Loop","floor":28.0},{"not_picked":["Barrage","Scrape","Lockon+1"],"picked":"BootSequence","floor":30.0},{"not_picked":["Chill","Beam Cell","Genetic Algorithm"],"picked":"Coolheaded+1","floor":31.0}],"player_experience":1057288,"relics_obtained":[{"floor":7.0,"key":"Orichalcum"},{"floor":9.0,"key":"Bag of Marbles"},{"floor":10.0,"key":"Blue Candle"},{"floor":21.0,"key":"Necronomicon"},{"floor":23.0,"key":"InkBottle"},{"floor":25.0,"key":"Omamori"},{"floor":26.0,"key":"Question Card"},{"floor":28.0,"key":"Happy Flower"}],"event_choices":[{"damage_healed":0.0,"max_hp_gain":5.0,"max_hp_loss":0.0,"gold_gain":0.0,"event_name":"Big Fish","player_choice":"Donut","floor":4.0,"gold_loss":0.0,"damage_taken":0.0},{"damage_healed":0.0,"max_hp_gain":0.0,"max_hp_loss":0.0,"gold_gain":0.0,"event_name":"Shining Light","player_choice":"Entered Light","floor":13.0,"gold_loss":0.0,"damage_taken":15.0,"cards_upgraded":["Defend_B","Strike_B"]},{"cards_removed":["Strike_B"],"damage_healed":0.0,"max_hp_gain":0.0,"max_hp_loss":0.0,"gold_gain":0.0,"event_name":"Golden Wing","player_choice":"Card Removal","floor":14.0,"gold_loss":0.0,"damage_taken":7.0},{"damage_healed":0.0,"max_hp_gain":0.0,"max_hp_loss":0.0,"gold_gain":0.0,"event_name":"Ghosts","player_choice":"Ignored","floor":19.0,"gold_loss":0.0,"damage_taken":0.0},{"damage_healed":0.0,"max_hp_gain":0.0,"max_hp_loss":0.0,"gold_gain":0.0,"event_name":"Cursed Tome","player_choice":"Obtained Book","floor":21.0,"gold_loss":0.0,"damage_taken":16.0},{"damage_healed":0.0,"max_hp_gain":0.0,"max_hp_loss":0.0,"gold_gain":0.0,"event_name":"Vampires","player_choice":"Ignored","floor":29.0,"gold_loss":0.0,"damage_taken":0.0}],"is_beta":false,"boss_relics":[{"not_picked":["Cursed Key","Velvet Choker"],"picked":"Inserter"}],"items_purged_floors":[20],"is_endless":false,"potions_floor_spawned":[1,7,10,16,23,25,30],"killed_by":"Automaton","ascension_level":5}}