{"host":"ojezjkpqju62j8xy","time":1611844194,"event":{"mods":["ATMod(°¢èªMod)","Act Like it!","Aspiration","BaseMod","Conspire","Minty Spire (QoL Compilation)","Pale of the Ancients","Replay The Spire","Spicy Shops","StSLib","[GremlinLeader]The Maniac","¡¾ÒÅÎï¿¨ÅÆ¡¿REMEMod"],"gold_per_floor":[117,392,404,90,109,135,135,242,242,242,312,312,359,395,395,512,512,534,555,22,51,51,97,97,148,148,148,185,205,231,283,283,469,469,491,491,401,516,542,588,588,588,611,628,685,685,809,860,860,950,1022,1069,1138,37,37,270,270,270,270,419],"floor_reached":61,"language":"ZHS","playtime":3616,"items_purged":["Regret","Defend_B"],"score":2924,"play_id":"606b02c1-fa39-4f1a-996b-91f765137523","local_time":"20210128222954","is_ascension_mode":true,"campfire_choices":[{"floor":7,"key":"REST"},{"floor":10,"key":"RECALL"},{"data":"ReplayTheSpireMod:Dual Polarity","floor":12,"key":"SMITH"},{"data":"Static Discharge","floor":15,"key":"SMITH"},{"data":"AT_FamilyPortrait","floor":24,"key":"SMITH"},{"floor":27,"key":"REST"},{"floor":32,"key":"REST"},{"floor":41,"key":"REST"},{"data":"ReplayTheSpireMod:Dual Polarity","floor":49,"key":"SMITH"},{"data":"Echo Form","floor":55,"key":"SMITH"},{"data":"Rainbow","floor":57,"key":"SMITH"}],"circlet_count":0,"master_deck":["AscendersBane","Strike_B+1","Strike_B+1","Strike_B+1","Strike_B+1","Defend_B","Defend_B","Zap","Dualcast","AT_FamilyPortrait+1","Die Die Die","Chaos","Conserve Battery","REME_WheelOfFate+1","Finesse","Beam Cell","Steam","Leap","Sweeping Beam","Sweeping Beam","REME_ForAll","ReplayTheSpireMod:Dual Polarity+1","Defragment","Static Discharge+1","Fission","Stack+1","Storm","Glacier","REME_DataAnalysis","Tempest+1","Rainbow+1","AT_StudyProgram+1","Go for the Eyes","Turbo+1","Defragment","Biased Cognition","Skim","BasicCrystalCard+1","AT_RightCognition","Auto Shields+1","Fusion+1","Impatience","Hologram","Panic Button+1","Conserve Battery+1","Double Energy+1","Ball Lightning+1","Consume+1","Lockon+1","Coolheaded","ReplayTheSpireMod:Dual Polarity+1","Beam Cell","Echo Form+1","Redo","Meteor Strike","Sweeping Beam","AT_StudyProgram","AT_StudyProgram","REME_MawOfCthun","Rebound","Sweeping Beam+1"],"relics":["Cracked Core","AT_ATBox","REME_ComplimentaryCards","NeowsBlessing","BargainBundle","Runic Capacitor","Bag of Preparation","Replay:Rubber Ducky","REME_ArchaeologicalTools","AT_DeathDance","Gremlin Food","AT_TrinityForce","aspiration:SeaSaltIceCream","Bottled Lightning","Replay:Baseball","conspire:BottledYoYo","Prayer Wheel","ReplayTheSpireMod:TigerMarble","Tiny Chest","Pantograph","REME_ChargedStone","Boot","AT_EbonyIvory","Happy Flower","Ring of Panic","Ring of Chaos","Geode","AT_BladeRuinedKing","AT_MibuBalloonWealth","Replay:Bottled Eggs","War Paint","paleoftheancients:Timepiece","paleoftheancients:KeyRelic","Ice Cream","CultistMask","paleoftheancients:SoulOfTheShowman","AT_TimeSand","Vajra","conspire:Dentures","HandDrill","Dead Branch","Replay:Mystery Machine","HornCleat","Prayer Wheel"],"acts_visited":["Exordium","TheCity","TheBeyond","paleoftheancients:PaleOfTheAncients"],"potions_floor_usage":[8,19,30,40,40,60,60],"damage_taken":[{"damage":0,"enemies":"2 Louse","floor":1,"turns":1},{"damage":0,"enemies":"Cultist","floor":3,"turns":1},{"damage":0,"enemies":"Jaw Worm","floor":5,"turns":1},{"damage":42,"enemies":"Gremlin Nob","floor":6,"turns":4},{"damage":4,"enemies":"3 Sentries","floor":8,"turns":3},{"damage":0,"enemies":"Exordium Thugs","floor":11,"turns":1},{"damage":0,"enemies":"Large Slime","floor":13,"turns":6},{"damage":20,"enemies":"Gremlin Nob","floor":14,"turns":3},{"damage":32,"enemies":"Slime Boss","floor":16,"turns":8},{"damage":1,"enemies":"Chosen","floor":18,"turns":3},{"damage":3,"enemies":"2 Thieves","floor":19,"turns":2},{"damage":0,"enemies":"Sentry and Sphere","floor":21,"turns":2},{"damage":5,"enemies":"Book of Stabbing","floor":23,"turns":4},{"damage":35,"enemies":"Gremlin Leader","floor":25,"turns":6},{"damage":11,"enemies":"Slavers","floor":28,"turns":2},{"damage":0,"enemies":"Snake Plant","floor":29,"turns":3},{"damage":5,"enemies":"Centurion and Healer","floor":30,"turns":5},{"damage":0,"enemies":"Shelled Parasite and Fungi","floor":31,"turns":1},{"damage":0,"enemies":"Pondfish","floor":33,"turns":4},{"damage":0,"enemies":"Orb Walker","floor":35,"turns":1},{"damage":0,"enemies":"3 Shapes","floor":38,"turns":2},{"damage":21,"enemies":"R_Hoarder","floor":40,"turns":5},{"damage":5,"enemies":"Spire Growth","floor":44,"turns":4},{"damage":22,"enemies":"Giant Head","floor":45,"turns":7},{"damage":0,"enemies":"4 Shapes","floor":47,"turns":3},{"damage":0,"enemies":"Transient","floor":48,"turns":5},{"damage":18,"enemies":"conspire:OrnateMirror","floor":50,"turns":5},{"damage":55,"enemies":"conspire:OrnateMirror","floor":51,"turns":3},{"damage":4,"enemies":"conspire:OrnateMirror","floor":52,"turns":2},{"damage":0,"enemies":"conspire:OrnateMirror","floor":56,"turns":4},{"damage":7,"enemies":"paleoftheancients:N","floor":60,"turns":3}],"seed_played":"-245026481603125924","potions_obtained":[{"floor":3,"key":"Energy Potion"},{"floor":19,"key":"Flashbang"},{"floor":30,"key":"AttackPotion"},{"floor":44,"key":"Elixir"},{"floor":47,"key":"PotionOfCapacity"},{"floor":56,"key":"Cursed Concoction"}],"is_trial":false,"path_per_floor":["M","?","M","$","M","E","R","E","T","R","M","R","M","E","R","B",null,"M","M","$","M","?","E","R","E","T","R","E","M","M","M","R","B",null,"M","?","?","M","T","E","R","?","T","M","E","?","M","M","R","B","M","M","T","$","R","M","R","T","?","B",null],"character_chosen":"DEFECT","items_purchased":["BargainBundle","Runic Capacitor","REME_WheelOfFate","Finesse","Beam Cell","Steam","Leap","BlessingOfTheForge","aspiration:SeaSaltIceCream","Replay:Baseball","Glacier","REME_DataAnalysis","Vajra","AT_StudyProgram","conspire:Dentures","HandDrill","REME_MawOfCthun","Dead Branch"],"campfire_rested":4,"item_purchase_floors":[4,4,4,4,4,4,4,4,20,20,20,20,54,54,54,54,54,54],"current_hp_per_floor":[68,68,68,68,68,26,48,44,44,44,70,70,70,50,50,18,61,75,72,72,72,72,67,67,32,32,54,44,44,39,39,61,76,76,76,76,76,76,76,55,76,76,76,71,49,76,76,76,76,74,51,76,76,76,76,78,78,78,78,75],"gold":419,"neow_bonus":"THREE_ENEMY_KILL","is_daily":false,"chose_seed":false,"campfire_upgraded":6,"win_rate":0.0,"timestamp":1611844194,"path_taken":["M","?","M","$","?","E","R","E","T","R","M","R","M","E","R","BOSS","M","M","$","?","?","E","R","E","T","R","E","M","M","M","R","BOSS","M","?","?","?","?","E","R","?","T","M","E","?","?","M","R","BOSS","M","M","?","$","R","M","R","T","?","BOSS"],"items_purchased_type":["Relic","Relic","Card","Card","Card","Card","Card","Potion","Relic","Relic","Card","Card","Relic","Card","Relic","Relic","Card","Relic"],"build_version":"2020-12-22","purchased_purges":2,"victory":true,"max_hp_per_floor":[75,75,75,75,75,75,75,75,75,75,75,75,75,75,75,75,75,75,75,75,75,75,75,75,75,75,75,76,76,76,76,76,76,76,76,76,76,76,76,76,76,76,76,76,76,76,76,76,76,78,78,78,78,78,78,78,78,78,78,78],"card_choices":[{"not_picked":["Barrage","Gash"],"picked":"Chaos","floor":1},{"not_picked":["Barrage","Blizzard"],"picked":"Conserve Battery","floor":3},{"not_picked":["Gash","Heatsinks"],"picked":"Sweeping Beam","floor":5},{"not_picked":["AT_StudyProgram","Streamline"],"picked":"Sweeping Beam","floor":6},{"not_picked":["Leap","Auto Shields"],"picked":"REME_ForAll","floor":8},{"not_picked":["Steam","Barrage"],"picked":"ReplayTheSpireMod:Dual Polarity","floor":11},{"not_picked":["Compile Driver","Skim"],"picked":"Defragment","floor":13},{"not_picked":["Fusion","AT_HeatAcrobatics"],"picked":"Static Discharge","floor":14},{"not_picked":["Mirror Shield","Meteor Strike"],"picked":"Fission","floor":16},{"not_picked":["ReplayGash","Rebound"],"picked":"Stack","floor":18},{"not_picked":["Conserve Battery","Crystallizer"],"picked":"Storm","floor":19},{"not_picked":["Lockon","Stack"],"picked":"Tempest+1","floor":21},{"not_picked":["Coolheaded","Cold Snap"],"picked":"ReplayTheSpireMod:Fabricate Wheel","floor":23},{"not_picked":["Gash","Leap"],"picked":"AT_StudyProgram+1","floor":25},{"not_picked":["Gash","Rebound+1"],"picked":"Go for the Eyes","floor":28},{"not_picked":["Hologram","Loop"],"picked":"Turbo+1","floor":29},{"not_picked":["Ball Lightning","REME_Compress"],"picked":"Defragment","floor":29},{"not_picked":["ReplayTheSpireMod:Reroute Power+1","Ball Lightning"],"picked":"Sunder","floor":30},{"not_picked":["Stack","Force Field"],"picked":"Biased Cognition","floor":30},{"not_picked":["Gash","Coolheaded"],"picked":"Skim","floor":31},{"not_picked":["Redo","ReplayTheSpireMod:Calculation Training"],"picked":"BasicCrystalCard+1","floor":31},{"not_picked":["ReplayRNGCard","Buffer"],"picked":"AT_RightCognition","floor":33},{"not_picked":["Scrape","Crystallizer"],"picked":"Auto Shields","floor":35},{"not_picked":["AT_StudyProgram","Go for the Eyes+1"],"picked":"Fusion","floor":35},{"not_picked":["HandOfGreed","Replay:BasicMightCard"],"picked":"Impatience","floor":36},{"not_picked":["Reinforced Body","Panic Button"],"picked":"Hologram","floor":38},{"not_picked":["Ball Lightning","Barrage"],"picked":"Panic Button+1","floor":38},{"not_picked":["ReplaySort","Sweeping Beam"],"picked":"Conserve Battery","floor":40},{"not_picked":["Barrage","Ball Lightning"],"picked":"Double Energy+1","floor":44},{"not_picked":["Steam","Blizzard"],"picked":"Ball Lightning+1","floor":44},{"not_picked":["Rebound","REME_SelfUpgrade+1"],"picked":"Consume+1","floor":45},{"not_picked":["Compile Driver","Leap"],"picked":"Lockon+1","floor":47},{"not_picked":["Barrage","Sweeping Beam"],"picked":"Coolheaded","floor":47},{"not_picked":["Reinforced Body","Loop"],"picked":"ReplayTheSpireMod:Dual Polarity","floor":48},{"not_picked":["Panic Button","ReplayTheSpireMod:Repulse"],"picked":"Beam Cell","floor":48},{"not_picked":["ReplayGash","Rebound"],"picked":"Echo Form","floor":51},{"not_picked":["Streamline","Conserve Battery"],"picked":"Redo","floor":51},{"not_picked":["Hologram+1","conspire:SharedLibrary+1"],"picked":"Meteor Strike","floor":52},{"not_picked":["AT_DarkMatter+1","Cold Snap"],"picked":"Sweeping Beam","floor":52},{"not_picked":["White Noise","Go for the Eyes"],"picked":"Rebound","floor":56},{"not_picked":["Time Bomb","Coolheaded"],"picked":"Sweeping Beam+1","floor":56}],"player_experience":1415712,"relics_obtained":[{"floor":6,"key":"Replay:Rubber Ducky"},{"floor":8,"key":"REME_ArchaeologicalTools"},{"floor":14,"key":"AT_DeathDance"},{"floor":23,"key":"conspire:BottledYoYo"},{"floor":25,"key":"ReplayTheSpireMod:TigerMarble"},{"floor":26,"key":"Tiny Chest"},{"floor":28,"key":"Pantograph"},{"floor":39,"key":"Boot"},{"floor":40,"key":"Happy Flower"},{"floor":42,"key":"Ring of Panic"},{"floor":42,"key":"Ring of Chaos"},{"floor":43,"key":"Geode"},{"floor":45,"key":"Replay:Bottled Eggs"},{"floor":52,"key":"paleoftheancients:SoulOfTheShowman"},{"floor":53,"key":"AT_TimeSand"},{"floor":58,"key":"HornCleat"}],"event_choices":[{"damage_healed":0,"gold_gain":275,"player_choice":"Desecrate","damage_taken":0,"max_hp_gain":0,"max_hp_loss":0,"event_name":"Golden Shrine","floor":2,"gold_loss":0,"cards_obtained":["Regret"]},{"damage_healed":0,"gold_gain":0,"player_choice":"Read","damage_taken":0,"max_hp_gain":0,"max_hp_loss":0,"event_name":"The Library","floor":22,"gold_loss":0,"cards_obtained":["Rainbow"]},{"damage_healed":0,"gold_gain":0,"player_choice":"Memory 1","damage_taken":0,"max_hp_gain":0,"max_hp_loss":0,"event_name":"SensoryStone","floor":36,"gold_loss":0},{"cards_removed":["Defend_B"],"damage_healed":0,"gold_gain":0,"player_choice":"Upgrade and Remove","damage_taken":0,"max_hp_gain":0,"max_hp_loss":0,"event_name":"Designer","floor":37,"gold_loss":90,"cards_upgraded":["Fusion"]},{"cards_removed":["Sunder"],"damage_healed":27,"gold_gain":0,"player_choice":"Offered Uncommon","damage_taken":0,"max_hp_gain":0,"max_hp_loss":0,"event_name":"Bonfire Elementals","floor":46,"gold_loss":0}],"is_beta":false,"boss_relics":[{"not_picked":["Ectoplasm","Replay:Bronze Core"],"picked":"AT_TrinityForce"},{"not_picked":["Runic Dome","aspiration:IroncladSkillbook"],"picked":"REME_ChargedStone"}],"items_purged_floors":[4,54],"is_endless":false,"potions_floor_spawned":[3,6,8,14,16,19,23,29,30,31,33,38,44,47,56],"ascension_level":12}}