{"host":"vrsxkkch9ccrec7k","time":1611840214,"event":{"mods":["Act Like it!","BaseMod","Bestiary","Better Altar","Better Match","Better Note","Better Sensory Stone","Better Skull","Better Third Choice","Better Vampires","Downfall","Minty Spire (QoL Compilation)","Permanent Neow","Relic Stats","Spicy Shops","StSLib"],"gold_per_floor":[0,18,34,34,47,74,101,101,101,113,146,158,58,84,101,206,206,206,216,234,234,234,254,304,304,333,333,333,14,14,45,60,156,156,156,171,30,30,47,59,59,71,100,0,18,34,34,34,34],"floor_reached":47,"language":"ENG","playtime":4777,"items_purged":["downfall:Bewildered"],"score":1006,"play_id":"fd4106a4-a231-4b0f-9b07-34dfe9a1c0ad","local_time":"20210128082334","is_ascension_mode":true,"campfire_choices":[{"data":"champ:Execute","floor":1,"key":"SMITH"},{"data":"champ:StrikeOfGenius","floor":9,"key":"SMITH"},{"data":"champ:ArenaPreparation","floor":13,"key":"SMITH"},{"data":"champ:UltimateStance","floor":18,"key":"SMITH"},{"data":"champ:Taunt","floor":25,"key":"SMITH"},{"data":"champ:ArenaPreparation","floor":27,"key":"SMITH"},{"data":"champ:UltimateStance","floor":30,"key":"SMITH"},{"floor":35,"key":"RECALL"},{"data":"champ:DancingMaster","floor":44,"key":"SMITH"}],"circlet_count":0,"master_deck":["AscendersBane","champ:Defend","champ:Defend","champ:Defend","champ:Defend","champ:Execute+1","champ:Taunt+1","champ:ArenaPreparation+1","champ:PreciseThrust+1","champ:StrikeOfGenius+1","champ:ArenaPreparation+1","champ:Haymaker+1","champ:TornadoPunch","champ:ShieldSigil","champ:DefensiveStyle","champ:Circumvent","champ:UltimateStance+1","champ:MurderStrike+1","champ:SetATrap+1","champ:ShieldSlam+1","champ:ShieldWall","champ:FalseCounter","champ:CalledShot+1","champ:GladiatorStyle+1","champ:UltimateStance+1","champ:DancingMaster+1","champ:HoldFirm","champ:RageSigil+1","champ:FancyFootwork+1","Dark Shackles","champ:Backstep+1","champ:RapidStrikes","champ:GladiatorForm"],"relics":["champ:ChampionCrown","betterAltar:BloodRelic","Art of War","Dream Catcher","downfall:HeartBlessingGreen","Guardian:PocketSentry","Astrolabe","Lantern","sneckomod:BabySnecko","Pocketwatch","Black Star","Membership Card","Shuriken","Medical Kit","Whetstone","Potion Belt","Question Card","downfall:HeartBlessingBlue"],"acts_visited":["Exordium","TheCity","TheBeyond"],"potions_floor_usage":[6,6,23,26,37,42,47,47,47,47],"damage_taken":[{"damage":11,"enemies":"Cultist","floor":2,"turns":4},{"damage":22,"enemies":"2 Louse","floor":3,"turns":2},{"damage":0,"enemies":"Small Slimes","floor":5,"turns":3},{"damage":33,"enemies":"3 Sentries","floor":6,"turns":7},{"damage":45,"enemies":"3 Louse","floor":10,"turns":2},{"damage":77,"enemies":"Lagavulin","floor":11,"turns":4},{"damage":0,"enemies":"2 Fungi Beasts","floor":12,"turns":3},{"damage":50,"enemies":"Gremlin Nob","floor":14,"turns":3},{"damage":18,"enemies":"Exordium Wildlife","floor":15,"turns":4},{"damage":52,"enemies":"IC_STATUS_ARCHETYPE","floor":16,"turns":6},{"damage":43,"enemies":"Chosen","floor":19,"turns":3},{"damage":35,"enemies":"Shell Parasite","floor":20,"turns":2},{"damage":41,"enemies":"Shelled Parasite and Fungi","floor":23,"turns":2},{"damage":35,"enemies":"Book of Stabbing","floor":26,"turns":4},{"damage":10,"enemies":"downfall:FleeingMerchant","floor":29,"turns":4},{"damage":51,"enemies":"Gremlin Leader","floor":31,"turns":4},{"damage":88,"enemies":"Cultist and Chosen","floor":32,"turns":4},{"damage":100,"enemies":"SI_MIRROR_ARCHETYPE","floor":33,"turns":8},{"damage":60,"enemies":"3 Shapes","floor":36,"turns":5},{"damage":93,"enemies":"downfall:FleeingMerchant","floor":37,"turns":4},{"damage":50,"enemies":"3 Darklings","floor":39,"turns":5},{"damage":95,"enemies":"Transient","floor":40,"turns":5},{"damage":59,"enemies":"4 Shapes","floor":42,"turns":6},{"damage":122,"enemies":"Giant Head","floor":43,"turns":6},{"damage":92,"enemies":"Writhing Mass","floor":45,"turns":3},{"damage":33,"enemies":"Maw","floor":46,"turns":6},{"damage":111,"enemies":"Transient","floor":47,"turns":5}],"seed_played":"-5761432064174383902","potions_obtained":[{"floor":3,"key":"bronze:BurnAndBuffPotion"},{"floor":5,"key":"EssenceOfSteel"},{"floor":14,"key":"Swift Potion"},{"floor":16,"key":"SteroidPotion"},{"floor":23,"key":"ColorlessPotion"},{"floor":31,"key":"champ:CounterPotion"},{"floor":32,"key":"Ancient Potion"},{"floor":42,"key":"FearPotion"},{"floor":43,"key":"Explosive Potion"},{"floor":46,"key":"SteroidPotion"}],"is_trial":false,"path_per_floor":["R","M","M","?","M","E","T","?","R","M","E","M","R","E","M","B",null,"R","M","M","?","?","M","T","R","E","R","?","$","R","E","M","B",null,"R","M","?","?","M","M","T","M","E","R","M","M","M"],"character_chosen":"THE_CHAMP","items_purchased":["champ:UltimateStance","Membership Card","Shuriken","Medical Kit","Whetstone","hexamod:SoulburnPotion"],"campfire_rested":0,"item_purchase_floors":[29,37,37,37,37,37],"current_hp_per_floor":[99,98,96,96,96,93,93,93,93,90,85,87,87,74,73,68,98,98,92,94,89,89,92,92,92,96,96,96,100,100,83,69,73,99,99,104,105,105,108,98,98,94,87,97,65,67,0,0,0],"gold":34,"neow_bonus":"TWENTY_PERCENT_HP_BONUS","is_daily":false,"chose_seed":false,"campfire_upgraded":8,"win_rate":0.0,"timestamp":1611840214,"path_taken":["R","M","M","?","M","E","T","?","R","?","E","M","R","E","M","BOSS","R","M","M","?","?","M","T","R","E","R","?","$","R","E","M","BOSS","R","M","?","?","M","M","T","M","E","R","M","M","M"],"items_purchased_type":["Card","Relic","Relic","Relic","Relic","Potion"],"build_version":"2020-12-22","purchased_purges":1,"victory":false,"max_hp_per_floor":[108,108,108,108,108,108,108,108,108,108,108,108,108,108,108,108,108,108,108,108,108,108,108,108,108,108,108,108,108,108,108,108,108,108,108,108,108,108,108,108,108,108,108,118,118,118,118,118,118],"relic_stats":{"Dream Catcher":0,"counters":[27,114],"Shuriken":[6],"Astrolabe":["champ:MurderStrike","champ:SetATrap","champ:ShieldSlam"],"Art of War":[26],"Black Star":1,"Whetstone":["champ:PreciseThrust","champ:Haymaker"],"Medical Kit":[0],"Question Card":2,"obtain_stats":[{"Potion Belt":43,"Lantern":24,"betterAltar:BloodRelic":21,"Astrolabe":17,"champ:ChampionCrown":0,"downfall:HeartBlessingGreen":13,"Guardian:PocketSentry":14,"Whetstone":37,"Medical Kit":37,"Question Card":43,"Blood Vial":6,"sneckomod:BabySnecko":28,"Dream Catcher":11,"Shuriken":37,"downfall:HeartBlessingBlue":44,"Art of War":7,"Black Star":34,"Membership Card":37,"Pocketwatch":31},{"Potion Belt":24,"Lantern":13,"betterAltar:BloodRelic":12,"Astrolabe":10,"champ:ChampionCrown":0,"downfall:HeartBlessingGreen":7,"Guardian:PocketSentry":8,"Whetstone":20,"Medical Kit":20,"Question Card":24,"Blood Vial":4,"sneckomod:BabySnecko":14,"Dream Catcher":6,"Shuriken":20,"downfall:HeartBlessingBlue":24,"Art of War":4,"Black Star":18,"Membership Card":20,"Pocketwatch":16},{"Potion Belt":100,"Lantern":45,"betterAltar:BloodRelic":43,"Astrolabe":38,"champ:ChampionCrown":0,"downfall:HeartBlessingGreen":25,"Guardian:PocketSentry":28,"Whetstone":78,"Medical Kit":78,"Question Card":100,"Blood Vial":16,"sneckomod:BabySnecko":49,"Dream Catcher":22,"Shuriken":78,"downfall:HeartBlessingBlue":100,"Art of War":16,"Black Star":69,"Membership Card":78,"Pocketwatch":57}],"Pocketwatch":[34]},"card_choices":[{"not_picked":["champ:TornadoPunch","champ:RisingSlash"],"picked":"champ:ArenaPreparation","floor":2},{"not_picked":["champ:BerserkersShout","champ:CalledShot"],"picked":"champ:PreciseThrust","floor":3},{"not_picked":["champ:Endure","champ:CrownThrow","champ:DefensiveShout"],"picked":"SKIP","floor":5},{"not_picked":["champ:AdrenalArmor","champ:PreemptiveStrike"],"picked":"champ:StrikeOfGenius","floor":6},{"not_picked":["champ:PerfectedStrike","champ:BerserkersShout"],"picked":"champ:Haymaker","floor":10},{"not_picked":["champ:EnchantShield","champ:CrookedStrike"],"picked":"champ:TornadoPunch","floor":11},{"not_picked":["champ:Circumvent","champ:PerfectedStrike"],"picked":"champ:ShieldSigil","floor":12},{"not_picked":["champ:Encircle","champ:GutPunch"],"picked":"champ:DefensiveStyle","floor":14},{"not_picked":["champ:ShieldSigil","champ:FanOfKnives"],"picked":"champ:Circumvent","floor":15},{"not_picked":["champ:CheapShot","champ:ShieldThrow"],"picked":"champ:UltimateStance","floor":16},{"not_picked":["champ:ShieldSigil","champ:FaceSlap"],"picked":"champ:ShieldWall","floor":19},{"not_picked":["champ:TornadoPunch+1","champ:GutPunch","champ:Duel"],"picked":"SKIP","floor":20},{"not_picked":["champ:PreciseThrust","champ:EnGarde"],"picked":"champ:FalseCounter","floor":23},{"not_picked":["champ:DefensiveShout","champ:DefensiveStyle"],"picked":"champ:CalledShot+1","floor":26},{"not_picked":["champ:CalledShot","champ:PreciseThrust"],"picked":"champ:GladiatorStyle+1","floor":29},{"not_picked":["champ:PreciseThrust+1","champ:BerserkersShout","champ:RecklessLeap"],"picked":"SKIP","floor":31},{"not_picked":["champ:TornadoPunch","champ:ShieldSlam"],"picked":"champ:DancingMaster","floor":32},{"not_picked":["champ:EnchantShield","champ:DancingMaster"],"picked":"champ:HoldFirm","floor":33},{"not_picked":["champ:ShieldSigil+1","champ:AdrenalArmor+1"],"picked":"champ:RageSigil+1","floor":36},{"not_picked":["champ:ShieldSigil+1","champ:PerfectedStrike+1"],"picked":"champ:FancyFootwork+1","floor":37},{"not_picked":["Impatience","Swift Strike"],"picked":"Dark Shackles","floor":38},{"not_picked":["champ:Circumvent","champ:ShieldSlam+1","champ:ShieldSigil"],"picked":"SKIP","floor":39},{"not_picked":["champ:FlashCut","champ:BringItOn+1","champ:Backstep"],"picked":"SKIP","floor":40},{"not_picked":["champ:Shatter","champ:ShieldSigil+1"],"picked":"champ:Backstep+1","floor":42},{"not_picked":["champ:FalseCounter","champ:EnGarde+1","champ:AdrenalArmor"],"picked":"SKIP","floor":43},{"not_picked":["champ:EnGarde+1","champ:Haymaker+1","champ:ShieldSigil+1"],"picked":"champ:RapidStrikes","floor":45},{"not_picked":["champ:HeartStrike+1","champ:FanOfKnives+1","champ:BringItOn"],"picked":"champ:GladiatorForm","floor":46}],"player_experience":1787513,"relics_obtained":[{"floor":6,"key":"Blood Vial"},{"floor":7,"key":"Art of War"},{"floor":11,"key":"Dream Catcher"},{"floor":14,"key":"Guardian:PocketSentry"},{"floor":24,"key":"Lantern"},{"floor":31,"key":"Pocketwatch"},{"floor":43,"key":"Potion Belt"},{"floor":43,"key":"Question Card"}],"event_choices":[{"cards_removed":["champ:Strike"],"damage_healed":0,"gold_gain":0,"player_choice":"Card Removal","damage_taken":0,"max_hp_gain":0,"max_hp_loss":0,"event_name":"The Cleric","floor":4,"gold_loss":0},{"damage_healed":0,"gold_gain":0,"player_choice":" RottenVial ","damage_taken":5,"relics_obtained":["betterAltar:BloodRelic"],"max_hp_gain":94,"max_hp_loss":89,"event_name":"betterAltar:BetterAltar","floor":21,"potions_obtained":[],"relics_lost":["Blood Vial"],"gold_loss":0},{"damage_healed":0,"gold_gain":3,"player_choice":"1","damage_taken":0,"max_hp_gain":0,"max_hp_loss":0,"event_name":"betterStone:BetterStone","floor":38,"gold_loss":0}],"is_beta":false,"boss_relics":[{"not_picked":["bronze:MakeshiftBattery","Fusion Hammer"],"picked":"Astrolabe"},{"not_picked":["champ:PowerArmor","Busted Crown"],"picked":"Black Star"}],"items_purged_floors":[29],"is_endless":false,"potions_floor_spawned":[3,5,14,16,23,31,32,39,42,43,46],"killed_by":"Transient","ascension_level":11}}