{"host":"ynimr9ugvc6f046i","time":1611813715,"event":{"mods":["2.2 Compatiblity","BaseMod","Colored Map","DeckTracker","Highlight Path","Keyboard Shortcuts","Minty Spire (QoL Compilation)","Permanent Neow","Quick Restart","StSLib","SuperFastMode"],"gold_per_floor":[114,125,142,157,177,177,205,205,205,241,241,241,241,279,279,279,279],"floor_reached":16,"language":"KOR","playtime":299,"items_purged":[],"score":240,"play_id":"d16d8829-741d-4eb8-8753-125667f81beb","local_time":"20210128150155","is_ascension_mode":true,"campfire_choices":[{"floor":6.0,"key":"REST"},{"data":"Biased Cognition","floor":11.0,"key":"SMITH"},{"data":"Hologram","floor":15.0,"key":"SMITH"}],"circlet_count":0,"master_deck":["AscendersBane","Strike_B","Strike_B","Strike_B","Defend_B","Defend_B","Defend_B","Defend_B","Zap+1","Dualcast","Cold Snap","Cold Snap","Conserve Battery","Biased Cognition+1","Sweeping Beam","Hologram+1"],"relics":["Cracked Core","Blue Candle","The Courier","CeramicFish","Mummified Hand","StrikeDummy"],"acts_visited":["Exordium"],"potions_floor_usage":[],"damage_taken":[{"damage":7.0,"enemies":"Jaw Worm","floor":1.0,"turns":3.0},{"damage":0.0,"enemies":"2 Louse","floor":2.0,"turns":1.0},{"damage":0.0,"enemies":"Small Slimes","floor":3.0,"turns":2.0},{"damage":14.0,"enemies":"Exordium Wildlife","floor":4.0,"turns":3.0},{"damage":10.0,"enemies":"Large Slime","floor":5.0,"turns":6.0},{"damage":9.0,"enemies":"Lagavulin","floor":7.0,"turns":9.0},{"damage":2.0,"enemies":"Gremlin Nob","floor":10.0,"turns":3.0},{"damage":9.0,"enemies":"3 Sentries","floor":14.0,"turns":11.0},{"damage":0,"enemies":"Slime Boss","floor":16,"turns":5}],"seed_played":"-6495697900974435728","potions_obtained":[{"floor":1.0,"key":"LiquidBronze"},{"floor":5.0,"key":"Fire Potion"},{"floor":7.0,"key":"Fire Potion"}],"is_trial":false,"path_per_floor":["M","M","M","M","M","R","E","?","T","E","R","?","T","E","R","B"],"character_chosen":"DEFECT","items_purchased":[],"campfire_rested":1,"item_purchase_floors":[],"current_hp_per_floor":[57,57,57,43,33,54,45,45,45,43,43,48,48,39,39,39,39],"gold":279,"neow_bonus":"UPGRADE_CARD","is_daily":false,"chose_seed":false,"campfire_upgraded":2,"win_rate":0.0,"timestamp":1611813715,"path_taken":["M","M","M","M","M","R","E","?","T","E","R","?","?","E","R","BOSS"],"items_purchased_type":[],"build_version":"2020-12-22","purchased_purges":0,"victory":false,"max_hp_per_floor":[71,71,71,71,71,71,71,71,71,71,71,76,76,76,76,76,76],"card_choices":[{"not_picked":["Auto Shields","Stack","Rip and Tear"],"picked":"SKIP","floor":1.0},{"not_picked":["Skim","Hologram"],"picked":"Cold Snap","floor":2.0},{"not_picked":["Turbo","Gash","Auto Shields"],"picked":"SKIP","floor":3.0},{"not_picked":["Barrage","Aggregate"],"picked":"Cold Snap","floor":4.0},{"not_picked":["Beam Cell","Capacitor"],"picked":"Conserve Battery","floor":5.0},{"not_picked":["Conserve Battery","Stack"],"picked":"Biased Cognition","floor":7.0},{"not_picked":["Beam Cell","Hello World"],"picked":"Sweeping Beam","floor":10.0},{"not_picked":["Reinforced Body","Stack"],"picked":"Hologram","floor":14.0}],"player_experience":541424,"relics_obtained":[{"floor":7.0,"key":"Blue Candle"},{"floor":9.0,"key":"The Courier"},{"floor":10.0,"key":"CeramicFish"},{"floor":13.0,"key":"Mummified Hand"},{"floor":14.0,"key":"StrikeDummy"}],"event_choices":[{"damage_healed":0.0,"max_hp_gain":0.0,"max_hp_loss":0.0,"gold_gain":0.0,"cards_transformed":["Strike_B"],"event_name":"Living Wall","player_choice":"Change","floor":8.0,"gold_loss":0.0,"damage_taken":0.0,"cards_obtained":["Rebound"]},{"damage_healed":0.0,"max_hp_gain":5.0,"max_hp_loss":0.0,"gold_gain":0.0,"event_name":"Big Fish","player_choice":"Donut","floor":12.0,"gold_loss":0.0,"damage_taken":0.0}],"is_beta":false,"boss_relics":[],"items_purged_floors":[],"is_endless":false,"potions_floor_spawned":[1,5,7],"killed_by":"Slime Boss","ascension_level":20}}