{"host":"sz8c8ni79nvzjmmg","time":1611821091,"event":{"mods":["AchievementEnabler","BaseMod","DeckTracker","Keyboard Shortcuts","Minty Spire (QoL Compilation)","SuperFastMode"],"gold_per_floor":[111,111,121,121,16,16,91,91,139,166,184,215,230,257,257,333,333,349,382,402,402,402],"floor_reached":21,"language":"KOR","playtime":882,"items_purged":["Strike_B"],"score":394,"play_id":"17e3f21d-025f-4bbe-a9fe-c3e382e03e3b","local_time":"20210128170451","is_ascension_mode":true,"campfire_choices":[{"data":"Zap","floor":6.0,"key":"SMITH"},{"floor":8.0,"key":"REST"},{"floor":15,"key":"REST"}],"circlet_count":0,"master_deck":["AscendersBane","Strike_B","Defend_B","Defend_B","Defend_B","Defend_B","Zap+1","Dualcast","Ball Lightning","Self Repair","Ball Lightning","Sweeping Beam","Seek","Compile Driver","Hologram","Electrodynamics","Echo Form","Defragment","Steam Power+1","Consume"],"relics":["Sozu","DataDisk","Pocketwatch","Nunchaku","Boot","Inserter","Red Mask"],"acts_visited":["Exordium","TheCity"],"potions_floor_usage":[],"damage_taken":[{"damage":8.0,"enemies":"Small Slimes","floor":1.0,"turns":3.0},{"damage":2.0,"enemies":"Jaw Worm","floor":3.0,"turns":3.0},{"damage":20.0,"enemies":"3 Sentries","floor":10.0,"turns":6.0},{"damage":0,"enemies":"2 Louse","floor":11,"turns":2},{"damage":7,"enemies":"Gremlin Nob","floor":12,"turns":3},{"damage":14,"enemies":"Exordium Wildlife","floor":13,"turns":3},{"damage":22,"enemies":"3 Sentries","floor":14,"turns":4},{"damage":11,"enemies":"The Guardian","floor":16,"turns":10},{"damage":43,"enemies":"2 Thieves","floor":18,"turns":5},{"damage":2,"enemies":"Masked Bandits","floor":19,"turns":2},{"damage":24,"enemies":"Shell Parasite","floor":20,"turns":6},{"damage":31,"enemies":"Shelled Parasite and Fungi","floor":21,"turns":2}],"seed_played":"-8711885873881347654","potions_obtained":[],"is_trial":false,"path_per_floor":["M","?","M","?","$","R","?","R","T","E","M","E","M","E","R","B",null,"M","?","M","M"],"character_chosen":"DEFECT","items_purchased":["Ball Lightning"],"campfire_rested":2,"item_purchase_floors":[5],"current_hp_per_floor":[56,49,47,47,47,47,36,57,57,44,44,44,37,22,43,39,63,34,39,29,0,0],"gold":402,"neow_bonus":"BOSS_RELIC","is_daily":false,"chose_seed":false,"campfire_upgraded":1,"win_rate":0.0,"timestamp":1611821091,"path_taken":["M","?","M","?","?","R","?","R","T","E","M","E","M","E","R","BOSS","M","?","M","M"],"items_purchased_type":["Card"],"build_version":"2020-12-22","purchased_purges":1,"victory":false,"max_hp_per_floor":[71,71,71,71,71,71,71,71,71,71,71,71,71,71,71,71,71,71,71,71,71,71],"card_choices":[{"not_picked":["Recycle","Reprogram"],"picked":"Ball Lightning","floor":1.0},{"not_picked":["Barrage","Compile Driver"],"picked":"Self Repair","floor":3.0},{"not_picked":["Fusion","Chaos"],"picked":"Sweeping Beam","floor":10},{"not_picked":["Hologram","Leap"],"picked":"Seek","floor":11},{"not_picked":["Loop","Rebound"],"picked":"Compile Driver","floor":12},{"not_picked":["Leap","Auto Shields"],"picked":"Hologram","floor":13},{"not_picked":["Thunder Strike","Barrage"],"picked":"Electrodynamics","floor":14},{"not_picked":["Multi-Cast","Machine Learning"],"picked":"Echo Form","floor":16},{"not_picked":["Stack","Beam Cell"],"picked":"Defragment","floor":18},{"not_picked":["Streamline","Leap"],"picked":"Steam Power+1","floor":19},{"not_picked":["Go for the Eyes","Sweeping Beam"],"picked":"Consume","floor":20}],"player_experience":1231838,"relics_obtained":[{"floor":9.0,"key":"DataDisk"},{"floor":10,"key":"Pocketwatch"},{"floor":12,"key":"Nunchaku"},{"floor":14,"key":"Boot"},{"floor":19,"key":"Red Mask"}],"event_choices":[{"cards_removed":["Strike_B"],"damage_healed":0.0,"max_hp_gain":0.0,"max_hp_loss":0.0,"gold_gain":0.0,"event_name":"Golden Wing","player_choice":"Card Removal","floor":2.0,"gold_loss":0.0,"damage_taken":7.0},{"cards_removed":["Strike_B"],"damage_healed":0.0,"max_hp_gain":0.0,"max_hp_loss":0.0,"gold_gain":0.0,"event_name":"Living Wall","player_choice":"Forget","floor":4.0,"gold_loss":0.0,"damage_taken":0.0},{"damage_healed":0.0,"max_hp_gain":0.0,"max_hp_loss":0.0,"gold_gain":75.0,"event_name":"World of Goop","player_choice":"Gather Gold","floor":7.0,"gold_loss":0.0,"damage_taken":11.0},{"damage_healed":0,"gold_gain":0,"player_choice":"Fought Bandits","damage_taken":0,"max_hp_gain":0,"max_hp_loss":0,"event_name":"Masked Bandits","floor":19,"gold_loss":0}],"is_beta":false,"boss_relics":[{"not_picked":["Black Star","Cursed Key"],"picked":"Inserter"}],"items_purged_floors":[5],"is_endless":false,"potions_floor_spawned":[1,3,10,12,14,19,20],"killed_by":"Shelled Parasite and Fungi","ascension_level":20}}