{"host":"clf2hd4adhiiw0zf","time":1611810840,"event":{"mods":["AchievementEnabler","BaseMod","Beaked The Cultist","Bestiary","Dark Map","Downfall","Gremlin Mod","Hermit","Jorbs\u0027s Wanderer Trilogy","Marisa????????","Minty Spire (QoL Compilation)","Shop Mod","StSLib","The Cursed","The Servant 0.9.4","Wide Potions"],"gold_per_floor":[99,99,111,130,147,147,147,247,147,159,174,186,200,200,214,214,214,214],"floor_reached":16,"language":"ENG","playtime":705,"items_purged":[],"score":101,"play_id":"7388386c-3efa-4c00-b012-5b58e7457918","local_time":"20210127221400","is_ascension_mode":true,"campfire_choices":[{"data":"bronze:Verify","floor":1,"key":"SMITH"},{"floor":6,"key":"RECALL"},{"data":"bronze:WildBeam","floor":9,"key":"SMITH"}],"circlet_count":0,"master_deck":["bronze:Strike","bronze:Strike","bronze:Strike","bronze:Defend","bronze:Defend","bronze:Defend","bronze:Defend","bronze:Replicate","bronze:Goto","stsjorbsmod:Withering","bronze:Verify+1","bronze:WildBeam+1","bronze:ChildClass","bronze:Verify","bronze:Overheat","bronze:OilSpill","bronze:Boost","bronze:Branch"],"relics":["bronze:BronzeCore","Blue Candle","Singing Bowl","downfall:HeartBlessingRed"],"acts_visited":["Exordium"],"potions_floor_usage":[13,16,16],"damage_taken":[{"damage":10,"enemies":"Small Slimes","floor":3,"turns":5},{"damage":2,"enemies":"2 Louse","floor":4,"turns":3},{"damage":1,"enemies":"Cultist","floor":5,"turns":4},{"damage":3,"enemies":"Blue Slaver","floor":10,"turns":5},{"damage":8,"enemies":"Exordium Thugs","floor":11,"turns":4},{"damage":3,"enemies":"Exordium Wildlife","floor":12,"turns":4},{"damage":12,"enemies":"Gremlin Gang","floor":13,"turns":4},{"damage":1,"enemies":"Blue Slaver","floor":15,"turns":2},{"damage":36,"enemies":"WA_ARCHETYPE_RETAIN","floor":16,"turns":7}],"seed_played":"-7144464963290772912","potions_obtained":[{"floor":4,"key":"SpeedPotion"},{"floor":11,"key":"Energy Potion"},{"floor":13,"key":"BlessingOfTheForge"}],"is_trial":false,"path_per_floor":["R","?","M","M","M","R","T","?","R","M","M","M","M","?","M","B"],"character_chosen":"THE_AUTOMATON","items_purchased":[],"campfire_rested":0,"item_purchase_floors":[],"current_hp_per_floor":[70,52,42,40,39,39,39,39,39,36,30,27,15,15,14,0,0,0],"gold":214,"neow_bonus":"THREE_RARE_CARDS","is_daily":false,"chose_seed":false,"campfire_upgraded":2,"win_rate":0.0,"timestamp":1611810840,"path_taken":["R","?","M","M","M","R","T","?","R","M","?","M","M","?","M","BOSS"],"items_purchased_type":[],"build_version":"2020-12-22","purchased_purges":0,"victory":false,"max_hp_per_floor":[70,70,70,70,70,70,70,70,70,70,72,72,72,72,72,72,72,72],"card_choices":[{"not_picked":["bronze:Virus","bronze:HardenedForm"],"picked":"bronze:Verify","floor":0},{"not_picked":["bronze:CutThrough","bronze:Shield"],"picked":"bronze:WildBeam","floor":3},{"not_picked":["bronze:GetLatest","bronze:Return"],"picked":"bronze:ChildClass","floor":4},{"not_picked":["bronze:OilSpill","bronze:Invalidate"],"picked":"bronze:Verify","floor":5},{"not_picked":["bronze:Backtrace","bronze:WildBeam"],"picked":"bronze:Overheat","floor":10},{"not_picked":["bronze:DelayedGuard","bronze:DelayedSlice","bronze:CutThrough"],"picked":"Singing Bowl","floor":11},{"not_picked":["bronze:GetLatest","bronze:Invalidate"],"picked":"bronze:OilSpill","floor":12},{"not_picked":["bronze:OilSpill","bronze:ChildClass"],"picked":"bronze:Boost","floor":13},{"not_picked":["bronze:CutThrough","bronze:Allocate"],"picked":"bronze:Branch","floor":15}],"player_experience":138201,"relics_obtained":[{"floor":7,"key":"Singing Bowl"}],"event_choices":[{"damage_healed":0,"gold_gain":0,"player_choice":"Success","damage_taken":18,"relics_obtained":["Blue Candle"],"max_hp_gain":0,"max_hp_loss":0,"event_name":"Scrap Ooze","floor":2,"gold_loss":0}],"is_beta":false,"boss_relics":[],"items_purged_floors":[],"is_endless":false,"potions_floor_spawned":[4,11,12,13],"killed_by":"WA_ARCHETYPE_RETAIN","ascension_level":1}}