{"host":"h1qktzcccqnez8tx","time":1611797748,"event":{"mods":["AchievementEnabler","BaseMod","Bestiary","Better Note","Block Reminder","Colored Map","Colored Powertips","Curses Come First","Highlight Path","Minty Spire (QoL Compilation)","Permanent Neow","Quick Restart","Relic Stats","StSLib","UnlockEverythingMod"],"gold_per_floor":[115,125,200,24,36,36,65,78,78,105,81,91,41,41,41,41,41],"floor_reached":16,"language":"ENG","playtime":421,"items_purged":[],"score":138,"play_id":"52e09561-ced8-4e4f-b246-0634dc94b551","local_time":"20210128023548","daily_mods":["Hoarder","Heirloom","Binary"],"is_ascension_mode":true,"campfire_choices":[{"data":"Bash","floor":6,"key":"SMITH"},{"floor":15,"key":"REST"}],"circlet_count":0,"master_deck":["Strike_R","Strike_R","Strike_R","Strike_R","Strike_R","Defend_R","Defend_R","Defend_R","Defend_R","Bash+1","Cleave","Cleave","Cleave","Rupture","Rupture","Sword Boomerang+1","Sword Boomerang","Sword Boomerang","Clothesline","Clothesline","Clothesline","Burning Pact","Burning Pact","Burning Pact","Shrug It Off","Shrug It Off","Shrug It Off"],"relics":["Burning Blood","Incense Burner","Boot","White Beast Statue","Charon\u0027s Ashes"],"acts_visited":["Exordium"],"potions_floor_usage":[10,16],"damage_taken":[{"damage":12,"enemies":"Jaw Worm","floor":1,"turns":4},{"damage":0,"enemies":"2 Louse","floor":2,"turns":2},{"damage":0,"enemies":"Small Slimes","floor":5,"turns":3},{"damage":36,"enemies":"3 Sentries","floor":7,"turns":6},{"damage":7,"enemies":"3 Louse","floor":8,"turns":2},{"damage":30,"enemies":"Lagavulin","floor":10,"turns":5},{"damage":0,"enemies":"Gremlin Gang","floor":12,"turns":1},{"damage":51,"enemies":"The Guardian","floor":16,"turns":9}],"seed_played":"-3830675398580941901","potions_obtained":[{"floor":5,"key":"SneckoOil"},{"floor":7,"key":"ColorlessPotion"},{"floor":10,"key":"Strength Potion"}],"is_trial":true,"path_per_floor":["M","M","?","$","M","R","E","M","T","E","$","M","?","?","R","B"],"character_chosen":"IRONCLAD","items_purchased":["Rupture","Sword Boomerang","Dexterity Potion","Shrug It Off"],"campfire_rested":1,"item_purchase_floors":[4,4,4,11],"current_hp_per_floor":[74,80,69,69,75,75,45,44,44,20,20,26,26,26,50,0,0],"gold":41,"neow_bonus":"","is_daily":false,"chose_seed":false,"campfire_upgraded":1,"win_rate":0.0,"timestamp":1611797748,"path_taken":["M","M","?","$","M","R","E","M","T","E","$","M","?","?","R","BOSS"],"items_purchased_type":["Card","Card","Potion","Card"],"build_version":"2020-12-22","purchased_purges":0,"victory":false,"max_hp_per_floor":[80,80,80,80,80,80,80,80,80,80,80,80,80,80,80,80,80],"relic_stats":{"counters":[8,32],"Charon\u0027s Ashes":[6],"Boot":[48],"obtain_stats":[{"Charon\u0027s Ashes":10,"Incense Burner":0,"Boot":7,"Burning Blood":0,"White Beast Statue":9},{"Charon\u0027s Ashes":6,"Incense Burner":0,"Boot":4,"Burning Blood":0,"White Beast Statue":5},{"Charon\u0027s Ashes":22,"Incense Burner":0,"Boot":15,"Burning Blood":0,"White Beast Statue":17}],"Burning Blood":42},"card_choices":[{"not_picked":["Flex"],"picked":"Cleave","floor":1},{"not_picked":["Clash","Armaments"],"picked":"SKIP","floor":2},{"not_picked":["Searing Blow"],"picked":"Clothesline","floor":5},{"not_picked":["Sentinel","Perfected Strike"],"picked":"SKIP","floor":7},{"not_picked":["Sentinel","Thunderclap"],"picked":"SKIP","floor":8},{"not_picked":["Headbutt"],"picked":"Burning Pact","floor":10},{"not_picked":["Reckless Charge","Clash"],"picked":"SKIP","floor":12}],"player_experience":201993,"relics_obtained":[{"floor":7,"key":"Boot"},{"floor":9,"key":"White Beast Statue"},{"floor":10,"key":"Charon\u0027s Ashes"}],"event_choices":[{"damage_healed":0,"gold_gain":75,"player_choice":"Gather Gold","damage_taken":11,"max_hp_gain":0,"max_hp_loss":0,"event_name":"World of Goop","floor":3,"gold_loss":0},{"cards_removed":["Rupture"],"damage_healed":0,"gold_gain":0,"player_choice":"Card Removal","damage_taken":0,"max_hp_gain":0,"max_hp_loss":0,"event_name":"The Cleric","floor":13,"gold_loss":50},{"damage_healed":0,"gold_gain":0,"player_choice":"Upgraded","damage_taken":0,"max_hp_gain":0,"max_hp_loss":0,"event_name":"Upgrade Shrine","floor":14,"gold_loss":0,"cards_upgraded":["Sword Boomerang"]}],"is_beta":false,"boss_relics":[],"items_purged_floors":[],"is_endless":false,"potions_floor_spawned":[5,7,10,12],"killed_by":"The Guardian","ascension_level":5}}