{"host":"wik2u884rt5bbues","time":1611867449,"event":{"mods":["AchievementEnabler","BaseMod","Colored Map","Colored Powertips","DeckTracker","Googly Eyes","Minty Spire (QoL Compilation)","Permanent Neow","Quick Restart","Shop Mod","StSLib","SuperFastMode"],"gold_per_floor":[114,39,54,74,74,101,131,164,164,38,49,49,64,64,64,167,167,187,102,118,71,71,71,71,86,86,114,130,130,130,130],"floor_reached":30,"language":"ENG","playtime":1550,"items_purged":["Strike_R","Strike_R"],"score":250,"play_id":"1587eea9-6283-4a7c-8493-7f59a148014d","local_time":"20210128205729","is_ascension_mode":false,"campfire_choices":[{"floor":12.0,"key":"REST"},{"data":"Flex","floor":15.0,"key":"SMITH"},{"data":"Shrug It Off","floor":23.0,"key":"SMITH"}],"circlet_count":0,"master_deck":["Strike_R","Strike_R","Defend_R","Defend_R","Defend_R","Bash","Flex+1","Shrug It Off+1","Fire Breathing"],"relics":["Burning Blood","Regal Pillow","Letter Opener","White Beast Statue","Velvet Choker","Akabeko","Dream Catcher","Mummified Hand"],"acts_visited":["Exordium","TheCity"],"potions_floor_usage":[27,28,30,30],"damage_taken":[{"damage":5.0,"enemies":"Cultist","floor":1.0,"turns":4.0},{"damage":1.0,"enemies":"Jaw Worm","floor":3.0,"turns":4.0},{"damage":6.0,"enemies":"2 Louse","floor":4.0,"turns":3.0},{"damage":73.0,"enemies":"3 Sentries","floor":6.0,"turns":14.0},{"damage":3.0,"enemies":"Red Slaver","floor":8.0,"turns":4.0},{"damage":2.0,"enemies":"Looter","floor":11.0,"turns":4.0},{"damage":16.0,"enemies":"Large Slime","floor":13.0,"turns":7.0},{"damage":74.0,"enemies":"The Guardian","floor":16.0,"turns":14.0},{"damage":22.0,"enemies":"3 Byrds","floor":18.0,"turns":6.0},{"damage":22.0,"enemies":"Chosen","floor":20.0,"turns":6.0},{"damage":18.0,"enemies":"Centurion and Healer","floor":25.0,"turns":7.0},{"damage":29,"enemies":"Gremlin Leader","floor":27,"turns":6},{"damage":9,"enemies":"Snecko","floor":28,"turns":4},{"damage":4,"enemies":"Masked Bandits","floor":30,"turns":3}],"seed_played":"7663991680451715095","potions_obtained":[{"floor":6.0,"key":"ColorlessPotion"},{"floor":8.0,"key":"Strength Potion"},{"floor":11.0,"key":"AttackPotion"},{"floor":13.0,"key":"FairyPotion"},{"floor":16.0,"key":"FearPotion"},{"floor":18.0,"key":"ElixirPotion"},{"floor":20.0,"key":"Dexterity Potion"},{"floor":25.0,"key":"Explosive Potion"},{"floor":27,"key":"PowerPotion"},{"floor":28,"key":"DistilledChaos"}],"is_trial":false,"path_per_floor":["M","$","M","M","$","E","?","M","T","$","M","R","M","$","R","B",null,"M","?","M","$","?","R","?","M","T","E","M","?","?"],"character_chosen":"IRONCLAD","items_purchased":["Flex","Shrug It Off"],"campfire_rested":1,"item_purchase_floors":[10,21],"current_hp_per_floor":[80,80,80,80,80,13,13,16,16,16,20,59,49,49,49,24,80,64,64,48,48,48,48,48,36,36,13,10,10,6,6],"gold":130,"neow_bonus":"RANDOM_COMMON_RELIC","is_daily":false,"chose_seed":false,"campfire_upgraded":2,"win_rate":0.0,"timestamp":1611867449,"path_taken":["M","?","M","M","$","E","?","M","T","$","M","R","M","$","R","BOSS","M","?","M","$","?","R","?","?","T","E","M","?","?"],"items_purchased_type":["Card","Card"],"build_version":"2020-12-22","purchased_purges":2,"victory":false,"max_hp_per_floor":[80,80,80,80,80,80,80,80,80,80,80,80,80,80,80,80,80,80,80,80,80,80,80,80,80,80,80,80,80,80,80],"card_choices":[{"not_picked":["True Grit","Havoc","Anger"],"picked":"SKIP","floor":1.0},{"not_picked":["Sever Soul","Dual Wield","Spot Weakness"],"picked":"SKIP","floor":3.0},{"not_picked":["Intimidate","Disarm","Power Through"],"picked":"SKIP","floor":4.0},{"not_picked":["Dark Embrace","Thunderclap","Pommel Strike"],"picked":"SKIP","floor":6.0},{"not_picked":["Clash","Inflame","Pommel Strike"],"picked":"SKIP","floor":8.0},{"not_picked":["Flame Barrier","Clothesline","Thunderclap"],"picked":"SKIP","floor":11.0},{"not_picked":["Pommel Strike","Clothesline","Anger"],"picked":"SKIP","floor":13.0},{"not_picked":["Sword Boomerang","Anger","Clothesline"],"picked":"SKIP","floor":18.0},{"not_picked":["Pommel Strike","Whirlwind","Cleave"],"picked":"SKIP","floor":20.0},{"not_picked":["Wild Strike","Iron Wave","Twin Strike"],"picked":"SKIP","floor":25.0},{"not_picked":["Anger","Clothesline","Twin Strike+1"],"picked":"SKIP","floor":27},{"not_picked":["Dual Wield","Feel No Pain","Uppercut"],"picked":"SKIP","floor":28}],"player_experience":779358,"relics_obtained":[{"floor":6.0,"key":"Letter Opener"},{"floor":9.0,"key":"White Beast Statue"},{"floor":26.0,"key":"Dream Catcher"},{"floor":27,"key":"Mummified Hand"}],"event_choices":[{"damage_healed":0.0,"max_hp_gain":0.0,"max_hp_loss":0.0,"gold_gain":30.0,"event_name":"Dead Adventurer","player_choice":"Searched \u00271\u0027 times","floor":7.0,"gold_loss":0.0,"damage_taken":0.0},{"damage_healed":0.0,"max_hp_gain":0.0,"max_hp_loss":0.0,"gold_gain":0.0,"event_name":"Addict","player_choice":"Obtained Relic","floor":19.0,"gold_loss":85.0,"damage_taken":0.0,"relics_obtained":["Akabeko"]},{"cards_removed":["Defend_R"],"damage_healed":0.0,"max_hp_gain":0.0,"max_hp_loss":0.0,"gold_gain":0.0,"event_name":"Back to Basics","player_choice":"Elegance","floor":22.0,"gold_loss":0.0,"damage_taken":0.0},{"damage_healed":0.0,"max_hp_gain":0.0,"max_hp_loss":0.0,"gold_gain":0.0,"cards_transformed":["Strike_R"],"event_name":"Transmorgrifier","player_choice":"Transformed","floor":24.0,"gold_loss":0.0,"damage_taken":0.0,"cards_obtained":["Fire Breathing"]},{"damage_healed":0,"gold_gain":0,"player_choice":"Ignored","damage_taken":0,"max_hp_gain":0,"max_hp_loss":0,"event_name":"Ghosts","floor":29,"gold_loss":0},{"damage_healed":0,"gold_gain":0,"player_choice":"Fought Bandits","damage_taken":0,"max_hp_gain":0,"max_hp_loss":0,"event_name":"Masked Bandits","floor":30,"gold_loss":0}],"is_beta":false,"boss_relics":[{"not_picked":["Cursed Key","Coffee Dripper"],"picked":"Velvet Choker"}],"items_purged_floors":[2,10],"is_endless":false,"potions_floor_spawned":[6,8,11,13,16,18,20,25,27,28],"killed_by":"Masked Bandits","ascension_level":0}}