{"host":"nwd160me4iqdtr8u","time":1611823822,"event":{"mods":["AchievementEnabler","Act Like it!","BaseMod","Colored Map","DeckTracker","Minty Spire (QoL Compilation)","Quick Restart","Rare Cards Sparkle","StSLib","SuperFastMode","everything is the same but u backflip on backflip"],"gold_per_floor":[109,284,284,299,380,380,407,40,40,59,88,105,130,150,150,246,246,266,282,207,33,67,67,78,96,96,110,110,84,99,117,117,219,219,230,248,2,20,20,20,37,72,72,72,72,72,72,90,90,90],"floor_reached":51,"language":"KOR","playtime":3015,"items_purged":["Doubt","Strike_G","Defend_G"],"score":1159,"play_id":"17c785b0-c213-4a6e-bbf8-f79e447f273a","local_time":"20210128175022","is_ascension_mode":true,"campfire_choices":[{"data":"After Image","floor":6.0,"key":"SMITH"},{"data":"Sunder","floor":15.0,"key":"SMITH"},{"data":"Terror","floor":23.0,"key":"SMITH"},{"data":"Calculated Gamble","floor":32,"key":"SMITH"},{"data":"Adrenaline","floor":40,"key":"SMITH"},{"data":"Machine Learning","floor":44,"key":"SMITH"},{"data":"Acrobatics","floor":46,"key":"SMITH"},{"data":"Neutralize","floor":49,"key":"SMITH"}],"circlet_count":0,"master_deck":["AscendersBane","Strike_G","Defend_G","Defend_G","Defend_G","Survivor","Neutralize+1","After Image+1","Terror+1","Quick Slash","Adrenaline+1","Sunder+1","Blade Dance","Dagger Spray","DeusExMachina","True Grit+1","Calculated Gamble+1","Body Slam+1","Acrobatics+1","Armaments+1","Machine Learning+1","Footwork+1","Prepared+1","Dodge and Roll+1","TalkToTheHand+1","Reflex+1","Blur+1"],"relics":["Ring of the Snake","Matryoshka","Bag of Preparation","PrismaticShard","Centennial Puzzle","Potion Belt","Blood Vial","Odd Mushroom","InkBottle","Black Star","Red Mask","Lantern","Shuriken","Astrolabe","Turnip","Art of War","White Beast Statue"],"acts_visited":["Exordium","TheCity","TheBeyond"],"potions_floor_usage":[33,33,36,38,50,50,50,50,50,50,50],"damage_taken":[{"damage":1.0,"enemies":"Small Slimes","floor":1.0,"turns":4.0},{"damage":0.0,"enemies":"2 Louse","floor":4.0,"turns":4.0},{"damage":25.0,"enemies":"Gremlin Nob","floor":7.0,"turns":5.0},{"damage":0.0,"enemies":"Jaw Worm","floor":10.0,"turns":4.0},{"damage":3.0,"enemies":"The Mushroom Lair","floor":11.0,"turns":4.0},{"damage":0.0,"enemies":"2 Fungi Beasts","floor":12.0,"turns":1.0},{"damage":9.0,"enemies":"3 Sentries","floor":13.0,"turns":8.0},{"damage":2.0,"enemies":"Large Slime","floor":14.0,"turns":5.0},{"damage":25.0,"enemies":"Slime Boss","floor":16.0,"turns":9.0},{"damage":0.0,"enemies":"3 Byrds","floor":18.0,"turns":5.0},{"damage":7.0,"enemies":"Shell Parasite","floor":19.0,"turns":4.0},{"damage":18.0,"enemies":"Masked Bandits","floor":22.0,"turns":5.0},{"damage":0.0,"enemies":"Centurion and Healer","floor":24.0,"turns":8.0},{"damage":7.0,"enemies":"3 Cultists","floor":25.0,"turns":7.0},{"damage":0.0,"enemies":"Snake Plant","floor":27.0,"turns":2.0},{"damage":0,"enemies":"Centurion and Healer","floor":30,"turns":5},{"damage":6,"enemies":"Snecko","floor":31,"turns":4},{"damage":10,"enemies":"Automaton","floor":33,"turns":8},{"damage":4,"enemies":"Orb Walker","floor":35,"turns":3},{"damage":1,"enemies":"3 Darklings","floor":36,"turns":5},{"damage":0,"enemies":"Transient","floor":38,"turns":5},{"damage":1,"enemies":"Jaw Worm Horde","floor":41,"turns":5},{"damage":0,"enemies":"Giant Head","floor":42,"turns":6},{"damage":2,"enemies":"Sphere and 2 Shapes","floor":48,"turns":4},{"damage":23,"enemies":"Time Eater","floor":50,"turns":6}],"seed_played":"373104050453188626","potions_obtained":[{"floor":1.0,"key":"Energy Potion"},{"floor":7.0,"key":"Explosive Potion"},{"floor":10.0,"key":"CunningPotion"},{"floor":11.0,"key":"Weak Potion"},{"floor":14.0,"key":"SteroidPotion"},{"floor":22.0,"key":"Strength Potion"},{"floor":27.0,"key":"GamblersBrew"},{"floor":30,"key":"EntropicBrew"},{"floor":33,"key":"PowerPotion"},{"floor":35,"key":"DistilledChaos"},{"floor":42,"key":"LiquidMemories"},{"floor":48,"key":"Explosive Potion"}],"is_trial":false,"path_per_floor":["M","?","?","M","T","R","E","$","T","M","?","M","E","M","R","B",null,"M","M","?","$","?","R","M","M","T","M","?","$","M","M","R","B",null,"M","M","$","M","$","R","M","E","T","R","?","R","?","M","R","B",null],"character_chosen":"THE_SILENT","items_purchased":["PrismaticShard","Centennial Puzzle","Calculated Gamble","Acrobatics","Escape Plan","Reflex"],"campfire_rested":0,"item_purchase_floors":[8,8,21,29,37,37],"current_hp_per_floor":[62,62,62,62,62,62,37,37,37,39,38,40,33,33,33,10,55,57,52,52,52,36,36,38,33,33,35,35,35,37,33,33,25,59,57,58,58,60,60,60,61,63,63,63,63,63,63,63,63,47],"gold":90,"neow_bonus":"ONE_RANDOM_RARE_CARD","is_daily":false,"chose_seed":false,"campfire_upgraded":8,"win_rate":0.0,"timestamp":1611823822,"path_taken":["M","?","?","M","?","R","E","$","T","M","?","M","E","M","R","BOSS","M","M","?","$","?","R","M","M","T","M","?","?","M","M","R","BOSS","M","M","$","M","?","R","M","E","T","R","?","R","?","M","R","BOSS"],"items_purchased_type":["Relic","Relic","Card","Card","Card","Card"],"build_version":"2020-12-22","purchased_purges":3,"victory":true,"max_hp_per_floor":[70,70,70,70,70,70,70,70,70,70,70,70,70,70,70,70,70,70,70,70,70,70,70,70,70,70,70,70,70,70,70,70,70,70,70,70,70,70,70,70,70,70,70,70,70,70,70,70,70,70],"card_choices":[{"not_picked":["Dagger Throw","Blade Dance"],"picked":"Terror","floor":1.0},{"not_picked":["Outmaneuver","Riddle With Holes"],"picked":"Quick Slash","floor":4.0},{"not_picked":["Backflip","Infinite Blades"],"picked":"Adrenaline","floor":7.0},{"not_picked":["Consecrate","Setup"],"picked":"Sunder","floor":10.0},{"not_picked":["Quick Slash","Beam Cell","Twin Strike"],"picked":"SKIP","floor":12.0},{"not_picked":["EmptyFist","Static Discharge"],"picked":"Blade Dance","floor":13.0},{"not_picked":["Trip","Reflex"],"picked":"Dagger Spray","floor":14.0},{"not_picked":["Secret Technique","Metamorphosis"],"picked":"DeusExMachina","floor":16.0},{"not_picked":["Compile Driver","Collect","Wild Strike"],"picked":"SKIP","floor":18.0},{"not_picked":["BowlingBash","Gash"],"picked":"True Grit+1","floor":19.0},{"not_picked":["Streamline","Sweeping Beam","Ball Lightning"],"picked":"SKIP","floor":24.0},{"not_picked":["Warcry","Blizzard","Streamline+1"],"picked":"SKIP","floor":25.0},{"not_picked":["Flying Knee","Pommel Strike"],"picked":"Body Slam+1","floor":27.0},{"not_picked":["Cold Snap","Terror"],"picked":"Armaments+1","floor":30},{"not_picked":["Terror+1","Dodge and Roll","Masterful Stab"],"picked":"SKIP","floor":31},{"not_picked":["Master of Strategy","Malaise"],"picked":"Machine Learning","floor":33},{"not_picked":["Prostrate+1","Setup"],"picked":"TalkToTheHand+1","floor":35},{"not_picked":["Rebound+1","Acrobatics+1","EmptyBody"],"picked":"SKIP","floor":36},{"not_picked":["BootSequence+1","Cleave"],"picked":"Blur+1","floor":38},{"not_picked":["EmptyFist+1","Doom and Gloom+1","MentalFortress"],"picked":"SKIP","floor":41},{"not_picked":["Indignation+1","HandOfGreed","Blind"],"picked":"SKIP","floor":42},{"not_picked":["Deflect+1","Rebound","Prostrate"],"picked":"SKIP","floor":48}],"player_experience":265949,"relics_obtained":[{"floor":5.0,"key":"Matryoshka"},{"floor":7.0,"key":"Bag of Preparation"},{"floor":9.0,"key":"Potion Belt"},{"floor":9.0,"key":"Blood Vial"},{"floor":11.0,"key":"Odd Mushroom"},{"floor":13.0,"key":"InkBottle"},{"floor":22.0,"key":"Red Mask"},{"floor":26.0,"key":"Lantern"},{"floor":26.0,"key":"Shuriken"},{"floor":42,"key":"Turnip"},{"floor":42,"key":"Art of War"},{"floor":43,"key":"White Beast Statue"}],"event_choices":[{"damage_healed":0.0,"max_hp_gain":0.0,"max_hp_loss":0.0,"gold_gain":175.0,"event_name":"Liars Game","player_choice":"AGREE","floor":2.0,"gold_loss":0.0,"damage_taken":0.0,"cards_obtained":["Doubt"]},{"damage_healed":0.0,"max_hp_gain":0.0,"max_hp_loss":0.0,"gold_gain":0.0,"event_name":"Shining Light","player_choice":"Ignored","floor":3.0,"gold_loss":0.0,"damage_taken":0.0},{"damage_healed":0.0,"max_hp_gain":0.0,"max_hp_loss":0.0,"gold_gain":0.0,"event_name":"Mushrooms","player_choice":"Fought Mushrooms","floor":11.0,"gold_loss":0.0,"damage_taken":0.0},{"cards_removed":["Strike_G"],"damage_healed":0.0,"max_hp_gain":0.0,"max_hp_loss":0.0,"gold_gain":0.0,"event_name":"Beggar","player_choice":"Gave Gold","floor":20.0,"gold_loss":75.0,"damage_taken":0.0},{"damage_healed":0.0,"max_hp_gain":0.0,"max_hp_loss":0.0,"gold_gain":0.0,"event_name":"Masked Bandits","player_choice":"Fought Bandits","floor":22.0,"gold_loss":0.0,"damage_taken":0.0},{"damage_healed":0,"gold_gain":0,"player_choice":"Ignored","damage_taken":0,"max_hp_gain":0,"max_hp_loss":0,"event_name":"The Mausoleum","floor":28,"gold_loss":0},{"cards_removed":["Escape Plan"],"damage_healed":0,"gold_gain":0,"player_choice":"Removed Skill","damage_taken":0,"max_hp_gain":0,"max_hp_loss":0,"event_name":"Falling","floor":45,"gold_loss":0},{"damage_healed":0,"gold_gain":0,"player_choice":"Forge","damage_taken":0,"max_hp_gain":0,"max_hp_loss":0,"event_name":"Accursed Blacksmith","floor":47,"gold_loss":0,"cards_upgraded":["Reflex"]}],"is_beta":false,"boss_relics":[{"not_picked":["Velvet Choker","Coffee Dripper"],"picked":"Black Star"},{"not_picked":["SlaversCollar","HoveringKite"],"picked":"Astrolabe"}],"items_purged_floors":[8,21,37],"is_endless":false,"potions_floor_spawned":[1,7,10,11,14,22,27,30,33,35,42,48],"ascension_level":10}}