{"host":"yb8bkkdvr1qiclnk","time":1611877005,"event":{"mods":["BaseMod","Colored Map","Colored Powertips","DeckTracker","Downfall","Faster Ascension Climbing","Highlight Path","Jorbs\u0027s Wanderer Trilogy","Minty Spire (QoL Compilation)","Quick Restart","Relic Stats","StSLib","UnlockEverythingMod"],"gold_per_floor":[99,116,132,151,38,55,55,71,71,82,82,100,0,0,19,115,165,65,82,82,100,200,229,229,247,266,286,15,0,0,0,18,120,120,20,31,31,31,48,33,85,115,115,129,129,147,147,147,147,147],"floor_reached":48,"language":"ENG","playtime":4808,"items_purged":["Guardian:Strike_Guardian","Guardian:Strike_Guardian"],"score":551,"play_id":"7a416f53-304c-48d7-a623-3b0b058efcab","local_time":"20210128183645","is_ascension_mode":false,"campfire_choices":[{"floor":1,"key":"RECALL"},{"data":"Guardian:SentryBeam","floor":9,"key":"SMITH"},{"data":"Guardian:TemporalShield","floor":11,"key":"SMITH"},{"data":"Guardian:BronzeArmor","floor":13,"key":"SMITH"},{"data":"Guardian:RevengeProtocol","floor":18,"key":"SMITH"},{"data":"RitualDagger","floor":30,"key":"SMITH"},{"data":"Guardian:FastForward","floor":35,"key":"SMITH"},{"data":"Guardian:TwinSlam","floor":45,"key":"SMITH"},{"data":"expansioncontent:YouAreMine","floor":47,"key":"SMITH"}],"circlet_count":0,"master_deck":["Guardian:CurlUp","Guardian:TwinSlam+1","Guardian:SentryBeam+1","Guardian:TemporalStrike","Guardian:Reroute","Guardian:TemporalShield+1","Guardian:ChargeCore","Guardian:BronzeArmor+1","Guardian:RevengeProtocol+1","Guardian:EvasiveProtocol+1","RitualDagger+1","Guardian:Clone","Guardian:ShieldSpikes","Guardian:BronzeOrb+1","Guardian:DonusPower+1","Guardian:Preprogram+1","Guardian:Clone","Guardian:Recover","Guardian:ArmoredProtocol+1","Guardian:Harden","Guardian:FastForward+1","Guardian:TimeCapacitor+1","Guardian:Planning","expansioncontent:StudyTheSpire+1","expansioncontent:YouAreMine+1","Guardian:PrismaticBarrier+1","Guardian:Clone+1","Guardian:Suspension+1","Guardian:ShieldCharger+1"],"relics":["Guardian:ModeShifter","downfall:HeartBlessingRed","Tiny House","downfall:HeartBlessingBlue","Frozen Egg 2","Gremlin Horn","Strange Spoon","Pandora\u0027s Box","downfall:HeartBlessingGreen","Lantern","Lizard Tail"],"acts_visited":["Exordium","TheCity","TheBeyond"],"potions_floor_usage":[32,33,42],"damage_taken":[{"damage":6,"enemies":"Cultist","floor":2,"turns":3},{"damage":3,"enemies":"Jaw Worm","floor":3,"turns":4},{"damage":10,"enemies":"Small Slimes","floor":4,"turns":3},{"damage":0,"enemies":"downfall:FleeingMerchant","floor":5,"turns":4},{"damage":5,"enemies":"Red Slaver","floor":6,"turns":6},{"damage":0,"enemies":"Large Slime","floor":8,"turns":5},{"damage":13,"enemies":"Exordium Wildlife","floor":10,"turns":5},{"damage":0,"enemies":"2 Fungi Beasts","floor":12,"turns":3},{"damage":0,"enemies":"downfall:FleeingMerchant","floor":14,"turns":4},{"damage":0,"enemies":"Large Slime","floor":15,"turns":4},{"damage":25,"enemies":"DF_ARCHETYPE_STREAMLINE","floor":16,"turns":12},{"damage":2,"enemies":"Chosen","floor":19,"turns":4},{"damage":7,"enemies":"Centurion and Healer","floor":21,"turns":6},{"damage":34,"enemies":"Book of Stabbing","floor":23,"turns":8},{"damage":0,"enemies":"Sentry and Sphere","floor":25,"turns":4},{"damage":14,"enemies":"Snecko","floor":26,"turns":6},{"damage":3,"enemies":"Centurion and Healer","floor":27,"turns":7},{"damage":10,"enemies":"downfall:FleeingMerchant","floor":28,"turns":4},{"damage":0,"enemies":"downfall:FleeingMerchant","floor":29,"turns":4},{"damage":12,"enemies":"Shelled Parasite and Fungi","floor":32,"turns":5},{"damage":0,"enemies":"SI_MIRROR_ARCHETYPE","floor":33,"turns":8},{"damage":21,"enemies":"3 Darklings","floor":36,"turns":7},{"damage":14,"enemies":"Orb Walker","floor":39,"turns":4},{"damage":10,"enemies":"downfall:FleeingMerchant","floor":40,"turns":4},{"damage":26,"enemies":"Nemesis","floor":42,"turns":9},{"damage":0,"enemies":"Sphere and 2 Shapes","floor":44,"turns":6},{"damage":0,"enemies":"Writhing Mass","floor":46,"turns":7},{"damage":82,"enemies":"Transient","floor":48,"turns":5}],"seed_played":"7141055210197788848","potions_obtained":[{"floor":2,"key":"Energy Potion"},{"floor":6,"key":"hexamod:SoulburnPotion"},{"floor":8,"key":"sneckomod:MuddlingPotion"},{"floor":17,"key":"Strength Potion"},{"floor":19,"key":"Guardian:AcceleratePotion"},{"floor":31,"key":"bronze:BurnAndBuffPotion"},{"floor":32,"key":"SkillPotion"},{"floor":39,"key":"BlessingOfTheForge"},{"floor":46,"key":"CultistPotion"}],"is_trial":false,"path_per_floor":["R","M","M","M","$","M","T","M","R","M","R","M","R","$","M","B",null,"R","M","?","M","?","E","T","M","M","M","$","$","R","?","M","B",null,"R","M","?","?","M","$","T","E","?","M","R","M","R","M"],"character_chosen":"GUARDIAN","items_purchased":["Guardian:ChargeCore","Strange Spoon"],"campfire_rested":0,"item_purchase_floors":[5,28],"current_hp_per_floor":[88,82,79,69,69,64,64,64,64,51,51,51,51,51,51,26,93,103,101,95,88,88,54,54,54,40,37,27,27,27,27,15,15,103,103,82,72,72,58,48,48,22,22,22,22,22,22,0,0,0],"gold":147,"neow_bonus":"TEN_PERCENT_HP_BONUS","is_daily":false,"chose_seed":false,"campfire_upgraded":8,"win_rate":0.0,"timestamp":1611877005,"path_taken":["R","M","M","M","$","M","T","M","R","M","R","M","R","?","M","BOSS","R","M","?","M","?","E","T","?","M","?","?","$","R","?","M","BOSS","R","M","?","?","M","$","T","E","?","M","R","M","R","M"],"items_purchased_type":["Card","Relic"],"build_version":"2020-12-22","purchased_purges":2,"victory":false,"max_hp_per_floor":[88,88,88,88,88,88,88,88,88,88,88,88,88,88,88,88,93,103,103,103,103,103,103,103,103,103,103,103,103,103,103,103,103,103,103,103,103,103,103,103,103,103,103,103,103,103,103,103,103,103],"relic_stats":{"Strange Spoon":[57],"Lizard Tail":51,"Gremlin Horn":[16,16],"counters":[28,151],"Pandora\u0027s Box":["Guardian:Clone","Guardian:Recover","Guardian:ArmoredProtocol","Guardian:Harden","Guardian:FastForward","Guardian:TimeCapacitor"],"obtain_stats":[{"Strange Spoon":28,"Lantern":41,"Lizard Tail":42,"Tiny House":17,"downfall:HeartBlessingRed":13,"Gremlin Horn":24,"downfall:HeartBlessingBlue":18,"Guardian:ModeShifter":0,"Pandora\u0027s Box":34,"downfall:HeartBlessingGreen":35,"Frozen Egg 2":23},{"Strange Spoon":18,"Lantern":24,"Lizard Tail":25,"Tiny House":11,"downfall:HeartBlessingRed":8,"Gremlin Horn":14,"downfall:HeartBlessingBlue":11,"Guardian:ModeShifter":0,"Pandora\u0027s Box":21,"downfall:HeartBlessingGreen":21,"Frozen Egg 2":14},{"Strange Spoon":92,"Lantern":124,"Lizard Tail":133,"Tiny House":53,"downfall:HeartBlessingRed":33,"Gremlin Horn":71,"downfall:HeartBlessingBlue":53,"Guardian:ModeShifter":0,"Pandora\u0027s Box":109,"downfall:HeartBlessingGreen":109,"Frozen Egg 2":71}]},"card_choices":[{"not_picked":["Guardian:TimeCapacitor","Guardian:Gem_White"],"picked":"Guardian:SentryBeam","floor":2},{"not_picked":["Guardian:ShieldCharger","Guardian:CrystalBeam"],"picked":"Guardian:TemporalStrike","floor":3},{"not_picked":["Guardian:MultiBeam","Guardian:Gem_Fragmented"],"picked":"Guardian:Reroute","floor":4},{"not_picked":["Guardian:PrismaticBeam","Guardian:Gem_Green"],"picked":"Guardian:TemporalShield","floor":5},{"not_picked":["Guardian:MultiBeam","Guardian:Emergency"],"picked":"Guardian:Gem_Orange","floor":6},{"not_picked":["Guardian:Gem_Green","Guardian:Planning","Guardian:Reroute"],"picked":"SKIP","floor":8},{"not_picked":["Guardian:Gem_Fragmented","Guardian:WalkerClaw"],"picked":"Guardian:Gem_Purple","floor":10},{"not_picked":["Guardian:Recover","Guardian:TemporalShield"],"picked":"Guardian:BronzeArmor","floor":12},{"not_picked":["Guardian:PiercingHide","Guardian:PrismaticBarrier","Guardian:ChargeCore"],"picked":"SKIP","floor":14},{"not_picked":["Guardian:Suspension","Guardian:PolyBeam","Guardian:GuardianWhirl"],"picked":"SKIP","floor":15},{"not_picked":["Guardian:SphericShield","Guardian:StasisField"],"picked":"Guardian:RevengeProtocol","floor":16},{"not_picked":["Guardian:WalkerClaw","Guardian:Suspension"],"picked":"Guardian:Gem_Red","floor":17},{"not_picked":["Guardian:DecasProtection","Guardian:PolyBeam"],"picked":"Guardian:EvasiveProtocol+1","floor":19},{"not_picked":["Guardian:CrystalBeam","Guardian:PrismaticBeam"],"picked":"Guardian:Clone","floor":21},{"not_picked":["Guardian:TemporalStrike","Guardian:RefractedBeam","Guardian:Preprogram"],"picked":"SKIP","floor":23},{"not_picked":["Guardian:Gem_Purple","Guardian:RollAttack+1"],"picked":"Guardian:ShieldSpikes","floor":25},{"not_picked":["Guardian:Planning","Guardian:HyperBeam_Guardian"],"picked":"Guardian:BronzeOrb+1","floor":26},{"not_picked":["Guardian:Planning","Guardian:Recover"],"picked":"Guardian:Gem_Green","floor":27},{"not_picked":["Guardian:BronzeArmor","Guardian:ShieldCharger+1"],"picked":"Guardian:DonusPower+1","floor":28},{"not_picked":["Guardian:PiercingHide","Guardian:WalkerClaw","Guardian:Gem_Cyan"],"picked":"SKIP","floor":29},{"not_picked":["Guardian:Gem_Fragmented","Guardian:Gem_Red"],"picked":"Guardian:Preprogram+1","floor":32},{"not_picked":["Guardian:Gem_Synthetic","Guardian:ConstructionForm+1"],"picked":"Guardian:BaubleBeam","floor":33},{"not_picked":["Guardian:VentSteam+1","Guardian:CrystalBeam+1"],"picked":"Guardian:Planning","floor":36},{"not_picked":["expansioncontent:PolyBeam","expansioncontent:InvincibleStrength"],"picked":"expansioncontent:StudyTheSpire","floor":37},{"not_picked":["expansioncontent:LastStand","expansioncontent:Chronoboost"],"picked":"expansioncontent:YouAreMine","floor":37},{"not_picked":["Guardian:PrimingBeam+1","Guardian:ChargeCore+1"],"picked":"Guardian:PrismaticBarrier+1","floor":39},{"not_picked":["Guardian:Planning","Guardian:PrismaticBeam"],"picked":"Guardian:Clone+1","floor":40},{"not_picked":["Guardian:Preprogram","Guardian:FloatingOrbs+1"],"picked":"Guardian:Gem_Lightblue","floor":42},{"not_picked":["Guardian:Planning","Guardian:TimeBomb+1"],"picked":"Guardian:Suspension+1","floor":44},{"not_picked":["Guardian:TemporalStrike","Guardian:ChargeCore+1"],"picked":"Guardian:ShieldCharger+1","floor":46}],"player_experience":73974,"relics_obtained":[{"floor":23,"key":"Frozen Egg 2"},{"floor":24,"key":"Gremlin Horn"},{"floor":41,"key":"Lantern"},{"floor":42,"key":"Lizard Tail"}],"event_choices":[{"damage_healed":0,"gold_gain":0,"player_choice":"Got Potions","damage_taken":0,"max_hp_gain":0,"max_hp_loss":0,"event_name":"Lab","floor":31,"gold_loss":0},{"cards_removed":["Guardian:BaubleBeam"],"damage_healed":0,"gold_gain":0,"player_choice":"Removed Attack","damage_taken":0,"max_hp_gain":0,"max_hp_loss":0,"event_name":"Falling","floor":38,"gold_loss":0},{"damage_healed":0,"gold_gain":0,"player_choice":"Ignored","damage_taken":0,"max_hp_gain":0,"max_hp_loss":0,"event_name":"Mysterious Sphere","floor":43,"gold_loss":0}],"is_beta":false,"boss_relics":[{"not_picked":["Velvet Choker","Runic Dome"],"picked":"Tiny House"},{"not_picked":["SacredBark","Snecko Eye"],"picked":"Pandora\u0027s Box"}],"items_purged_floors":[5,28],"is_endless":false,"potions_floor_spawned":[2,6,8,16,19,23,32,39,46],"killed_by":"Transient","ascension_level":0}}