{"host":"tpbmol9dayg75a5s","time":1611852015,"event":{"mods":["BaseMod","Bestiary","Block Reminder","Colored Powertips","Dark Map","Downfall","Minty Spire (QoL Compilation)","Relic Stats","Spire Arcade","StSLib"],"gold_per_floor":[99,111,126,146,160,60,60,60,86,86,86,100,100,126,142,142,142,142],"floor_reached":16,"language":"ENG","playtime":2105,"items_purged":[],"score":199,"play_id":"91c6a371-663f-48e8-813a-68aa3d9f1ec9","local_time":"20210128134015","is_ascension_mode":true,"campfire_choices":[{"floor":1,"key":"RECALL"},{"floor":6,"key":"REST"},{"data":"sneckomod:Unknown","floor":8,"key":"SMITH"},{"data":"sneckomod:TailWhip","floor":10,"key":"SMITH"}],"circlet_count":0,"master_deck":["sneckomod:Strike","sneckomod:Strike","sneckomod:Defend","sneckomod:Defend","sneckomod:TailWhip+1","sneckomod:SnekBite","sneckomod:Unknown+1","sneckomod:Unknown","sneckomod:CheapStock","sneckomod:QuickBite","sneckomod:IronFang","sneckomod:UnknownVulnerable","sneckomod:UnknownVulnerable","CutThroughFate","sneckomod:ImprovisedAttack","sneckomod:UnknownDexterity"],"relics":["sneckomod:SneckoSoul","downfall:HeartBlessingRed","StrikeDummy","StoneCalendar","Dead Branch"],"acts_visited":["Exordium"],"potions_floor_usage":[9,16],"damage_taken":[{"damage":10,"enemies":"Jaw Worm","floor":2,"turns":2},{"damage":0,"enemies":"Small Slimes","floor":3,"turns":3},{"damage":10,"enemies":"2 Louse","floor":4,"turns":2},{"damage":11,"enemies":"Blue Slaver","floor":5,"turns":2},{"damage":2,"enemies":"Lagavulin","floor":9,"turns":5},{"damage":0,"enemies":"Large Slime","floor":12,"turns":2},{"damage":6,"enemies":"Gremlin Nob","floor":14,"turns":2},{"damage":0,"enemies":"Exordium Wildlife","floor":15,"turns":2},{"damage":46,"enemies":"SI_SHIV_ARCHETYPE","floor":16,"turns":7}],"seed_played":"1618663610958198013","potions_obtained":[{"floor":3,"key":"Weak Potion"},{"floor":4,"key":"sneckomod:CheatPotion"},{"floor":14,"key":"SteroidPotion"}],"is_trial":false,"path_per_floor":["R","M","M","M","M","R","T","R","E","R","?","M","R","E","M","B"],"character_chosen":"THE_SNECKO","items_purchased":[],"campfire_rested":1,"item_purchase_floors":[],"current_hp_per_floor":[57,47,47,37,26,53,53,53,51,51,51,51,51,45,45,0,0,0],"gold":142,"neow_bonus":"REMOVE_TWO","is_daily":false,"chose_seed":false,"campfire_upgraded":2,"win_rate":0.0,"timestamp":1611852015,"path_taken":["R","M","M","M","M","R","T","R","E","R","?","M","R","E","M","BOSS"],"items_purchased_type":[],"build_version":"2020-12-22","purchased_purges":0,"victory":false,"max_hp_per_floor":[90,90,90,90,90,90,90,90,90,90,90,90,90,90,90,90,90,90],"relic_stats":{"counters":[9,27],"Dead Branch":[0],"StoneCalendar":[52],"obtain_stats":[{"downfall:HeartBlessingRed":6,"Dead Branch":14,"StoneCalendar":9,"sneckomod:SneckoSoul":0,"StrikeDummy":7},{"downfall:HeartBlessingRed":4,"Dead Branch":7,"StoneCalendar":5,"sneckomod:SneckoSoul":0,"StrikeDummy":4},{"downfall:HeartBlessingRed":9,"Dead Branch":18,"StoneCalendar":14,"sneckomod:SneckoSoul":0,"StrikeDummy":9}]},"card_choices":[{"not_picked":["sneckomod:DiceCrush","sneckomod:UnknownCommonAttack"],"picked":"sneckomod:CheapStock","floor":2},{"not_picked":["sneckomod:SoulExchange","sneckomod:CheapStock"],"picked":"sneckomod:QuickBite","floor":3},{"not_picked":["sneckomod:Unknown1Cost","sneckomod:SoulDraw"],"picked":"sneckomod:UnknownDraw","floor":4},{"not_picked":["sneckomod:UnknownX","sneckomod:DiceCrush"],"picked":"sneckomod:IronFang","floor":5},{"not_picked":["sneckomod:RainOfDice","sneckomod:Cheat"],"picked":"sneckomod:UnknownVulnerable","floor":9},{"not_picked":["sneckomod:UnknownCommonSkill","sneckomod:UnknownBlock"],"picked":"sneckomod:UnknownVulnerable","floor":12},{"not_picked":["sneckomod:UnknownCommonSkill","sneckomod:Unknown1Cost"],"picked":"sneckomod:ImprovisedAttack","floor":14},{"not_picked":["sneckomod:QuickBite","sneckomod:UnknownCommonSkill"],"picked":"sneckomod:UnknownDexterity","floor":15}],"player_experience":1075527,"relics_obtained":[{"floor":7,"key":"StrikeDummy"},{"floor":9,"key":"StoneCalendar"},{"floor":14,"key":"Dead Branch"}],"event_choices":[],"is_beta":false,"boss_relics":[],"items_purged_floors":[],"is_endless":false,"potions_floor_spawned":[3,4,14],"killed_by":"SI_SHIV_ARCHETYPE","ascension_level":9}}