{"host":"lnaqncbfopcj593v","time":1611854237,"event":{"mods":["AchievementEnabler","BaseMod","Colored Map","Downfall","Minty Spire (QoL Compilation)","StSLib"],"gold_per_floor":[99,116,116,130,143,153,221,221,253,269,269,269,269,269,287,384,384,384,396,412,427,427,427,427,427,438,438,538,538,551,566,582,582,582,582],"floor_reached":33,"language":"ENG","playtime":1596,"items_purged":[],"score":251,"play_id":"f93a65b6-b41f-48f8-aaa2-ab61dfe839ed","local_time":"20210129021717","is_ascension_mode":false,"campfire_choices":[{"floor":11.0,"key":"REST"},{"data":"sneckomod:TailWhip","floor":18.0,"key":"SMITH"},{"floor":23.0,"key":"REST"},{"floor":29.0,"key":"REST"}],"circlet_count":0,"master_deck":["sneckomod:Strike","sneckomod:Strike","sneckomod:Defend","sneckomod:Defend","sneckomod:Defend","sneckomod:TailWhip+1","sneckomod:SnekBite","Dagger Spray+1","sneckomod:WideSting+1","Parasite","sneckomod:SoulDraw+1","sneckomod:UnknownUncommonPower","sneckomod:SnakeSap","Slimebound:SplitBruiser","sneckomod:UnknownUncommonAttack","sneckomod:UnknownWeak","sneckomod:UnknownRarePower","CurseOfTheBell","sneckomod:TrashToTreasure","sneckomod:WideSting+1","sneckomod:IronFang+1","Doubt","Madness","sneckomod:Restock","sneckomod:UnknownVulnerable+1","sneckomod:DefensiveFlair","sneckomod:SnekBeam","sneckomod:QuickMove+1"],"relics":["sneckomod:SneckoSoul","Kunai","Regal Pillow","Tiny Chest","Calling Bell","Vajra","Question Card","CaptainsWheel","Pen Nib","Incense Burner","Darkstone Periapt"],"acts_visited":["Exordium","TheCity"],"potions_floor_usage":[33,33],"damage_taken":[{"damage":6.0,"enemies":"Jaw Worm","floor":2.0,"turns":3.0},{"damage":0.0,"enemies":"Cultist","floor":4.0,"turns":2.0},{"damage":0.0,"enemies":"2 Louse","floor":5.0,"turns":1.0},{"damage":16.0,"enemies":"2 Fungi Beasts","floor":6.0,"turns":4.0},{"damage":15.0,"enemies":"Gremlin Nob","floor":9.0,"turns":3.0},{"damage":11.0,"enemies":"Large Slime","floor":10.0,"turns":6.0},{"damage":4.0,"enemies":"Gremlin Gang","floor":15.0,"turns":4.0},{"damage":57.0,"enemies":"WA_ARCHETYPE_RETAIN","floor":16.0,"turns":8.0},{"damage":22.0,"enemies":"Chosen","floor":19.0,"turns":6.0},{"damage":33.0,"enemies":"Centurion and Healer","floor":20.0,"turns":6.0},{"damage":14.0,"enemies":"Sentry and Sphere","floor":21.0,"turns":4.0},{"damage":28.0,"enemies":"Cultist and Chosen","floor":26.0,"turns":6.0},{"damage":14.0,"enemies":"Colosseum Nobs","floor":28.0,"turns":5.0},{"damage":45.0,"enemies":"Snake Plant","floor":30.0,"turns":3.0},{"damage":11,"enemies":"Snecko","floor":31,"turns":5},{"damage":10,"enemies":"Sentry and Sphere","floor":32,"turns":5},{"damage":11,"enemies":"IC_MUSHROOM_ARCHETYPE","floor":33,"turns":7}],"seed_played":"-1780508822830843930","potions_obtained":[{"floor":2.0,"key":"AttackPotion"},{"floor":6.0,"key":"AttackPotion"},{"floor":15.0,"key":"Energy Potion"},{"floor":20.0,"key":"SkillPotion"},{"floor":28.0,"key":"bronze:BurnAndBuffPotion"},{"floor":30.0,"key":"Energy Potion"},{"floor":32,"key":"Explosive Potion"}],"is_trial":false,"path_per_floor":["R","M","?","M","M","M","T","R","E","M","R","?","?","?","M","B",null,"R","M","M","M","?","R","T","R","M","T","?","R","M","M","M","B"],"character_chosen":"THE_SNECKO","items_purchased":[],"campfire_rested":3,"item_purchase_floors":[],"current_hp_per_floor":[99,93,93,93,93,77,77,77,62,51,95,95,95,95,91,34,99,99,77,44,30,30,74,74,74,46,46,32,76,31,20,10,0,0,0],"gold":582,"neow_bonus":"TEN_PERCENT_HP_BONUS","is_daily":false,"chose_seed":false,"campfire_upgraded":1,"win_rate":0.0,"timestamp":1611854237,"path_taken":["R","M","?","M","?","M","T","R","E","M","R","?","?","?","M","BOSS","R","M","M","M","?","R","T","R","M","?","?","R","M","?","M","BOSS"],"items_purchased_type":[],"build_version":"2020-12-22","purchased_purges":0,"victory":false,"max_hp_per_floor":[99,99,99,99,99,99,99,99,99,99,99,99,99,99,99,99,99,99,99,99,99,99,99,99,99,99,99,99,99,99,99,99,99,99,99],"card_choices":[{"not_picked":["sneckomod:UnknownX","sneckomod:SoulRoll"],"picked":"sneckomod:WideSting","floor":2.0},{"not_picked":["sneckomod:UnknownCommonAttack","sneckomod:UnknownExhaust"],"picked":"sneckomod:SoulDraw","floor":4.0},{"not_picked":["sneckomod:RainOfDice","sneckomod:UnknownExhaust"],"picked":"sneckomod:UnknownUncommonPower","floor":5.0},{"not_picked":["sneckomod:UnknownBlock","sneckomod:QuickBite"],"picked":"sneckomod:SnakeSap","floor":6.0},{"not_picked":["sneckomod:QuickBite","sneckomod:UnknownBlock"],"picked":"sneckomod:UnknownUncommonAttack","floor":9.0},{"not_picked":["sneckomod:UnknownCommonSkill","sneckomod:QuickMove"],"picked":"sneckomod:Unknown2Cost","floor":10.0},{"not_picked":["sneckomod:QuickMove","sneckomod:UnknownBlock"],"picked":"sneckomod:UnknownWeak","floor":15.0},{"not_picked":["sneckomod:UnlimitedRolls","sneckomod:Cheat"],"picked":"sneckomod:UnknownRarePower","floor":16.0},{"not_picked":["sneckomod:QuickMove","sneckomod:WideSting","sneckomod:DiceBlock"],"picked":"sneckomod:TrashToTreasure","floor":19.0},{"not_picked":["sneckomod:UnknownUncommonPower","sneckomod:UnknownX+1","sneckomod:TrashToTreasure"],"picked":"sneckomod:WideSting+1","floor":20.0},{"not_picked":["sneckomod:WideSting","sneckomod:UnknownCommonSkill+1","sneckomod:UnendingSupply"],"picked":"sneckomod:IronFang","floor":21.0},{"not_picked":["sneckomod:MasterEye","sneckomod:IronFang","sneckomod:QuickMove+1"],"picked":"sneckomod:Restock","floor":26.0},{"not_picked":["sneckomod:QuickBite","sneckomod:UnknownCommonSkill+1","sneckomod:Unknown1Cost+1"],"picked":"sneckomod:UnknownVulnerable+1","floor":28.0},{"not_picked":["sneckomod:QuickMove","sneckomod:Nope","sneckomod:UnknownUncommonAttack"],"picked":"sneckomod:DefensiveFlair","floor":30.0},{"not_picked":["sneckomod:DiceBlock","sneckomod:UnknownBlock+1","sneckomod:SoulCleanse+1"],"picked":"sneckomod:SnekBeam","floor":31},{"not_picked":["sneckomod:DiceCrush","sneckomod:MasterEye","sneckomod:SnekBeam"],"picked":"sneckomod:QuickMove+1","floor":32}],"player_experience":63402,"relics_obtained":[{"floor":7.0,"key":"Kunai"},{"floor":9.0,"key":"Regal Pillow"},{"floor":17.0,"key":"Vajra"},{"floor":17.0,"key":"Question Card"},{"floor":17.0,"key":"CaptainsWheel"},{"floor":24.0,"key":"Pen Nib"},{"floor":28.0,"key":"Incense Burner"},{"floor":28.0,"key":"Darkstone Periapt"}],"event_choices":[{"damage_healed":0.0,"max_hp_gain":0.0,"max_hp_loss":0.0,"gold_gain":0.0,"event_name":"Big Fish","player_choice":"Box","floor":12.0,"gold_loss":0.0,"damage_taken":0.0,"relics_obtained":["Tiny Chest"],"cards_obtained":["Regret"]},{"cards_removed":["Regret"],"damage_healed":0.0,"max_hp_gain":0.0,"max_hp_loss":0.0,"gold_gain":0.0,"event_name":"The Cleric","player_choice":"Card Removal","floor":13.0,"gold_loss":0.0,"damage_taken":0.0}],"is_beta":false,"boss_relics":[{"not_picked":["Black Star","bronze:MakeshiftBattery"],"picked":"Calling Bell"}],"items_purged_floors":[],"is_endless":false,"potions_floor_spawned":[2,6,15,20,28,30,32],"killed_by":"IC_MUSHROOM_ARCHETYPE","ascension_level":0}}