{"host":"y7b1p9nkx4idorr2","time":1611837265,"event":{"mods":["AchievementEnabler","Act Like it!","BaseMod","Colored Map","Downfall","GifTheSpireLib","Googly Eyes","Highlight Path","Mimic Mod","Minty Spire (QoL Compilation)","Shop Mod","Spicy Shops","StSLib","Unceasing Turn Reminder"],"gold_per_floor":[99,99,99,47,47,47,47,47,64,93,193,93,123,223,236,333,333,133,143,174,15,26,26,51,36,21,47,57,89,89,105,123,227,227,227,237,250,268,310,336,636,669,769,788,788,129,129,155,174,174,174,201,77,77,77,77],"floor_reached":57,"language":"ENG","playtime":4082,"items_purged":["Guardian:Strike_Guardian","downfall:Bewildered","Writhe","Guardian:Strike_Guardian"],"score":1461,"play_id":"72ed3f38-4406-4aab-b3e0-c780d515baaa","local_time":"20210128063425","is_ascension_mode":true,"campfire_choices":[{"floor":1,"key":"RECALL"},{"data":"Guardian:DecasProtection","floor":6,"key":"SMITH"},{"data":"Guardian:TwinSlam","floor":12,"key":"SMITH"},{"data":"Guardian:BodySlam","floor":18,"key":"SMITH"},{"data":"Guardian:FloatingOrbs","floor":35,"key":"SMITH"},{"data":"Guardian:ChargeUp","floor":45,"key":"SMITH"},{"data":"expansioncontent:DashGenerateEvil","floor":54,"key":"SMITH"}],"circlet_count":0,"master_deck":["Guardian:Strike_Guardian","Guardian:Defend_Guardian","Guardian:Defend_Guardian","Guardian:Defend_Guardian","Guardian:Defend_Guardian","Guardian:CurlUp","Guardian:TwinSlam+1","Guardian:DecasProtection+1","Guardian:ExploitGems","Guardian:ExploitGems","Guardian:DecasProtection+1","Guardian:PiercingHide","Guardian:Emergency+1","Guardian:BodySlam+1","Guardian:StasisStrike","Guardian:ChargeUp+1","Guardian:DonusPower+1","Guardian:FloatingOrbs+1","Guardian:Incinerate","Guardian:VentSteam","Guardian:ChargeCore+1","Guardian:FloatingOrbs","Guardian:PiercingHide+1","Guardian:ExploitGems","Guardian:Orbwalk","expansioncontent:DashGenerateEvil+1","Guardian:SentryBeam+1"],"relics":["Guardian:ModeShifter","downfall:HeartsMalice","Singing Bowl","Bronze Scales","downfall:HeartBlessingRed","Mummified Hand","Guardian:StasisSlotReductionRelic","downfall:HeartBlessingGreen","downfall:HeartBlessingBlue","Red Mask","sneckomod:BabySnecko","Slimebound:StickyStick","Smiling Mask","Oddly Smooth Stone","Potion Belt","Busted Crown","Pantograph","Ancient Tea Set","Old Coin","StrikeDummy","Toy Ornithopter","Pear","Bottled Tornado","Gremlin Horn","Nunchaku"],"acts_visited":["Exordium","TheCity","TheBeyond","TheEnding"],"potions_floor_usage":[16,16,16,25,28,40,40,42,50,50,56],"damage_taken":[{"damage":0,"enemies":"Jaw Worm","floor":2,"turns":1},{"damage":0,"enemies":"downfall:FleeingMerchant","floor":4,"turns":1},{"damage":0,"enemies":"Small Slimes","floor":5,"turns":1},{"damage":0,"enemies":"Cultist","floor":9,"turns":3},{"damage":16,"enemies":"Lagavulin","floor":10,"turns":10},{"damage":16,"enemies":"downfall:Heads","floor":11,"turns":7},{"damage":25,"enemies":"3 Sentries","floor":13,"turns":9},{"damage":7,"enemies":"Blue Slaver","floor":15,"turns":4},{"damage":7,"enemies":"SI_SHIV_ARCHETYPE","floor":16,"turns":7},{"damage":2,"enemies":"Shell Parasite","floor":19,"turns":4},{"damage":4,"enemies":"Masked Bandits","floor":20,"turns":5},{"damage":3,"enemies":"downfall:FleeingMerchant","floor":21,"turns":4},{"damage":0,"enemies":"Spheric Guardian","floor":22,"turns":3},{"damage":2,"enemies":"downfall:FleeingMerchant","floor":25,"turns":4},{"damage":4,"enemies":"downfall:FleeingMerchant","floor":26,"turns":4},{"damage":13,"enemies":"Gremlin Leader","floor":27,"turns":4},{"damage":3,"enemies":"Snake Plant","floor":28,"turns":2},{"damage":1,"enemies":"Book of Stabbing","floor":29,"turns":4},{"damage":2,"enemies":"Sentry and Sphere","floor":31,"turns":4},{"damage":7,"enemies":"Centurion and Healer","floor":32,"turns":4},{"damage":47,"enemies":"DF_ARCHETYPE_CLAW","floor":33,"turns":6},{"damage":14,"enemies":"3 Shapes","floor":36,"turns":2},{"damage":0,"enemies":"Orb Walker","floor":37,"turns":3},{"damage":8,"enemies":"4 Shapes","floor":38,"turns":4},{"damage":17,"enemies":"downfall:FleeingMerchant","floor":39,"turns":3},{"damage":39,"enemies":"Nemesis","floor":40,"turns":5},{"damage":0,"enemies":"Reptomancer","floor":42,"turns":4},{"damage":8,"enemies":"downfall:LadyInBlue","floor":43,"turns":8},{"damage":0,"enemies":"3 Darklings","floor":44,"turns":2},{"damage":0,"enemies":"Nemesis","floor":48,"turns":5},{"damage":3,"enemies":"Sphere and 2 Shapes","floor":49,"turns":4},{"damage":9,"enemies":"IC_BLOCK_ARCHETYPE","floor":50,"turns":6},{"damage":15,"enemies":"downfall:CharBossMerchant","floor":52,"turns":8},{"damage":36,"enemies":"downfall:NeowBoss","floor":55,"turns":10},{"damage":82,"enemies":"downfall:NeowBossFinal","floor":56,"turns":10}],"seed_played":"-7218700138542339160","potions_obtained":[{"floor":9,"key":"hexamod:SoulburnPotion"},{"floor":10,"key":"SpeedPotion"},{"floor":13,"key":"Block Potion"},{"floor":19,"key":"SpeedPotion"},{"floor":20,"key":"Fire Potion"},{"floor":27,"key":"Block Potion"},{"floor":31,"key":"SteroidPotion"},{"floor":33,"key":"Regen Potion"},{"floor":38,"key":"Swift Potion"},{"floor":42,"key":"LiquidMemories"},{"floor":43,"key":"champ:CounterPotion"},{"floor":43,"key":"Slimebound:ThreeZeroPotion"},{"floor":43,"key":"Guardian:StasisDiscoveryPotion"},{"floor":48,"key":"FairyPotion"}],"is_trial":false,"path_per_floor":["R","M","?","$","M","R","T","?","M","E","?","R","E","?","M","B",null,"R","M","?","$","M","?","T","$","$","E","M","E","?","M","M","B",null,"R","M","M","M","$","E","T","E","?","M","R","$","?","E","M","B",null,"E","$","R","B","B",null],"character_chosen":"GUARDIAN","items_purchased":["Guardian:Gem_Red","Guardian:FloatingOrbs","Pantograph","Guardian:Orbwalk","expansioncontent:DashGenerateEvil","Pear","Nunchaku"],"campfire_rested":0,"item_purchase_floors":[4,21,39,46,46,46,53],"current_hp_per_floor":[80,80,77,77,77,77,77,77,77,61,45,45,20,20,13,6,80,90,88,84,83,83,83,83,83,79,68,65,64,64,62,57,10,98,98,86,88,80,65,40,40,40,32,34,34,44,44,46,45,71,122,107,107,107,86,34],"gold":77,"neow_bonus":"THREE_ENEMY_KILL","is_daily":false,"chose_seed":false,"campfire_upgraded":6,"win_rate":0.0,"timestamp":1611837265,"path_taken":["R","M","?","?","M","R","T","?","?","E","?","R","E","?","M","BOSS","R","M","?","$","M","?","T","?","$","E","M","E","?","M","M","BOSS","R","M","M","M","$","E","T","E","?","?","R","$","?","E","M","BOSS","E","$","R","BOSS","BOSS"],"items_purchased_type":["Card","Card","Relic","Card","Card","Relic","Relic"],"build_version":"2020-12-22","purchased_purges":4,"victory":true,"max_hp_per_floor":[80,80,80,80,80,80,80,80,80,80,80,80,80,80,80,80,80,90,90,90,92,92,92,92,94,94,96,96,96,96,96,98,98,98,98,100,102,102,104,106,106,106,106,108,108,118,118,120,122,122,122,122,122,122,122,122],"card_choices":[{"not_picked":["Guardian:Gem_Green","Guardian:TemporalShield"],"picked":"Guardian:DecasProtection","floor":2},{"not_picked":["Guardian:VentSteam","Guardian:CrystalBeam"],"picked":"Guardian:ExploitGems","floor":4},{"not_picked":["Guardian:Gem_Lightblue","Guardian:Repulse"],"picked":"Guardian:Gem_Cyan","floor":5},{"not_picked":["Guardian:Gem_White","Guardian:TemporalShield"],"picked":"Guardian:PiercingHide","floor":9},{"not_picked":["Guardian:TimeCapacitor","Guardian:Incinerate"],"picked":"Guardian:Gem_Red","floor":10},{"not_picked":["Guardian:ShieldSpikes","Guardian:Gem_Yellow"],"picked":"Guardian:Emergency","floor":11},{"not_picked":["Guardian:RollAttack","Guardian:GemFire"],"picked":"Guardian:Gem_Green","floor":13},{"not_picked":["Guardian:Gem_Lightblue","Guardian:Reroute"],"picked":"Guardian:BodySlam","floor":15},{"not_picked":["Guardian:FastForward","Guardian:RevengeProtocol"],"picked":"Guardian:StasisStrike","floor":16},{"not_picked":["Guardian:Gem_Green","Guardian:VentSteam"],"picked":"Guardian:ChargeUp","floor":19},{"not_picked":["Guardian:Incinerate","Guardian:PiercingHide"],"picked":"Guardian:DonusPower+1","floor":20},{"not_picked":["Guardian:SphericShield","Guardian:PiercingHide","Guardian:WalkerClaw"],"picked":"Singing Bowl","floor":21},{"not_picked":["Guardian:Harden","Guardian:PiercingHide"],"picked":"Guardian:Incinerate","floor":22},{"not_picked":["Guardian:PrimingBeam","Guardian:CrystalBeam+1","Guardian:GuardianWhirl"],"picked":"Singing Bowl","floor":25},{"not_picked":["Guardian:Planning","Guardian:Suspension"],"picked":"Guardian:VentSteam","floor":26},{"not_picked":["Guardian:CrystalBeam","Guardian:GemFire","Guardian:TemporalShield+1"],"picked":"Singing Bowl","floor":27},{"not_picked":["Guardian:Suspension+1","Guardian:Preprogram"],"picked":"Guardian:ChargeCore+1","floor":28},{"not_picked":["Guardian:SentryBeam","Guardian:CrystalBeam"],"picked":"Guardian:Gem_Red","floor":29},{"not_picked":["Guardian:Gem_Cyan","Guardian:RollAttack"],"picked":"Guardian:FloatingOrbs","floor":31},{"not_picked":["Guardian:PiercingHide","Guardian:Gem_Lightblue","Guardian:Emergency"],"picked":"Singing Bowl","floor":32},{"not_picked":["Guardian:ExploitGems","Guardian:CompilePackage"],"picked":"Guardian:Gem_Orange","floor":33},{"not_picked":["Guardian:Incinerate"],"picked":"Singing Bowl","floor":36},{"not_picked":["Guardian:RollAttack+1"],"picked":"Singing Bowl","floor":37},{"not_picked":[],"picked":"Guardian:PiercingHide+1","floor":38},{"not_picked":["Guardian:PiercingHide"],"picked":"Singing Bowl","floor":39},{"not_picked":["Guardian:FloatingOrbs"],"picked":"Singing Bowl","floor":40},{"not_picked":[],"picked":"Guardian:ExploitGems","floor":42},{"not_picked":[],"picked":"Guardian:Gem_Red","floor":43},{"not_picked":["Guardian:TemporalShield+1"],"picked":"Singing Bowl","floor":44},{"not_picked":["Guardian:PiercingHide+1"],"picked":"Singing Bowl","floor":48},{"not_picked":["Guardian:TemporalStrike+1"],"picked":"Singing Bowl","floor":49},{"not_picked":[],"picked":"Guardian:SentryBeam+1","floor":52}],"player_experience":2208431,"relics_obtained":[{"floor":10,"key":"Bronze Scales"},{"floor":13,"key":"Mummified Hand"},{"floor":20,"key":"Red Mask"},{"floor":24,"key":"Slimebound:StickyStick"},{"floor":27,"key":"Smiling Mask"},{"floor":29,"key":"Oddly Smooth Stone"},{"floor":40,"key":"Ancient Tea Set"},{"floor":41,"key":"Old Coin"},{"floor":42,"key":"StrikeDummy"},{"floor":43,"key":"Toy Ornithopter"},{"floor":48,"key":"Bottled Tornado"},{"floor":52,"key":"Gremlin Horn"}],"event_choices":[{"damage_healed":0,"gold_gain":0,"player_choice":"Success","damage_taken":3,"relics_obtained":["Singing Bowl"],"max_hp_gain":0,"max_hp_loss":0,"event_name":"Scrap Ooze","floor":3,"gold_loss":0},{"damage_healed":0,"gold_gain":0,"player_choice":"Fought Bandits","damage_taken":0,"max_hp_gain":0,"max_hp_loss":0,"event_name":"Masked Bandits","floor":20,"gold_loss":0}],"is_beta":false,"boss_relics":[{"not_picked":["Guardian:ModeShifterPlus","Tiny House"],"picked":"Guardian:StasisSlotReductionRelic"},{"not_picked":["Fusion Hammer","SacredBark"],"picked":"Busted Crown"}],"items_purged_floors":[21,39,46,53],"is_endless":false,"potions_floor_spawned":[9,10,13,19,20,27,31,33,38,42,43,48],"ascension_level":1}}