{"host":"a49aoqbkajnlmy9c","time":1611808386,"event":{"mods":["100% Spire Juice","2.2 Compatiblity","AchievementEnabler","Act Like it!","AlwaysNeverKeys","Arknights The Spire","BaseMod","Better Match","BetterRewards","Block Reminder","Colored Map","Colored Powertips","Downfall","Emptier Cage","Friendly Minions","Gensokyo","GifTheSpireLib","Gremlin Skip","Halation","HololiveMod","Hubris","Hyrulean Relics","Infinite Spire","Ironclad Rager","Marisa????????","Minty Spire (QoL Compilation)","Prisma Mod","Quarter Circle Forward PUNCH!","Quick Restart","Random Character Button","Reimu??????","Relic Filter","Reorder Act Four","StSLib","The Alterego","The Animator","Transform Curses","Treasure Hunter","Unceasing Turn Reminder","Useless Jewels Mod","Virulent Crown","Waifu the Spire","WarShipGirlsR/????R mod","Yakumo Yukari mod","Yuyuko"],"gold_per_floor":[128,186,22,22,68,68,68,68,368,368,399,427,454,525,525,734,734,760,760,760,760,791,845,845,936,985,955,955,1011,1011,1099,1099,1143,1143],"floor_reached":33,"language":"ENG","playtime":945,"items_purged":[],"score":460,"play_id":"3dba6a20-ce9e-4b43-a21f-e3276af3a1ed","local_time":"20210127233306","is_ascension_mode":false,"campfire_choices":[{"data":"Hololive_CallSakuraMiko","floor":6,"key":"SMITH"},{"data":"Hololive_CallSakuraMiko","floor":8,"key":"SMITH"},{"data":"Hololive_CallSakuraMiko","floor":10,"key":"SMITH"},{"data":"Hololive_CallSakuraMiko","floor":15,"key":"SMITH"},{"data":"Hololive_OvertimeWork","floor":24,"key":"SMITH"},{"data":"Hololive_CallManoAloe","floor":30,"key":"SMITH"},{"data":"Hololive_CallShirakamiFubuki","floor":32,"key":"SMITH"}],"circlet_count":0,"master_deck":["Hololive_Strike","Hololive_Defend","Hololive_Defend","Hololive_Defend","Hololive_Defend","Hololive_CallSakuraMiko+1","Hololive_CallSakuraMiko+1","Hololive_CallSakuraMiko+1","Hololive_CallSakuraMiko+1","Hololive_CallSakuraMiko+1","Hololive_CallShirakamiFubuki+1","Hololive_SummonFox","Hololive_OvertimeWork+1","Slimebound:CheckThePlaybook","Hololive_Trident","Hololive_SummonFox","Hololive_CallManoAloe+1","Hololive_HighAtkLowDef"],"relics":["Hololive_TheStar","Hololive_TopUpMoney","qcfpunch:White_Boots","Old Coin","Centennial Puzzle","halation:EternalFortune","Regal Pillow","Strawberry","Anchor"],"acts_visited":["Exordium","TheCity"],"potions_floor_usage":[33],"damage_taken":[{"damage":0,"enemies":"Cultist","floor":1,"turns":4},{"damage":0,"enemies":"Small Slimes","floor":2,"turns":3},{"damage":0,"enemies":"Jaw Worm","floor":5,"turns":3},{"damage":6,"enemies":"3 Louse","floor":11,"turns":4},{"damage":0,"enemies":"Red Slaver","floor":12,"turns":2},{"damage":0,"enemies":"Blue Slaver","floor":13,"turns":2},{"damage":0,"enemies":"Lagavulin","floor":14,"turns":4},{"damage":0,"enemies":"Hexaghost","floor":16,"turns":8},{"damage":0,"enemies":"Shell Parasite","floor":18,"turns":2},{"damage":0,"enemies":"Chosen","floor":22,"turns":3},{"damage":19,"enemies":"Gremlin Leader","floor":23,"turns":3},{"damage":0,"enemies":"Nightmare","floor":25,"turns":4},{"damage":0,"enemies":"Shelled Parasite and Fungi","floor":29,"turns":3},{"damage":0,"enemies":"Cultist and Chosen","floor":31,"turns":4},{"damage":37,"enemies":"Automaton","floor":33,"turns":6}],"seed_played":"-988581435915888181","potions_obtained":[{"floor":2,"key":"SpeedPotion"},{"floor":5,"key":"Strength Potion"},{"floor":7,"key":"Fire Potion"}],"is_trial":false,"path_per_floor":["M","M","$","?","M","R","?","R","T","R","M","M","M","E","R","B",null,"M","?","?","?","M","E","R","NM","T","?","?","M","R","M","R","B"],"character_chosen":"Hololive_HololiveCharacter","items_purchased":["Hololive_CallShirakamiFubuki","Hololive_SummonFox","Hololive_OvertimeWork"],"campfire_rested":0,"item_purchase_floors":[3,3,3],"current_hp_per_floor":[38,38,38,35,35,35,35,35,35,35,29,29,29,29,29,29,38,38,35,38,38,38,19,19,26,26,26,26,26,26,26,26,0,0],"gold":1143,"neow_bonus":"TEN_PERCENT_HP_BONUS","is_daily":false,"chose_seed":false,"campfire_upgraded":7,"win_rate":0.0,"timestamp":1611808386,"path_taken":["M","M","$","?","M","R","?","R","T","R","?","M","M","E","R","BOSS","M","?","?","?","M","E","R","NM","T","?","?","M","R","M","R","BOSS"],"items_purchased_type":["Card","Card","Card"],"build_version":"2020-12-22","purchased_purges":0,"victory":false,"max_hp_per_floor":[38,38,38,38,38,38,38,38,38,38,38,38,38,38,38,38,38,38,35,38,38,38,38,38,45,45,45,45,45,45,45,45,45,45],"card_choices":[{"not_picked":["TH:DeckOfManyThings"],"picked":"SKIP","floor":9},{"not_picked":["TH:CopperCoins"],"picked":"SKIP","floor":14},{"not_picked":["TH:Mimic"],"picked":"SKIP","floor":23},{"not_picked":["TH:CursedSword"],"picked":"SKIP","floor":25},{"not_picked":["TH:CursedSword"],"picked":"SKIP","floor":26},{"not_picked":[],"picked":"Hololive_Trident","floor":27},{"not_picked":[],"picked":"Hololive_SummonFox","floor":27},{"not_picked":[],"picked":"Hololive_CallManoAloe","floor":27},{"not_picked":[],"picked":"Hololive_HighAtkLowDef","floor":27}],"player_experience":610052,"relics_obtained":[{"floor":9,"key":"Old Coin"},{"floor":14,"key":"Centennial Puzzle"},{"floor":23,"key":"Regal Pillow"},{"floor":25,"key":"Strawberry"},{"floor":26,"key":"Anchor"}],"event_choices":[{"damage_healed":0,"gold_gain":0,"player_choice":"Success","damage_taken":3,"relics_obtained":["qcfpunch:White_Boots"],"max_hp_gain":0,"max_hp_loss":0,"event_name":"Scrap Ooze","floor":4,"gold_loss":0},{"damage_healed":0,"gold_gain":0,"player_choice":"Got Potions","damage_taken":0,"max_hp_gain":0,"max_hp_loss":0,"event_name":"Lab","floor":7,"gold_loss":0},{"damage_healed":0,"gold_gain":0,"player_choice":"Ignored","damage_taken":0,"max_hp_gain":0,"max_hp_loss":0,"event_name":"Vampires","floor":28,"gold_loss":0}],"is_beta":false,"boss_relics":[{"not_picked":["Hololive_ChaosS","halation:PinkAlligatorPlush","Philosopher\u0027s Stone"]}],"items_purged_floors":[],"is_endless":true,"potions_floor_spawned":[2,5,12,13,14,23,31],"killed_by":"Automaton","ascension_level":0}}