{"host":"vyiqbz5w606ur92t","time":1611811923,"event":{"mods":["BaseMod","Downfall","Minty Spire (QoL Compilation)","StSLib"],"gold_per_floor":[99,99,18,18,36,63,88,98,133,118,129,140,40,65,85,183,183,83,102,87,87,99,99,146,110,510,537,622,634,534,567,585,688,688,688,700,713,110,130,130,130,161,177,207,207,223,254,254,267,267,267,293,39,39,39,39],"floor_reached":57,"language":"ENG","playtime":6983,"items_purged":["downfall:Icky"],"score":1670,"play_id":"e448a1cd-b455-4afc-b533-44404a6a0f41","local_time":"20210128053203","is_ascension_mode":true,"campfire_choices":[{"floor":1,"key":"RECALL"},{"data":"Slimebound:WasteNot","floor":13,"key":"SMITH"},{"data":"Slimebound:Recycling","floor":18,"key":"SMITH"},{"data":"Slimebound:CheckThePlaybook","floor":23,"key":"SMITH"},{"data":"Slimebound:Dissolve","floor":30,"key":"SMITH"},{"data":"Slimebound:LevelUp","floor":35,"key":"SMITH"},{"data":"Slimebound:Equalize","floor":45,"key":"SMITH"},{"data":"Slimebound:MegaLick","floor":54,"key":"SMITH"}],"circlet_count":0,"master_deck":["Slimebound:Tackle","Slimebound:Defend_Slimebound","Slimebound:Defend_Slimebound","Slimebound:Defend_Slimebound","Slimebound:Defend_Slimebound","Slimebound:Split","Slimebound:CorrosiveSpit","Slimebound:GoopSpray","Slimebound:Replication","Slimebound:LeadByExample","Slimebound:SplitLeeching","Slimebound:Nibble","Slimebound:Repurpose","Slimebound:Nibble","Slimebound:WasteNot+1","Slimebound:Prepare","Slimebound:GrowthPunch","Slimebound:SplitBruiser","Slimebound:ItLooksTasty","Slimebound:Equalize+1","Slimebound:Recycling+1","Slimebound:LivingWall+1","Slimebound:SplitLeeching+1","Slimebound:CheckThePlaybook+1","Slimebound:SpikyOuterGoop+1","Slimebound:MinionMaster","Slimebound:LevelUp+1","Slimebound:SamplingLick+1","Slimebound:Dissolve+1","Slimebound:Darklings","Slimebound:LevelUp+1","Slimebound:SamplingLick+1","Slimebound:Schlurp+1","Slimebound:SplitMire+1","Slimebound:RainOfGoop","Slimebound:SplitAcid","Slimebound:SplitSpecialist","Slimebound:MegaLick+1"],"relics":["Slimebound:AbsorbEndCombat","downfall:HeartsMalice","Lantern","Letter Opener","downfall:HeartBlessingGreen","Dead Branch","Empty Cage","downfall:HeartBlessingBlue","Ancient Tea Set","Slimebound:PotencyRelic","Old Coin","Darkstone Periapt","Happy Flower","downfall:HeartBlessingRed","Slimebound:AggressiveSlimeRelic","Busted Crown","Bird Faced Urn","PreservedInsect","DollysMirror","HornCleat","Orichalcum","Pen Nib","White Beast Statue","Bottled Tornado","TheAbacus"],"acts_visited":["Exordium","TheCity","TheBeyond","TheEnding"],"potions_floor_usage":[9,14,16,25,25,44,46,56,56],"damage_taken":[{"damage":0,"enemies":"Cultist","floor":2,"turns":1},{"damage":0,"enemies":"downfall:FleeingMerchant","floor":3,"turns":1},{"damage":0,"enemies":"Jaw Worm","floor":4,"turns":1},{"damage":0,"enemies":"Small Slimes","floor":5,"turns":4},{"damage":22,"enemies":"Gremlin Nob","floor":6,"turns":5},{"damage":0,"enemies":"2 Fungi Beasts","floor":8,"turns":3},{"damage":5,"enemies":"3 Sentries","floor":9,"turns":5},{"damage":5,"enemies":"downfall:FleeingMerchant","floor":10,"turns":4},{"damage":5,"enemies":"Red Slaver","floor":11,"turns":3},{"damage":11,"enemies":"Lots of Slimes","floor":12,"turns":4},{"damage":19,"enemies":"Gremlin Nob","floor":14,"turns":3},{"damage":0,"enemies":"Blue Slaver","floor":15,"turns":2},{"damage":33,"enemies":"DF_ARCHETYPE_STREAMLINE","floor":16,"turns":6},{"damage":12,"enemies":"3 Byrds","floor":19,"turns":3},{"damage":1,"enemies":"downfall:FleeingMerchant","floor":20,"turns":4},{"damage":1,"enemies":"Cultist and Chosen","floor":22,"turns":6},{"damage":14,"enemies":"downfall:FleeingMerchant","floor":25,"turns":4},{"damage":11,"enemies":"Colosseum Nobs","floor":26,"turns":4},{"damage":6,"enemies":"Gremlin Leader","floor":27,"turns":4},{"damage":3,"enemies":"Snecko","floor":29,"turns":4},{"damage":33,"enemies":"Book of Stabbing","floor":31,"turns":4},{"damage":12,"enemies":"Chosen and Byrds","floor":32,"turns":5},{"damage":33,"enemies":"IC_MUSHROOM_ARCHETYPE","floor":33,"turns":5},{"damage":3,"enemies":"3 Shapes","floor":36,"turns":2},{"damage":38,"enemies":"3 Darklings","floor":37,"turns":4},{"damage":12,"enemies":"Jaw Worm Horde","floor":39,"turns":3},{"damage":0,"enemies":"Giant Head","floor":42,"turns":3},{"damage":0,"enemies":"Maw","floor":43,"turns":3},{"damage":11,"enemies":"Reptomancer","floor":44,"turns":3},{"damage":17,"enemies":"Writhing Mass","floor":46,"turns":4},{"damage":15,"enemies":"Nemesis","floor":47,"turns":3},{"damage":6,"enemies":"3 Darklings","floor":49,"turns":3},{"damage":8,"enemies":"SI_POISON_ARCHETYPE","floor":50,"turns":5},{"damage":5,"enemies":"downfall:CharBossMerchant","floor":52,"turns":5},{"damage":8,"enemies":"downfall:NeowBoss","floor":55,"turns":10},{"damage":65,"enemies":"downfall:NeowBossFinal","floor":56,"turns":8}],"seed_played":"-4259246964145918725","potions_obtained":[{"floor":5,"key":"Block Potion"},{"floor":8,"key":"Slimebound:SlimedPotion"},{"floor":9,"key":"sneckomod:MuddlingPotion"},{"floor":11,"key":"SteroidPotion"},{"floor":15,"key":"PowerPotion"},{"floor":16,"key":"Energy Potion"},{"floor":31,"key":"EssenceOfSteel"},{"floor":37,"key":"Guardian:BlockOnCardUsePotion"},{"floor":44,"key":"SkillPotion"},{"floor":46,"key":"BlessingOfTheForge"},{"floor":49,"key":"Dexterity Potion"},{"floor":52,"key":"FearPotion"}],"is_trial":false,"path_per_floor":["R","M","$","M","M","E","T","M","E","$","M","M","R","E","M","B",null,"R","M","$","?","M","R","T","$","?","E","?","M","R","E","M","B",null,"R","M","M","$","M","?","T","E","M","E","R","M","E","?","M","B",null,"E","$","R","B","B",null],"character_chosen":"SLIMEBOUND","items_purchased":["Slimebound:LeadByExample","Slimebound:SplitLeeching","Slimebound:PotencyRelic","Bird Faced Urn","PreservedInsect","DollysMirror","Slimebound:SplitSpecialist","Slimebound:MegaLick","TheAbacus"],"campfire_rested":0,"item_purchase_floors":[3,3,25,38,38,38,53,53,53],"current_hp_per_floor":[65,65,65,65,65,45,45,51,54,51,50,43,43,28,30,32,65,75,67,75,75,75,75,75,75,75,73,61,70,70,60,62,45,75,75,75,39,39,49,49,49,75,75,75,75,68,75,75,75,75,75,75,75,75,71,53],"gold":39,"neow_bonus":"THREE_ENEMY_KILL","is_daily":false,"chose_seed":false,"campfire_upgraded":7,"win_rate":0.0,"timestamp":1611811923,"path_taken":["R","M","?","?","?","E","T","M","E","$","M","M","R","E","M","BOSS","R","M","?","?","M","R","T","$","?","E","?","M","R","E","M","BOSS","R","M","M","$","M","?","T","E","?","E","R","?","E","?","M","BOSS","E","$","R","BOSS","BOSS"],"items_purchased_type":["Card","Card","Relic","Relic","Relic","Relic","Card","Card","Relic"],"build_version":"2020-12-22","purchased_purges":1,"victory":true,"max_hp_per_floor":[65,65,65,65,65,65,65,65,65,65,65,65,65,65,65,65,65,75,75,75,75,75,75,75,75,75,75,75,75,75,75,75,75,75,75,75,75,75,75,75,75,75,75,75,75,75,75,75,75,75,75,75,75,75,75,75],"card_choices":[{"not_picked":["Slimebound:RollThrough","Slimebound:SlimeBarrage"],"picked":"Slimebound:GoopSpray","floor":2},{"not_picked":["Slimebound:Recollect","Slimebound:ForwardTackle"],"picked":"Slimebound:Replication","floor":3},{"not_picked":["Slimebound:ComboTackle","Slimebound:ItLooksTasty"],"picked":"Slimebound:Nibble","floor":4},{"not_picked":["Slimebound:SplitAcid","Slimebound:Gluttony"],"picked":"Slimebound:Repurpose","floor":5},{"not_picked":["Slimebound:SlimeSpikes","Slimebound:SpikyOuterGoop"],"picked":"Slimebound:Nibble","floor":6},{"not_picked":["Slimebound:RejuvenatingLick","Slimebound:GoopSpray"],"picked":"Slimebound:WasteNot","floor":8},{"not_picked":["Slimebound:ComboTackle","Slimebound:HauntingLick"],"picked":"Slimebound:Prepare","floor":9},{"not_picked":["Slimebound:Repurpose","Slimebound:MegaLick"],"picked":"Slimebound:GrowthPunch","floor":10},{"not_picked":["Slimebound:LeadByExample","Slimebound:RejuvenatingLick"],"picked":"Slimebound:SplitBruiser","floor":11},{"not_picked":["Slimebound:SplitAcid","Slimebound:GoopTackle"],"picked":"Slimebound:ItLooksTasty","floor":12},{"not_picked":["Slimebound:RollThrough","Slimebound:HungryTackle"],"picked":"Slimebound:Equalize","floor":14},{"not_picked":["Slimebound:SlimeSpikes","Slimebound:GoopTackle","Slimebound:LeechingTouch"],"picked":"SKIP","floor":15},{"not_picked":["Slimebound:SlimeSlap","Slimebound:MinionMaster"],"picked":"Slimebound:Recycling","floor":16},{"not_picked":["Slimebound:LeechingTouch","Slimebound:SlimeSpikes+1"],"picked":"Slimebound:LivingWall+1","floor":19},{"not_picked":["Slimebound:ItLooksTasty","Slimebound:SplitMire"],"picked":"Slimebound:SplitLeeching+1","floor":20},{"not_picked":["Slimebound:Grow+1","Slimebound:TongueLash"],"picked":"Slimebound:SpikyOuterGoop+1","floor":22},{"not_picked":["Slimebound:Replication","Slimebound:Grow"],"picked":"Slimebound:MinionMaster","floor":25},{"not_picked":["Slimebound:GoopSpray","Slimebound:MegaLick"],"picked":"Slimebound:LevelUp","floor":26},{"not_picked":["Slimebound:SplitBruiser","Slimebound:RainOfGoop"],"picked":"Slimebound:SamplingLick+1","floor":27},{"not_picked":["Slimebound:LeechEnergy+1","Slimebound:Nibble"],"picked":"Slimebound:Dissolve","floor":29},{"not_picked":["Slimebound:SplitBruiser","Slimebound:SplitAcid","Slimebound:HauntingLick"],"picked":"SKIP","floor":31},{"not_picked":["Slimebound:Chomp","Slimebound:SlimeSpikes","Slimebound:LeechingTouch+1"],"picked":"SKIP","floor":32},{"not_picked":["Slimebound:LeechLife","Slimebound:FirmFortitude"],"picked":"Slimebound:Darklings","floor":33},{"not_picked":["Slimebound:SplitMire"],"picked":"SKIP","floor":36},{"not_picked":["Slimebound:RainOfGoop"],"picked":"SKIP","floor":37},{"not_picked":[],"picked":"Slimebound:SamplingLick+1","floor":39},{"not_picked":["Slimebound:PressTheAttack"],"picked":"SKIP","floor":42},{"not_picked":[],"picked":"Slimebound:Schlurp+1","floor":43},{"not_picked":["Slimebound:ComboTackle+1"],"picked":"SKIP","floor":44},{"not_picked":["Slimebound:Prepare"],"picked":"SKIP","floor":46},{"not_picked":[],"picked":"Slimebound:SplitMire+1","floor":47},{"not_picked":["Slimebound:ViciousTackle"],"picked":"SKIP","floor":49},{"not_picked":[],"picked":"Slimebound:SplitAcid","floor":52}],"player_experience":1146847,"relics_obtained":[{"floor":6,"key":"Lantern"},{"floor":9,"key":"Letter Opener"},{"floor":14,"key":"Dead Branch"},{"floor":24,"key":"Ancient Tea Set"},{"floor":26,"key":"Old Coin"},{"floor":26,"key":"Darkstone Periapt"},{"floor":27,"key":"Happy Flower"},{"floor":31,"key":"Slimebound:AggressiveSlimeRelic"},{"floor":41,"key":"HornCleat"},{"floor":42,"key":"Orichalcum"},{"floor":44,"key":"Pen Nib"},{"floor":47,"key":"White Beast Statue"},{"floor":52,"key":"Bottled Tornado"}],"event_choices":[],"is_beta":false,"boss_relics":[{"not_picked":["SlaversCollar","Sozu"],"picked":"Empty Cage"},{"not_picked":["Tiny House","Black Star"],"picked":"Busted Crown"}],"items_purged_floors":[25],"is_endless":false,"potions_floor_spawned":[5,8,9,11,15,16,19,22,31,37,44,46,49,52],"ascension_level":4}}