{"host":"AZZAM","time":1611873607,"event":{"mods":["BaseMod","Colored Map","Highlight Path","Minty Spire (QoL Compilation)","Relic Stats","Unceasing Turn Reminder"],"gold_per_floor":[31,65,122,122,122,211,176,233,285,285,285,416,138,191,191,321,321,359,274,2,69,129,129,199,225,250,53,253,303,344,404,404,505,505,525,525,525,644,644,676,676,690,690,787,847,926,162,278,278,303,303,303,5,58,58],"floor_reached":56,"language":"ENG","playtime":4882,"items_purged":["Defend_P","Strike_P","Defend_P","LessonLearned+1"],"score":1523,"play_id":"f682513a-4e65-47a1-9927-f10602db5a61","local_time":"20210129014007","is_ascension_mode":true,"campfire_choices":[{"data":"HandOfGreed","floor":11,"key":"SMITH"},{"floor":15,"key":"REST"},{"floor":23,"key":"REST"},{"floor":32,"key":"REST"},{"floor":41,"key":"RECALL"},{"data":"Wish","floor":49,"key":"SMITH"},{"data":"LikeWater","floor":52,"key":"SMITH"}],"circlet_count":0,"master_deck":["Strike_P+1","Strike_P+1","Defend_P+1","Eruption","Vigilance+1","HandOfGreed+1","BowlingBash","Wallop+1","FlurryOfBlows","Wish+1","SashWhip","ThirdEye+1","Swivel+1","Vault+1","Tantrum+1","LikeWater+1","Meditate+1","ClearTheMind+1","Perseverance+1","Wish+1","CutThroughFate+1","EmptyBody+1","FollowUp","Evaluate+1","Prostrate+1","Vault+1","JustLucky","Discovery+1","Dark Shackles+1","Crescendo+1","JustLucky","Worship+1","Indignation+1","Fasting2+1","ThirdEye+1","Halt+1","Dark Shackles+1","DevaForm"],"relics":["PureWater","Ornamental Fan","Unceasing Top","Torii","Pantograph","Toxic Egg 2","Lantern","Damaru","Velvet Choker","Art of War","PreservedInsect","Tiny Chest","Kunai","Oddly Smooth Stone","Empty Cage","Shuriken","Strawberry","Eternal Feather","Bag of Preparation","Mango","ClockworkSouvenir","Potion Belt","Meat on the Bone","Centennial Puzzle","Pen Nib"],"acts_visited":["Exordium","TheCity","TheBeyond","TheEnding"],"potions_floor_usage":[25,29,30,31,42,44,54,55,55,55,55,55,55,55],"damage_taken":[{"damage":0,"enemies":"Cultist","floor":1,"turns":2},{"damage":0,"enemies":"Jaw Worm","floor":2,"turns":3},{"damage":8,"enemies":"Small Slimes","floor":3,"turns":7},{"damage":23,"enemies":"3 Sentries","floor":6,"turns":6},{"damage":31,"enemies":"Lagavulin","floor":8,"turns":7},{"damage":12,"enemies":"3 Sentries","floor":12,"turns":9},{"damage":13,"enemies":"Lagavulin","floor":14,"turns":6},{"damage":15,"enemies":"Hexaghost","floor":16,"turns":10},{"damage":13,"enemies":"Spheric Guardian","floor":18,"turns":5},{"damage":24,"enemies":"3 Byrds","floor":21,"turns":7},{"damage":30,"enemies":"Snake Plant","floor":22,"turns":6},{"damage":6,"enemies":"Snecko","floor":24,"turns":5},{"damage":1,"enemies":"Book of Stabbing","floor":25,"turns":5},{"damage":0,"enemies":"Gremlin Leader","floor":29,"turns":5},{"damage":7,"enemies":"Chosen and Byrds","floor":30,"turns":6},{"damage":6,"enemies":"Slavers","floor":31,"turns":4},{"damage":11,"enemies":"Collector","floor":33,"turns":7},{"damage":0,"enemies":"Orb Walker","floor":35,"turns":3},{"damage":0,"enemies":"3 Shapes","floor":38,"turns":8},{"damage":0,"enemies":"Giant Head","floor":40,"turns":6},{"damage":9,"enemies":"Writhing Mass","floor":42,"turns":9},{"damage":20,"enemies":"Jaw Worm Horde","floor":44,"turns":8},{"damage":28,"enemies":"Reptomancer","floor":45,"turns":9},{"damage":2,"enemies":"2 Orb Walkers","floor":46,"turns":5},{"damage":7,"enemies":"Nemesis","floor":48,"turns":5},{"damage":1,"enemies":"Donu and Deca","floor":50,"turns":11},{"damage":10,"enemies":"Shield and Spear","floor":54,"turns":4},{"damage":47,"enemies":"The Heart","floor":55,"turns":10}],"seed_played":"-6257416098819947190","potions_obtained":[{"floor":8,"key":"LiquidBronze"},{"floor":14,"key":"LiquidBronze"},{"floor":16,"key":"Weak Potion"},{"floor":24,"key":"Dexterity Potion"},{"floor":29,"key":"LiquidBronze"},{"floor":31,"key":"ColorlessPotion"},{"floor":35,"key":"Regen Potion"},{"floor":42,"key":"BottledMiracle"},{"floor":46,"key":"Energy Potion"}],"is_trial":false,"path_per_floor":["M","M","M","T","?","E","?","E","T","T","R","E","$","E","R","B",null,"M","?","$","M","M","R","M","E","T","$","?","E","M","E","R","B",null,"M","?","T","M","?","E","R","M","T","M","E","?","$","E","R","B",null,"R","$","E","B",null],"character_chosen":"WATCHER","items_purchased":["ThirdEye+1","Lantern","Vault+1","Tantrum","LikeWater","CutThroughFate","EmptyBody+1","ClockworkSouvenir","EntropicBrew","Potion Belt","Halt+1","Block Potion","Weak Potion","Dark Shackles+1","Centennial Puzzle"],"campfire_rested":3,"item_purchase_floors":[13,13,20,20,20,27,27,47,47,47,47,47,47,47,53],"current_hp_per_floor":[72,72,64,64,69,46,65,34,34,34,34,22,22,9,32,42,77,64,64,64,40,10,33,27,26,26,26,26,26,19,13,36,50,77,77,67,67,67,67,74,74,65,65,60,32,44,44,37,58,82,94,94,94,84,62],"gold":58,"neow_bonus":"RANDOM_COLORLESS_2","is_daily":false,"chose_seed":false,"campfire_upgraded":3,"win_rate":0.0,"timestamp":1611873607,"path_taken":["M","M","M","?","?","E","?","E","T","?","R","E","$","E","R","BOSS","M","?","$","M","M","R","M","E","T","$","?","E","?","E","R","BOSS","M","?","?","M","?","E","R","M","T","M","E","?","$","E","R","BOSS","R","$","E","BOSS"],"items_purchased_type":["Card","Relic","Card","Card","Card","Card","Card","Relic","Potion","Relic","Card","Potion","Potion","Card","Relic"],"build_version":"2020-12-18","purchased_purges":4,"victory":true,"max_hp_per_floor":[72,72,72,72,77,77,77,77,77,77,77,77,77,77,77,77,77,77,77,77,77,77,77,77,77,77,77,77,77,77,77,77,77,77,77,77,77,77,73,80,80,80,80,80,80,94,94,94,94,94,94,94,94,94,94],"relic_stats":{"Torii":42,"counters":[28,178],"Eternal Feather":21,"PreservedInsect":383,"Pen Nib":[1],"Bag of Preparation":[10],"Centennial Puzzle":[6],"Ornamental Fan":[156],"Shuriken":[19],"Pantograph":85,"Tiny Chest":1,"Art of War":[28],"Kunai":[25],"obtain_stats":[{"Lantern":13,"Torii":8,"Mango":46,"Bag of Preparation":45,"Empty Cage":34,"ClockworkSouvenir":47,"Centennial Puzzle":53,"Pantograph":10,"Strawberry":40,"Tiny Chest":26,"Kunai":29,"Toxic Egg 2":12,"Potion Belt":47,"Damaru":14,"Velvet Choker":17,"Oddly Smooth Stone":31,"Eternal Feather":43,"PreservedInsect":25,"Pen Nib":54,"Ornamental Fan":4,"Shuriken":37,"Art of War":19,"PureWater":0,"Unceasing Top":6,"Meat on the Bone":48},{"Lantern":6,"Torii":5,"Mango":24,"Bag of Preparation":23,"Empty Cage":17,"ClockworkSouvenir":24,"Centennial Puzzle":26,"Pantograph":5,"Strawberry":20,"Tiny Chest":13,"Kunai":14,"Toxic Egg 2":6,"Potion Belt":24,"Damaru":7,"Velvet Choker":8,"Oddly Smooth Stone":16,"Eternal Feather":21,"PreservedInsect":13,"Pen Nib":27,"Ornamental Fan":3,"Shuriken":18,"Art of War":9,"PureWater":0,"Unceasing Top":4,"Meat on the Bone":25},{"Lantern":34,"Torii":25,"Mango":148,"Bag of Preparation":143,"Empty Cage":100,"ClockworkSouvenir":148,"Centennial Puzzle":164,"Pantograph":25,"Strawberry":117,"Tiny Chest":78,"Kunai":83,"Toxic Egg 2":34,"Potion Belt":148,"Damaru":40,"Velvet Choker":50,"Oddly Smooth Stone":93,"Eternal Feather":126,"PreservedInsect":78,"Pen Nib":168,"Ornamental Fan":12,"Shuriken":103,"Art of War":55,"PureWater":0,"Unceasing Top":18,"Meat on the Bone":153}],"Unceasing Top":[1],"Meat on the Bone":0},"card_choices":[{"not_picked":["Master of Strategy","Panache"],"picked":"HandOfGreed","floor":0},{"not_picked":["PathToVictory","Prostrate"],"picked":"BowlingBash","floor":1},{"not_picked":["CutThroughFate","EmptyMind"],"picked":"Wallop","floor":2},{"not_picked":["FlyingSleeves","Halt"],"picked":"FlurryOfBlows","floor":3},{"not_picked":["SandsOfTime","CrushJoints"],"picked":"Wish","floor":6},{"not_picked":["Halt","Judgement"],"picked":"SashWhip","floor":8},{"not_picked":["Conclude","PathToVictory+1","CrushJoints"],"picked":"SKIP","floor":12},{"not_picked":["CrushJoints","Weave"],"picked":"Swivel+1","floor":14},{"not_picked":["DeusExMachina+1","Brilliance"],"picked":"LessonLearned","floor":16},{"not_picked":["Swivel+1","SashWhip+1","BowlingBash"],"picked":"SKIP","floor":18},{"not_picked":["CrushJoints+1","MentalFortress"],"picked":"Meditate+1","floor":21},{"not_picked":["Conclude+1","FollowUp"],"picked":"ClearTheMind+1","floor":22},{"not_picked":["Vengeance+1","ForeignInfluence+1"],"picked":"Perseverance+1","floor":24},{"not_picked":["EmptyFist","EmptyMind+1"],"picked":"Wish+1","floor":25},{"not_picked":["Vengeance+1","SashWhip"],"picked":"FollowUp","floor":29},{"not_picked":["ForeignInfluence+1","PathToVictory+1"],"picked":"Evaluate+1","floor":30},{"not_picked":["Pray+1","Halt+1"],"picked":"Prostrate+1","floor":31},{"not_picked":["SpiritShield+1","Ragnarok"],"picked":"Vault+1","floor":33},{"not_picked":["FollowUp","Meditate+1"],"picked":"JustLucky","floor":35},{"not_picked":["Swift Strike","Deep Breath+1"],"picked":"Discovery+1","floor":36},{"not_picked":["PanicButton+1","HandOfGreed"],"picked":"Dark Shackles+1","floor":36},{"not_picked":["Halt+1","Vengeance+1"],"picked":"Crescendo+1","floor":38},{"not_picked":["ThirdEye+1","EmptyFist+1"],"picked":"JustLucky","floor":40},{"not_picked":["FollowUp","Meditate+1"],"picked":"Worship+1","floor":42},{"not_picked":["Wallop","DeusExMachina+1"],"picked":"Indignation+1","floor":44},{"not_picked":["Crescendo+1","FlyingSleeves+1"],"picked":"Fasting2+1","floor":45},{"not_picked":["Prostrate+1","SashWhip"],"picked":"ThirdEye+1","floor":46},{"not_picked":["ClearTheMind+1","Blasphemy+1","FlyingSleeves"],"picked":"SKIP","floor":48},{"not_picked":["Indignation+1","Scrawl+1"],"picked":"DevaForm","floor":54}],"player_experience":56480,"relics_obtained":[{"floor":4,"key":"Ornamental Fan"},{"floor":6,"key":"Unceasing Top"},{"floor":8,"key":"Torii"},{"floor":10,"key":"Pantograph"},{"floor":12,"key":"Toxic Egg 2"},{"floor":14,"key":"Damaru"},{"floor":25,"key":"PreservedInsect"},{"floor":26,"key":"Tiny Chest"},{"floor":29,"key":"Kunai"},{"floor":31,"key":"Oddly Smooth Stone"},{"floor":37,"key":"Shuriken"},{"floor":40,"key":"Strawberry"},{"floor":43,"key":"Eternal Feather"},{"floor":45,"key":"Bag of Preparation"},{"floor":46,"key":"Mango"},{"floor":48,"key":"Meat on the Bone"},{"floor":54,"key":"Pen Nib"}],"event_choices":[{"damage_healed":0,"gold_gain":0,"player_choice":"Donut","damage_taken":0,"max_hp_gain":5,"max_hp_loss":0,"event_name":"Big Fish","floor":5,"gold_loss":0},{"damage_healed":19,"gold_gain":0,"player_choice":"Healed","damage_taken":0,"max_hp_gain":0,"max_hp_loss":0,"event_name":"The Cleric","floor":7,"gold_loss":35},{"damage_healed":0,"gold_gain":0,"player_choice":"Obtained Relic","damage_taken":0,"relics_obtained":["Art of War"],"max_hp_gain":0,"max_hp_loss":0,"event_name":"Addict","floor":19,"gold_loss":85},{"damage_healed":0,"gold_gain":200,"player_choice":"Gold","damage_taken":0,"max_hp_gain":0,"max_hp_loss":0,"event_name":"Wheel of Change","floor":28,"gold_loss":0},{"damage_healed":0,"gold_gain":0,"player_choice":"Memory 3","damage_taken":10,"max_hp_gain":0,"max_hp_loss":0,"event_name":"SensoryStone","floor":36,"gold_loss":0},{"damage_healed":0,"gold_gain":0,"player_choice":"Max HP","damage_taken":0,"max_hp_gain":0,"max_hp_loss":4,"event_name":"Winding Halls","floor":39,"gold_loss":0},{"damage_healed":0,"gold_gain":0,"player_choice":"Fight","damage_taken":0,"max_hp_gain":0,"max_hp_loss":0,"event_name":"Mysterious Sphere","floor":46,"gold_loss":0}],"is_beta":true,"boss_relics":[{"not_picked":["Tiny House","Busted Crown"],"picked":"Velvet Choker"},{"not_picked":["Cursed Key","VioletLotus"],"picked":"Empty Cage"}],"items_purged_floors":[13,27,47,53],"is_endless":false,"potions_floor_spawned":[8,14,16,24,29,31,35,42,46,48],"ascension_level":2}}