{"host":"684z1xpuwaoqmmh1","time":1611844431,"event":{"mods":["BaseMod","Downfall","Hermit","Jorbs\u0027s Wanderer Trilogy","Marisa????????","Minty Spire (QoL Compilation)","Robot Space Explorer","Shade Mod","StSLib","The Bug Knight","The Cursed","The Dragon Tamer","The Hayseed","The Hierophant","The Marked","The Mystic","The Runesmith","The Senshi"],"gold_per_floor":[118,193,193,41,41,41,67,77,77,89,9,9,27,38,38,135,135,149,160,172,172,172,199,217,217,217,250,266,292,382,411,411,516,516,534,563,579,629,647,673,673,693,702,270,303,303,344,355,355,355,355,355,16,41,41],"floor_reached":56,"language":"ENG","playtime":3776,"items_purged":["TheCursedMod:Strike_TheCursed","TheCursedMod:Strike_TheCursed"],"score":1939,"play_id":"78ceb520-91e8-4e3a-ac61-e778ffad4b5b","local_time":"20210128163351","is_ascension_mode":true,"campfire_choices":[{"data":"TheCursedMod:CursedWand","floor":6.0,"key":"SMITH"},{"data":"TheCursedMod:ShockAndAwe","floor":12.0,"key":"SMITH"},{"data":"TheCursedMod:CursedRelics","floor":15.0,"key":"SMITH"},{"data":"TheCursedMod:AntiAging","floor":25.0,"key":"SMITH"},{"data":"TheCursedMod:StingEye","floor":32,"key":"SMITH"},{"floor":41,"key":"RECALL"},{"data":"TheCursedMod:OutForBlood","floor":46,"key":"SMITH"},{"data":"TheCursedMod:ReleasedStrength","floor":49,"key":"SMITH"},{"data":"TheCursedMod:LuckyCharm","floor":52,"key":"SMITH"}],"circlet_count":0,"master_deck":["TheCursedMod:Strike_TheCursed+1","TheCursedMod:Strike_TheCursed+1","TheCursedMod:Defend_TheCursed","TheCursedMod:Defend_TheCursed","TheCursedMod:Defend_TheCursed","TheCursedMod:Defend_TheCursed","TheCursedMod:CursedWand+1","TheCursedMod:CleanUpWorkshop","TheCursedMod:Dregs","TheCursedMod:SpitefulPlan+1","TheCursedMod:ShockAndAwe+1","TheCursedMod:SmokeScreen","TheCursedMod:CursedArmor","TheCursedMod:CircleOfBlood","TheCursedMod:CursedRelics+1","TheCursedMod:StingEye+1","TheCursedMod:ReleasedStrength+1","TheCursedMod:BlessingInDisguise","TheCursedMod:AntiAging+1","TheCursedMod:PrepareRite+1","TheCursedMod:CursedSpellbook","TheCursedMod:LuckyCharm","TheCursedMod:CursedSpellbook","TheCursedMod:CursedAmulet+1","TheCursedMod:CursedShiv+1","TheCursedMod:DemonSword","TheCursedMod:LuckyCharm+1","TheCursedMod:OutForBlood+1","CurseOfTheBell","TheCursedMod:SurpriseAttack+1","TheCursedMod:RapidMovement+1","TheCursedMod:BlessingInDisguise+1","TheSimpletonMod:Nettles","TheCursedMod:HellfireBreathing","TheCursedMod:CursedBoomerang"],"relics":["TheCursedMod:BlackMagic101","NeowsBlessing","Omamori","sneckomod:BlankCard","Nunchaku","Prayer Wheel","Cursed Key","Juzu Bracelet","MutagenicStrength","Blood Vial","Gremlin Horn","HollowMod:QueensCombRelic","Mercury Hourglass","Toy Ornithopter","Calling Bell","CeramicFish","Blue Candle","Shovel","TungstenRod","MealTicket","TheAbacus","Whetstone","Runesmith:Nanobots","theSenshi:SailorFukuRelic","StrikeDummy","Guardian:PocketSentry"],"acts_visited":["Exordium","TheCity","TheBeyond","TheEnding"],"potions_floor_usage":[28,31,33,47,47,55,55],"damage_taken":[{"damage":0.0,"enemies":"Small Slimes","floor":1.0,"turns":1.0},{"damage":0.0,"enemies":"3 Sentries","floor":7.0,"turns":2.0},{"damage":0.0,"enemies":"2 Louse","floor":8.0,"turns":1.0},{"damage":9.0,"enemies":"Jaw Worm","floor":10.0,"turns":2.0},{"damage":6.0,"enemies":"Exordium Thugs","floor":13.0,"turns":5.0},{"damage":0.0,"enemies":"Exordium Wildlife","floor":14.0,"turns":3.0},{"damage":22.0,"enemies":"Slime Boss","floor":16.0,"turns":8.0},{"damage":0.0,"enemies":"Chosen","floor":18.0,"turns":4.0},{"damage":7.0,"enemies":"2 Thieves","floor":19.0,"turns":5.0},{"damage":15.0,"enemies":"Chosen and Byrds","floor":20.0,"turns":7.0},{"damage":0.0,"enemies":"HollowMod:Nosk","floor":23.0,"turns":7.0},{"damage":9.0,"enemies":"Snake Plant","floor":24.0,"turns":6.0},{"damage":8.0,"enemies":"Slavers","floor":27.0,"turns":6.0},{"damage":0,"enemies":"Cultist and Chosen","floor":28,"turns":4},{"damage":20,"enemies":"Book of Stabbing","floor":29,"turns":5},{"damage":0,"enemies":"Gremlin Leader","floor":31,"turns":6},{"damage":17,"enemies":"Champ","floor":33,"turns":12},{"damage":1,"enemies":"Orb Walker","floor":35,"turns":3},{"damage":0,"enemies":"3 Shapes","floor":36,"turns":4},{"damage":2,"enemies":"Sphere and 2 Shapes","floor":37,"turns":5},{"damage":0,"enemies":"Mind Bloom Boss Battle","floor":38,"turns":4},{"damage":0,"enemies":"Maw","floor":39,"turns":6},{"damage":0,"enemies":"Giant Head","floor":40,"turns":9},{"damage":0,"enemies":"4 Shapes","floor":42,"turns":5},{"damage":14,"enemies":"Nemesis","floor":45,"turns":9},{"damage":27,"enemies":"Reptomancer","floor":47,"turns":7},{"damage":0,"enemies":"Spire Growth","floor":48,"turns":5},{"damage":54,"enemies":"Awakened One","floor":50,"turns":12},{"damage":8,"enemies":"Shield and Spear","floor":54,"turns":8},{"damage":50,"enemies":"The Heart","floor":55,"turns":6}],"seed_played":"-2343476426852866913","potions_obtained":[{"floor":8.0,"key":"SkillPotion"},{"floor":10.0,"key":"GamblersBrew"},{"floor":13.0,"key":"Energy Potion"},{"floor":19.0,"key":"DistilledChaos"},{"floor":20.0,"key":"Explosive Potion"},{"floor":31,"key":"Weak Potion"},{"floor":33,"key":"Dexterity Potion"},{"floor":35,"key":"champ:CounterPotion"},{"floor":47,"key":"FearPotion"}],"is_trial":false,"path_per_floor":["M","?","?","$","?","R","E","M","T","M","$","R","M","M","R","B",null,"M","M","M","?","?","E","M","R","T","E","M","E","?","E","R","B",null,"M","M","M","?","M","E","R","M","T","$","E","R","E","M","R","B",null,"R","$","E","B",null],"character_chosen":"THE_CURSED","items_purchased":["sneckomod:BlankCard","TheCursedMod:CursedRelics","TheCursedMod:HellfireBreathing","TheAbacus","Whetstone","StrikeDummy"],"campfire_rested":0,"item_purchase_floors":[4,11,44,44,44,53],"current_hp_per_floor":[68,57,39,39,39,39,39,39,39,30,30,30,26,28,28,10,59,63,62,53,53,53,55,50,50,50,53,61,44,19,48,48,47,64,72,76,77,79,82,85,85,88,88,88,77,77,67,94,94,46,87,87,100,95,58],"gold":41,"neow_bonus":"THREE_ENEMY_KILL","is_daily":false,"chose_seed":false,"campfire_upgraded":8,"win_rate":0.0,"timestamp":1611844431,"path_taken":["M","?","?","$","?","R","E","M","T","M","?","R","M","M","R","BOSS","M","M","M","?","?","E","M","R","T","E","M","E","?","E","R","BOSS","M","M","M","?","M","E","R","M","T","$","E","R","E","M","R","BOSS","R","$","E","BOSS"],"items_purchased_type":["Relic","Card","Card","Relic","Relic","Relic"],"build_version":"2020-12-22","purchased_purges":2,"victory":true,"max_hp_per_floor":[75,75,75,75,75,75,75,75,75,75,75,75,75,75,75,75,75,77,79,81,81,81,83,85,85,85,58,61,64,64,67,67,70,70,73,76,79,79,82,85,85,88,88,88,91,91,94,97,97,100,100,100,100,103,103],"card_choices":[{"not_picked":["TheCursedMod:WearCloak","TheCursedMod:CursedAmulet"],"picked":"TheCursedMod:SpitefulPlan","floor":1.0},{"not_picked":["TheCursedMod:SpitefulStrike","TheCursedMod:CursedAmulet"],"picked":"TheCursedMod:ShockAndAwe","floor":7.0},{"not_picked":["TheCursedMod:CursedBlade","TheCursedMod:VitalStrike"],"picked":"TheCursedMod:SmokeScreen","floor":8.0},{"not_picked":["TheCursedMod:Stigma","TheCursedMod:RavingStaff"],"picked":"TheCursedMod:CursedArmor","floor":10.0},{"not_picked":["TheCursedMod:CursedArmor","TheCursedMod:Stigma"],"picked":"TheCursedMod:CircleOfBlood","floor":10.0},{"not_picked":["TheCursedMod:Obscuration","TheCursedMod:HellsGateOpen"],"picked":"TheCursedMod:StingEye","floor":13.0},{"not_picked":["TheCursedMod:WearCloak","TheCursedMod:SurpriseAttack"],"picked":"TheCursedMod:ReleasedStrength","floor":13.0},{"not_picked":["TheCursedMod:WearCloak","TheCursedMod:CircleOfWindfury"],"picked":"TheCursedMod:BlessingInDisguise","floor":14.0},{"not_picked":["TheCursedMod:CircleOfCorruption","TheCursedMod:TacticalStrike","TheCursedMod:CircleOfWindfury"],"picked":"SKIP","floor":14.0},{"not_picked":["TheCursedMod:DemonicPact","TheCursedMod:CursedRelics"],"picked":"TheCursedMod:AntiAging","floor":16.0},{"not_picked":["TheCursedMod:SpitefulStrike","TheCursedMod:Torture"],"picked":"TheCursedMod:PrepareRite+1","floor":18.0},{"not_picked":["TheCursedMod:SpitefulStrike","TheCursedMod:Obscuration"],"picked":"TheCursedMod:CursedSpellbook","floor":18.0},{"not_picked":["TheCursedMod:Obscuration","TheCursedMod:WearCloak"],"picked":"TheCursedMod:LuckyCharm","floor":19.0},{"not_picked":["TheCursedMod:Stigma","TheCursedMod:CircleOfFlame","TheCursedMod:BloodBarrier"],"picked":"SKIP","floor":19.0},{"not_picked":["TheCursedMod:Torture+1","TheCursedMod:VitalStrike+1"],"picked":"TheCursedMod:CursedSpellbook","floor":20.0},{"not_picked":["TheCursedMod:CircleOfCorruption","TheCursedMod:RapidMovement"],"picked":"TheCursedMod:CursedAmulet+1","floor":20.0},{"not_picked":["TheCursedMod:BlessingInDisguise","TheCursedMod:WearCloak"],"picked":"TheCursedMod:CursedShiv+1","floor":23.0},{"not_picked":["TheCursedMod:CursedMace","TheCursedMod:FleshFromBone","TheCursedMod:CircleOfFlame"],"picked":"SKIP","floor":24.0},{"not_picked":["TheCursedMod:AbyssShockwave","TheCursedMod:SpitefulPlan","TheCursedMod:SmokeScreen"],"picked":"SKIP","floor":24.0},{"not_picked":["TheCursedMod:Mangle","TheCursedMod:SpitefulStrike","TheCursedMod:CircleOfAmplification+1"],"picked":"SKIP","floor":27.0},{"not_picked":["TheCursedMod:ReleasedStrength","TheCursedMod:CircleOfCorruption+1"],"picked":"TheCursedMod:DemonSword","floor":28},{"not_picked":["TheCursedMod:TacticalStrike","TheCursedMod:RavingStaff","TheCursedMod:WearCloak"],"picked":"SKIP","floor":28},{"not_picked":["TheCursedMod:CursedShiv","TheCursedMod:Torture+1","TheCursedMod:ManaCirculation"],"picked":"SKIP","floor":29},{"not_picked":["TheCursedMod:CursedAmulet","TheCursedMod:BloodBarrier"],"picked":"TheCursedMod:LuckyCharm","floor":31},{"not_picked":["TheCursedMod:ParallelWorld","TheCursedMod:ForbiddenAlchemy"],"picked":"TheCursedMod:OutForBlood","floor":33},{"not_picked":["TheCursedMod:CursedMace","TheCursedMod:SmokeScreen+1","TheCursedMod:UltimatePain"],"picked":"SKIP","floor":35},{"not_picked":["TheCursedMod:CircleOfCorruption+1","TheCursedMod:CursedBlade","TheCursedMod:CursedAmulet"],"picked":"SKIP","floor":35},{"not_picked":["TheCursedMod:CursedAmulet","TheCursedMod:AbyssShockwave"],"picked":"TheCursedMod:SurpriseAttack+1","floor":36},{"not_picked":["TheCursedMod:SmokeScreen+1","TheCursedMod:WearCloak+1"],"picked":"TheCursedMod:RapidMovement+1","floor":36},{"not_picked":["TheCursedMod:WearCloak","TheCursedMod:Mangle+1","TheCursedMod:CursedMace+1"],"picked":"SKIP","floor":37},{"not_picked":["TheCursedMod:Stretching","TheCursedMod:Wield+1","TheCursedMod:UltimatePain"],"picked":"SKIP","floor":37},{"not_picked":["TheCursedMod:SurpriseAttack+1","TheCursedMod:ReleasedKnowledge+1","TheCursedMod:Wield+1"],"picked":"SKIP","floor":39},{"not_picked":["TheCursedMod:RapidMovement","TheCursedMod:BloodBarrier+1","TheCursedMod:CursedShiv+1"],"picked":"SKIP","floor":39},{"not_picked":["TheCursedMod:Wield+1","TheCursedMod:CircleOfFlame","TheCursedMod:VitalStrike"],"picked":"SKIP","floor":40},{"not_picked":["TheCursedMod:CursedMace","TheCursedMod:HellsGateOpen"],"picked":"TheCursedMod:BlessingInDisguise+1","floor":42},{"not_picked":["TheCursedMod:FuryStrike+1","TheCursedMod:BlessingInDisguise","TheCursedMod:CircleOfAmplification"],"picked":"SKIP","floor":42},{"not_picked":["TheCursedMod:HellfireBreathing","TheCursedMod:CursedStaff+1","TheCursedMod:CursedAmulet"],"picked":"SKIP","floor":45},{"not_picked":["TheCursedMod:SmokeScreen","TheCursedMod:ForbiddenAlchemy"],"picked":"TheCursedMod:CursedBoomerang","floor":47},{"not_picked":["TheCursedMod:SmokeScreen","TheCursedMod:HellsGateOpen+1","TheCursedMod:CircleOfFlame+1"],"picked":"SKIP","floor":48},{"not_picked":["TheCursedMod:SurpriseAttack","TheCursedMod:TacticalStrike","TheCursedMod:Mangle"],"picked":"SKIP","floor":48},{"not_picked":["TheCursedMod:CircleOfFlame+1","TheCursedMod:CircleOfFocus+1","TheCursedMod:Grudge"],"picked":"SKIP","floor":54}],"player_experience":2978666,"relics_obtained":[{"floor":7.0,"key":"Nunchaku"},{"floor":9.0,"key":"Prayer Wheel"},{"floor":23.0,"key":"Blood Vial"},{"floor":26.0,"key":"Gremlin Horn"},{"floor":27.0,"key":"HollowMod:QueensCombRelic"},{"floor":29,"key":"Mercury Hourglass"},{"floor":31,"key":"Toy Ornithopter"},{"floor":34,"key":"CeramicFish"},{"floor":34,"key":"Blue Candle"},{"floor":34,"key":"Shovel"},{"floor":38,"key":"TungstenRod"},{"floor":40,"key":"MealTicket"},{"floor":45,"key":"Runesmith:Nanobots"},{"floor":47,"key":"theSenshi:SailorFukuRelic"},{"floor":54,"key":"Guardian:PocketSentry"}],"event_choices":[{"damage_healed":0.0,"max_hp_gain":0.0,"max_hp_loss":0.0,"gold_gain":75.0,"event_name":"World of Goop","player_choice":"Gather Gold","floor":2.0,"gold_loss":0.0,"damage_taken":11.0},{"damage_healed":0.0,"max_hp_gain":0.0,"max_hp_loss":0.0,"gold_gain":0.0,"event_name":"Scrap Ooze","player_choice":"Success","floor":3.0,"gold_loss":0.0,"damage_taken":18.0,"relics_obtained":["Omamori"]},{"damage_healed":0.0,"max_hp_gain":0.0,"max_hp_loss":0.0,"gold_gain":0.0,"event_name":"Living Wall","player_choice":"Grow","floor":5.0,"gold_loss":0.0,"damage_taken":0.0,"cards_upgraded":["TheCursedMod:SpitefulPlan"]},{"damage_healed":0.0,"max_hp_gain":0.0,"max_hp_loss":0.0,"gold_gain":0.0,"event_name":"The Mausoleum","player_choice":"Opened","floor":21.0,"gold_loss":0.0,"damage_taken":0.0,"relics_obtained":["Juzu Bracelet"],"cards_obtained":["Writhe"]},{"damage_healed":0.0,"max_hp_gain":0.0,"max_hp_loss":0.0,"gold_gain":0.0,"event_name":"Drug Dealer","player_choice":"Inject Mutagens","floor":22.0,"gold_loss":0.0,"damage_taken":0.0,"relics_obtained":["MutagenicStrength"]},{"damage_healed":0,"gold_gain":90,"player_choice":"POTION POTION GOLD ","damage_taken":25,"max_hp_gain":0,"max_hp_loss":0,"event_name":"Knowing Skull","floor":30,"potions_obtained":["LiquidMemories","EssenceOfSteel"],"gold_loss":0,"cards_obtained":[]},{"damage_healed":0,"gold_gain":0,"player_choice":"Fight","damage_taken":0,"max_hp_gain":0,"max_hp_loss":0,"event_name":"MindBloom","floor":38,"gold_loss":0}],"is_beta":false,"boss_relics":[{"not_picked":["Runesmith:UraniumAnvil","Philosopher\u0027s Stone"],"picked":"Cursed Key"},{"not_picked":["Busted Crown","Black Star"],"picked":"Calling Bell"}],"items_purged_floors":[44,53],"is_endless":false,"potions_floor_spawned":[8,10,13,19,20,31,33,35,38,42,47],"ascension_level":8}}