{"host":"na09lpbrez4gbfiz","time":1611867257,"event":{"mods":["Act Like it!","BaseMod","BetterRewards","Colored Map","Colored Powertips","DeckTracker","Googly Eyes","Highlight Path","Minty Spire (QoL Compilation)","Quick Restart","Spicy Shops","StSLib","SuperFastMode","Synergy Search"],"gold_per_floor":[99,24,24,24,24,24,24,24,24,24,24,24,24,9,9,9,9,9,9,9,9,9,9,9],"floor_reached":23,"language":"ENG","playtime":485,"items_purged":["Strike_R"],"score":328,"play_id":"2c089bbf-b827-4301-a5d6-2f2877d238e8","local_time":"20210128215417","is_ascension_mode":true,"campfire_choices":[{"data":"True Grit","floor":6,"key":"SMITH"},{"data":"Rampage","floor":10,"key":"SMITH"},{"floor":13,"key":"REST"},{"data":"Bash","floor":15,"key":"SMITH"}],"circlet_count":0,"master_deck":["AscendersBane","Strike_R","Strike_R","Strike_R","Defend_R","Defend_R","Defend_R","Defend_R","Bash+1","Clash","True Grit+1","Clash","Rampage+1","Fiend Fire","True Grit","Shame"],"relics":["Ectoplasm","Matryoshka","Dream Catcher","Regal Pillow","Bag of Preparation","Runic Dome","Bird Faced Urn"],"acts_visited":["Exordium","TheCity"],"potions_floor_usage":[16],"damage_taken":[{"damage":0,"enemies":"Cultist","floor":1,"turns":3},{"damage":0,"enemies":"Small Slimes","floor":4,"turns":2},{"damage":3,"enemies":"2 Louse","floor":5,"turns":3},{"damage":37,"enemies":"3 Sentries","floor":7,"turns":11},{"damage":0,"enemies":"Exordium Wildlife","floor":8,"turns":2},{"damage":15,"enemies":"Lagavulin","floor":11,"turns":5},{"damage":15,"enemies":"Large Slime","floor":12,"turns":5},{"damage":1,"enemies":"Looter","floor":14,"turns":2},{"damage":38,"enemies":"Slime Boss","floor":16,"turns":7},{"damage":12,"enemies":"Shell Parasite","floor":18,"turns":3},{"damage":49,"enemies":"Slavers","floor":23,"turns":5}],"seed_played":"51045823337044180","potions_obtained":[{"floor":7,"key":"Ancient Potion"},{"floor":11,"key":"Fire Potion"}],"is_trial":false,"path_per_floor":["M","$","?","M","M","R","E","M","T","R","E","M","R","M","R","B",null,"M","?","$","?","?","E"],"character_chosen":"IRONCLAD","items_purchased":[],"campfire_rested":1,"item_purchase_floors":[],"current_hp_per_floor":[72,72,72,72,69,69,32,32,32,32,17,2,41,40,40,2,61,49,49,49,49,49,0,0],"gold":9,"neow_bonus":"BOSS_RELIC","is_daily":false,"chose_seed":false,"campfire_upgraded":3,"win_rate":0.0,"timestamp":1611867257,"path_taken":["M","?","?","M","M","R","E","M","T","R","E","M","R","?","R","BOSS","M","?","$","?","?","E"],"items_purchased_type":[],"build_version":"2020-12-22","purchased_purges":1,"victory":false,"max_hp_per_floor":[80,80,80,80,80,80,80,80,80,80,80,80,80,80,80,80,80,80,80,80,80,80,80,80],"card_choices":[{"not_picked":["Disarm","Feel No Pain"],"picked":"Clash","floor":1},{"not_picked":["Wild Strike","Uppercut"],"picked":"True Grit","floor":4},{"not_picked":["Iron Wave","Thunderclap","Rage"],"picked":"SKIP","floor":5},{"not_picked":["Flame Barrier","Iron Wave"],"picked":"Clash","floor":7},{"not_picked":["Flex","Inflame"],"picked":"Rampage","floor":8},{"not_picked":["Armaments","Power Through","Bloodletting"],"picked":"SKIP","floor":11},{"not_picked":["Wild Strike","Sword Boomerang","Flex"],"picked":"SKIP","floor":12},{"not_picked":["Clothesline","Havoc","Flame Barrier"],"picked":"SKIP","floor":14},{"not_picked":["Offering","Barricade"],"picked":"Fiend Fire","floor":16},{"not_picked":["Feel No Pain","Warcry"],"picked":"True Grit","floor":18}],"player_experience":195165,"relics_obtained":[{"floor":7,"key":"Matryoshka"},{"floor":9,"key":"Dream Catcher"},{"floor":9,"key":"Regal Pillow"},{"floor":11,"key":"Bag of Preparation"}],"event_choices":[{"damage_healed":0,"gold_gain":100,"player_choice":"Gold","damage_taken":0,"max_hp_gain":0,"max_hp_loss":0,"event_name":"Wheel of Change","floor":3,"gold_loss":0},{"cards_removed":["Strike_R"],"damage_healed":0,"gold_gain":0,"player_choice":"Elegance","damage_taken":0,"max_hp_gain":0,"max_hp_loss":0,"event_name":"Back to Basics","floor":19,"gold_loss":0},{"damage_healed":0,"gold_gain":0,"player_choice":"Stole Relic","damage_taken":0,"relics_obtained":["Bird Faced Urn"],"max_hp_gain":0,"max_hp_loss":0,"event_name":"Addict","floor":21,"gold_loss":0,"cards_obtained":["Shame"]},{"damage_healed":0,"gold_gain":99,"player_choice":"Stole From Cult","damage_taken":0,"max_hp_gain":0,"max_hp_loss":0,"event_name":"Nest","floor":22,"gold_loss":0}],"is_beta":false,"boss_relics":[{"not_picked":["Mark of Pain","Runic Cube"],"picked":"Runic Dome"}],"items_purged_floors":[2],"is_endless":false,"potions_floor_spawned":[7,11,14],"killed_by":"Slavers","ascension_level":13}}