{"host":"px2oznrenyeljk7o","time":1611867169,"event":{"mods":["100% Spire Juice","A Penny For Your Troubles","AchievementEnabler","Act Like it!","Arknights The Spire","BaseMod","Better Altar","Better Match","Better Note","Better Sensory Stone","Better Skull","Better Third Choice","ChefMod","Colored Map","Conspire","Curses Come First","Elementarium","Evolution","Fireblade Mod","Fox Events","Gensokyo","GifTheSpireLib","GungeonMod","Hermit","KinomotoSakuraMod(????)","Koishi","Lobotomy","LobotomyExtend","Marisa????????","Menagerie","Minty Spire (QoL Compilation)","Nova Terra(??·??)","Poor People Problems","Potionbrewer","Random Character Button","Rare Cards Sparkle","Reimu??????","Reliquary","Replay The Spire","Robot Space Explorer","Small Relic Pack","Somnambulant","Spicy Shops","StSLib","Stuff the Spire","The Administrix","The Alterego","The Animator","The Blackbeard","The Blue Laboratory","The Bug Knight","The Construct","The Cursed","The Death Knight","The Disciple","The Gatherer","The Hayseed","The Hierophant","The Jungle","The Marked","The Runesmith","The Servant 0.9.4","TheWitcher","WarShipGirlsR/????R mod","Wide Potions","Yakumo Yukari mod","Yuri Mod","everything is the same but u backflip on backflip","slay the spire mod where everything is the same but ironclad has a cowboy hat","??????REMEMod"],"gold_per_floor":[117,137,137,182,182,182,36,36,66,66,66,113,124,124,158,93,93,191,191,202,11,11,31,46,46,63,63,86,105,130,130,141,15,15,118,118,136,148,148,15,27,27,27,27,53,16,16,16,33,33,33,33],"floor_reached":53,"language":"ENG","playtime":5663,"items_purged":[],"score":640,"play_id":"0862ff32-316d-4d41-84c6-80b47bdacecb","local_time":"20210128215249","is_ascension_mode":false,"campfire_choices":[{"floor":8.0,"key":"REST"},{"floor":10.0,"key":"REST"},{"floor":17.0,"key":"REST"},{"floor":25.0,"key":"REST"},{"floor":27.0,"key":"REST"},{"floor":34.0,"key":"REST"},{"floor":42,"key":"REST"},{"floor":44,"key":"REST"},{"floor":48,"key":"REST"},{"floor":51,"key":"REST"}],"circlet_count":0,"master_deck":["RobotSpaceExplorer:Strike","RobotSpaceExplorer:Strike","RobotSpaceExplorer:Strike","RobotSpaceExplorer:Strike","RobotSpaceExplorer:Defend+1","RobotSpaceExplorer:Defend","RobotSpaceExplorer:Defend","RobotSpaceExplorer:Defend","RobotSpaceExplorer:Scan","RobotSpaceExplorer:MiniLasers","Moonworks:Encore","RobotSpaceExplorer:ScrapShield","RobotSpaceExplorer:ImprovisedAttack","RobotSpaceExplorer:MiniDrones","RobotSpaceExplorer:MiniBoosters","RobotSpaceExplorer:TrailblazerForm","RobotSpaceExplorer:StarLightning","RobotSpaceExplorer:ShovelStrike","RobotSpaceExplorer:IronShell","RobotSpaceExplorer:ShockMissile+1","RobotSpaceExplorer:Asteroid","RobotSpaceExplorer:Probe","RobotSpaceExplorer:ScrapMissile","RobotSpaceExplorer:MiniDrones+1","RobotSpaceExplorer:MetalStrike","RobotSpaceExplorer:StarLightning","RobotSpaceExplorer:StunGrenade","RobotSpaceExplorer:GlueShot","RobotSpaceExplorer:FrostMissile","RobotSpaceExplorer:FrostMissile","RobotSpaceExplorer:SurgingStrike+1","RobotSpaceExplorer:SelfCleaning","RobotSpaceExplorer:Discharger+1","RobotSpaceExplorer:Jetpack","RobotSpaceExplorer:MiniDrones+1","RobotSpaceExplorer:BigMissile","RobotSpaceExplorer:SurgingShield+1","RobotSpaceExplorer:Ammunition","RobotSpaceExplorer:Pulsar","RobotSpaceExplorer:Pulsar","RobotSpaceExplorer:Fix+1","RobotSpaceExplorer:StunGrenade","Gensokyo:BrilliantDragonBullet","RobotSpaceExplorer:LaserBurst+1"],"relics":["RobotSpaceExplorer:RoboCore","EVO:Axolotl","REME_ComplimentaryCards","HollowMod:PaleOreRelic","LetterFromLob","reliquary:TatteredRug","StuffTheSpire:Tea","RobotSpaceExplorer:FoglandsKnife","reliquary:Ember","ClockworkSouvenir","Dream Catcher","Potion Belt","Gensokyo:ConquerorOfFear","construct:WeddingRing","PreservedInsect"],"acts_visited":["Exordium","Gensokyo:Gensokyo","Gensokyo:Gensokyoer"],"potions_floor_usage":[49,52],"damage_taken":[{"damage":0.0,"enemies":"Gensokyo:3_Fairies","floor":1.0,"turns":5.0},{"damage":1.0,"enemies":"Gensokyo:Gryphon","floor":2.0,"turns":5.0},{"damage":1.0,"enemies":"Gensokyo:Python","floor":4.0,"turns":5.0},{"damage":23.0,"enemies":"Gensokyo:Aya","floor":9.0,"turns":10.0},{"damage":13.0,"enemies":"Gensokyo:Kitsune","floor":12.0,"turns":5.0},{"damage":5.0,"enemies":"Gensokyo:VengefulSpirit","floor":13.0,"turns":7.0},{"damage":19.0,"enemies":"Gensokyo:Cirno","floor":15.0,"turns":8.0},{"damage":10.0,"enemies":"Gensokyo:Yukari","floor":18.0,"turns":11.0},{"damage":11.0,"enemies":"Gensokyo:CosmicMonolith","floor":20.0,"turns":3.0},{"damage":25.0,"enemies":"Gensokyo:3_Dogs","floor":23.0,"turns":4.0},{"damage":7.0,"enemies":"Gensokyo:Swordslinger","floor":24.0,"turns":4.0},{"damage":13.0,"enemies":"Gensokyo:Wraith","floor":26.0,"turns":5.0},{"damage":12.0,"enemies":"Gensokyo:Slime_Group","floor":29.0,"turns":4.0},{"damage":23.0,"enemies":"Gensokyo:3_Gloops","floor":32.0,"turns":5.0},{"damage":23.0,"enemies":"Gensokyo:Kaguya","floor":35.0,"turns":9.0},{"damage":27.0,"enemies":"Gensokyo:3_Boulders","floor":37.0,"turns":4.0},{"damage":14.0,"enemies":"Gensokyo:3_Bats","floor":38.0,"turns":5.0},{"damage":12.0,"enemies":"Gensokyo:3_Boulders","floor":41.0,"turns":5.0},{"damage":9,"enemies":"Gensokyo:SeedOfUnknown","floor":49,"turns":6},{"damage":64,"enemies":"Gensokyo:Shinki","floor":52,"turns":14}],"seed_played":"6897843985344482746","potions_obtained":[{"floor":2.0,"key":"REME_GoldPotion"},{"floor":9.0,"key":"REME_GoldPotion"},{"floor":13.0,"key":"Adrenaline Potion"},{"floor":15.0,"key":"potionbrewer:FreezingPotion"},{"floor":20.0,"key":"BlessingOfTheForge"},{"floor":23.0,"key":"FearPotion"},{"floor":32.0,"key":"blueLaboratory:FrostheartPotion"},{"floor":38.0,"key":"Weak Potion"},{"floor":49,"key":"Reflective Coating"}],"is_trial":false,"path_per_floor":["M","M","?","M","PTL","PTL","$","R","E","R","T","M","M","M","E","COS","R","B",null,"M","COS","?","M","M","R","M","R","T","M","T","?","M","$","R","B",null,"M","M","?","$","M","R","?","R","T","$","?","R","M","?","R","B",null],"character_chosen":"RobotSpaceExplorer","items_purchased":["reliquary:TatteredRug","RobotSpaceExplorer:MiniBoosters","RobotSpaceExplorer:GlueShot","RobotSpaceExplorer:FrostMissile","RobotSpaceExplorer:Jetpack","RobotSpaceExplorer:MiniDrones+1","RobotSpaceExplorer:Pulsar"],"campfire_rested":10,"item_purchase_floors":[7,7,33,33,40,40,46],"current_hp_per_floor":[75,74,61,60,60,60,60,75,52,74,74,61,56,56,37,37,59,49,75,64,64,68,43,36,58,45,67,67,55,55,55,32,32,54,31,75,48,34,34,34,22,44,44,66,66,66,66,75,72,72,75,23],"gold":33,"neow_bonus":"RANDOM_COMMON_RELIC","is_daily":false,"chose_seed":false,"campfire_upgraded":0,"win_rate":0.0,"timestamp":1611867169,"path_taken":["M","M","?","?","PTL","PTL","$","R","E","R","T","M","M","M","E","COS","R","BOSS","M","COS","?","M","?","R","M","R","T","M","?","?","M","?","R","BOSS","M","M","?","$","M","R","?","R","T","?","?","R","M","?","R","BOSS"],"items_purchased_type":["Relic","Card","Card","Card","Card","Card","Card"],"build_version":"2020-12-22","purchased_purges":0,"victory":true,"max_hp_per_floor":[75,75,75,75,75,75,75,75,75,75,75,75,75,75,75,75,75,75,75,75,75,75,75,75,75,75,75,75,75,75,75,75,75,75,75,75,75,75,75,75,75,75,75,75,75,75,75,75,75,75,75,75],"card_choices":[{"not_picked":["RobotSpaceExplorer:FranticSearch","RobotSpaceExplorer:ShockKick"],"picked":"RobotSpaceExplorer:ScrapShield","floor":1.0},{"not_picked":["RobotSpaceExplorer:GlueShot","RobotSpaceExplorer:Ammunition"],"picked":"RobotSpaceExplorer:ImprovisedAttack","floor":2.0},{"not_picked":["RobotSpaceExplorer:Counterblock","RobotSpaceExplorer:ShockKick"],"picked":"RobotSpaceExplorer:MiniDrones","floor":4.0},{"not_picked":["RobotSpaceExplorer:SurgingStrike","RobotSpaceExplorer:Pulsar"],"picked":"RobotSpaceExplorer:TrailblazerForm","floor":9.0},{"not_picked":["RobotSpaceExplorer:StunGrenade","RobotSpaceExplorer:Ammunition"],"picked":"RobotSpaceExplorer:StarLightning","floor":12.0},{"not_picked":["RobotSpaceExplorer:SurgingShield","RobotSpaceExplorer:Probe"],"picked":"RobotSpaceExplorer:ShovelStrike","floor":13.0},{"not_picked":["RobotSpaceExplorer:Ammunition","RobotSpaceExplorer:FreezeRay"],"picked":"RobotSpaceExplorer:IronShell","floor":15.0},{"not_picked":["RobotSpaceExplorer:Autoloader+1","RobotSpaceExplorer:Arsenal+1"],"picked":"RobotSpaceExplorer:ShockMissile+1","floor":18.0},{"not_picked":["RobotSpaceExplorer:BlastShield","RobotSpaceExplorer:Scanner"],"picked":"RobotSpaceExplorer:Asteroid","floor":18.0},{"not_picked":["RobotSpaceExplorer:ScrapShield+1","RobotSpaceExplorer:Blitz+1"],"picked":"RobotSpaceExplorer:Probe","floor":20.0},{"not_picked":["RobotSpaceExplorer:SlimeMissile","RobotSpaceExplorer:FrostMissile"],"picked":"RobotSpaceExplorer:ScrapMissile","floor":23.0},{"not_picked":["RobotSpaceExplorer:BigMissile","RobotSpaceExplorer:SlimeMissile"],"picked":"RobotSpaceExplorer:MiniDrones+1","floor":24.0},{"not_picked":["RobotSpaceExplorer:Arsenal","RobotSpaceExplorer:SlimeMissile"],"picked":"RobotSpaceExplorer:MetalStrike","floor":26.0},{"not_picked":["RobotSpaceExplorer:MiniDrones+1","RobotSpaceExplorer:ImprovisedAttack"],"picked":"RobotSpaceExplorer:StarLightning","floor":29.0},{"not_picked":["RobotSpaceExplorer:Probe","RobotSpaceExplorer:FranticSearch+1"],"picked":"RobotSpaceExplorer:StunGrenade","floor":32.0},{"not_picked":["RobotSpaceExplorer:FreezeRay","RobotSpaceExplorer:HighVoltage"],"picked":"RobotSpaceExplorer:SurgingStrike+1","floor":34.0},{"not_picked":["RobotSpaceExplorer:ShockKick+1","RobotSpaceExplorer:ScrapMissile+1"],"picked":"RobotSpaceExplorer:SelfCleaning","floor":37.0},{"not_picked":["RobotSpaceExplorer:Counterblock+1","RobotSpaceExplorer:FrostMissile"],"picked":"RobotSpaceExplorer:Discharger+1","floor":38.0},{"not_picked":["RobotSpaceExplorer:ScrapMissile","RobotSpaceExplorer:MiniDrones"],"picked":"RobotSpaceExplorer:BigMissile","floor":41.0},{"not_picked":["RobotSpaceExplorer:Jetpack","RobotSpaceExplorer:IronShell"],"picked":"RobotSpaceExplorer:SurgingShield+1","floor":42},{"not_picked":["RobotSpaceExplorer:ShovelStrike+1","RobotSpaceExplorer:Pulsar+1"],"picked":"RobotSpaceExplorer:Ammunition","floor":44},{"not_picked":["RobotSpaceExplorer:FrostMissile+1","RobotSpaceExplorer:MiniBoosters"],"picked":"RobotSpaceExplorer:Fix+1","floor":48},{"not_picked":["RobotSpaceExplorer:Electroshield+1","RobotSpaceExplorer:GearShield"],"picked":"RobotSpaceExplorer:StunGrenade","floor":49},{"not_picked":["Gensokyo:NewMoon","Gensokyo:EverlastingLife"],"picked":"Gensokyo:BrilliantDragonBullet","floor":50},{"not_picked":["RobotSpaceExplorer:StunGrenade+1","RobotSpaceExplorer:Pulsar+1"],"picked":"RobotSpaceExplorer:LaserBurst+1","floor":51}],"player_experience":539786,"relics_obtained":[{"floor":1.0,"key":"LetterFromLob"},{"floor":9.0,"key":"StuffTheSpire:Tea"},{"floor":15.0,"key":"RobotSpaceExplorer:FoglandsKnife"},{"floor":28.0,"key":"Dream Catcher"},{"floor":30.0,"key":"Potion Belt"},{"floor":32.0,"key":"Gensokyo:ConquerorOfFear"},{"floor":45,"key":"PreservedInsect"}],"event_choices":[{"damage_healed":0.0,"max_hp_gain":0.0,"max_hp_loss":0.0,"gold_gain":0.0,"event_name":"betterSkull:BetterSkull","player_choice":"UP ","floor":3.0,"gold_loss":0.0,"damage_taken":15.0,"cards_upgraded":["RobotSpaceExplorer:Defend"],"relics_obtained":[]},{"damage_healed":4.0,"max_hp_gain":0.0,"max_hp_loss":0.0,"gold_gain":0.0,"event_name":"betterSkull:BetterSkull","player_choice":"LEAVE ","floor":22.0,"gold_loss":0.0,"damage_taken":0.0,"cards_upgraded":[],"relics_obtained":[]}],"is_beta":false,"boss_relics":[{"not_picked":["Abe\u0027s Treasure","Replay:Grab Bag"],"picked":"reliquary:Ember"},{"not_picked":["StuffTheSpire:RunicConfusion","reliquary:WritOfMandamus"],"picked":"construct:WeddingRing"}],"items_purged_floors":[],"is_endless":false,"potions_floor_spawned":[2,9,13,15,20,23,32,38,49],"ascension_level":0}}