{"host":"nxnzcl474ro3ewbj","time":1611821043,"event":{"mods":["2.2 Compatiblity","Act Like it!","BaseMod","Better Third Choice","Better-Laid Plans","Colored Map","Custom Start","Highlight Path","Keyboard Shortcuts","Minty Spire (QoL Compilation)","Quick Restart","Rare Cards Sparkle","Relic Stats","Shop Mod","Slay the Relics Exporter","StSLib","SuperFastMode"],"gold_per_floor":[109,109,129,129,142,176,196,196,196,121,121,121,148,164,164,164,164],"floor_reached":16,"language":"KOR","playtime":295,"items_purged":["Strike_R"],"score":193,"play_id":"e35404a3-1f4f-464f-b066-e67dcb939497","local_time":"20210128170403","is_ascension_mode":true,"campfire_choices":[{"data":"Uppercut","floor":8.0,"key":"SMITH"},{"floor":15.0,"key":"REST"}],"circlet_count":0,"master_deck":["AscendersBane","Strike_R","Strike_R","Strike_R","Strike_R","Defend_R","Defend_R","Defend_R","Defend_R","Bash+1","Twin Strike","Fire Breathing+1","Evolve","Uppercut+1","Sword Boomerang","Shrug It Off"],"relics":["Burning Blood","Juzu Bracelet","Unceasing Top","Incense Burner","Ornamental Fan"],"acts_visited":["Exordium"],"potions_floor_usage":[16,16],"damage_taken":[{"damage":6.0,"enemies":"Cultist","floor":1.0,"turns":3.0},{"damage":0.0,"enemies":"Small Slimes","floor":3.0,"turns":4.0},{"damage":3.0,"enemies":"2 Louse","floor":5.0,"turns":3.0},{"damage":30.0,"enemies":"3 Sentries","floor":6.0,"turns":6.0},{"damage":34.0,"enemies":"Blue Slaver","floor":7.0,"turns":5.0},{"damage":28.0,"enemies":"Lagavulin","floor":13.0,"turns":6.0},{"damage":17.0,"enemies":"Large Slime","floor":14.0,"turns":4.0},{"damage":53,"enemies":"The Guardian","floor":16,"turns":13}],"seed_played":"5097110688342923261","potions_obtained":[{"floor":5.0,"key":"PowerPotion"},{"floor":7.0,"key":"Block Potion"},{"floor":13.0,"key":"Regen Potion"}],"is_trial":false,"path_per_floor":["M","?","M","?","M","E","M","R","T","$","?","?","E","M","R","B"],"character_chosen":"IRONCLAD","items_purchased":[],"campfire_rested":1,"item_purchase_floors":[],"current_hp_per_floor":[68,63,69,69,72,48,20,20,20,20,20,45,23,12,34,0,0],"gold":164,"neow_bonus":"UPGRADE_CARD","is_daily":false,"chose_seed":false,"campfire_upgraded":1,"win_rate":0.0,"timestamp":1611821043,"path_taken":["M","?","M","?","M","E","M","R","T","$","?","?","E","M","R","BOSS"],"items_purchased_type":[],"build_version":"2020-12-22","purchased_purges":1,"victory":false,"max_hp_per_floor":[75,75,75,75,75,75,75,75,75,75,75,75,75,75,75,75,75],"relic_stats":{"counters":[8,44],"Ornamental Fan":[12],"Juzu Bracelet":0,"obtain_stats":[{"Ornamental Fan":13,"Juzu Bracelet":2,"Incense Burner":9,"Burning Blood":0,"Unceasing Top":6},{"Ornamental Fan":6,"Juzu Bracelet":1,"Incense Burner":5,"Burning Blood":0,"Unceasing Top":4},{"Ornamental Fan":27,"Juzu Bracelet":3,"Incense Burner":21,"Burning Blood":0,"Unceasing Top":16}],"Burning Blood":42,"Unceasing Top":[0]},"card_choices":[{"not_picked":["Heavy Blade","Body Slam","Blood for Blood"],"picked":"SKIP","floor":1.0},{"not_picked":["Ghostly Armor","Bloodletting"],"picked":"Twin Strike","floor":3.0},{"not_picked":["Flame Barrier","Headbutt"],"picked":"Fire Breathing","floor":5.0},{"not_picked":["Infernal Blade","Clash"],"picked":"Evolve","floor":6.0},{"not_picked":["Headbutt","Heavy Blade"],"picked":"Uppercut","floor":7.0},{"not_picked":["Wild Strike","Anger"],"picked":"Sword Boomerang","floor":13.0},{"not_picked":["Iron Wave","Anger"],"picked":"Shrug It Off","floor":14.0}],"player_experience":78243,"relics_obtained":[{"floor":6.0,"key":"Unceasing Top"},{"floor":9.0,"key":"Incense Burner"},{"floor":13.0,"key":"Ornamental Fan"}],"event_choices":[{"damage_healed":0.0,"max_hp_gain":0.0,"max_hp_loss":0.0,"gold_gain":0.0,"event_name":"betterThird:BetterScrap","player_choice":"Relic ","floor":2.0,"gold_loss":0.0,"damage_taken":5.0,"cards_obtained":["Tempest"]},{"damage_healed":0.0,"max_hp_gain":0.0,"max_hp_loss":0.0,"gold_gain":0.0,"event_name":"betterThird:BetterSerpent","player_choice":"Ignored","floor":4.0,"gold_loss":0.0,"damage_taken":129.0},{"damage_healed":0.0,"max_hp_gain":0.0,"max_hp_loss":0.0,"gold_gain":0.0,"event_name":"Living Wall","player_choice":"Grow","floor":11.0,"gold_loss":0.0,"damage_taken":0.0,"cards_upgraded":["Fire Breathing"]},{"damage_healed":25.0,"max_hp_gain":0.0,"max_hp_loss":0.0,"gold_gain":0.0,"event_name":"Big Fish","player_choice":"Banana","floor":12.0,"gold_loss":0.0,"damage_taken":0.0}],"is_beta":false,"boss_relics":[],"items_purged_floors":[10],"is_endless":false,"potions_floor_spawned":[5,7,13],"killed_by":"The Guardian","ascension_level":15}}