{"host":"wwmqne3dwir10erh","time":1611876520,"event":{"mods":["BaseMod","Better Note","Hubris","Mimic Mod","Minty Spire (QoL Compilation)","Replay The Spire","StSLib"],"gold_per_floor":[111,142,153,166,181,208,208,241,241,260,273,288,363,373,373,474,474,493,493,505,296,313,348,361,393,393,393,147,160,160,171,171,276,276,293,308,10,10,21,48,48,48,78,108,158,158,158,177,177,206,206,206,206,206,59,91,91],"floor_reached":58,"language":"ENG","playtime":2596,"items_purged":["Strike_G","Strike_G","Strike_G","Strike_G"],"score":1612,"play_id":"781106ee-fe10-4aab-af58-326fe4bbb512","local_time":"20210128182840","is_ascension_mode":true,"campfire_choices":[{"data":"ReplayTheSpireMod:Scrap Shanks","floor":7,"key":"SMITH"},{"data":"Accuracy","floor":15,"key":"SMITH"},{"data":"hubris:Sniper","floor":27,"key":"SMITH"},{"floor":32,"key":"RECALL"},{"data":"After Image","floor":41,"key":"SMITH"},{"data":"ReplayTheSpireMod:Scrap Shanks","floor":49,"key":"SMITH"},{"data":"ReplayTheSpireMod:Scrap Shanks","floor":51,"key":"SMITH"},{"data":"Malaise","floor":54,"key":"SMITH"}],"circlet_count":0,"master_deck":["Strike_G","Defend_G","Defend_G","Defend_G","Defend_G","Defend_G","Survivor","Neutralize","Dagger Spray","ReplayTheSpireMod:Scrap Shanks+1","Terror","Accuracy+1","hubris:Sniper+1","ReplayTheSpireMod:Scrap Shanks+1","Underhanded Strike","Malaise+1","Blade Dance+1","Deflect+1","Cloak And Dagger","Die Die Die","Hidden Blade","Replay:Bag of Tricks","ReplayTheSpireMod:Scrap Shanks+1","Venomology","Apotheosis+1","After Image+1","Infinite Blades","Finisher+1","Reflex+1","ReplayTheSpireMod:Scrap Shanks+1"],"relics":["Snecko Scales","Omamori","Snake Skull","Tiny Chest","Mercury Hourglass","ChewingGum","PreservedInsect","Membership Card","Toy Ornithopter","Letter Opener","Regal Pillow","Vajra","hubris:Backtick","Kunai","Replay:Wax Seal","ClockworkSouvenir","Replay:Mystery Machine","Nunchaku","hubris:SlimyHat","ReplayTheSpireMod:Ninjato","Pen Nib","BranchBurnRelic","Replay:Baseball","ReplayTheSpireMod:TigerMarble"],"acts_visited":["Exordium","TheCity","TheBeyond","TheEnding"],"potions_floor_usage":[16,25,31,37,40,48,48,50,52,52,57,57],"damage_taken":[{"damage":0,"enemies":"Cultist","floor":1,"turns":3},{"damage":0,"enemies":"Jaw Worm","floor":2,"turns":13},{"damage":0,"enemies":"Jaw Worm","floor":3,"turns":3},{"damage":2,"enemies":"2 Louse","floor":4,"turns":2},{"damage":8,"enemies":"Lots of Slimes","floor":5,"turns":2},{"damage":5,"enemies":"Lagavulin","floor":6,"turns":5},{"damage":4,"enemies":"3 Sentries","floor":8,"turns":3},{"damage":0,"enemies":"Blue Slaver","floor":10,"turns":2},{"damage":0,"enemies":"Red Slaver","floor":11,"turns":2},{"damage":0,"enemies":"2 Fungi Beasts","floor":12,"turns":2},{"damage":0,"enemies":"Lots of Slimes","floor":14,"turns":1},{"damage":1,"enemies":"The Guardian","floor":16,"turns":4},{"damage":0,"enemies":"Spheric Guardian","floor":18,"turns":2},{"damage":0,"enemies":"Chosen","floor":20,"turns":2},{"damage":0,"enemies":"Snecko","floor":22,"turns":2},{"damage":1,"enemies":"Gremlin Leader","floor":23,"turns":2},{"damage":7,"enemies":"Centurion and Healer","floor":24,"turns":2},{"damage":0,"enemies":"Replay:Snechameleon","floor":25,"turns":1},{"damage":5,"enemies":"Cultist and Chosen","floor":29,"turns":3},{"damage":0,"enemies":"Snecko","floor":31,"turns":2},{"damage":10,"enemies":"hubris:MusketHawk","floor":33,"turns":3},{"damage":0,"enemies":"3 Darklings","floor":35,"turns":2},{"damage":0,"enemies":"Orb Walker","floor":36,"turns":2},{"damage":4,"enemies":"Writhing Mass","floor":39,"turns":3},{"damage":0,"enemies":"Giant Head","floor":40,"turns":4},{"damage":0,"enemies":"Transient","floor":43,"turns":3},{"damage":0,"enemies":"Reptomancer","floor":44,"turns":1},{"damage":0,"enemies":"Transient","floor":48,"turns":3},{"damage":0,"enemies":"Giant Head","floor":50,"turns":2},{"damage":0,"enemies":"hubris:GrandSnecko","floor":52,"turns":4},{"damage":0,"enemies":"Shield and Spear","floor":56,"turns":2},{"damage":33,"enemies":"The Heart","floor":57,"turns":4}],"seed_played":"678575969467039422","potions_obtained":[{"floor":5,"key":"PowerPotion"},{"floor":6,"key":"LiquidMemories"},{"floor":10,"key":"CunningPotion"},{"floor":16,"key":"Dexterity Potion"},{"floor":22,"key":"PowerPotion"},{"floor":25,"key":"Fire Potion"},{"floor":39,"key":"DistilledChaos"},{"floor":48,"key":"Adrenaline Potion"},{"floor":50,"key":"SneckoOil"}],"is_trial":false,"path_per_floor":["M","MIM","M","M","M","E","R","E","T","M","M","M","?","M","R","B",null,"M","T","M","$","M","E","M","E","T","R","$","M","?","M","R","B",null,"M","M","$","?","M","E","R","T","MIM","E","?","PTL","PTL","M","R","E","R","B",null,"R","$","E","B",null],"character_chosen":"THE_SILENT","items_purchased":["Membership Card","Deflect+1","Vajra","ReplayTheSpireMod:Scrap Shanks","Venomology","Fruit Juice","Replay:Wax Seal","ClockworkSouvenir","Replay:Mystery Machine","Infinite Blades","Replay:Baseball"],"campfire_rested":0,"item_purchase_floors":[21,21,28,28,28,37,37,37,37,37,55],"current_hp_per_floor":[70,70,70,68,60,55,55,51,51,51,51,51,44,44,44,43,70,70,70,70,70,70,69,62,67,67,67,67,62,62,67,67,57,70,70,70,75,75,71,75,75,75,75,75,57,57,57,67,67,72,72,75,75,75,75,75,52],"gold":91,"neow_bonus":"BOSS_RELIC","is_daily":false,"chose_seed":false,"campfire_upgraded":7,"win_rate":0.0,"timestamp":1611876520,"path_taken":["M","?","M","M","M","E","R","E","T","M","M","?","?","?","R","BOSS","M","?","M","$","?","E","M","E","T","R","$","M","?","M","R","BOSS","M","M","$","?","M","E","R","?","MIM","E","?","PTL","PTL","M","R","E","R","BOSS","R","$","E","BOSS"],"items_purchased_type":["Relic","Card","Relic","Card","Card","Potion","Relic","Relic","Relic","Card","Relic"],"build_version":"2020-12-22","purchased_purges":4,"victory":true,"max_hp_per_floor":[70,70,70,70,70,70,70,70,70,70,70,70,70,70,70,70,70,70,70,70,70,70,70,70,70,70,70,70,70,70,70,70,70,70,70,70,75,75,75,75,75,75,75,75,75,75,75,75,75,75,75,75,75,75,75,75,75],"card_choices":[{"not_picked":["PiercingWail","Dagger Throw"],"picked":"Dagger Spray","floor":1},{"not_picked":["PiercingWail","Predator"],"picked":"ReplayTheSpireMod:Scrap Shanks","floor":2},{"not_picked":["Deadly Poison","hubris:Counter"],"picked":"Terror","floor":3},{"not_picked":["Envenom","Crippling Poison","Flying Knee"],"picked":"SKIP","floor":4},{"not_picked":["Terror","Sneak Up","All Out Attack"],"picked":"SKIP","floor":5},{"not_picked":["Acrobatics","Underhanded Strike"],"picked":"Accuracy","floor":6},{"not_picked":["Concentrate","Outmaneuver"],"picked":"hubris:Sniper","floor":8},{"not_picked":["Dash","Prepared"],"picked":"ReplayTheSpireMod:Scrap Shanks","floor":10},{"not_picked":["Hidden Blade","Blade Dance","Dagger Throw"],"picked":"SKIP","floor":11},{"not_picked":["Flying Knee","Heel Hook"],"picked":"Underhanded Strike","floor":12},{"not_picked":["Fluid Movement","Dash","Deflect"],"picked":"SKIP","floor":14},{"not_picked":["Doppelganger","Die Die Die"],"picked":"Malaise","floor":16},{"not_picked":["Slice","ReplayTheSpireMod:Exploit Weakness+1"],"picked":"Blade Dance","floor":18},{"not_picked":["Choke","Slice"],"picked":"Blade Dance+1","floor":20},{"not_picked":["Leg Sweep","Riddle With Holes+1"],"picked":"Cloak And Dagger","floor":22},{"not_picked":["Deadly Poison","Slice+1"],"picked":"Die Die Die","floor":23},{"not_picked":["ReplayTheSpireMod:Speed Training+1","Well Laid Plans"],"picked":"Hidden Blade","floor":24},{"not_picked":["Poisoned Stab+1","Blur"],"picked":"Replay:Bag of Tricks","floor":25},{"not_picked":["PiercingWail+1","Backflip","Flying Knee"],"picked":"SKIP","floor":29},{"not_picked":["Riddle With Holes+1","Dodge and Roll","Bane"],"picked":"SKIP","floor":31},{"not_picked":["Glass Knife","Burst"],"picked":"After Image","floor":33},{"not_picked":["Heel Hook","Backstab","Bane"],"picked":"SKIP","floor":35},{"not_picked":["Dagger Throw","Slice","Draining Mist"],"picked":"SKIP","floor":36},{"not_picked":["Well Laid Plans","Choke"],"picked":"Finisher+1","floor":39},{"not_picked":["Expertise","A Thousand Cuts","Bane+1"],"picked":"SKIP","floor":40},{"not_picked":["Sneak Up","hubris:Counter","Bane+1"],"picked":"SKIP","floor":44},{"not_picked":["Backflip","Crippling Poison"],"picked":"Reflex+1","floor":48},{"not_picked":["Masterful Stab+1","Heel Hook+1"],"picked":"ReplayTheSpireMod:Scrap Shanks+1","floor":50},{"not_picked":["Dash+1","hubris:Counter","Sucker Punch"],"picked":"SKIP","floor":56}],"player_experience":2120748,"relics_obtained":[{"floor":2,"key":"Omamori"},{"floor":6,"key":"Snake Skull"},{"floor":8,"key":"Tiny Chest"},{"floor":9,"key":"Mercury Hourglass"},{"floor":19,"key":"PreservedInsect"},{"floor":23,"key":"Toy Ornithopter"},{"floor":25,"key":"Letter Opener"},{"floor":26,"key":"Regal Pillow"},{"floor":40,"key":"Nunchaku"},{"floor":43,"key":"Dead Branch"},{"floor":44,"key":"hubris:SlimyHat"},{"floor":45,"key":"ReplayTheSpireMod:Ninjato"},{"floor":50,"key":"Pen Nib"},{"floor":56,"key":"ReplayTheSpireMod:TigerMarble"}],"event_choices":[{"damage_healed":0,"gold_gain":75,"player_choice":"Touch","damage_taken":7,"max_hp_gain":0,"max_hp_loss":0,"event_name":"FaceTrader","floor":13,"gold_loss":0},{"cards_removed":["Apotheosis"],"damage_healed":0,"gold_gain":0,"player_choice":"Take \u0026 Give","damage_taken":0,"max_hp_gain":0,"max_hp_loss":0,"event_name":"betterNote:BetterNote","floor":30,"gold_loss":0,"cards_obtained":["Apotheosis"]},{"cards_removed":["Blade Dance"],"damage_healed":0,"gold_gain":0,"player_choice":"Removed Skill","damage_taken":0,"max_hp_gain":0,"max_hp_loss":0,"event_name":"Falling","floor":38,"gold_loss":0}],"is_beta":false,"boss_relics":[{"not_picked":["Astrolabe","hubris:RunicObelisk"],"picked":"ChewingGum"},{"not_picked":["hubris:VirtuousBlindfold","Honey Jar"],"picked":"hubris:Backtick"}],"items_purged_floors":[21,28,37,55],"is_endless":false,"potions_floor_spawned":[5,6,10,16,20,22,24,25,36,39,44,48,50],"ascension_level":1}}