{"host":"2smcgt1ki1qcud40","time":1611824223,"event":{"mods":["BaseMod","Minty Spire (QoL Compilation)"],"gold_per_floor":[114,129,144,159,109,139,139,169,181,223,235,80,110,125,125,225,225,240,255,270,285,6,36,51,81,81,111,111,111,141,156,156,256,256,271,286,65,65,65,95,110,140,140,140,155,185,185,215,215,215],"floor_reached":51,"language":"ENG","playtime":3613,"items_purged":["Strike_R"],"score":925,"play_id":"4d65c750-e27f-4416-bdb0-16114eedca63","local_time":"20210128095703","daily_mods":["Heirloom","Blue Cards","Elite Swarm"],"is_ascension_mode":false,"campfire_choices":[{"data":"1","floor":7.0,"key":"LIFT"},{"data":"2","floor":15.0,"key":"LIFT"},{"data":"3","floor":29,"key":"LIFT"},{"data":"Feed","floor":32,"key":"SMITH"},{"data":"Limit Break","floor":44,"key":"SMITH"},{"data":"Buffer","floor":47,"key":"SMITH"},{"data":"Echo Form","floor":49,"key":"SMITH"}],"circlet_count":0,"master_deck":["Strike_R","Strike_R","Strike_R","Defend_R","Defend_R","Defend_R","Bash","Metallicize","Sword Boomerang","Cleave","Echo Form+1","Reaper","Double Tap+1","Apotheosis","Feed+1","Leap","Offering","Spot Weakness","Limit Break","Limit Break+1","Flex","Offering","Core Surge","Reaper","Exhume","White Noise","Ghostly Armor+1","Recycle","True Grit","Buffer+1","Twin Strike+1","Exhume"],"relics":["Burning Blood","Girya","Unceasing Top","MawBank","Centennial Puzzle","Dream Catcher","Snecko Eye","DollysMirror","Mummified Hand","Letter Opener","Nunchaku","Pantograph","Art of War","Cursed Key","Omamori","Thread and Needle","Torii","StrikeDummy","Toy Ornithopter","Red Skull"],"acts_visited":["Exordium","TheCity","TheBeyond"],"potions_floor_usage":[27,30,33],"damage_taken":[{"damage":5.0,"enemies":"2 Louse","floor":1.0,"turns":4.0},{"damage":1.0,"enemies":"Cultist","floor":2.0,"turns":3.0},{"damage":0.0,"enemies":"Small Slimes","floor":3.0,"turns":3.0},{"damage":11.0,"enemies":"Red Slaver","floor":4.0,"turns":5.0},{"damage":32.0,"enemies":"3 Sentries","floor":6.0,"turns":7.0},{"damage":22.0,"enemies":"Gremlin Nob","floor":8.0,"turns":4.0},{"damage":18.0,"enemies":"Lagavulin","floor":10.0,"turns":5.0},{"damage":11.0,"enemies":"Gremlin Nob","floor":13.0,"turns":3.0},{"damage":22.0,"enemies":"Large Slime","floor":14.0,"turns":6.0},{"damage":30.0,"enemies":"Hexaghost","floor":16.0,"turns":12.0},{"damage":12.0,"enemies":"Shell Parasite","floor":18.0,"turns":5.0},{"damage":20.0,"enemies":"3 Byrds","floor":19.0,"turns":5.0},{"damage":9.0,"enemies":"Sentry and Sphere","floor":20.0,"turns":3.0},{"damage":14.0,"enemies":"Centurion and Healer","floor":21.0,"turns":4.0},{"damage":39.0,"enemies":"Slavers","floor":23.0,"turns":5.0},{"damage":6.0,"enemies":"Snecko","floor":24.0,"turns":2.0},{"damage":45.0,"enemies":"Gremlin Leader","floor":25.0,"turns":5.0},{"damage":41,"enemies":"Book of Stabbing","floor":27,"turns":5},{"damage":21,"enemies":"Gremlin Leader","floor":30,"turns":4},{"damage":22,"enemies":"Cultist and Chosen","floor":31,"turns":4},{"damage":49,"enemies":"Champ","floor":33,"turns":5},{"damage":27,"enemies":"3 Shapes","floor":35,"turns":7},{"damage":27,"enemies":"Orb Walker","floor":36,"turns":3},{"damage":26,"enemies":"Giant Head","floor":40,"turns":6},{"damage":34,"enemies":"Sphere and 2 Shapes","floor":41,"turns":3},{"damage":37,"enemies":"Nemesis","floor":42,"turns":3},{"damage":26,"enemies":"3 Darklings","floor":45,"turns":6},{"damage":6,"enemies":"Giant Head","floor":46,"turns":5},{"damage":16,"enemies":"Reptomancer","floor":48,"turns":5},{"damage":44,"enemies":"Donu and Deca","floor":50,"turns":7}],"seed_played":"-8653540479942029245","potions_obtained":[{"floor":1.0,"key":"SkillPotion"},{"floor":3.0,"key":"SneckoOil"},{"floor":10.0,"key":"Regen Potion"},{"floor":16.0,"key":"HeartOfIron"},{"floor":18.0,"key":"Swift Potion"},{"floor":20.0,"key":"AttackPotion"},{"floor":21.0,"key":"Regen Potion"},{"floor":25.0,"key":"ColorlessPotion"},{"floor":27,"key":"Weak Potion"},{"floor":30,"key":"Block Potion"},{"floor":35,"key":"BloodPotion"},{"floor":40,"key":"Fire Potion"},{"floor":42,"key":"ElixirPotion"},{"floor":48,"key":"ElixirPotion"}],"is_trial":false,"path_per_floor":["M","M","M","M","?","E","R","E","T","E","?","$","E","M","R","B",null,"M","M","M","M","$","E","M","E","T","E","?","R","E","M","R","B",null,"M","M","$","?","?","E","M","E","T","R","M","E","R","E","R","B",null],"character_chosen":"IRONCLAD","items_purchased":["Apotheosis","DollysMirror","Flex","Recycle","Omamori"],"campfire_rested":0,"item_purchase_floors":[12,22,22,37,37],"current_hp_per_floor":[80,80,80,75,75,49,49,33,33,35,35,35,37,44,44,53,87,91,93,90,96,96,102,106,89,89,79,56,56,96,107,107,109,123,117,126,126,126,126,135,125,143,143,143,143,147,147,151,151,132],"gold":215,"neow_bonus":"","is_daily":true,"chose_seed":false,"campfire_upgraded":4,"win_rate":0.0,"timestamp":1611824223,"path_taken":["M","M","M","M","?","E","R","E","T","E","?","$","E","M","R","BOSS","M","M","?","M","$","E","M","E","T","E","?","R","E","M","R","BOSS","M","M","$","?","?","E","?","E","T","R","M","E","R","E","R","BOSS"],"items_purchased_type":["Card","Relic","Card","Card","Relic"],"build_version":"2020-12-22","purchased_purges":1,"victory":true,"max_hp_per_floor":[80,80,80,80,80,80,80,80,80,80,80,80,80,83,83,87,87,91,95,95,98,98,102,106,110,110,110,115,115,119,123,123,123,123,131,135,135,135,135,135,139,143,143,143,143,147,147,151,151,159],"card_choices":[{"not_picked":["Static Discharge","Chaos"],"picked":"Metallicize","floor":1.0},{"not_picked":["Anger","Steam"],"picked":"Sword Boomerang","floor":2.0},{"not_picked":["Loop","Genetic Algorithm"],"picked":"Cleave","floor":3.0},{"not_picked":["Body Slam","Heavy Blade","Undo"],"picked":"SKIP","floor":4.0},{"not_picked":["Feed","Multi-Cast"],"picked":"Echo Form","floor":6.0},{"not_picked":["Meteor Strike","Juggernaut"],"picked":"Reaper","floor":8.0},{"not_picked":["Rainbow","Corruption"],"picked":"Double Tap","floor":10.0},{"not_picked":["Machine Learning","All For One"],"picked":"Feed","floor":13.0},{"not_picked":["Ball Lightning","Skim"],"picked":"Leap","floor":14.0},{"not_picked":["Biased Cognition","Demon Form"],"picked":"Offering","floor":16.0},{"not_picked":["Double Energy","Streamline+1","Compile Driver"],"picked":"SKIP","floor":18.0},{"not_picked":["Heavy Blade+1","Sever Soul"],"picked":"Spot Weakness","floor":19.0},{"not_picked":["Clash","Gash+1","Headbutt+1"],"picked":"SKIP","floor":20.0},{"not_picked":["Conserve Battery","Self Repair"],"picked":"Limit Break","floor":21.0},{"not_picked":["Reboot","All For One"],"picked":"Offering","floor":23.0},{"not_picked":["Feel No Pain","Spot Weakness","Beam Cell"],"picked":"SKIP","floor":24.0},{"not_picked":["Offering","Electrodynamics"],"picked":"Core Surge","floor":25.0},{"not_picked":["Brutality","Amplify","Offering"],"picked":"SKIP","floor":27},{"not_picked":["Multi-Cast","All For One"],"picked":"Reaper","floor":30},{"not_picked":["Sword Boomerang","Clash","Steam Power+1"],"picked":"SKIP","floor":31},{"not_picked":["Double Tap","Feed"],"picked":"Exhume","floor":33},{"not_picked":["Go for the Eyes+1","Static Discharge"],"picked":"White Noise","floor":35},{"not_picked":["True Grit","Clash"],"picked":"Ghostly Armor+1","floor":36},{"not_picked":["Core Surge","Seek","All For One"],"picked":"SKIP","floor":40},{"not_picked":["Body Slam+1","Sweeping Beam","Loop"],"picked":"SKIP","floor":41},{"not_picked":["Biased Cognition","Barricade"],"picked":"Buffer","floor":42},{"not_picked":["Thunderclap+1","Warcry+1"],"picked":"Twin Strike+1","floor":45},{"not_picked":["Double Tap","Meteor Strike"],"picked":"Exhume","floor":46},{"not_picked":["Thunder Strike","Juggernaut","Immolate"],"picked":"SKIP","floor":48},{"not_picked":["Thunder Strike","Juggernaut","Immolate"],"picked":"SKIP","floor":48}],"player_experience":685760,"relics_obtained":[{"floor":6.0,"key":"Unceasing Top"},{"floor":8.0,"key":"MawBank"},{"floor":9.0,"key":"Centennial Puzzle"},{"floor":13.0,"key":"Dream Catcher"},{"floor":23.0,"key":"Mummified Hand"},{"floor":25.0,"key":"Letter Opener"},{"floor":26.0,"key":"Nunchaku"},{"floor":27,"key":"Pantograph"},{"floor":30,"key":"Art of War"},{"floor":40,"key":"Thread and Needle"},{"floor":42,"key":"Torii"},{"floor":43,"key":"StrikeDummy"},{"floor":46,"key":"Toy Ornithopter"},{"floor":48,"key":"Red Skull"}],"event_choices":[{"cards_removed":["Defend_R"],"damage_healed":0.0,"max_hp_gain":0.0,"max_hp_loss":0.0,"gold_gain":0.0,"event_name":"The Cleric","player_choice":"Card Removal","floor":5.0,"gold_loss":50.0,"damage_taken":0.0},{"damage_healed":0.0,"max_hp_gain":0.0,"max_hp_loss":0.0,"gold_gain":0.0,"event_name":"Upgrade Shrine","player_choice":"Upgraded","floor":11.0,"gold_loss":0.0,"damage_taken":0.0,"cards_upgraded":["Double Tap"]},{"damage_healed":0,"gold_gain":0,"player_choice":"Shed Blood","damage_taken":28,"max_hp_gain":5,"max_hp_loss":0,"event_name":"Forgotten Altar","floor":28,"gold_loss":0},{"cards_removed":["Strike_R"],"damage_healed":0,"gold_gain":0,"player_choice":"Removed Attack","damage_taken":0,"max_hp_gain":0,"max_hp_loss":0,"event_name":"Falling","floor":38,"gold_loss":0},{"damage_healed":0,"gold_gain":0,"player_choice":"1 cards matched","damage_taken":0,"max_hp_gain":0,"max_hp_loss":0,"event_name":"Match and Keep!","floor":39,"gold_loss":0,"cards_obtained":["True Grit"]}],"is_beta":false,"boss_relics":[{"not_picked":["Velvet Choker","Tiny House"],"picked":"Snecko Eye"},{"not_picked":["Philosopher\u0027s Stone","Calling Bell"],"picked":"Cursed Key"}],"items_purged_floors":[22],"is_endless":false,"potions_floor_spawned":[1,3,10,16,18,20,21,25,27,30,35,40,42,48],"ascension_level":0}}