{"host":"nb3r5a3er9rrnn3n","time":1611814820,"event":{"mods":["BaseMod","Colored Map","Downfall","Minty Spire (QoL Compilation)","Spire Arcade","StSLib"],"gold_per_floor":[99,116,116,126,126,152,152,26,59,76,76,25,60,133,148,250,250,250,265,275,10,54,80,107,126,126,26,96,46,80,165,175,274,274,174,217,217,296,296,360,407,152,182,182,182],"floor_reached":43,"language":"ENG","playtime":4004,"items_purged":["Pain","sneckomod:TailWhip"],"score":873,"play_id":"1e74bd2d-31dd-4da9-8c83-06f69b179b5f","local_time":"20210128172020","is_ascension_mode":true,"campfire_choices":[{"data":"sneckomod:Unknown","floor":1,"key":"SMITH"},{"data":"sneckomod:UnknownDraw","floor":11,"key":"SMITH"},{"floor":18,"key":"RECALL"},{"data":"1","floor":27,"key":"LIFT"},{"data":"2","floor":35,"key":"LIFT"}],"circlet_count":0,"master_deck":["sneckomod:SnekBite","sneckomod:Unknown","sneckomod:Unknown+1","sneckomod:UnknownDraw+1","sneckomod:UnknownStrike","sneckomod:UnknownExhaust+1","sneckomod:Cheat","sneckomod:UnknownWeak","sneckomod:SnekBeam","sneckomod:UnknownBlock","sneckomod:TrashToTreasure","sneckomod:ImprovisedGuard","sneckomod:Cheat","sneckomod:Restock","sneckomod:SnakeSap","sneckomod:SoulDraw","sneckomod:UnknownExhaust","sneckomod:UnknownBlock","sneckomod:IronFang","sneckomod:SnakeSap","sneckomod:UnknownExhaust","sneckomod:RainOfDice","sneckomod:Transmogrify","Demon Form","sneckomod:DiceBlock+1","RitualDagger","sneckomod:DiceBlock+1","sneckomod:SnakeSap","sneckomod:QuickMove","sneckomod:DiceBlock+1","sneckomod:GlitteringGambit","sneckomod:QuickBite+1","expansioncontent:YouAreMine","expansioncontent:GuardianWhirl"],"relics":["sneckomod:SneckoSoul","WarpedTongs","Eternal Feather","Shuriken","Pandora\u0027s Box","Gremlin Horn","downfall:HeartBlessingRed","Girya","Anchor","Ice Cream","Sozu","downfall:HeartBlessingBlue","Bag of Preparation","Calipers","bronze:DecasWashers","Centennial Puzzle","sneckomod:ConfusingCodex","ClockworkSouvenir"],"acts_visited":["Exordium","TheCity","TheBeyond"],"potions_floor_usage":[9,12,13,16,19,23,43],"damage_taken":[{"damage":0,"enemies":"2 Louse","floor":2,"turns":3},{"damage":0,"enemies":"Cultist","floor":4,"turns":3},{"damage":24,"enemies":"Gremlin Nob","floor":6,"turns":4},{"damage":13,"enemies":"downfall:FleeingMerchant","floor":8,"turns":4},{"damage":0,"enemies":"3 Sentries","floor":9,"turns":6},{"damage":4,"enemies":"Jaw Worm","floor":10,"turns":2},{"damage":6,"enemies":"downfall:FleeingMerchant","floor":12,"turns":4},{"damage":12,"enemies":"Gremlin Nob","floor":13,"turns":3},{"damage":21,"enemies":"Gremlin Gang","floor":15,"turns":5},{"damage":63,"enemies":"IC_STATUS_ARCHETYPE","floor":16,"turns":12},{"damage":11,"enemies":"3 Byrds","floor":19,"turns":4},{"damage":0,"enemies":"Spheric Guardian","floor":20,"turns":2},{"damage":0,"enemies":"downfall:FleeingMerchant","floor":21,"turns":4},{"damage":0,"enemies":"Snake Plant","floor":22,"turns":3},{"damage":29,"enemies":"Slavers","floor":23,"turns":7},{"damage":0,"enemies":"Centurion and Healer","floor":25,"turns":4},{"damage":10,"enemies":"downfall:FleeingMerchant","floor":28,"turns":4},{"damage":5,"enemies":"Book of Stabbing","floor":30,"turns":3},{"damage":6,"enemies":"Snecko","floor":32,"turns":4},{"damage":7,"enemies":"WA_ARCHETYPE_CALM","floor":33,"turns":9},{"damage":0,"enemies":"3 Darklings","floor":36,"turns":4},{"damage":0,"enemies":"2 Orb Walkers","floor":38,"turns":1},{"damage":15,"enemies":"Nemesis","floor":40,"turns":5},{"damage":83,"enemies":"Giant Head","floor":43,"turns":9}],"seed_played":"-4887521866506807550","potions_obtained":[{"floor":5,"key":"Fire Potion"},{"floor":5,"key":"FairyPotion"},{"floor":5,"key":"hexamod:SoulburnPotion"},{"floor":6,"key":"DistilledChaos"},{"floor":9,"key":"AttackPotion"},{"floor":13,"key":"BlessingOfTheForge"},{"floor":16,"key":"DistilledChaos"},{"floor":20,"key":"Slimebound:ThreeZeroPotion"},{"floor":22,"key":"LiquidBronze"},{"floor":30,"key":"sneckomod:MuddlingPotion"},{"floor":32,"key":"Weak Potion"}],"is_trial":false,"path_per_floor":["R","M","?","M","?","E","T","$","E","M","R","$","E","T","M","B",null,"R","M","M","$","M","E","T","M","?","R","$","?","E","?","M","B",null,"R","M","?","?","?","E","T","?","E"],"character_chosen":"THE_SNECKO","items_purchased":["sneckomod:UnknownWeak","sneckomod:TrashToTreasure","Gremlin Horn","sneckomod:SnakeSap","bronze:DecasWashers","ClockworkSouvenir"],"campfire_rested":0,"item_purchase_floors":[8,12,21,28,28,42],"current_hp_per_floor":[81,81,81,81,81,57,57,44,44,40,49,43,31,31,22,45,79,90,79,79,79,79,50,50,50,44,59,49,82,77,63,57,50,80,100,103,93,93,93,78,78,78,0,0,0],"gold":182,"neow_bonus":"REMOVE_CARD","is_daily":false,"chose_seed":false,"campfire_upgraded":2,"win_rate":0.0,"timestamp":1611814820,"path_taken":["R","M","?","?","?","E","T","?","E","M","R","$","E","?","M","BOSS","R","M","M","$","M","E","T","?","?","R","$","?","E","?","M","BOSS","R","M","?","?","?","E","T","?","E"],"items_purchased_type":["Card","Card","Relic","Card","Relic","Relic"],"build_version":"2020-12-22","purchased_purges":2,"victory":false,"max_hp_per_floor":[90,90,90,90,90,90,90,90,90,90,90,90,90,90,90,90,90,90,90,90,90,90,90,90,90,90,90,90,90,90,90,90,90,90,100,103,103,103,103,103,103,103,103,103,103],"card_choices":[{"not_picked":["sneckomod:UnknownCommonAttack","sneckomod:IronFang"],"picked":"sneckomod:UnknownDraw","floor":2},{"not_picked":["sneckomod:Nope","sneckomod:DiceBlock"],"picked":"sneckomod:UnknownStrike","floor":4},{"not_picked":["sneckomod:DiceBlock","sneckomod:SoulCleanse"],"picked":"sneckomod:UnknownExhaust","floor":6},{"not_picked":["sneckomod:UnknownBlock","sneckomod:QuickBite"],"picked":"sneckomod:Cheat","floor":8},{"not_picked":["sneckomod:UnknownCommonSkill","sneckomod:Unknown1Cost"],"picked":"sneckomod:SnekBeam","floor":9},{"not_picked":["sneckomod:ImprovisedAttack","sneckomod:Unknown1Cost"],"picked":"sneckomod:UnknownBlock","floor":10},{"not_picked":["sneckomod:QuickMove","sneckomod:DiceBlock"],"picked":"sneckomod:UnknownStrength","floor":12},{"not_picked":["sneckomod:QuickBite","sneckomod:PureSnecko"],"picked":"sneckomod:ImprovisedGuard","floor":13},{"not_picked":["sneckomod:QuickMove","sneckomod:SoulRoll"],"picked":"sneckomod:Cheat","floor":15},{"not_picked":["sneckomod:Unknown3Cost","sneckomod:SoulExchange"],"picked":"sneckomod:Restock","floor":16},{"not_picked":["sneckomod:Unknown1Cost+1","sneckomod:WideSting"],"picked":"sneckomod:SnakeSap","floor":19},{"not_picked":["sneckomod:QuickBite","sneckomod:UnknownClassPURPLE"],"picked":"sneckomod:UnknownExhaust","floor":20},{"not_picked":["sneckomod:UnknownWeak","sneckomod:DiceBlock"],"picked":"sneckomod:RainOfDice","floor":21},{"not_picked":["sneckomod:SoulRoll","sneckomod:DiceBoulder+1"],"picked":"sneckomod:Transmogrify","floor":22},{"not_picked":["sneckomod:UnknownClassRED","sneckomod:SlitherStrike"],"picked":"sneckomod:DiceBlock+1","floor":23},{"not_picked":["sneckomod:PureSnecko+1","sneckomod:WideSting","sneckomod:DefensiveFlair"],"picked":"SKIP","floor":25},{"not_picked":["sneckomod:UnknownColorless+1","sneckomod:UnknownUncommonSkill"],"picked":"sneckomod:DiceBlock+1","floor":28},{"not_picked":["sneckomod:SerpentIdol","sneckomod:SoulRoll"],"picked":"sneckomod:QuickMove","floor":30},{"not_picked":["sneckomod:QuickMove","sneckomod:DiceCrush"],"picked":"sneckomod:DiceBlock+1","floor":32},{"not_picked":["sneckomod:UnknownRareAttack","sneckomod:UnknownRareSkill"],"picked":"sneckomod:GlitteringGambit","floor":33},{"not_picked":["sneckomod:SoulRoll","sneckomod:UnknownUncommonAttack+1"],"picked":"sneckomod:QuickBite+1","floor":36},{"not_picked":["expansioncontent:DecaShield","expansioncontent:LastStand"],"picked":"expansioncontent:Hexaburn","floor":37},{"not_picked":["expansioncontent:PolyBeam","expansioncontent:PrepareCrush"],"picked":"expansioncontent:YouAreMine","floor":37},{"not_picked":["expansioncontent:StudyTheSpire","expansioncontent:YouAreMine"],"picked":"expansioncontent:GuardianWhirl","floor":37},{"not_picked":["sneckomod:QuickBite+1","sneckomod:Nope","sneckomod:SlitherStrike"],"picked":"SKIP","floor":40}],"player_experience":1946642,"relics_obtained":[{"floor":6,"key":"Eternal Feather"},{"floor":9,"key":"Lizard Tail"},{"floor":13,"key":"Regal Pillow"},{"floor":14,"key":"Shuriken"},{"floor":23,"key":"StoneCalendar"},{"floor":23,"key":"Bag of Marbles"},{"floor":23,"key":"Girya"},{"floor":24,"key":"Anchor"},{"floor":25,"key":"Centennial Puzzle"},{"floor":25,"key":"Ice Cream"},{"floor":28,"key":"Anchor"},{"floor":30,"key":"Girya"},{"floor":30,"key":"Oddly Smooth Stone"},{"floor":32,"key":"Anchor"},{"floor":32,"key":"Ice Cream"},{"floor":33,"key":"Oddly Smooth Stone"},{"floor":36,"key":"bronze:DecasWashers"},{"floor":36,"key":"Bag of Preparation"},{"floor":38,"key":"Calipers"},{"floor":38,"key":"bronze:DecasWashers"},{"floor":38,"key":"Centennial Puzzle"},{"floor":40,"key":"Centennial Puzzle"},{"floor":40,"key":"sneckomod:ConfusingCodex"},{"floor":41,"key":"CeramicFish"}],"event_choices":[{"damage_healed":0,"gold_gain":0,"player_choice":"Rummage","damage_taken":0,"relics_obtained":["WarpedTongs"],"max_hp_gain":0,"max_hp_loss":0,"event_name":"Accursed Blacksmith","floor":3,"gold_loss":0,"cards_obtained":["Pain"]},{"damage_healed":0,"gold_gain":0,"player_choice":"Got Potions","damage_taken":0,"max_hp_gain":0,"max_hp_loss":0,"event_name":"Lab","floor":5,"gold_loss":0},{"damage_healed":0,"gold_gain":0,"player_choice":"Fight","damage_taken":0,"max_hp_gain":0,"max_hp_loss":0,"event_name":"Mysterious Sphere","floor":38,"gold_loss":0},{"cards_removed":["expansioncontent:Hexaburn"],"damage_healed":0,"gold_gain":0,"player_choice":"Removed Power","damage_taken":0,"max_hp_gain":0,"max_hp_loss":0,"event_name":"Falling","floor":39,"gold_loss":0}],"is_beta":false,"boss_relics":[{"not_picked":["Runic Dome","expansioncontent:StudyCardRelic"],"picked":"Pandora\u0027s Box"},{"not_picked":["Runic Pyramid","Philosopher\u0027s Stone"],"picked":"Sozu"}],"items_purged_floors":[8,42],"is_endless":false,"potions_floor_spawned":[6,9,13,16,20,22,30,32,38],"killed_by":"Giant Head","ascension_level":9}}