{"host":"ojezjkpqju62j8xy","time":1611804597,"event":{"mods":["ATMod(°¢èªMod)","Act Like it!","Aspiration","BaseMod","Conspire","Minty Spire (QoL Compilation)","Pale of the Ancients","Replay The Spire","Spicy Shops","StSLib","[GremlinLeader]The Maniac","¡¾ÒÅÎï¿¨ÅÆ¡¿REMEMod"],"gold_per_floor":[111,124,74,74,104,131,144,208,208,266,310,2,2,68,68,194,194,234,234,354,419,482,596,659,813,813,925,1003,1050,1095,1170,1170],"floor_reached":31,"language":"ZHS","playtime":1112,"items_purged":[],"score":892,"play_id":"2bffc3bf-1c2e-4509-92c3-ef4a4594bceb","local_time":"20210128112957","is_ascension_mode":true,"campfire_choices":[{"floor":13.0,"key":"REST"},{"floor":15.0,"key":"RECALL"}],"circlet_count":0,"master_deck":["AscendersBane","Strike_R","Strike_R+1","Strike_R","Strike_R","Strike_R","Defend_R","Defend_R","Defend_R","Defend_R","Bash","AT_FamilyPortrait","Judgement+1","Perfected Strike","Perfected Strike","Carnage","conspire:SpireCoStock","Warcry","Sever Soul","conspire:Charge","Bloodletting","Replay:Undeath\u0027s Touch","Heavy Blade","ReplayTheSpireMod:LeadingStrike","REME_EyeOfCthun","Bandage Up","Purity","Replay:Undeath\u0027s Touch","Hemogenesis","AT_EmpoweredMortalDraw","Wild Strike","CommonCold","AT_DrawKnifeCut","REME_FearOfPain","Fire Breathing","Hemokinesis","Wild Strike","Heavy Blade","REME_TheLastStrike+1","Disarm","Combust","Shockwave"],"relics":["Burning Blood","AT_ATBox","REME_ComplimentaryCards","AT_BellDemon","AT_MibuBalloonWealth","aspiration:FrozenJewel","HornCleat","ReplayTheSpireMod:ShopPack","Red Skull","AT_MortalBlade","ReplayTheSpireMod:Ninjato","Red Mask","conspire:GlowingRock","Pet Ghost","Eternal Feather","Dream Catcher","Iron Hammer","aspiration:ChemicalBlood","Toy Ornithopter","CeramicFish","Bottled Tornado","REME_PuzzleBoxRelic","Bronze Scales","Whetstone"],"acts_visited":["Exordium","TheCity"],"potions_floor_usage":[21,22,23,24,27,30,31],"damage_taken":[{"damage":3.0,"enemies":"2 Louse","floor":1.0,"turns":2.0},{"damage":0.0,"enemies":"conspire:RoseBush","floor":2.0,"turns":3.0},{"damage":7.0,"enemies":"Cultist","floor":5.0,"turns":3.0},{"damage":0.0,"enemies":"Lagavulin","floor":6.0,"turns":1.0},{"damage":41.0,"enemies":"Red Slaver","floor":7.0,"turns":3.0},{"damage":6.0,"enemies":"conspire:2 RoseBushes","floor":8.0,"turns":4.0},{"damage":27.0,"enemies":"Replay:BlueRogue","floor":10.0,"turns":4.0},{"damage":9.0,"enemies":"Blue Slaver","floor":11.0,"turns":3.0},{"damage":0.0,"enemies":"Gremlin Nob","floor":14.0,"turns":3.0},{"damage":35.0,"enemies":"Hexaghost","floor":16.0,"turns":6.0},{"damage":6.0,"enemies":"Shell Parasite","floor":18.0,"turns":2.0},{"damage":20.0,"enemies":"Masked Bandits","floor":20.0,"turns":4.0},{"damage":6,"enemies":"2 Thieves","floor":21,"turns":2},{"damage":46,"enemies":"Snecko","floor":22,"turns":4},{"damage":0,"enemies":"Slavers","floor":23,"turns":3},{"damage":0,"enemies":"Centurion and Healer","floor":24,"turns":1},{"damage":24,"enemies":"conspire:Head Lice","floor":25,"turns":6},{"damage":0,"enemies":"Gremlin Leader","floor":27,"turns":1},{"damage":0,"enemies":"Shelled Parasite and Fungi","floor":28,"turns":1},{"damage":28,"enemies":"conspire:HollyBat","floor":29,"turns":9},{"damage":0,"enemies":"Snecko","floor":30,"turns":1},{"damage":152,"enemies":"conspire:Head Lice","floor":31,"turns":2}],"seed_played":"1850682821402795017","potions_obtained":[{"floor":1.0,"key":"SkillPotion"},{"floor":6.0,"key":"Reflective Coating"},{"floor":7.0,"key":"SkillPotion"},{"floor":8.0,"key":"SpeedPotion"},{"floor":10.0,"key":"DuplicationPotion"},{"floor":16.0,"key":"Toxic Potion"},{"floor":21,"key":"conspire:TimeTravelPotion"},{"floor":22,"key":"Energy Potion"},{"floor":23,"key":"Fire Potion"},{"floor":27,"key":"SteroidPotion"},{"floor":29,"key":"PowerPotion"}],"is_trial":false,"path_per_floor":["M","M","?","?","M","E","M","M","T","E","M","$","R","E","R","B",null,"M","?","?","M","M","E","M","E","T","E","M","M","M","E"],"character_chosen":"IRONCLAD","items_purchased":["ReplayTheSpireMod:ShopPack","ReplayTheSpireMod:LeadingStrike"],"campfire_rested":1,"item_purchase_floors":[12,12],"current_hp_per_floor":[71,75,75,75,74,75,40,41,41,20,17,17,39,49,49,24,63,63,63,53,57,64,70,76,58,58,69,75,57,68,0,0],"gold":1170,"neow_bonus":"THREE_CARDS","is_daily":false,"chose_seed":false,"campfire_upgraded":0,"win_rate":0.0,"timestamp":1611804597,"path_taken":["M","M","?","?","M","E","M","?","T","E","M","?","R","E","R","BOSS","M","?","?","M","M","E","M","E","T","E","M","M","M","E"],"items_purchased_type":["Relic","Card"],"build_version":"2020-12-22","purchased_purges":0,"victory":false,"max_hp_per_floor":[75,75,75,75,75,75,75,76,76,76,76,76,76,76,76,76,76,76,76,76,76,76,76,76,76,76,76,76,76,76,76,76],"card_choices":[{"not_picked":["Twin Strike","ReplayTheSpireMod:Strike From Hell"],"picked":"Perfected Strike","floor":0.0},{"not_picked":["Iron Wave","Intimidate"],"picked":"Perfected Strike","floor":1.0},{"not_picked":["REME_Cut","Headbutt"],"picked":"Carnage","floor":2.0},{"not_picked":["Havoc","Run Through"],"picked":"Warcry","floor":5.0},{"not_picked":["Run Through","AT_BodySlamDance"],"picked":"Sever Soul","floor":6.0},{"not_picked":["ReplayTheSpireMod:Strike From Hell","Defy Death"],"picked":"conspire:Charge","floor":7.0},{"not_picked":["Power Through","AT_BodySlamDance"],"picked":"Bloodletting","floor":8.0},{"not_picked":["Fire Breathing","Intimidate"],"picked":"Replay:Undeath\u0027s Touch","floor":10.0},{"not_picked":["Exhume","True Grit"],"picked":"Heavy Blade","floor":11.0},{"not_picked":["Secret Technique","REME_AllRoundStrike"],"picked":"REME_EyeOfCthun","floor":12.0},{"not_picked":["Replay:Sssssssssshield","REME_MagicPocketWatch"],"picked":"Bandage Up","floor":12.0},{"not_picked":["ReplayTheSpireMod:Trickstab","AT_CelerityRune"],"picked":"Purity","floor":12.0},{"not_picked":["Ghostly Armor","Clothesline"],"picked":"Replay:Undeath\u0027s Touch","floor":14.0},{"not_picked":["Exhume","Barricade"],"picked":"Hemogenesis","floor":16.0},{"not_picked":["Body Slam","ReplayTheSpireMod:Strike From Hell"],"picked":"Wild Strike","floor":18.0},{"not_picked":["AT_ManFootWork","Warcry"],"picked":"AT_DrawKnifeCut","floor":20.0},{"not_picked":["AT_CaressingTears","Warcry"],"picked":"REME_FearOfPain","floor":21},{"not_picked":["Warcry","Abandon"],"picked":"Fire Breathing","floor":22},{"not_picked":["conspire:HitWhereItHurts","Armaments"],"picked":"Hemokinesis","floor":23},{"not_picked":["AT_BodySlamDance","Havoc"],"picked":"Wild Strike","floor":24},{"not_picked":["ReplayTheSpireMod:Corrosion Curse+1","Massacre+1"],"picked":"Heavy Blade","floor":25},{"not_picked":["Shrug It Off","Iron Wave"],"picked":"REME_TheLastStrike","floor":27},{"not_picked":["Body Slam","AT_BodySlamDance"],"picked":"Disarm","floor":28},{"not_picked":["Perfected Strike","AT_IchimonjiDouble"],"picked":"Combust","floor":29},{"not_picked":["Whirlwind","Replay:Undeath\u0027s Touch"],"picked":"Shockwave","floor":30}],"player_experience":1404152,"relics_obtained":[{"floor":6.0,"key":"AT_BellDemon"},{"floor":7.0,"key":"AT_MibuBalloonWealth"},{"floor":8.0,"key":"aspiration:FrozenJewel"},{"floor":10.0,"key":"HornCleat"},{"floor":14.0,"key":"Red Skull"},{"floor":20.0,"key":"Red Mask"},{"floor":21,"key":"conspire:GlowingRock"},{"floor":22,"key":"Pet Ghost"},{"floor":23,"key":"Eternal Feather"},{"floor":24,"key":"Dream Catcher"},{"floor":25,"key":"Iron Hammer"},{"floor":25,"key":"aspiration:ChemicalBlood"},{"floor":26,"key":"Toy Ornithopter"},{"floor":27,"key":"CeramicFish"},{"floor":27,"key":"Bottled Tornado"},{"floor":28,"key":"REME_PuzzleBoxRelic"},{"floor":29,"key":"Bronze Scales"},{"floor":30,"key":"Whetstone"}],"event_choices":[{"damage_healed":0.0,"max_hp_gain":0.0,"max_hp_loss":0.0,"gold_gain":0.0,"event_name":"conspire:Investor","player_choice":"Invest 1","floor":3.0,"gold_loss":0.0,"damage_taken":0.0},{"damage_healed":0.0,"max_hp_gain":0.0,"max_hp_loss":0.0,"gold_gain":0.0,"event_name":"Upgrade Shrine","player_choice":"Upgraded","floor":4.0,"gold_loss":0.0,"damage_taken":0.0,"cards_upgraded":["Judgement"]},{"damage_healed":0.0,"max_hp_gain":0.0,"max_hp_loss":0.0,"gold_gain":0.0,"event_name":"Masked Bandits","player_choice":"Fought Bandits","floor":20.0,"gold_loss":0.0,"damage_taken":0.0}],"is_beta":false,"boss_relics":[{"not_picked":["aspiration:WatcherSkillbook","aspiration:PoetsPen_weak"],"picked":"AT_MortalBlade"}],"items_purged_floors":[],"is_endless":false,"potions_floor_spawned":[1,6,7,8,10,16,21,22,23,27,29],"killed_by":"conspire:Head Lice","ascension_level":20}}