{"host":"kqjncq1jgqa58i7s","time":1611829406,"event":{"mods":["AchievementEnabler","BaseMod","Colored Map","Minty Spire (QoL Compilation)","Relic Stats"],"gold_per_floor":[114,124,124,124,137,137,170,188,188,188,188,188,188,201,201,280,280,293,306,55,66,66,66],"floor_reached":22,"language":"ENG","playtime":1383,"items_purged":[],"score":472,"play_id":"59193b31-c9a8-4a08-9d1e-79f88cfab81b","local_time":"20210128112326","is_ascension_mode":true,"campfire_choices":[{"data":"Eruption","floor":6,"key":"SMITH"},{"data":"Conclude","floor":10,"key":"SMITH"},{"data":"ClearTheMind","floor":12,"key":"SMITH"},{"floor":15,"key":"REST"}],"circlet_count":0,"master_deck":["AscendersBane","Eruption+1","Vigilance","Vault","Conclude+1","Vengeance","Wireheading","Devotion+1","Vengeance","DeceiveReality","CrushJoints+1","SashWhip","CutThroughFate+1","EmptyBody","ClearTheMind+1","DeusExMachina","MasterReality","EmptyBody+1","ThirdEye+1","Adaptation+1","TalkToTheHand","WheelKick","Wish+1"],"relics":["Pandora\u0027s Box","MealTicket","Toxic Egg 2","Prayer Wheel","Runic Pyramid","Oddly Smooth Stone"],"acts_visited":["Exordium","TheCity"],"potions_floor_usage":[7,21,22],"damage_taken":[{"damage":18,"enemies":"Jaw Worm","floor":1,"turns":5},{"damage":2,"enemies":"Small Slimes","floor":2,"turns":3},{"damage":0,"enemies":"Cultist","floor":5,"turns":2},{"damage":12,"enemies":"Gremlin Nob","floor":7,"turns":3},{"damage":0,"enemies":"Looter","floor":8,"turns":3},{"damage":0,"enemies":"2 Fungi Beasts","floor":14,"turns":3},{"damage":0,"enemies":"Slime Boss","floor":16,"turns":4},{"damage":10,"enemies":"Shell Parasite","floor":18,"turns":4},{"damage":10,"enemies":"Chosen","floor":19,"turns":6},{"damage":12,"enemies":"Snecko","floor":21,"turns":4},{"damage":47,"enemies":"3 Cultists","floor":22,"turns":4}],"seed_played":"-1269939208400524646","potions_obtained":[{"floor":2,"key":"DistilledChaos"},{"floor":4,"key":"PowerPotion"},{"floor":8,"key":"FearPotion"},{"floor":14,"key":"ColorlessPotion"}],"is_trial":false,"path_per_floor":["M","M","?","?","M","R","E","M","T","R","?","R","?","M","R","B",null,"M","M","$","M","M"],"character_chosen":"WATCHER","items_purchased":["Oddly Smooth Stone","WheelKick"],"campfire_rested":1,"item_purchase_floors":[20,20],"current_hp_per_floor":[43,41,21,21,21,21,9,9,9,9,9,9,9,9,29,29,58,48,38,53,41,0,0],"gold":66,"neow_bonus":"BOSS_RELIC","is_daily":false,"chose_seed":false,"campfire_upgraded":3,"win_rate":0.0,"timestamp":1611829406,"path_taken":["M","M","?","?","?","R","E","M","T","R","?","R","?","M","R","BOSS","M","?","$","?","M"],"items_purchased_type":["Relic","Card"],"build_version":"2020-12-22","purchased_purges":0,"victory":false,"max_hp_per_floor":[68,68,68,68,68,68,68,68,68,68,68,68,68,68,68,68,68,68,68,68,68,68,68],"relic_stats":{"counters":[11,41],"Pandora\u0027s Box":["Vault","Conclude","Vengeance","Wireheading","Devotion","Vengeance","DeceiveReality","CrushJoints"],"MealTicket":15,"Prayer Wheel":4,"obtain_stats":[{"Oddly Smooth Stone":20,"Pandora\u0027s Box":0,"MealTicket":7,"Prayer Wheel":13,"PureWater":0,"Toxic Egg 2":9,"Runic Pyramid":17},{"Oddly Smooth Stone":9,"Pandora\u0027s Box":0,"MealTicket":4,"Prayer Wheel":5,"PureWater":0,"Toxic Egg 2":5,"Runic Pyramid":7},{"Oddly Smooth Stone":33,"Pandora\u0027s Box":0,"MealTicket":13,"Prayer Wheel":16,"PureWater":0,"Toxic Egg 2":16,"Runic Pyramid":23}]},"card_choices":[{"not_picked":["Prostrate","WindmillStrike"],"picked":"SashWhip","floor":1},{"not_picked":["Halt","Indignation"],"picked":"CutThroughFate","floor":2},{"not_picked":["WreathOfFlame","CutThroughFate"],"picked":"EmptyBody","floor":5},{"not_picked":["FlyingSleeves","SandsOfTime"],"picked":"ClearTheMind","floor":7},{"not_picked":["Halt","CarveReality"],"picked":"DeusExMachina","floor":8},{"not_picked":["CrushJoints","JustLucky","SignatureMove"],"picked":"SKIP","floor":14},{"not_picked":["BowlingBash","BattleHymn","FlurryOfBlows"],"picked":"SKIP","floor":14},{"not_picked":["Blasphemy+1","Alpha+1"],"picked":"MasterReality","floor":16},{"not_picked":["WreathOfFlame+1","FlyingSleeves"],"picked":"EmptyBody+1","floor":18},{"not_picked":["FollowUp","WheelKick"],"picked":"ThirdEye+1","floor":18},{"not_picked":["EmptyBody+1","Prostrate+1"],"picked":"Adaptation+1","floor":19},{"not_picked":["EmptyBody+1","Crescendo+1"],"picked":"TalkToTheHand","floor":19},{"not_picked":["Crescendo+1","BowlingBash"],"picked":"Wish+1","floor":21},{"not_picked":["Tantrum","CutThroughFate","Prostrate+1"],"picked":"SKIP","floor":21}],"player_experience":1637230,"relics_obtained":[{"floor":7,"key":"MealTicket"},{"floor":9,"key":"Toxic Egg 2"}],"event_choices":[{"damage_healed":0,"gold_gain":0,"player_choice":"Entered Light","damage_taken":20,"max_hp_gain":0,"max_hp_loss":0,"event_name":"Shining Light","floor":3,"gold_loss":0,"cards_upgraded":["CrushJoints","Devotion"]},{"damage_healed":0,"gold_gain":0,"player_choice":"Got Potions","damage_taken":0,"max_hp_gain":0,"max_hp_loss":0,"event_name":"Lab","floor":4,"gold_loss":0},{"damage_healed":0,"gold_gain":0,"player_choice":"Grow","damage_taken":0,"max_hp_gain":0,"max_hp_loss":0,"event_name":"Living Wall","floor":11,"gold_loss":0,"cards_upgraded":["CutThroughFate"]},{"damage_healed":0,"gold_gain":0,"player_choice":"Gave Potion","damage_taken":0,"relics_obtained":["Prayer Wheel"],"max_hp_gain":0,"max_hp_loss":0,"event_name":"WeMeetAgain","floor":13,"gold_loss":0}],"is_beta":false,"boss_relics":[{"not_picked":["Ectoplasm","Calling Bell"],"picked":"Runic Pyramid"}],"items_purged_floors":[],"is_endless":false,"potions_floor_spawned":[2,8,14],"killed_by":"3 Cultists","ascension_level":20}}