{"host":"2d0rd30cigwncx1y","time":1611859128,"event":{"mods":["BaseMod","Colored Map","Colored Powertips","Downfall","MarisaÅiñ∂âJÅ@ñÇóùçπÅj","Minty Spire (QoL Compilation)","Replay The Spire","StSLib","The Alterego","The Marked","The Servant 0.9.4"],"gold_per_floor":[99,119,208,42,142,154,232,232,232,262,162,182,212,222,238,334,334,334,73,73,73,58,58,85,99,127,27,27,39,39,49,64,162,162,62,112,112,132,150,170,196,196,196,221,221,5,52,69,69,99,113,113,113,143,71,71,71,71],"floor_reached":59,"language":"ENG","playtime":5459,"items_purged":["Pain"],"score":1273,"play_id":"01004dfe-b035-43a6-9d08-fb14c67165fe","local_time":"20210128193848","is_ascension_mode":false,"campfire_choices":[{"data":"bronze:Goto","floor":1.0,"key":"SMITH"},{"data":"bronze:BronzeOrb","floor":8.0,"key":"SMITH"},{"data":"bronze:Flail","floor":11.0,"key":"SMITH"},{"floor":18,"key":"RECALL"},{"data":"bronze:GetLatest","floor":23,"key":"SMITH"},{"data":"bronze:FollowUp","floor":27,"key":"SMITH"},{"data":"bronze:FineTuning","floor":30,"key":"SMITH"},{"data":"bronze:Mutator","floor":35,"key":"SMITH"},{"data":"bronze:MaxOutput","floor":45,"key":"SMITH"},{"data":"bronze:Replicate","floor":45,"key":"SMITH"},{"data":"bronze:Defend","floor":49,"key":"SMITH"},{"data":"bronze:Defend","floor":49,"key":"SMITH"},{"data":"bronze:Philosophize","floor":56,"key":"SMITH"},{"data":"bronze:FindAndReplace","floor":56,"key":"SMITH"}],"circlet_count":0,"master_deck":["bronze:Defend+1","bronze:Defend+1","bronze:Defend","bronze:Replicate+1","bronze:Goto+1","bronze:WildBeam+1","bronze:BronzeOrb+1","bronze:Flail+1","bronze:GetLatest+1","bronze:AlphaBuild+1","bronze:FollowUp+1","bronze:Format+1","bronze:FineTuning+1","bronze:Mutator+1","bronze:GetLatest+1","bronze:MaxOutput+1","bronze:Verify+1","bronze:ItsAFeature+1","bronze:FindAndReplace+1","bronze:Allocate+1","bronze:Philosophize+1"],"relics":["bronze:BronzeCore","Chameleon Ring","ReplayTheSpireMod:Shallot","downfall:HeartBlessingGreen","Nunchaku","Busted Crown","Replay:WaspNest","Mummified Hand","downfall:HeartBlessingRed","WarpedTongs","Sozu","downfall:HeartBlessingBlue","Replay:Arrowhead","PreservedInsect","Happy Flower","Frozen Egg 2","HandDrill","CatCart","Whetstone","Pantograph"],"acts_visited":["Exordium","TheCity","TheBeyond","TheEnding"],"potions_floor_usage":[16,16,16,58,58,58],"damage_taken":[{"damage":2.0,"enemies":"Small Slimes","floor":2.0,"turns":3.0},{"damage":0.0,"enemies":"downfall:FleeingMerchant","floor":4.0,"turns":4.0},{"damage":6.0,"enemies":"downfall:Heads","floor":5.0,"turns":4.0},{"damage":0.0,"enemies":"2 Louse","floor":6.0,"turns":2.0},{"damage":0.0,"enemies":"Gremlin Nob","floor":10.0,"turns":2.0},{"damage":0.0,"enemies":"Cultist","floor":12.0,"turns":1.0},{"damage":21,"enemies":"Replay:BlueRogue","floor":13,"turns":5},{"damage":0,"enemies":"Blue Slaver","floor":14,"turns":1},{"damage":0,"enemies":"Large Slime","floor":15,"turns":3},{"damage":22,"enemies":"DF_ARCHETYPE_STREAMLINE","floor":16,"turns":6},{"damage":5,"enemies":"downfall:FleeingMerchant","floor":19,"turns":4},{"damage":1,"enemies":"downfall:FleeingMerchant","floor":22,"turns":4},{"damage":8,"enemies":"Spheric Guardian","floor":25,"turns":4},{"damage":15,"enemies":"Replay:Snechameleon","floor":26,"turns":4},{"damage":0,"enemies":"Shell Parasite","floor":29,"turns":2},{"damage":4,"enemies":"Snake Plant","floor":31,"turns":2},{"damage":1,"enemies":"Centurion and Healer","floor":32,"turns":3},{"damage":13,"enemies":"WA_ARCHETYPE_CALM","floor":33,"turns":8},{"damage":6,"enemies":"WA_ARCHETYPE_CALM","floor":36,"turns":3},{"damage":5,"enemies":"3 Darklings","floor":38,"turns":3},{"damage":0,"enemies":"Orb Walker","floor":39,"turns":1},{"damage":24,"enemies":"4 Shapes","floor":40,"turns":5},{"damage":11,"enemies":"Reptomancer","floor":44,"turns":4},{"damage":0,"enemies":"downfall:FleeingMerchant","floor":46,"turns":1},{"damage":25,"enemies":"Orin","floor":47,"turns":7},{"damage":0,"enemies":"Maw","floor":48,"turns":4},{"damage":0,"enemies":"Nemesis","floor":50,"turns":3},{"damage":0,"enemies":"Transient","floor":51,"turns":5},{"damage":64,"enemies":"IC_BLOCK_ARCHETYPE","floor":52,"turns":7},{"damage":26,"enemies":"downfall:CharBossMerchant","floor":54,"turns":7},{"damage":5,"enemies":"downfall:NeowBoss","floor":57,"turns":10},{"damage":54,"enemies":"downfall:NeowBossFinal","floor":58,"turns":8}],"seed_played":"1106745754527409658","potions_obtained":[{"floor":5.0,"key":"LiquidBronze"},{"floor":6.0,"key":"PowerPotion"},{"floor":10.0,"key":"Adrenaline Potion"},{"floor":13,"key":"champ:CounterPotion"},{"floor":16,"key":"Elixir"},{"floor":25,"key":"Strength Potion"},{"floor":31,"key":"LifebloodPotion"},{"floor":32,"key":"bronze:BuildAFunctionPotion"},{"floor":33,"key":"SpeedPotion"}],"is_trial":false,"path_per_floor":["R","M","?","$","?","M","T","R","?","E","R","M","E","M","M","B",null,"R","$","?","?","$","R","T","M","E","R","?","M","R","M","M","B",null,"R","?","?","M","M","M","T","PTL","PTL","E","R","$","?","M","R","E","M","B",null,"E","$","R","B","B",null],"character_chosen":"THE_AUTOMATON","items_purchased":["bronze:AlphaBuild","Replay:WaspNest","Frozen Egg 2","bronze:Verify+1","HandDrill","bronze:Philosophize"],"campfire_rested":0,"item_purchase_floors":[4,19,46,46,46,55],"current_hp_per_floor":[70,68,68,68,62,62,62,62,62,62,62,62,41,41,41,19,70,70,65,65,65,64,64,64,56,41,41,41,41,41,37,36,23,70,80,74,74,69,69,45,45,45,45,34,34,34,9,9,9,9,9,20,80,54,54,54,74,26],"gold":71,"neow_bonus":"REMOVE_CARD","is_daily":false,"chose_seed":false,"campfire_upgraded":13,"win_rate":0.0,"timestamp":1611859128,"path_taken":["R","M","?","?","?","M","T","R","?","E","R","M","E","M","M","BOSS","R","$","?","?","$","R","T","M","E","R","?","?","R","M","M","BOSS","R","?","?","M","?","M","T","PTL","PTL","E","R","$","?","M","R","E","M","BOSS","E","$","R","BOSS","BOSS"],"items_purchased_type":["Card","Relic","Relic","Card","Relic","Card"],"build_version":"2020-12-22","purchased_purges":1,"victory":true,"max_hp_per_floor":[70,70,70,70,70,70,70,70,70,70,70,70,70,70,70,70,70,70,70,70,70,70,70,70,70,70,70,70,70,70,70,70,70,70,80,80,80,80,80,80,80,80,80,80,80,80,80,80,80,80,80,80,80,80,80,80,80,80],"card_choices":[{"not_picked":["bronze:Deprecate","bronze:Iterate"],"picked":"bronze:WildBeam","floor":2.0},{"not_picked":["bronze:Return","bronze:DarkDash"],"picked":"bronze:BronzeOrb","floor":3.0},{"not_picked":["bronze:DelayedGuard","bronze:DelayedSlice"],"picked":"bronze:Flail","floor":3.0},{"not_picked":["bronze:WhirlingStrike","bronze:Iterate"],"picked":"bronze:GetLatest","floor":3.0},{"not_picked":["bronze:Frontload","bronze:Overheat","bronze:ChosenStrike"],"picked":"SKIP","floor":4.0},{"not_picked":["bronze:CloningBeam","bronze:Overheat","bronze:BronzeOrb"],"picked":"SKIP","floor":6.0},{"not_picked":["bronze:DigitalCarnage","bronze:Safeguard","bronze:WildBeam"],"picked":"SKIP","floor":10.0},{"not_picked":["bronze:Overheat","bronze:BuggyMess"],"picked":"bronze:FineTuning","floor":12.0},{"not_picked":["bronze:ChildClass","bronze:Overheat","bronze:ThunderWave"],"picked":"SKIP","floor":13},{"not_picked":["bronze:Flail","bronze:Deprecate","bronze:ChosenStrike"],"picked":"SKIP","floor":14},{"not_picked":["bronze:WildBeam","bronze:Branch","bronze:DelayedSlice"],"picked":"SKIP","floor":15},{"not_picked":["bronze:DarkDash"],"picked":"SKIP","floor":19},{"not_picked":["bronze:Return+1"],"picked":"SKIP","floor":22},{"not_picked":["bronze:Safeguard"],"picked":"SKIP","floor":25},{"not_picked":["bronze:Boost"],"picked":"SKIP","floor":26},{"not_picked":["bronze:Branch"],"picked":"SKIP","floor":29},{"not_picked":["bronze:Overheat+1"],"picked":"SKIP","floor":31},{"not_picked":["bronze:WildBeam+1"],"picked":"SKIP","floor":32},{"not_picked":[],"picked":"bronze:Mutator","floor":33},{"not_picked":["bronze:Turbo"],"picked":"SKIP","floor":38},{"not_picked":[],"picked":"bronze:GetLatest+1","floor":39},{"not_picked":[],"picked":"bronze:MaxOutput","floor":40},{"not_picked":["bronze:Overload+1"],"picked":"SKIP","floor":44},{"not_picked":["bronze:DelayedGuard"],"picked":"SKIP","floor":46},{"not_picked":[],"picked":"bronze:ItsAFeature+1","floor":48},{"not_picked":[],"picked":"bronze:FindAndReplace","floor":50},{"not_picked":[],"picked":"bronze:Allocate+1","floor":51},{"not_picked":["bronze:Branch+1"],"picked":"SKIP","floor":54}],"player_experience":101872,"relics_obtained":[{"floor":7.0,"key":"Chameleon Ring"},{"floor":10.0,"key":"ReplayTheSpireMod:Shallot"},{"floor":13,"key":"Nunchaku"},{"floor":26,"key":"Mummified Hand"},{"floor":36,"key":"Replay:Arrowhead"},{"floor":41,"key":"PreservedInsect"},{"floor":44,"key":"Happy Flower"},{"floor":47,"key":"CatCart"},{"floor":50,"key":"Whetstone"},{"floor":54,"key":"Pantograph"}],"event_choices":[{"damage_healed":0,"gold_gain":0,"player_choice":"Fight","damage_taken":0,"max_hp_gain":0,"max_hp_loss":0,"event_name":"OrinTheCat","floor":47,"gold_loss":0}],"is_beta":false,"boss_relics":[{"not_picked":["Fusion Hammer","Replay:Grab Bag"],"picked":"Busted Crown"},{"not_picked":["Philosopher\u0027s Stone","Calling Bell"],"picked":"Sozu"}],"items_purged_floors":[46],"is_endless":false,"potions_floor_spawned":[5,6,10,13,16,25,31,32,33,39,40,44,50],"ascension_level":0}}