{"host":"og6lam4kt3nibbw0","time":1611854288,"event":{"mods":["AchievementEnabler","BaseMod","Colored Map","DeckTracker","Highlight Path","Keyboard Shortcuts","Minty Spire (QoL Compilation)","Permanent Neow","Quick Restart","StSLib","SuperFastMode"],"gold_per_floor":[116,166,180,198,123,153,153,169,223,241,241,291,116,134,134,205,205,224,149,239,254,254,254],"floor_reached":22,"language":"KOR","playtime":994,"items_purged":["Decay","Strike_R"],"score":372,"play_id":"93a9ed2b-eba8-4cd0-b825-41115ea40427","local_time":"20210129021808","is_ascension_mode":true,"campfire_choices":[{"floor":7.0,"key":"REST"},{"data":"Barricade","floor":11.0,"key":"SMITH"},{"data":"Battle Trance","floor":15.0,"key":"SMITH"}],"circlet_count":0,"master_deck":["AscendersBane","Strike_R","Strike_R","Strike_R","Defend_R","Defend_R","Defend_R","Defend_R","Bash","Barricade+1","Pommel Strike","Second Wind","Armaments","Wild Strike","Wild Strike","Battle Trance+1","True Grit","Double Tap","Spot Weakness","Spot Weakness"],"relics":["Burning Blood","Meat on the Bone","Centennial Puzzle","Coffee Dripper"],"acts_visited":["Exordium","TheCity"],"potions_floor_usage":[],"damage_taken":[{"damage":19.0,"enemies":"Jaw Worm","floor":1.0,"turns":4.0},{"damage":6.0,"enemies":"Cultist","floor":3.0,"turns":4.0},{"damage":1.0,"enemies":"2 Louse","floor":4.0,"turns":4.0},{"damage":49.0,"enemies":"3 Sentries","floor":6.0,"turns":15.0},{"damage":33.0,"enemies":"Exordium Thugs","floor":8.0,"turns":6.0},{"damage":1.0,"enemies":"2 Fungi Beasts","floor":10.0,"turns":4.0},{"damage":13.0,"enemies":"Large Slime","floor":14.0,"turns":8.0},{"damage":30.0,"enemies":"The Guardian","floor":16.0,"turns":15.0},{"damage":22.0,"enemies":"2 Thieves","floor":18.0,"turns":4.0},{"damage":21.0,"enemies":"Shell Parasite","floor":21.0,"turns":2.0},{"damage":23,"enemies":"3 Cultists","floor":22,"turns":4}],"seed_played":"-4905644946675153685","potions_obtained":[{"floor":3.0,"key":"LiquidBronze"},{"floor":4.0,"key":"Swift Potion"},{"floor":10.0,"key":"Swift Potion"},{"floor":14.0,"key":"DistilledChaos"}],"is_trial":false,"path_per_floor":["M","?","M","M","$","E","R","M","T","M","R","?","$","M","R","B",null,"M","?","?","M","M"],"character_chosen":"IRONCLAD","items_purchased":["Battle Trance"],"campfire_rested":1,"item_purchase_floors":[13],"current_hp_per_floor":[55,55,55,60,60,17,39,24,24,41,41,34,34,39,39,27,63,47,47,35,32,9,9],"gold":254,"neow_bonus":"THREE_RARE_CARDS","is_daily":false,"chose_seed":false,"campfire_upgraded":2,"win_rate":0.0,"timestamp":1611854288,"path_taken":["M","?","M","?","$","E","R","M","T","M","R","?","?","M","R","BOSS","M","?","?","M","M"],"items_purchased_type":["Card"],"build_version":"2020-12-22","purchased_purges":2,"victory":false,"max_hp_per_floor":[75,75,75,75,75,75,75,75,75,75,75,75,75,75,75,75,75,75,75,75,75,75,75],"card_choices":[{"not_picked":["Demon Form","Fiend Fire"],"picked":"Barricade","floor":0.0},{"not_picked":["Iron Wave","Havoc"],"picked":"Pommel Strike","floor":1.0},{"not_picked":["Dark Embrace","Clash"],"picked":"Second Wind","floor":3.0},{"not_picked":["Clothesline","Cleave"],"picked":"Armaments","floor":4.0},{"not_picked":["Juggernaut","Flex"],"picked":"Wild Strike","floor":6.0},{"not_picked":["Pommel Strike","Infernal Blade"],"picked":"Wild Strike","floor":8.0},{"not_picked":["Heavy Blade","Iron Wave","Reckless Charge"],"picked":"SKIP","floor":10.0},{"not_picked":["Wild Strike","Uppercut"],"picked":"True Grit","floor":14.0},{"not_picked":["Limit Break","Reaper"],"picked":"Double Tap","floor":16.0},{"not_picked":["Sword Boomerang","Clash"],"picked":"Spot Weakness","floor":18.0},{"not_picked":["Armaments","Havoc+1"],"picked":"Spot Weakness","floor":21.0}],"player_experience":962896,"relics_obtained":[{"floor":6.0,"key":"Meat on the Bone"},{"floor":9.0,"key":"Centennial Puzzle"}],"event_choices":[{"damage_healed":0.0,"max_hp_gain":0.0,"max_hp_loss":0.0,"gold_gain":50.0,"event_name":"Golden Shrine","player_choice":"Pray","floor":2.0,"gold_loss":0.0,"damage_taken":0.0},{"damage_healed":0.0,"max_hp_gain":0.0,"max_hp_loss":0.0,"gold_gain":50.0,"event_name":"FaceTrader","player_choice":"Touch","floor":12.0,"gold_loss":0.0,"damage_taken":7.0},{"cards_removed":["Strike_R"],"damage_healed":0.0,"max_hp_gain":0.0,"max_hp_loss":0.0,"gold_gain":0.0,"event_name":"Beggar","player_choice":"Gave Gold","floor":19.0,"gold_loss":75.0,"damage_taken":0.0},{"damage_healed":0.0,"max_hp_gain":0.0,"max_hp_loss":0.0,"gold_gain":90.0,"event_name":"Knowing Skull","player_choice":"GOLD ","floor":20.0,"potions_obtained":[],"gold_loss":0.0,"damage_taken":12.0,"cards_obtained":[]}],"is_beta":false,"boss_relics":[{"not_picked":["SlaversCollar","Runic Cube"],"picked":"Coffee Dripper"}],"items_purged_floors":[5,13],"is_endless":false,"potions_floor_spawned":[3,4,10,14],"killed_by":"3 Cultists","ascension_level":20}}