{"host":"vqun63pi4q2xs0ca","time":1611793882,"event":{"mods":["BaseMod","Bestiary","Minty Spire (QoL Compilation)","Relic Stats","StSLib"],"gold_per_floor":[111,111,129,0,18,51,69,97,122,122,122,184,20,49,61,145,157,181,193,20,38,53,53,85,85,85,103,28,57,107,107,107,178,178,195,195,0,0,13,13,47,47,100,100,127,140,172,16,16,16,16,16],"floor_reached":51,"language":"ENG","playtime":1868,"items_purged":["Strike_R","Strike_R+1"],"score":1754,"play_id":"00724d5c-c04f-47c5-a636-6f1393161a29","local_time":"20210128003122","is_ascension_mode":true,"campfire_choices":[{"data":"Fiend Fire","floor":11,"key":"SMITH"},{"data":"Rupture","floor":15,"key":"SMITH"},{"floor":23,"key":"REST"},{"floor":25,"key":"REST"},{"floor":32,"key":"REST"},{"data":"Hemokinesis","floor":40,"key":"SMITH"},{"floor":42,"key":"REST"},{"floor":49,"key":"REST"}],"circlet_count":0,"master_deck":["AscendersBane","Strike_R+1","Strike_R+1","Defend_R+1","Defend_R+1","Defend_R+1","Defend_R+1","Bash","Clothesline","Spot Weakness+1","Hemokinesis+1","Spot Weakness+1","Fiend Fire+1","Warcry+1","Rupture+1","Combust","Battle Trance+1","Blood for Blood","Offering+1","Second Wind+1","True Grit+1","Sword Boomerang","True Grit+1","Sentinel+1","Bloodletting+1","Shrug It Off+1","Flex+1","Offering+1","Flame Barrier+1"],"relics":["Burning Blood","NeowsBlessing","Toxic Egg 2","Potion Belt","Odd Mushroom","PreservedInsect","Orichalcum","MawBank","Black Star","Happy Flower","Red Skull","Oddly Smooth Stone","Bronze Scales","SlaversCollar","Red Mask","Ancient Tea Set","Omamori","Pen Nib","Pear","Toy Ornithopter","Blue Candle","Self Forming Clay","White Beast Statue"],"acts_visited":["Exordium","TheCity","TheBeyond"],"potions_floor_usage":[6,14,16,18,21,22,33,33,35,41,41,50],"damage_taken":[{"damage":0,"enemies":"Cultist","floor":1,"turns":1},{"damage":0,"enemies":"2 Louse","floor":3,"turns":1},{"damage":0,"enemies":"Jaw Worm","floor":5,"turns":1},{"damage":35,"enemies":"Lagavulin","floor":6,"turns":5},{"damage":3,"enemies":"2 Fungi Beasts","floor":7,"turns":3},{"damage":23,"enemies":"The Mushroom Lair","floor":8,"turns":4},{"damage":2,"enemies":"Gremlin Nob","floor":12,"turns":2},{"damage":15,"enemies":"3 Sentries","floor":14,"turns":4},{"damage":6,"enemies":"Slime Boss","floor":16,"turns":5},{"damage":6,"enemies":"Shell Parasite","floor":18,"turns":2},{"damage":6,"enemies":"2 Thieves","floor":21,"turns":4},{"damage":38,"enemies":"Snecko","floor":22,"turns":7},{"damage":8,"enemies":"Gremlin Leader","floor":24,"turns":2},{"damage":6,"enemies":"Centurion and Healer","floor":27,"turns":2},{"damage":33,"enemies":"Slavers","floor":29,"turns":3},{"damage":47,"enemies":"Collector","floor":33,"turns":5},{"damage":39,"enemies":"3 Darklings","floor":35,"turns":4},{"damage":0,"enemies":"Orb Walker","floor":39,"turns":2},{"damage":0,"enemies":"Reptomancer","floor":41,"turns":1},{"damage":11,"enemies":"Giant Head","floor":45,"turns":4},{"damage":23,"enemies":"Spire Growth","floor":46,"turns":4},{"damage":14,"enemies":"Nemesis","floor":47,"turns":1},{"damage":54,"enemies":"Donu and Deca","floor":50,"turns":7},{"damage":38,"enemies":"Time Eater","floor":51,"turns":3}],"seed_played":"-887464469520971871","potions_obtained":[{"floor":3,"key":"Regen Potion"},{"floor":12,"key":"Block Potion"},{"floor":14,"key":"PowerPotion"},{"floor":16,"key":"Dexterity Potion"},{"floor":18,"key":"SkillPotion"},{"floor":22,"key":"Explosive Potion"},{"floor":24,"key":"SteroidPotion"},{"floor":33,"key":"Energy Potion"},{"floor":39,"key":"Swift Potion"},{"floor":41,"key":"LiquidBronze"},{"floor":46,"key":"SteroidPotion"}],"is_trial":false,"path_per_floor":["M","T","M","$","M","E","M","?","T","?","R","?","$","E","R","B",null,"M","?","$","M","M","R","E","R","T","M","$","E","?","?","R","B",null,"M","?","?","?","M","R","E","R","T","T","E","M","E","$","R","B","B"],"character_chosen":"IRONCLAD","items_purchased":["Hemokinesis","AttackPotion","Combust","Battle Trance+1","True Grit+1","LiquidMemories","Strength Potion","SteroidPotion"],"campfire_rested":5,"item_purchase_floors":[4,4,13,13,20,20,20,48],"current_hp_per_floor":[74,74,75,75,75,46,49,32,32,32,32,36,36,39,39,39,66,66,45,45,45,13,37,35,59,59,59,59,32,32,32,56,15,64,31,31,31,31,37,37,43,67,67,77,72,55,47,47,74,31,0,0],"gold":16,"neow_bonus":"THREE_ENEMY_KILL","is_daily":false,"chose_seed":false,"campfire_upgraded":3,"win_rate":0.0,"timestamp":1611793882,"path_taken":["M","?","M","$","?","E","M","?","T","?","R","?","$","E","R","BOSS","M","?","$","M","M","R","E","R","T","M","$","E","?","?","R","BOSS","M","?","?","?","?","R","E","R","T","?","E","M","E","$","R","BOSS","BOSS"],"items_purchased_type":["Card","Potion","Card","Card","Card","Potion","Potion","Potion"],"build_version":"2020-12-22","purchased_purges":2,"victory":false,"max_hp_per_floor":[75,75,75,75,75,75,75,75,75,75,75,75,75,75,75,75,75,75,80,80,80,80,80,80,80,80,80,80,80,80,80,80,80,80,80,80,80,80,80,80,80,80,80,90,90,90,90,90,90,90,90,90],"relic_stats":{"Happy Flower":[12],"counters":[24,77],"Self Forming Clay":[42],"Blue Candle":[0],"PreservedInsect":388,"Pen Nib":[3],"Orichalcum":[114],"MawBank":72,"Burning Blood":127,"Bronze Scales":[73],"Black Star":5,"obtain_stats":[{"Potion Belt":6,"Pear":44,"NeowsBlessing":0,"Happy Flower":24,"Self Forming Clay":47,"Blue Candle":45,"Oddly Smooth Stone":29,"PreservedInsect":9,"Pen Nib":43,"Omamori":41,"Odd Mushroom":8,"Orichalcum":12,"MawBank":14,"Ancient Tea Set":41,"Burning Blood":0,"White Beast Statue":47,"SlaversCollar":34,"Bronze Scales":29,"Black Star":17,"Red Mask":37,"Toxic Egg 2":2,"Red Skull":24,"Toy Ornithopter":45},{"Potion Belt":4,"Pear":19,"NeowsBlessing":0,"Happy Flower":13,"Self Forming Clay":22,"Blue Candle":20,"Oddly Smooth Stone":15,"PreservedInsect":6,"Pen Nib":19,"Omamori":19,"Odd Mushroom":6,"Orichalcum":7,"MawBank":8,"Ancient Tea Set":19,"Burning Blood":0,"White Beast Statue":22,"SlaversCollar":16,"Bronze Scales":15,"Black Star":9,"Red Mask":17,"Toxic Egg 2":1,"Red Skull":13,"Toy Ornithopter":20},{"Potion Belt":8,"Pear":58,"NeowsBlessing":0,"Happy Flower":41,"Self Forming Clay":67,"Blue Candle":62,"Oddly Smooth Stone":46,"PreservedInsect":15,"Pen Nib":58,"Omamori":58,"Odd Mushroom":15,"Orichalcum":17,"MawBank":21,"Ancient Tea Set":58,"Burning Blood":0,"White Beast Statue":67,"SlaversCollar":51,"Bronze Scales":46,"Black Star":26,"Red Mask":55,"Toxic Egg 2":1,"Red Skull":41,"Toy Ornithopter":62}],"Toy Ornithopter":5},"card_choices":[{"not_picked":["Clash","True Grit"],"picked":"Clothesline","floor":1},{"not_picked":["Rupture","Inflame"],"picked":"Spot Weakness+1","floor":3},{"not_picked":["Body Slam","Carnage"],"picked":"Spot Weakness+1","floor":5},{"not_picked":["Clothesline","Barricade"],"picked":"Fiend Fire","floor":6},{"not_picked":["Evolve","Searing Blow","Anger"],"picked":"SKIP","floor":7},{"not_picked":["Evolve","Searing Blow","Anger"],"picked":"SKIP","floor":7},{"not_picked":["Thunderclap","Intimidate+1"],"picked":"Warcry+1","floor":8},{"not_picked":["Pommel Strike","Headbutt"],"picked":"Rupture","floor":12},{"not_picked":["Havoc+1","Sentinel+1"],"picked":"Blood for Blood","floor":14},{"not_picked":["Bludgeon","Juggernaut"],"picked":"Offering+1","floor":16},{"not_picked":["Clothesline+1","Wild Strike"],"picked":"Second Wind+1","floor":18},{"not_picked":["Thunderclap","Flex+1"],"picked":"Sword Boomerang","floor":21},{"not_picked":["Iron Wave","Rampage"],"picked":"True Grit+1","floor":22},{"not_picked":["Ghostly Armor+1","Twin Strike"],"picked":"Sentinel+1","floor":24},{"not_picked":["Wild Strike","Anger"],"picked":"Bloodletting+1","floor":27},{"not_picked":["Blood for Blood","Fire Breathing","Havoc+1"],"picked":"SKIP","floor":29},{"not_picked":["Bloodletting+1","Anger"],"picked":"Shrug It Off+1","floor":35},{"not_picked":["Shockwave+1","Dual Wield+1","Havoc+1"],"picked":"SKIP","floor":39},{"not_picked":["Perfected Strike","Burning Pact+1","Rupture"],"picked":"SKIP","floor":41},{"not_picked":["Sword Boomerang+1","Sentinel+1"],"picked":"Offering+1","floor":45},{"not_picked":["Reckless Charge","Metallicize","Clothesline"],"picked":"SKIP","floor":46},{"not_picked":["Perfected Strike","Shrug It Off+1"],"picked":"Flame Barrier+1","floor":47}],"player_experience":1453769,"relics_obtained":[{"floor":2,"key":"Toxic Egg 2"},{"floor":6,"key":"Potion Belt"},{"floor":8,"key":"Odd Mushroom"},{"floor":9,"key":"PreservedInsect"},{"floor":12,"key":"Orichalcum"},{"floor":14,"key":"MawBank"},{"floor":24,"key":"Happy Flower"},{"floor":24,"key":"Red Skull"},{"floor":29,"key":"Oddly Smooth Stone"},{"floor":29,"key":"Bronze Scales"},{"floor":41,"key":"Ancient Tea Set"},{"floor":41,"key":"Omamori"},{"floor":43,"key":"Pen Nib"},{"floor":44,"key":"Pear"},{"floor":45,"key":"Toy Ornithopter"},{"floor":45,"key":"Blue Candle"},{"floor":47,"key":"Self Forming Clay"},{"floor":47,"key":"White Beast Statue"}],"event_choices":[{"damage_healed":0,"gold_gain":0,"player_choice":"Fought Mushrooms","damage_taken":0,"max_hp_gain":0,"max_hp_loss":0,"event_name":"Mushrooms","floor":8,"gold_loss":0},{"damage_healed":0,"gold_gain":0,"player_choice":"Ignored","damage_taken":0,"max_hp_gain":0,"max_hp_loss":0,"event_name":"Liars Game","floor":10,"gold_loss":0},{"damage_healed":0,"gold_gain":0,"player_choice":"Searched \u00271\u0027 times","damage_taken":0,"max_hp_gain":0,"max_hp_loss":0,"event_name":"Dead Adventurer","floor":12,"gold_loss":0},{"damage_healed":0,"gold_gain":0,"player_choice":"Shed Blood","damage_taken":26,"max_hp_gain":5,"max_hp_loss":0,"event_name":"Forgotten Altar","floor":19,"gold_loss":0},{"damage_healed":0,"gold_gain":50,"player_choice":"Stole From Cult","damage_taken":0,"max_hp_gain":0,"max_hp_loss":0,"event_name":"Nest","floor":30,"gold_loss":0},{"damage_healed":0,"gold_gain":0,"player_choice":"Simplicity","damage_taken":0,"max_hp_gain":0,"max_hp_loss":0,"event_name":"Back to Basics","floor":31,"gold_loss":0,"cards_upgraded":["Strike_R","Strike_R","Strike_R","Strike_R","Defend_R","Defend_R","Defend_R","Defend_R"]},{"damage_healed":0,"gold_gain":0,"player_choice":"Memory 1","damage_taken":0,"max_hp_gain":0,"max_hp_loss":0,"event_name":"SensoryStone","floor":36,"gold_loss":0},{"damage_healed":0,"gold_gain":0,"player_choice":"Paid","damage_taken":0,"relics_obtained":["Red Mask"],"max_hp_gain":0,"max_hp_loss":0,"event_name":"Tomb of Lord Red Mask","floor":37,"gold_loss":195},{"damage_healed":0,"gold_gain":0,"cards_transformed":["Strike_R"],"player_choice":"Transformed","damage_taken":0,"max_hp_gain":0,"max_hp_loss":0,"event_name":"Transmorgrifier","floor":38,"gold_loss":0,"cards_obtained":["Flex"]}],"is_beta":false,"boss_relics":[{"not_picked":["Calling Bell","Runic Dome"],"picked":"Black Star"},{"not_picked":["Runic Cube","Snecko Eye"],"picked":"SlaversCollar"}],"items_purged_floors":[28,48],"is_endless":false,"potions_floor_spawned":[3,5,12,14,16,18,22,24,33,39,41,46],"killed_by":"Time Eater","ascension_level":20}}