{"host":"lnaqncbfopcj593v","time":1611857224,"event":{"mods":["AchievementEnabler","BaseMod","Colored Map","Downfall","Minty Spire (QoL Compilation)","StSLib"],"gold_per_floor":[113,113,38,52,52,86,98,110,122,162,188,200,212,258,270,383,395,418,355,377,158,170,170,203,203,282,214,234,264,264,96,96,201,201,221,221,117,117,136,136,162,162,211,211,241,241,241,0,0,0,0],"floor_reached":50,"language":"ENG","playtime":2299,"items_purged":["Regret","Defend_G"],"score":573,"play_id":"b7c3a233-8712-44c5-ac75-6cacf457d917","local_time":"20210129030704","is_ascension_mode":false,"campfire_choices":[{"data":"Neutralize","floor":8.0,"key":"SMITH"},{"floor":12.0,"key":"RECALL"},{"data":"Dagger Throw","floor":15.0,"key":"SMITH"},{"data":"Infinite Blades","floor":23.0,"key":"SMITH"},{"data":"Dagger Spray","floor":25.0,"key":"SMITH"},{"floor":30.0,"key":"REST"},{"data":"Infinite Blades","floor":32.0,"key":"SMITH"},{"data":"Noxious Fumes","floor":40.0,"key":"SMITH"},{"data":"Caltrops","floor":42.0,"key":"SMITH"},{"data":"Bullet Time","floor":44.0,"key":"SMITH"},{"floor":46.0,"key":"REST"},{"data":"expansioncontent:YouAreMine","floor":49.0,"key":"SMITH"}],"circlet_count":0,"master_deck":["Defend_G","Defend_G","Defend_G","Defend_G","Survivor","Neutralize+1","Dagger Throw","Backstab","Quick Slash","Bullet Time+1","Dagger Throw+1","Venomology","Corpse Explosion","Slice+1","Noxious Fumes+1","A Thousand Cuts+1","Dagger Spray+1","Infinite Blades+1","ThirdEye+1","Infinite Blades+1","champ:ShieldSlam+1","expansioncontent:YouAreMine+1","Noxious Fumes+1","bronze:Mutator","bronze:Flail+1","Caltrops+1","Backstab","Writhe","Guardian:WalkerClaw+1","bronze:BugBarrage","sneckomod:Restock"],"relics":["Ring of the Snake","NeowsBlessing","Darkstone Periapt","MawBank","Mercury Hourglass","Ancient Tea Set","Juzu Bracelet","Astrolabe","PrismaticShard","Singing Bowl","Shuriken","WingedGreaves","WristBlade","Happy Flower","Lizard Tail","Blue Candle","Red Mask"],"acts_visited":["Exordium","TheCity","TheBeyond"],"potions_floor_usage":[50],"damage_taken":[{"damage":0.0,"enemies":"2 Louse","floor":1.0,"turns":1.0},{"damage":0.0,"enemies":"Jaw Worm","floor":4.0,"turns":1.0},{"damage":0.0,"enemies":"3 Sentries","floor":6.0,"turns":1.0},{"damage":9.0,"enemies":"Gremlin Nob","floor":10.0,"turns":4.0},{"damage":0.0,"enemies":"Small Slimes","floor":11.0,"turns":2.0},{"damage":13.0,"enemies":"3 Sentries","floor":14.0,"turns":6.0},{"damage":35.0,"enemies":"The Guardian","floor":16.0,"turns":15.0},{"damage":0.0,"enemies":"3 Byrds","floor":18.0,"turns":3.0},{"damage":7.0,"enemies":"2 Thieves","floor":20.0,"turns":2.0},{"damage":1.0,"enemies":"Centurion and Healer","floor":22.0,"turns":2.0},{"damage":16.0,"enemies":"Book of Stabbing","floor":24.0,"turns":4.0},{"damage":9.0,"enemies":"Snake Plant","floor":28.0,"turns":4.0},{"damage":32.0,"enemies":"Slavers","floor":29.0,"turns":3.0},{"damage":36.0,"enemies":"Champ","floor":33.0,"turns":7.0},{"damage":12.0,"enemies":"Orb Walker","floor":35.0,"turns":3.0},{"damage":2.0,"enemies":"3 Shapes","floor":39.0,"turns":3.0},{"damage":18.0,"enemies":"Giant Head","floor":41.0,"turns":6.0},{"damage":51.0,"enemies":"Nemesis","floor":45.0,"turns":5.0},{"damage":95,"enemies":"Time Eater","floor":50,"turns":6}],"seed_played":"-5917357824127444557","potions_obtained":[{"floor":10.0,"key":"DuplicationPotion"},{"floor":14.0,"key":"DistilledChaos"},{"floor":28.0,"key":"CultistPotion"},{"floor":35.0,"key":"Swift Potion"},{"floor":39.0,"key":"Block Potion"}],"is_trial":false,"path_per_floor":["M","?","$","M","?","E","$","R","T","E","M","R","$","E","R","B",null,"M","?","M","$","M","R","E","R","T","$","M","E","R","$","R","B",null,"M","?","$","?","M","R","E","R","T","R","E","R","T","?","R","B"],"character_chosen":"THE_SILENT","items_purchased":["Infinite Blades","PrismaticShard","Infinite Blades","Noxious Fumes","Caltrops","Backstab"],"campfire_rested":2,"item_purchase_floors":[21,21,27,31,37,37],"current_hp_per_floor":[70,76,76,76,69,69,69,69,69,60,60,60,60,47,47,12,76,76,76,69,69,68,68,66,66,66,66,57,25,48,48,48,12,78,66,66,66,84,82,82,73,73,73,73,22,47,47,47,47,0,0],"gold":0,"neow_bonus":"THREE_ENEMY_KILL","is_daily":false,"chose_seed":false,"campfire_upgraded":9,"win_rate":0.0,"timestamp":1611857224,"path_taken":["M","?","$","M","?","E","$","R","T","E","M","R","$","E","R","BOSS","M","?","M","$","M","R","E","R","T","$","M","E","R","?","R","BOSS","BOSS","M","?","$","?","M","R","E","R","T","R","E","R","?","?","R","BOSS"],"items_purchased_type":["Card","Relic","Card","Card","Card","Card"],"build_version":"2020-12-22","purchased_purges":2,"victory":false,"max_hp_per_floor":[70,76,76,76,76,76,76,76,76,76,76,76,76,76,76,76,76,76,76,76,76,76,76,78,78,78,78,78,78,78,78,78,78,78,78,78,78,84,84,84,84,84,84,84,84,84,84,84,84,84,84],"card_choices":[{"not_picked":["Prepared","Flechettes"],"picked":"Dagger Throw","floor":1.0},{"not_picked":["Predator","Bane"],"picked":"Backstab","floor":4.0},{"not_picked":["Blade Dance","Underhanded Strike"],"picked":"Quick Slash","floor":6.0},{"not_picked":["Deadly Poison","Skewer"],"picked":"Bullet Time","floor":10.0},{"not_picked":["Slice","Bane"],"picked":"Dagger Throw","floor":11.0},{"not_picked":["Skewer","Leg Sweep"],"picked":"Venomology","floor":14.0},{"not_picked":["Glass Knife","Wraith Form v2"],"picked":"Corpse Explosion","floor":16.0},{"not_picked":["Dodge and Roll","Bane"],"picked":"Sucker Punch","floor":18.0},{"not_picked":["Masterful Stab","Dagger Throw+1"],"picked":"Dagger Spray","floor":20.0},{"not_picked":["Guardian:TemporalStrike","Beam Cell"],"picked":"ThirdEye+1","floor":22.0},{"not_picked":["Guardian:GuardianWhirl","champ:PerfectedStrike+1","Skim"],"picked":"Singing Bowl","floor":24.0},{"not_picked":["Guardian:PrimingBeam","Anger"],"picked":"champ:ShieldSlam+1","floor":28.0},{"not_picked":["Protect","Dropkick"],"picked":"expansioncontent:YouAreMine","floor":29.0},{"not_picked":["sneckomod:UnknownRarePower","Rainbow"],"picked":"bronze:Mutator","floor":33.0},{"not_picked":["Steam+1","champ:FancyFootwork+1"],"picked":"bronze:Flail+1","floor":35.0},{"not_picked":["hexamod:Firestarter+1","Bloodletting"],"picked":"Guardian:WalkerClaw+1","floor":39.0},{"not_picked":["Gash","hexamod:ShieldOfDarkness"],"picked":"bronze:BugBarrage","floor":41.0},{"not_picked":["Flying Knee+1","champ:VampiricStrike"],"picked":"sneckomod:Restock","floor":45.0}],"player_experience":64998,"relics_obtained":[{"floor":6.0,"key":"MawBank"},{"floor":9.0,"key":"Mercury Hourglass"},{"floor":10.0,"key":"Ancient Tea Set"},{"floor":14.0,"key":"Juzu Bracelet"},{"floor":24.0,"key":"Singing Bowl"},{"floor":26.0,"key":"Shuriken"},{"floor":29.0,"key":"WingedGreaves"},{"floor":41.0,"key":"Happy Flower"},{"floor":45.0,"key":"Lizard Tail"},{"floor":47.0,"key":"Blue Candle"}],"event_choices":[{"damage_healed":0.0,"max_hp_gain":0.0,"max_hp_loss":0.0,"gold_gain":0.0,"event_name":"Big Fish","player_choice":"Box","floor":2.0,"gold_loss":0.0,"damage_taken":0.0,"relics_obtained":["Darkstone Periapt"],"cards_obtained":["Regret"]},{"cards_removed":["Strike_G"],"damage_healed":0.0,"max_hp_gain":0.0,"max_hp_loss":0.0,"gold_gain":0.0,"event_name":"Golden Wing","player_choice":"Card Removal","floor":5.0,"gold_loss":0.0,"damage_taken":7.0},{"cards_removed":["Strike_G"],"damage_healed":0.0,"max_hp_gain":0.0,"max_hp_loss":0.0,"gold_gain":0.0,"event_name":"Beggar","player_choice":"Gave Gold","floor":19.0,"gold_loss":75.0,"damage_taken":0.0},{"cards_removed":["Sucker Punch"],"damage_healed":0.0,"max_hp_gain":0.0,"max_hp_loss":0.0,"gold_gain":0.0,"event_name":"Falling","player_choice":"Removed Attack","floor":36.0,"gold_loss":0.0,"damage_taken":0.0},{"damage_healed":20.0,"max_hp_gain":0.0,"max_hp_loss":0.0,"gold_gain":0.0,"event_name":"Winding Halls","player_choice":"Writhe","floor":38.0,"gold_loss":0.0,"damage_taken":0.0,"cards_obtained":["Writhe"]},{"damage_healed":0.0,"max_hp_gain":0.0,"max_hp_loss":0.0,"gold_gain":0.0,"event_name":"Tomb of Lord Red Mask","player_choice":"Paid","floor":48.0,"gold_loss":241.0,"damage_taken":0.0,"relics_obtained":["Red Mask"]}],"is_beta":false,"boss_relics":[{"not_picked":["Coffee Dripper","Empty Cage"],"picked":"Astrolabe"},{"not_picked":["Ring of the Serpent","SacredBark"],"picked":"WristBlade"}],"items_purged_floors":[3,31],"is_endless":false,"potions_floor_spawned":[10,14,22,28,35,39],"killed_by":"Time Eater","ascension_level":0}}