{"host":"o1scrl1hgy598kuq","time":1611813806,"event":{"mods":["BaseMod","Colored Map","Colored Powertips","Minty Spire (QoL Compilation)","Remilia??????","Replay The Spire","Shop Mod","StSLib","The Jungle","The Marked","The Servant 0.9.4"],"gold_per_floor":[114,114,114,125,144,175,190,207,261,261,261],"floor_reached":10,"language":"ENG","playtime":446,"items_purged":[],"score":84,"play_id":"86075ce7-dc75-4ed3-9d6a-6611b177c65f","local_time":"20210128000326","is_ascension_mode":true,"campfire_choices":[],"circlet_count":0,"master_deck":["Strike_S","Strike_S","Strike_S","Strike_S","Defend_S","Defend_S","Defend_S","KidneyShot+1","Exchange","Rewind","Rearm","Rearm","StarChef"],"relics":["Uniform","CultistMask","Nunchaku","Art of War"],"acts_visited":["Exordium"],"potions_floor_usage":[7,10],"damage_taken":[{"damage":0,"enemies":"Jaw Worm","floor":1,"turns":4},{"damage":0,"enemies":"2 Louse","floor":4,"turns":2},{"damage":0,"enemies":"Cultist","floor":5,"turns":3},{"damage":34,"enemies":"3 Sentries","floor":6,"turns":12},{"damage":9,"enemies":"Red Slaver","floor":7,"turns":6},{"damage":5,"enemies":"Exordium Wildlife","floor":8,"turns":4},{"damage":20,"enemies":"Gremlin Nob","floor":10,"turns":3}],"seed_played":"-2674240856993957705","potions_obtained":[{"floor":4,"key":"Milkshake"},{"floor":6,"key":"Fire Potion"}],"is_trial":false,"path_per_floor":["M","?","?","M","M","E","M","M","T","E"],"character_chosen":"THE_SERVANT","items_purchased":[],"campfire_rested":0,"item_purchase_floors":[],"current_hp_per_floor":[65,65,65,65,65,31,22,17,17,0,0],"gold":261,"neow_bonus":"UPGRADE_CARD","is_daily":false,"chose_seed":false,"campfire_upgraded":0,"win_rate":0.0,"timestamp":1611813806,"path_taken":["M","?","?","M","M","E","M","?","T","E"],"items_purchased_type":[],"build_version":"2020-12-22","purchased_purges":0,"victory":false,"max_hp_per_floor":[65,65,65,65,65,65,65,65,65,65,65],"card_choices":[{"not_picked":["Spin","ShatteredReality","Desolation"],"picked":"SKIP","floor":1},{"not_picked":["Rearm","Alleviate"],"picked":"Rewind","floor":4},{"not_picked":["FastForward","Revamp"],"picked":"Rearm","floor":5},{"not_picked":["Ricochet","Potential"],"picked":"Rearm","floor":6},{"not_picked":["SilverMatrix","DancingSilver"],"picked":"StarChef","floor":7},{"not_picked":["Collapse","FanOfKnives","WasteNot"],"picked":"SKIP","floor":8}],"player_experience":233562,"relics_obtained":[{"floor":6,"key":"Nunchaku"},{"floor":9,"key":"Art of War"}],"event_choices":[{"damage_healed":0,"gold_gain":0,"player_choice":"Trade","damage_taken":0,"relics_obtained":["CultistMask"],"max_hp_gain":0,"max_hp_loss":0,"event_name":"FaceTrader","floor":3,"gold_loss":0}],"is_beta":false,"boss_relics":[],"items_purged_floors":[],"is_endless":false,"potions_floor_spawned":[4,6],"killed_by":"Gremlin Nob","ascension_level":4}}