{"host":"y89x8uui45kcjy42","time":1611827381,"event":{"mods":["2.2 Compatiblity","BaseMod","CapriCore","Colored Map","Colored Powertips","Custom Start","Friendly Minions","Keyboard Shortcuts","Marisa£¨Ùöéë¡¡Øª×âÞÞ£©","Minty Spire (QoL Compilation)","Relic Stats","Slay the Relics Exporter","StSLib","SuperFastMode","Uncapped"],"gold_per_floor":[216,226,2,2,2,2,338,338,361,405,443,443,443,463,463,556,556,575,595,595,616,420,420,420,420],"floor_reached":24,"language":"KOR","playtime":750,"items_purged":["Strike_MRS"],"score":445,"play_id":"abb122a9-a75e-4c0a-bffe-796e37ad4d05","local_time":"20210128184941","is_ascension_mode":true,"campfire_choices":[{"floor":6,"key":"RECALL"},{"data":"MasterSpark","floor":8,"key":"SMITH"},{"data":"OpenUniverse","floor":15,"key":"SMITH"},{"data":"MillisecondPulsars","floor":23,"key":"SMITH"}],"circlet_count":0,"master_deck":["AscendersBane","Defend_MRS","MasterSpark+1","UpSweep","MeteoricShower+1","JA+1","SuperNova+1","OpenUniverse+1","MillisecondPulsars+1","MagicAbsorber+1","EscapeVelocity+1","SuperNova+1","StarlightTyphoon+1"],"relics":["BewitchedHakkero","Ring of the Serpent","Coffee Dripper","Pen Nib","AmplifyWand","Ancient Tea Set","Art of War","Astrolabe","Anchor","Golden Idol","Old Coin","Smiling Mask","Thread and Needle","Astrolabe","ClockworkSouvenir"],"acts_visited":["Exordium","TheCity"],"potions_floor_usage":[],"damage_taken":[{"damage":0,"enemies":"Jaw Worm","floor":1,"turns":2},{"damage":8,"enemies":"2 Louse","floor":2,"turns":2},{"damage":8,"enemies":"Gremlin Nob","floor":7,"turns":3},{"damage":20,"enemies":"Lagavulin","floor":10,"turns":3},{"damage":2,"enemies":"3 Sentries","floor":11,"turns":3},{"damage":0,"enemies":"Cultist","floor":14,"turns":2},{"damage":0,"enemies":"Slime Boss","floor":16,"turns":4},{"damage":7,"enemies":"Spheric Guardian","floor":18,"turns":3},{"damage":0,"enemies":"Chosen","floor":19,"turns":3},{"damage":15,"enemies":"Centurion and Healer","floor":21,"turns":3},{"damage":54,"enemies":"Book of Stabbing","floor":24,"turns":4}],"seed_played":"1271854033291964685","potions_obtained":[{"floor":14,"key":"ShroomBrew"},{"floor":16,"key":"DuplicationPotion"}],"is_trial":false,"path_per_floor":["M","M","$","?","?","R","E","R","T","E","E","?","?","M","R","B",null,"M","M","T","M","$","R","E"],"character_chosen":"MARISA","items_purchased":["Anchor","Regen Potion","ClockworkSouvenir"],"campfire_rested":0,"item_purchase_floors":[3,3,22],"current_hp_per_floor":[63,55,55,38,43,43,35,35,35,15,13,13,13,75,75,75,75,68,68,68,53,53,53,0,0],"gold":420,"neow_bonus":"HUNDRED_GOLD","is_daily":false,"chose_seed":false,"campfire_upgraded":3,"win_rate":0.0,"timestamp":1611827381,"path_taken":["M","M","$","?","?","R","E","R","T","E","E","?","?","M","R","BOSS","M","M","?","M","$","R","E"],"items_purchased_type":["Relic","Potion","Relic"],"build_version":"2020-12-22","purchased_purges":1,"victory":false,"max_hp_per_floor":[70,70,70,70,75,75,75,75,75,75,75,75,75,75,75,75,75,75,75,75,75,75,75,75,75],"relic_stats":{"counters":[11,32],"Golden Idol":59,"Astrolabe":["MeteoricShower","JA","SuperNova","MagicAbsorber","EscapeVelocity","SuperNova"],"Pen Nib":[8],"Art of War":[3],"Smiling Mask":25,"obtain_stats":[{"AmplifyWand":0,"Golden Idol":4,"Astrolabe":0,"Thread and Needle":11,"Pen Nib":0,"Ancient Tea Set":0,"Smiling Mask":9,"Old Coin":7,"ClockworkSouvenir":22,"Anchor":3,"WingedGreaves":7,"Coffee Dripper":0,"Art of War":0,"MiniHakkero":0,"BewitchedHakkero":0,"Ring of the Serpent":0},{"AmplifyWand":0,"Golden Idol":2,"Astrolabe":0,"Thread and Needle":5,"Pen Nib":0,"Ancient Tea Set":0,"Smiling Mask":3,"Old Coin":3,"ClockworkSouvenir":10,"Anchor":2,"WingedGreaves":3,"Coffee Dripper":0,"Art of War":0,"MiniHakkero":0,"BewitchedHakkero":0,"Ring of the Serpent":0},{"AmplifyWand":0,"Golden Idol":4,"Astrolabe":0,"Thread and Needle":13,"Pen Nib":0,"Ancient Tea Set":0,"Smiling Mask":7,"Old Coin":7,"ClockworkSouvenir":28,"Anchor":4,"WingedGreaves":7,"Coffee Dripper":0,"Art of War":0,"MiniHakkero":0,"BewitchedHakkero":0,"Ring of the Serpent":0}]},"card_choices":[{"not_picked":["WitchOfGreed","MysteriousBeam","OneTimeOff"],"picked":"SKIP","floor":1},{"not_picked":["OneTimeOff","PowerUp","DC"],"picked":"SKIP","floor":2},{"not_picked":["Singularity","EnergyRecoil","MysteriousBeam"],"picked":"SKIP","floor":7},{"not_picked":["Acceleration","IllusionStar","MysteriousBeam"],"picked":"SKIP","floor":10},{"not_picked":["MachineGunSpark","LuminesStrike","EventHorizon"],"picked":"SKIP","floor":11},{"not_picked":["MagicAbsorber","NonDirectionalLaser"],"picked":"OpenUniverse","floor":14},{"not_picked":["BinaryStars","SatelliteIllusion"],"picked":"MillisecondPulsars","floor":16},{"not_picked":["NonDirectionalLaser","LuminesStrike"],"picked":"StarlightTyphoon+1","floor":18},{"not_picked":["OortCloud","WitchOfGreed","MilkyWay"],"picked":"SKIP","floor":19},{"not_picked":["OortCloud+1","ChargingUp","DeepEcoloBomb"],"picked":"SKIP","floor":21}],"player_experience":730758,"relics_obtained":[{"floor":7,"key":"Old Coin"},{"floor":9,"key":"Smiling Mask"},{"floor":11,"key":"Thread and Needle"}],"event_choices":[{"damage_healed":0,"gold_gain":0,"player_choice":"Take Damage","damage_taken":17,"relics_obtained":["Golden Idol"],"max_hp_gain":0,"max_hp_loss":0,"event_name":"Golden Idol","floor":4,"gold_loss":0},{"damage_healed":0,"gold_gain":0,"player_choice":"Donut","damage_taken":0,"max_hp_gain":5,"max_hp_loss":0,"event_name":"Big Fish","floor":5,"gold_loss":0},{"damage_healed":0,"gold_gain":0,"player_choice":"Ignored","damage_taken":0,"max_hp_gain":0,"max_hp_loss":0,"event_name":"Shining Light","floor":12,"gold_loss":0},{"damage_healed":0,"gold_gain":0,"player_choice":"Gave Potion","damage_taken":0,"relics_obtained":["Art of War"],"max_hp_gain":0,"max_hp_loss":0,"event_name":"WeMeetAgain","floor":13,"gold_loss":0}],"is_beta":false,"boss_relics":[{"not_picked":["Velvet Choker","Ectoplasm"],"picked":"Astrolabe"}],"items_purged_floors":[22],"is_endless":false,"potions_floor_spawned":[14,16],"killed_by":"Book of Stabbing","ascension_level":14}}