{"host":"ihp6kf8pnegdur9i","time":1611847331,"event":{"mods":["Act Like it!","BaseMod","Conspire","Gensokyo","GifTheSpireLib","Hallownest","Marisa£®ÏF”Í°°ƒß¿Ì…≥£©","Minty Spire (QoL Compilation)","Pale of the Ancients","Replay The Spire","StSLib","The Servant 0.9.4","Youmu£®ªÍ∆«—˝√Œ£©"],"gold_per_floor":[118,138,138,63,78,111,111,143,143,159,159,159,159,59,59,161,161,174,174,286,304,654,684,684,684,708,429,429,429,429,169,169,169,169,186,199,199,199,199,199,199,38,38,38,38,38,38,38,38,38],"floor_reached":51,"language":"ZHS","playtime":5053,"items_purged":["Defend_MRS","Strike_MRS","ReplayTheSpireMod:Restless Dread"],"score":1083,"play_id":"d17f23aa-5a65-44ff-900d-ec2f813a5f2c","local_time":"20210128232211","is_ascension_mode":true,"campfire_choices":[{"data":"6A","floor":7.0,"key":"SMITH"},{"floor":11.0,"key":"REST"},{"data":"PowerUp","floor":13.0,"key":"SMITH"},{"data":"CasketOfStar","floor":15.0,"key":"SMITH"},{"data":"ManaRampage","floor":24.0,"key":"SMITH"},{"data":"Pot Of Greed","floor":28.0,"key":"SMITH"},{"data":"OrrerysSun","floor":32.0,"key":"SMITH"},{"data":"Pot Of Greed","floor":49,"key":"SMITH"}],"circlet_count":0,"master_deck":["Strike_MRS","Strike_MRS","Strike_MRS","Defend_MRS","MasterSpark","UpSweep","6A+1","SporeBomb","6A+1","AlicesGift","PowerUp+1","CasketOfStar+1","ManaRampage+1","6A+1","Acceleration","Doubt","Hallownest:curseDreamersLament","Pot Of Greed+1","Pot Of Greed","OrrerysSun+1","UltimateShortwave","PropBag+1","Pot Of Greed+1"],"relics":["MiniHakkero","Replay:Mystery Machine","Calipers","Snack Pack","Gensokyo:PortableGap","conspire:SpecialSausage","Orichalcum","ReplayTheSpireMod:Ring of Addiction","White Beast Statue","Toy Ornithopter","Ring of Greed","Blue Doll","Old Coin","Garlic","Replay:Baseball","Grinning Jar","Medical Kit","conspire:TopHat","Shuriken","conspire:RunicOctahedron","Gensokyo:DualWield","Sling","Boot","Happy Flower"],"acts_visited":["Gensokyo:Gensokyo","Gensokyo:Gensokyoer","Gensokyo:Gensokyoest"],"potions_floor_usage":[45,48,50],"damage_taken":[{"damage":5.0,"enemies":"Gensokyo:2_Kodama","floor":1.0,"turns":3.0},{"damage":2.0,"enemies":"Gensokyo:3_Fairies","floor":2.0,"turns":4.0},{"damage":0.0,"enemies":"Gensokyo:Gryphon","floor":5.0,"turns":3.0},{"damage":24.0,"enemies":"Gensokyo:Cirno","floor":6.0,"turns":7.0},{"damage":21.0,"enemies":"Gensokyo:Aya","floor":8.0,"turns":6.0},{"damage":10.0,"enemies":"Gensokyo:5_Fairies","floor":10.0,"turns":6.0},{"damage":19.0,"enemies":"Gensokyo:Kokoro","floor":16.0,"turns":7.0},{"damage":2.0,"enemies":"Gensokyo:2_Gloops","floor":18.0,"turns":3.0},{"damage":20.0,"enemies":"Gensokyo:CosmicMonolith","floor":21.0,"turns":3.0},{"damage":0.0,"enemies":"Gensokyo:Koishi","floor":23.0,"turns":2.0},{"damage":0.0,"enemies":"Gensokyo:Chomper_and_Gloop","floor":29.0,"turns":2.0},{"damage":32.0,"enemies":"Gensokyo:Eiki","floor":33.0,"turns":4.0},{"damage":1.0,"enemies":"Gensokyo:3_Bats","floor":35.0,"turns":2.0},{"damage":1.0,"enemies":"Gensokyo:AncientGuardian","floor":36.0,"turns":2.0},{"damage":11.0,"enemies":"Gensokyo:Dusk_and_Dawn","floor":39.0,"turns":2.0},{"damage":2.0,"enemies":"Gensokyo:Rafflesia","floor":44.0,"turns":5.0},{"damage":1,"enemies":"Gensokyo:Marisa","floor":45,"turns":4},{"damage":10,"enemies":"Gensokyo:Sharpion","floor":47,"turns":3},{"damage":0,"enemies":"Gensokyo:4_Bats","floor":48,"turns":1},{"damage":6,"enemies":"Gensokyo:Scarlet_Devils","floor":50,"turns":5}],"seed_played":"2870720446175112862","potions_obtained":[{"floor":2.0,"key":"Elixir"},{"floor":6.0,"key":"Swift Potion"},{"floor":10.0,"key":"AttackPotion"},{"floor":16.0,"key":"Swift Potion"},{"floor":21.0,"key":"PowerPotion"},{"floor":22.0,"key":"Fruit Juice"},{"floor":22.0,"key":"BlessingOfTheForge"},{"floor":23.0,"key":"EssenceOfSteel"},{"floor":29.0,"key":"GamblersBrew"},{"floor":33.0,"key":"BottledSpark"},{"floor":35.0,"key":"Toxic Potion"},{"floor":36.0,"key":"Toxic Potion"},{"floor":39.0,"key":"Regen Potion"},{"floor":44,"key":"SteroidPotion"},{"floor":45,"key":"Cursed Concoction"},{"floor":48,"key":"Languid Potion"}],"is_trial":false,"path_per_floor":["M","M","?","$","M","E","R","E","T","M","R","?","R","$","R","B",null,"M","?","?","M","?","E","R","T","T","$","R","M","?","$","R","B",null,"M","M","?","?","M","?","?","COS","T","M","E","$","M","M","R","B",null],"character_chosen":"MARISA","items_purchased":["Medical Kit","Shuriken"],"campfire_rested":1,"item_purchase_floors":[27,31],"current_hp_per_floor":[70,68,68,68,68,44,44,23,23,21,45,45,45,45,45,36,62,60,60,60,42,47,59,59,59,59,59,59,61,61,61,61,41,57,61,62,62,62,55,55,55,55,55,59,60,60,54,60,60,60],"gold":38,"neow_bonus":"TEN_PERCENT_HP_BONUS","is_daily":false,"chose_seed":false,"campfire_upgraded":7,"win_rate":0.0,"timestamp":1611847331,"path_taken":["M","M","?","?","M","E","R","E","T","M","R","?","R","$","R","BOSS","M","?","?","?","?","E","R","?","T","$","R","?","?","$","R","BOSS","M","M","?","?","M","?","?","COS","T","M","E","?","?","M","R","BOSS"],"items_purchased_type":["Relic","Relic"],"build_version":"2020-12-22","purchased_purges":3,"victory":true,"max_hp_per_floor":[82,82,82,82,82,82,82,82,82,82,82,74,71,71,71,71,71,71,71,71,71,76,76,76,76,76,74,74,74,64,64,64,62,62,62,62,62,62,62,62,62,62,60,60,60,60,60,60,60,60],"card_choices":[{"not_picked":["GalacticHalo","ManaConvection"],"picked":"6A","floor":1.0},{"not_picked":["IllusionStar","WitchOfGreed"],"picked":"SporeBomb","floor":2.0},{"not_picked":["DoubleSpark","Acceleration"],"picked":"6A","floor":5.0},{"not_picked":["AsteroidBelt","MagicChant"],"picked":"AlicesGift","floor":6.0},{"not_picked":["ShootTheMoon","DoubleSpark"],"picked":"PowerUp","floor":8.0},{"not_picked":["SporeBomb","OrrerysSun"],"picked":"CasketOfStar","floor":10.0},{"not_picked":["BinaryStars","MillisecondPulsars"],"picked":"ManaRampage","floor":16.0},{"not_picked":["SporeBomb","LuminesStrike","GasGiant"],"picked":"SKIP","floor":18.0},{"not_picked":["OortCloud","ShootTheMoon+1"],"picked":"6A+1","floor":20.0},{"not_picked":["GravityBeat+1","RefractionSpark"],"picked":"Acceleration","floor":21.0},{"not_picked":["GrandCross+1","IllusionStar","ShootingEcho+1"],"picked":"SKIP","floor":23.0},{"not_picked":["GravityBeat","BinaryStars"],"picked":"OrrerysSun","floor":29.0},{"not_picked":["SatelliteIllusion","BlazingStar"],"picked":"UltimateShortwave","floor":33.0},{"not_picked":["FairyDestructionRay+1","MachineGunSpark+1"],"picked":"PropBag+1","floor":35.0},{"not_picked":["ShootingEcho","IllusionStar","WitchOfGreed+1"],"picked":"SKIP","floor":36.0},{"not_picked":["GalacticHalo+1","MysteriousBeam","DC+1"],"picked":"SKIP","floor":39.0},{"not_picked":["UnstableBomb","NonDirectionalLaser+1","MachineGunSpark"],"picked":"SKIP","floor":44},{"not_picked":["FairyDestructionRay+1","IllusionStar","UnstableBomb+1"],"picked":"SKIP","floor":45},{"not_picked":["WitchOfGreed+1","GravityBeat+1","MysteriousBeam"],"picked":"SKIP","floor":47},{"not_picked":["BlazeAway","DarkSpark","MysteriousBeam+1"],"picked":"SKIP","floor":48}],"player_experience":236560,"relics_obtained":[{"floor":6.0,"key":"Replay:Mystery Machine"},{"floor":8.0,"key":"Calipers"},{"floor":9.0,"key":"Snack Pack"},{"floor":20.0,"key":"Orichalcum"},{"floor":22.0,"key":"ReplayTheSpireMod:Ring of Addiction"},{"floor":22.0,"key":"White Beast Statue"},{"floor":22.0,"key":"Toy Ornithopter"},{"floor":22.0,"key":"Ring of Greed"},{"floor":22.0,"key":"Blue Doll"},{"floor":22.0,"key":"Old Coin"},{"floor":23.0,"key":"Garlic"},{"floor":25.0,"key":"Replay:Baseball"},{"floor":26.0,"key":"Grinning Jar"},{"floor":43.0,"key":"Boot"},{"floor":45,"key":"Happy Flower"}],"event_choices":[],"is_beta":false,"boss_relics":[{"not_picked":["Kintsugi","Replay:Ancient Bell"],"picked":"conspire:SpecialSausage"},{"not_picked":["Runic Dome","conspire:RoyalGoblet"],"picked":"conspire:RunicOctahedron"}],"items_purged_floors":[4,14,27],"is_endless":false,"potions_floor_spawned":[2,6,10,16,21,23,29,33,35,36,39,44,45,47,48],"ascension_level":8}}