{"host":"g1wmg2w41xhsnw8g","time":1611794805,"event":{"mods":["2.2 Compatiblity","Act Like it!","Aspiration","BaseMod","Better Altar","Better Match","Better Note","Better Sensory Stone","Better Skull","Better Third Choice","BetterRewards","Booster Modes","CapriCore","Colored Map","Colored Powertips","Defuse TimeMaze Blight","Displayed Cursed Tome","Evolution","Fox Events","Friendly Minions","GifTheSpireLib","Good Game Mod","Googly Eyes","Infinite Spire","Minty Spire (QoL Compilation)","Monster B Gone","Red Circlet Mod","Relic Filter Mod","Relic Sorter","Reliquary","Shop Mod","Smile Girya","Spicy Shops","StSLib","Stuff the Spire","The Runesmith","The Sage","Trackpad","Transform Curses","Wandering Minibosses","Weighted Paths","????"],"gold_per_floor":[118,134,61,61,61,61,61,96,96,96,125,125,158,176,176,299,299,322,322,336,351,351,390,414,447,447,465,500,518,558,558,558],"floor_reached":31,"language":"ENG","playtime":2737,"items_purged":[],"score":453,"play_id":"310abc8a-0e25-487d-b58e-25766c5763a2","local_time":"20210127194645","daily_mods":["Heirloom","Elite Swarm"],"is_ascension_mode":true,"campfire_choices":[{"data":"Runesmith:CraftMagma","floor":6.0,"key":"SMITH"},{"data":"Runesmith:PoweredAnvil","floor":15.0,"key":"SMITH"}],"circlet_count":0,"master_deck":["Runesmith:EnergizedChisel","Runesmith:HammerThrow","Runesmith:HeatedChisel","Runesmith:ShiftingStrike","Runesmith:Grindstone+1","Runesmith:MakeshiftArmor","Runesmith:StaticCage","Runesmith:EarthShield","Runesmith:CraftFirestone+1","Runesmith:Fortify","Core Surge","Runesmith:BackupBattery+1","Runesmith:CraftMagma+1","Injury","Runesmith:LightningRod+1","Runesmith:CraftPrismatica+1","Runesmith:CraftMedicinae+1","Runesmith:PoweredAnvil+1","Runesmith:MetallurgicalResearch+1","Runesmith:RunicBlueprint+1","Runesmith:FrozenChisel","Runesmith:HeatExchange","Runesmith:Permafrost","Runesmith:UnlimitedPower","Runesmith:Refine+1","Runesmith:ReplicatingBarrier"],"relics":["Runesmith:CoreCrystal","EVO:Axolotl","REME:ComplimentaryCards","aspiration:HatOfInfinitePower","reliquary:Buckler","Toxic Egg 2","Bronze Scales","aspiration:Nostalgia","Burning Blood","Pantograph","MealTicket","Mango","Golden Idol","StuffTheSpire:Wildfire","Potion Belt","infinitespire:Bottled Soul","wanderingMiniBosses:Inkheart","InkBottle","reliquary:PurpleTingedLeaf","Incense Burner","trackpad:IceCube"],"acts_visited":["Exordium","TheCity"],"potions_floor_usage":[23,29,30],"damage_taken":[{"damage":4.0,"enemies":"infinitespire:Voidling","floor":1.0,"turns":4.0},{"damage":1.0,"enemies":"Jaw Worm","floor":2.0,"turns":4.0},{"damage":16.0,"enemies":"3 Sentries","floor":8.0,"turns":5.0},{"damage":7.0,"enemies":"Gremlin Nob","floor":11.0,"turns":4.0},{"damage":0.0,"enemies":"3 Sentries","floor":13.0,"turns":5.0},{"damage":0.0,"enemies":"2 Louse","floor":14.0,"turns":2.0},{"damage":0.0,"enemies":"Slime Boss","floor":16.0,"turns":6.0},{"damage":0.0,"enemies":"Chosen","floor":18.0,"turns":9.0},{"damage":0.0,"enemies":"3 Byrds","floor":20.0,"turns":6.0},{"damage":29,"enemies":"Shelled Parasite and Fungi","floor":21,"turns":4},{"damage":9,"enemies":"Nightmare","floor":23,"turns":5},{"damage":15,"enemies":"Snecko","floor":24,"turns":6},{"damage":35,"enemies":"Book of Stabbing","floor":25,"turns":6},{"damage":0,"enemies":"Sentry and Sphere","floor":27,"turns":5},{"damage":30,"enemies":"Gremlin Leader","floor":28,"turns":5},{"damage":8,"enemies":"Centurion and Healer","floor":29,"turns":6},{"damage":18,"enemies":"Book of Stabbing","floor":30,"turns":4},{"damage":26,"enemies":"Masked Bandits","floor":31,"turns":3}],"seed_played":"-4156181157362089774","potions_obtained":[{"floor":11.0,"key":"DistilledChaos"},{"floor":14.0,"key":"EntropicBrew"},{"floor":18.0,"key":"Fire Potion"},{"floor":20.0,"key":"PowerPotion"},{"floor":24,"key":"Weak Potion"},{"floor":25,"key":"SpeedPotion"},{"floor":29,"key":"LiquidMemories"}],"is_trial":true,"path_per_floor":["M","M","$","?","?","R","?","E","T","T","E","?","E","M","R","B",null,"M","?","M","M","?","NM","M","E","T","M","E","M","E","?"],"character_chosen":"RUNESMITH_CLASS","items_purchased":["reliquary:Buckler"],"campfire_rested":0,"item_purchase_floors":[3],"current_hp_per_floor":[76,75,75,75,75,75,75,59,59,59,72,50,56,62,62,90,90,90,90,90,70,70,67,61,35,35,47,26,30,19,0,0],"gold":558,"neow_bonus":"","is_daily":false,"chose_seed":false,"campfire_upgraded":2,"win_rate":0.0,"timestamp":1611794805,"path_taken":["M","?","$","?","?","R","?","E","T","?","E","?","E","M","R","BOSS","M","?","M","M","?","NM","M","E","T","M","E","?","E","?"],"items_purchased_type":["Relic"],"build_version":"2020-12-22","purchased_purges":0,"victory":false,"max_hp_per_floor":[76,76,76,76,76,76,76,76,76,76,90,90,90,90,90,90,90,90,90,90,90,90,90,90,90,90,90,90,90,90,90,90],"card_choices":[{"not_picked":["Runesmith:Empowerment","Runesmith:OneForEveryone"],"picked":"Runesmith:BackupBattery","floor":1.0},{"not_picked":["Runesmith:Retool","Runesmith:RunicBlueprint"],"picked":"Runesmith:CraftMagma","floor":2.0},{"not_picked":["Runesmith:DuctTape","Runesmith:ArcReactor"],"picked":"Runesmith:LightningRod+1","floor":8.0},{"not_picked":["Runesmith:GenerateForcefield+1","Runesmith:Duplicate+1"],"picked":"Runesmith:CraftPrismatica+1","floor":11.0},{"not_picked":["Runesmith:LastStand+1","Runesmith:Duplicate+1"],"picked":"Runesmith:CraftMedicinae+1","floor":13.0},{"not_picked":["Runesmith:RuneHurl","Runesmith:NanitesCloud+1"],"picked":"Runesmith:PoweredAnvil","floor":14.0},{"not_picked":["Runesmith:CraftIndustria+1","Runesmith:LastStand+1"],"picked":"Runesmith:MetallurgicalResearch+1","floor":16.0},{"not_picked":["Runesmith:ChargedHammer","Runesmith:EnergizedChisel+1"],"picked":"Runesmith:RunicBlueprint+1","floor":18.0},{"not_picked":["Runesmith:RuneHurl+1","Runesmith:ChargedHammer"],"picked":"Runesmith:FrozenChisel","floor":20.0},{"not_picked":["Runesmith:MakeshiftArmor+1","Runesmith:CraftMagma+1"],"picked":"Runesmith:HeatExchange","floor":21},{"not_picked":["Runesmith:LightningRod+1","Runesmith:CreatorForm"],"picked":"Runesmith:UnlimitedPower","floor":23},{"not_picked":["Runesmith:CraftProtectio+1","Runesmith:RuneHurl"],"picked":"Runesmith:Refine+1","floor":24},{"not_picked":["Runesmith:MetallurgicalResearch+1","Runesmith:GrandSlam","Runesmith:CreatorForm"],"picked":"SKIP","floor":25},{"not_picked":["Runesmith:HeatExchange","Runesmith:Grindstone+1","Runesmith:UnstableHammer"],"picked":"SKIP","floor":27},{"not_picked":["Runesmith:CraftPrismatica+1","Runesmith:LightningRod+1","Runesmith:Duplicate+1"],"picked":"SKIP","floor":28},{"not_picked":["Runesmith:Grindstone+1","Runesmith:MakeshiftArmor+1","Runesmith:EnergizedChisel"],"picked":"SKIP","floor":29},{"not_picked":["Runesmith:FissionHammer","Runesmith:MetallurgicalResearch+1"],"picked":"Runesmith:ReplicatingBarrier","floor":30}],"player_experience":889983,"relics_obtained":[{"floor":7.0,"key":"Bronze Scales"},{"floor":8.0,"key":"aspiration:Nostalgia"},{"floor":9.0,"key":"Pantograph"},{"floor":10.0,"key":"MealTicket"},{"floor":11.0,"key":"Mango"},{"floor":13.0,"key":"StuffTheSpire:Wildfire"},{"floor":23,"key":"infinitespire:Bottled Soul"},{"floor":24,"key":"wanderingMiniBosses:Inkheart"},{"floor":25,"key":"InkBottle"},{"floor":26,"key":"reliquary:PurpleTingedLeaf"},{"floor":28,"key":"Incense Burner"},{"floor":30,"key":"trackpad:IceCube"}],"event_choices":[{"damage_healed":0.0,"max_hp_gain":0.0,"max_hp_loss":0.0,"gold_gain":0.0,"event_name":"Living Wall","player_choice":"Grow","floor":5.0,"gold_loss":0.0,"damage_taken":0.0,"cards_upgraded":["Runesmith:BackupBattery"]},{"damage_healed":0.0,"max_hp_gain":0.0,"max_hp_loss":0.0,"gold_gain":0.0,"event_name":"Golden Idol","player_choice":"Take Damage","floor":12.0,"gold_loss":0.0,"damage_taken":22.0,"relics_obtained":["Golden Idol"]},{"damage_healed":0.0,"max_hp_gain":0.0,"max_hp_loss":0.0,"gold_gain":0.0,"event_name":"WeMeetAgain","player_choice":"Gave Potion","floor":19.0,"gold_loss":0.0,"damage_taken":0.0,"relics_obtained":["Potion Belt"]},{"cards_removed":["Runesmith:MetallurgicalResearch"],"damage_healed":0,"gold_gain":0,"player_choice":"Take \u0026 Give","damage_taken":0,"max_hp_gain":0,"max_hp_loss":0,"event_name":"betterNote:BetterNote","floor":22,"gold_loss":0,"cards_obtained":["Runesmith:Permafrost"]},{"damage_healed":0,"gold_gain":0,"player_choice":"Fought Bandits","damage_taken":0,"max_hp_gain":0,"max_hp_loss":0,"event_name":"Masked Bandits","floor":31,"gold_loss":0}],"is_beta":false,"boss_relics":[{"not_picked":["Tiny House","aspiration:IroncladSkillbook"],"picked":"Runesmith:CoreCrystal"}],"items_purged_floors":[],"is_endless":true,"potions_floor_spawned":[11,14,18,20,24,25,29],"killed_by":"Masked Bandits","ascension_level":1}}