{"host":"dbb4fkd1j4jczim2","time":1611816929,"event":{"mods":["BaseMod","Downfall","Marisa????????","Minty Spire (QoL Compilation)","Permanent Neow","StSLib"],"gold_per_floor":[99,117,132,150,7,23,23,49,60,71,105,118,18,48,68,165,165,165,184,202,202,202,202,228,243,243,272,272,272,272],"floor_reached":28,"language":"ENG","playtime":1207,"items_purged":[],"score":328,"play_id":"af1a2f35-81ad-4c5f-b2d4-124077e56af4","local_time":"20210128005529","is_ascension_mode":true,"campfire_choices":[{"data":"champ:Execute","floor":1.0,"key":"SMITH"},{"data":"champ:Taunt","floor":13.0,"key":"SMITH"},{"data":"1","floor":18,"key":"LIFT"},{"data":"2","floor":23,"key":"LIFT"}],"circlet_count":0,"master_deck":["champ:Strike","champ:Strike","champ:Strike","champ:Strike","champ:Defend+1","champ:Defend","champ:Defend","champ:Defend","champ:Execute+1","champ:Taunt+1","champ:EnGarde","champ:HeartStrike","champ:PreciseThrust","champ:BerserkerStyle","champ:StanceDance+1","champ:Haymaker","champ:HoldFirm","champ:AdrenalArmor","champ:StanceDance","champ:PreciseThrust","champ:StanceDance","champ:SwordThrow","CurseOfTheBell","champ:AdrenalArmor","champ:FanOfKnives","champ:EnragedBash"],"relics":["Coffee Dripper","The Courier","Regal Pillow","downfall:HeartBlessingBlue","Boot","Calling Bell","War Paint","Frozen Egg 2","Girya","Nilry\u0027s Codex","Juzu Bracelet","champ:BerserkersGuideToSlaughter","Ginger"],"acts_visited":["Exordium","TheCity"],"potions_floor_usage":[16,16,16,27],"damage_taken":[{"damage":11.0,"enemies":"Jaw Worm","floor":2.0,"turns":3.0},{"damage":10.0,"enemies":"2 Louse","floor":3.0,"turns":2.0},{"damage":10.0,"enemies":"Cultist","floor":4.0,"turns":3.0},{"damage":10.0,"enemies":"downfall:FleeingMerchant","floor":5.0,"turns":4.0},{"damage":14.0,"enemies":"2 Fungi Beasts","floor":6.0,"turns":4.0},{"damage":37.0,"enemies":"Lagavulin","floor":8.0,"turns":5.0},{"damage":17.0,"enemies":"Lots of Slimes","floor":9.0,"turns":4.0},{"damage":17.0,"enemies":"Large Slime","floor":10.0,"turns":3.0},{"damage":41.0,"enemies":"Gremlin Nob","floor":11.0,"turns":4.0},{"damage":19.0,"enemies":"2 Fungi Beasts","floor":12.0,"turns":3.0},{"damage":7.0,"enemies":"3 Sentries","floor":14.0,"turns":7.0},{"damage":26.0,"enemies":"Lots of Slimes","floor":15.0,"turns":6.0},{"damage":15,"enemies":"WA_ARCHETYPE_RETAIN","floor":16,"turns":4},{"damage":35,"enemies":"Chosen","floor":19,"turns":6},{"damage":24,"enemies":"Spheric Guardian","floor":20,"turns":3},{"damage":48,"enemies":"Snake Plant","floor":25,"turns":4},{"damage":104,"enemies":"Slavers","floor":27,"turns":6},{"damage":2,"enemies":"Snecko","floor":28,"turns":3}],"seed_played":"3258591398418440043","potions_obtained":[{"floor":3.0,"key":"DuplicationPotion"},{"floor":8.0,"key":"champ:CounterPotion"},{"floor":11.0,"key":"Dexterity Potion"},{"floor":12.0,"key":"champ:CounterPotion"},{"floor":16,"key":"LiquidMemories"},{"floor":19,"key":"LiquidBronze"},{"floor":21,"key":"CultistPotion"}],"is_trial":false,"path_per_floor":["R","M","M","M","$","M","T","E","M","M","E","M","R","E","M","B",null,"R","M","M","?","?","R","T","M","?","E","M"],"character_chosen":"THE_CHAMP","items_purchased":["champ:BerserkerStyle","champ:StanceDance"],"campfire_rested":0,"item_purchase_floors":[5,5],"current_hp_per_floor":[90,89,89,89,89,85,85,72,69,67,41,37,47,40,39,39,100,100,94,94,94,78,78,78,71,71,2,0,0,0],"gold":272,"neow_bonus":"BOSS_RELIC","is_daily":false,"chose_seed":false,"campfire_upgraded":2,"win_rate":0.0,"timestamp":1611816929,"path_taken":["R","M","M","M","$","M","T","E","M","M","E","M","R","E","M","BOSS","R","M","M","?","?","R","T","M","?","E","M"],"items_purchased_type":["Card","Card"],"build_version":"2020-12-22","purchased_purges":0,"victory":false,"max_hp_per_floor":[90,90,90,90,90,90,90,90,90,90,90,90,100,100,100,100,100,100,100,100,100,100,100,100,100,100,100,100,100,100],"card_choices":[{"not_picked":["champ:BringItOn","champ:Circumvent","champ:BladeFlurry"],"picked":"SKIP","floor":2.0},{"not_picked":["champ:BringItOn","champ:SwordSigil"],"picked":"champ:EnGarde","floor":3.0},{"not_picked":["champ:FocusedDefense","champ:Circumvent"],"picked":"champ:HeartStrike","floor":4.0},{"not_picked":["champ:ArenaPreparation","champ:StanceDance"],"picked":"champ:PreciseThrust","floor":5.0},{"not_picked":["champ:Circumvent","champ:IgnorePain"],"picked":"champ:Haymaker","floor":6.0},{"not_picked":["champ:ShieldWall","champ:CrownThrow"],"picked":"champ:HoldFirm","floor":8.0},{"not_picked":["champ:Circumvent","champ:PerfectedStrike"],"picked":"champ:AdrenalArmor","floor":9.0},{"not_picked":["champ:GutPunch","champ:FanOfKnives"],"picked":"champ:StanceDance","floor":10.0},{"not_picked":["champ:FaceSlap","champ:CrownThrow"],"picked":"champ:PreciseThrust","floor":11.0},{"not_picked":["champ:Shatter","champ:Lariat","champ:GutPunch"],"picked":"SKIP","floor":12.0},{"not_picked":["champ:Shatter","champ:Lariat","champ:GutPunch"],"picked":"SKIP","floor":12.0},{"not_picked":["champ:IgnorePain","champ:CrownThrow","champ:BerserkersShout"],"picked":"SKIP","floor":14.0},{"not_picked":["champ:BladeFlurry","champ:BerserkersShout"],"picked":"champ:StanceDance","floor":15.0},{"not_picked":["champ:DancingMaster","champ:StrikeOfGenius"],"picked":"champ:SwordThrow","floor":16},{"not_picked":["champ:ShieldSigil","champ:EnGarde"],"picked":"champ:AdrenalArmor","floor":19},{"not_picked":["champ:FancyFootwork","champ:IronFortress+1","champ:TornadoPunch+1"],"picked":"SKIP","floor":20},{"not_picked":["champ:Parry","champ:FlashCut"],"picked":"champ:FanOfKnives","floor":25},{"not_picked":["champ:TornadoPunch","champ:EnchantShield"],"picked":"champ:EnragedBash","floor":27}],"player_experience":317557,"relics_obtained":[{"floor":8.0,"key":"The Courier"},{"floor":11.0,"key":"Regal Pillow"},{"floor":14.0,"key":"Boot"},{"floor":17,"key":"War Paint"},{"floor":17,"key":"Frozen Egg 2"},{"floor":17,"key":"Girya"},{"floor":22,"key":"Nilry\u0027s Codex"},{"floor":24,"key":"Juzu Bracelet"},{"floor":27,"key":"Ginger"}],"event_choices":[],"is_beta":false,"boss_relics":[{"not_picked":["Cursed Key","Astrolabe"],"picked":"Calling Bell"}],"items_purged_floors":[],"is_endless":false,"potions_floor_spawned":[3,8,11,12,14,16,19],"killed_by":"Snecko","ascension_level":1}}