{"host":"l1bfbgeb3oxa8ieg","time":1611874868,"event":{"mods":["AlwaysNeverKeys","Aspiration","BaseMod","Beaked The Cultist","Better Match","Better Note","Better Third Choice","BetterRewards","Colored Powertips","Conspire","Energized Spire","Fiend Mod","Friendly Minions","Halation","Infinite Spire","Minty Spire (QoL Compilation)","Permanent Neow","Quick Restart","Replay The Spire","Shop Mod","Spicy Shops","Spikes Relics","StSLib","TestMod","The Blackbeard","The Mystic","The Necromancer","Uncapped","UnlockEverythingMod"],"gold_per_floor":[110,34,53,53,53,53,85,101,101,101,133,133,133,133,133,248,248,276,46,77,2,2,2,30,58,58],"floor_reached":25,"language":"ENG","playtime":1070,"items_purged":["Body Slam"],"score":207,"play_id":"b821e13c-03f5-4f36-b3d0-93acfaa528dc","local_time":"20210129000108","is_ascension_mode":false,"campfire_choices":[{"data":"Inflame","floor":6,"key":"SMITH"},{"data":"Sword Boomerang","floor":10,"key":"SMITH"},{"data":"Twin Strike","floor":13,"key":"SMITH"},{"floor":15,"key":"REST"},{"data":"Corruption","floor":23,"key":"SMITH"}],"circlet_count":0,"master_deck":["Strike_R+1","Strike_R+1","Strike_R+1","Strike_R+1","Strike_R+1","Defend_R","Defend_R","Defend_R","Defend_R","Bash+1","Sword Boomerang+1","Inflame+1","Twin Strike+1","Pommel Strike+1","Vengeance","Phantasmal Killer","Clash","Corruption+1"],"relics":["Replay:M_StaffOfTheSnake","testmod-TestBox","infinitespire:Cubic Diamond","Replay:Bottled Snecko","CherryCoatedStake","Replay:Bandana","halation:PinkSoulGem","Replay:Bottled Eggs","halation:Risk","halation:Jellyphish","BlackRope"],"acts_visited":["Exordium","TheCity"],"potions_floor_usage":[11,24,25],"damage_taken":[{"damage":7,"enemies":"Cultist","floor":1,"turns":5},{"damage":8,"enemies":"conspire:RoseBush","floor":3,"turns":3},{"damage":31,"enemies":"Lagavulin","floor":7,"turns":5},{"damage":12,"enemies":"2 Louse","floor":8,"turns":2},{"damage":21,"enemies":"Gremlin Nob","floor":11,"turns":4},{"damage":35,"enemies":"The Guardian","floor":16,"turns":5},{"damage":30,"enemies":"2 Thieves","floor":18,"turns":3},{"damage":10,"enemies":"Spheric Guardian","floor":20,"turns":3},{"damage":5,"enemies":"Cultist and Chosen","floor":24,"turns":3},{"damage":56,"enemies":"conspire:SneckoGhost","floor":25,"turns":3}],"seed_played":"4288696475229791985","potions_obtained":[{"floor":1,"key":"Adrenaline Potion"},{"floor":16,"key":"Swift Potion"},{"floor":18,"key":"Adrenaline Potion"},{"floor":24,"key":"SpeedPotion"}],"is_trial":true,"path_per_floor":["M","$","M","?","?","R","E","M","T","R","E","?","R","T","R","B",null,"M","$","M","?","?","R","M","E"],"character_chosen":"IRONCLAD","items_purchased":["Inflame","halation:Jellyphish"],"campfire_rested":1,"item_purchase_floors":[2,19],"current_hp_per_floor":[79,79,77,77,82,82,51,39,39,39,18,18,18,18,43,8,85,55,55,45,45,45,45,40,0,0],"gold":58,"neow_bonus":"","is_daily":false,"chose_seed":false,"campfire_upgraded":4,"win_rate":0.0,"timestamp":1611874868,"path_taken":["M","$","M","?","?","R","E","M","T","R","E","?","R","?","R","BOSS","M","?","M","?","?","R","M","E"],"items_purchased_type":["Card","Relic"],"build_version":"2020-12-22","purchased_purges":1,"victory":false,"max_hp_per_floor":[80,80,80,80,85,85,85,85,85,85,85,85,85,85,85,85,85,85,85,85,85,85,85,85,85,85],"card_choices":[{"not_picked":["Havoc","ReplayTheSpireMod:Limb From Limb"],"picked":"Sword Boomerang","floor":1},{"not_picked":["Sword Boomerang","Defy Death"],"picked":"Body Slam","floor":3},{"not_picked":["CutThroughFate","Havoc"],"picked":"Twin Strike","floor":7},{"not_picked":["Carnage","CutThroughFate"],"picked":"Pommel Strike","floor":8},{"not_picked":["Dropkick","Wild Strike"],"picked":"Vengeance","floor":11},{"not_picked":["Exhume","Reaper"],"picked":"Phantasmal Killer","floor":16},{"not_picked":["Massacre+1","Pommel Strike+1"],"picked":"Clash","floor":18},{"not_picked":["Cleave","Headbutt","Replay:Undeath\u0027s Touch"],"picked":"SKIP","floor":20},{"not_picked":["Impervious","Double Tap"],"picked":"Corruption","floor":21},{"not_picked":["Double Tap","Warcry","Clash+1"],"picked":"SKIP","floor":24}],"player_experience":185494,"relics_obtained":[{"floor":7,"key":"Replay:Bottled Snecko"},{"floor":9,"key":"CherryCoatedStake"},{"floor":11,"key":"Replay:Bandana"},{"floor":14,"key":"Replay:Bottled Eggs"}],"event_choices":[{"damage_healed":0,"gold_gain":0,"player_choice":"Donut","damage_taken":0,"max_hp_gain":5,"max_hp_loss":0,"event_name":"Big Fish","floor":5,"gold_loss":0},{"damage_healed":0,"gold_gain":0,"player_choice":"1","damage_taken":0,"max_hp_gain":0,"max_hp_loss":0,"event_name":"betterMatch:BetterMatch","floor":21,"gold_loss":0,"cards_obtained":["betterMatch:RareCard"]},{"damage_healed":0,"gold_gain":0,"player_choice":"Ignored","damage_taken":0,"max_hp_gain":0,"max_hp_loss":0,"event_name":"betterNote:BetterNote","floor":22,"gold_loss":0,"cards_obtained":["Barricade"]}],"is_beta":false,"boss_relics":[{"not_picked":["Mark of Pain","Runic Dome"],"picked":"halation:Risk"}],"items_purged_floors":[19],"is_endless":false,"potions_floor_spawned":[1,16,18,24],"killed_by":"conspire:SneckoGhost","ascension_level":0}}