{"host":"thn8o1tmql8xszd5","time":1611870076,"event":{"mods":["2.2 Compatiblity","AchievementEnabler","BaseMod","Bestiary","Colored Map","DeckTracker","Downfall","Highlight Path","Minty Spire (QoL Compilation)","Permanent Neow","Quick Restart","Random Character Button","Relic Sorter","Relic Stats","StSLib","The Blue Laboratory"],"gold_per_floor":[99,110,123,138,149,149,149,166,166,166,195,195,208,221,240,336,336,336,351,351,351,369,369,369,369],"floor_reached":23,"language":"ENG","playtime":6677,"items_purged":[],"score":205,"play_id":"e4663d4f-68ca-4840-bbc5-a72b07437520","local_time":"20210128164116","is_ascension_mode":true,"campfire_choices":[{"data":"hexamod:Float","floor":1,"key":"SMITH"},{"data":"hexamod:SuperheatedStrike","floor":6,"key":"SMITH"},{"floor":10,"key":"REST"},{"data":"hexamod:HexaLevel","floor":18,"key":"SMITH"}],"circlet_count":0,"master_deck":["hexamod:Sear+1","hexamod:Float+1","hexamod:ExtraCrispy","hexamod:SuperheatedStrike+1","hexamod:GhostShield","hexamod:SuperheatedStrike","hexamod:AdvancingGuard","hexamod:Incineration","hexamod:GhostOfSpireFuture","hexamod:BurningTouch","hexamod:AdvancingGuard","hexamod:HexaLevel+1","hexamod:CouncilsJustice","hexamod:CouncilsJustice","hexamod:CouncilsJustice","Ghostly","Ghostly","Ghostly"],"relics":["hexamod:SpiritBrand","Bottled Flame","MealTicket","Ice Cream","SlaversCollar"],"acts_visited":["Exordium","TheCity"],"potions_floor_usage":[15,22,23],"damage_taken":[{"damage":1,"enemies":"Jaw Worm","floor":2,"turns":3},{"damage":0,"enemies":"Small Slimes","floor":3,"turns":3},{"damage":5,"enemies":"2 Louse","floor":4,"turns":3},{"damage":14,"enemies":"Gremlin Gang","floor":5,"turns":5},{"damage":8,"enemies":"Red Slaver","floor":8,"turns":3},{"damage":20,"enemies":"Lagavulin","floor":11,"turns":5},{"damage":0,"enemies":"3 Louse","floor":13,"turns":3},{"damage":11,"enemies":"Exordium Thugs","floor":14,"turns":4},{"damage":0,"enemies":"Lots of Slimes","floor":15,"turns":2},{"damage":7,"enemies":"SI_SHIV_ARCHETYPE","floor":16,"turns":7},{"damage":12,"enemies":"Shell Parasite","floor":19,"turns":6},{"damage":21,"enemies":"Snake Plant","floor":22,"turns":4},{"damage":24,"enemies":"Cultist and Chosen","floor":23,"turns":6}],"seed_played":"-4250931833191472209","potions_obtained":[{"floor":3,"key":"sneckomod:MuddlingPotion"},{"floor":8,"key":"Explosive Potion"},{"floor":11,"key":"Strength Potion"},{"floor":16,"key":"blueLaboratory:CorrosionFlask"},{"floor":22,"key":"Block Potion"}],"is_trial":false,"path_per_floor":["R","M","M","M","M","R","T","M","?","R","E","?","M","M","M","B",null,"R","M","?","?","M","M"],"character_chosen":"THE_SPIRIT","items_purchased":[],"campfire_rested":1,"item_purchase_floors":[],"current_hp_per_floor":[70,69,69,64,50,50,50,42,24,45,25,25,25,14,14,7,70,70,58,35,35,14,0,0,0],"gold":369,"neow_bonus":"UPGRADE_CARD","is_daily":false,"chose_seed":false,"campfire_upgraded":3,"win_rate":0.0,"timestamp":1611870076,"path_taken":["R","M","M","M","M","R","T","M","?","R","E","?","M","M","M","BOSS","R","M","?","?","M","M"],"items_purchased_type":[],"build_version":"2020-12-22","purchased_purges":0,"victory":false,"max_hp_per_floor":[70,70,70,70,70,70,70,70,70,70,70,70,70,70,70,70,70,70,70,35,35,35,35,35,35],"relic_stats":{"counters":[13,54],"MealTicket":0,"obtain_stats":[{"Ice Cream":11,"SlaversCollar":17,"Bottled Flame":7,"MealTicket":9,"hexamod:SpiritBrand":0},{"Ice Cream":6,"SlaversCollar":10,"Bottled Flame":4,"MealTicket":5,"hexamod:SpiritBrand":0},{"Ice Cream":22,"SlaversCollar":38,"Bottled Flame":14,"MealTicket":17,"hexamod:SpiritBrand":0}]},"card_choices":[{"not_picked":["hexamod:FastForward","hexamod:ThermalTransfer"],"picked":"hexamod:ExtraCrispy","floor":2},{"not_picked":["hexamod:Hexaguard","hexamod:RetreatToShadows"],"picked":"hexamod:SuperheatedStrike","floor":3},{"not_picked":["hexamod:NightmareGuise","hexamod:InspiringFlames"],"picked":"hexamod:GhostShield","floor":4},{"not_picked":["hexamod:SixthSeal","hexamod:BurningTouch"],"picked":"hexamod:SuperheatedStrike","floor":5},{"not_picked":["hexamod:SwordOfDarkness","hexamod:GhostLash"],"picked":"hexamod:AdvancingGuard","floor":8},{"not_picked":["hexamod:GhostShield","hexamod:CatchUp"],"picked":"hexamod:Incineration","floor":11},{"not_picked":["hexamod:EtherealExpedition","hexamod:ThirdSeal"],"picked":"hexamod:GhostOfSpireFuture","floor":13},{"not_picked":["hexamod:GhostLash","hexamod:Firestarter"],"picked":"hexamod:BurningTouch","floor":14},{"not_picked":["hexamod:GhostOfSpirePast","hexamod:ShieldOfDarkness"],"picked":"hexamod:AdvancingGuard","floor":15},{"not_picked":["hexamod:ApocalypticArmor","hexamod:GiftsFromTheDead"],"picked":"hexamod:HexaLevel","floor":16},{"not_picked":["hexamod:NightmareStrike","hexamod:GhostShield","hexamod:FastForward+1"],"picked":"SKIP","floor":19},{"not_picked":["hexamod:HauntingEcho","hexamod:Rewind+1","hexamod:ThirdSeal"],"picked":"SKIP","floor":22}],"player_experience":777700,"relics_obtained":[{"floor":7,"key":"Bottled Flame"},{"floor":11,"key":"Ice Cream"}],"event_choices":[{"damage_healed":0,"gold_gain":0,"player_choice":"Success","damage_taken":18,"relics_obtained":["MealTicket"],"max_hp_gain":0,"max_hp_loss":0,"event_name":"Scrap Ooze","floor":9,"gold_loss":0},{"cards_removed":["hexamod:Strike"],"damage_healed":0,"gold_gain":0,"player_choice":"Card Removal","damage_taken":0,"max_hp_gain":0,"max_hp_loss":0,"event_name":"The Cleric","floor":12,"gold_loss":0},{"cards_removed":["Iron Wave"],"damage_healed":0,"gold_gain":0,"player_choice":"Took Card","damage_taken":0,"max_hp_gain":0,"max_hp_loss":0,"event_name":"NoteForYourself","floor":21,"gold_loss":0,"cards_obtained":["Iron Wave"]}],"is_beta":false,"boss_relics":[{"not_picked":["Calling Bell","Runic Pyramid"],"picked":"SlaversCollar"}],"items_purged_floors":[],"is_endless":false,"potions_floor_spawned":[3,8,11,16,22],"killed_by":"Cultist and Chosen","ascension_level":1}}