{"host":"Qube","time":1611796940,"event":{"mods":["AchievementEnabler","BaseMod","Colored Map","Colored Powertips","Highlight Path","Minty Spire (QoL Compilation)","Permanent Neow","Quick Restart","Random Character Button","StSLib"],"gold_per_floor":[116,131,142,142,159,194,194,228,228,228,245,245,280,280,280,378,378,397,397,397,397,9,36,36,67,91,91,110,120,120,145,145,247,247,263,263,44,59,70,70,84,109,133,133,147,182,182,216,216,216,216,216,10,37,37],"floor_reached":56,"language":"ENG","playtime":4391,"items_purged":[],"score":1651,"play_id":"3e9e20ac-8185-4db1-a6b7-ceb288088963","local_time":"20210127172220","is_ascension_mode":true,"campfire_choices":[{"data":"Searing Blow","floor":7.0,"key":"SMITH"},{"data":"Searing Blow+1","floor":10.0,"key":"SMITH"},{"data":"Searing Blow+2","floor":12.0,"key":"SMITH"},{"data":"Searing Blow+3","floor":15.0,"key":"SMITH"},{"data":"Armaments","floor":24.0,"key":"SMITH"},{"data":"Searing Blow+4","floor":27.0,"key":"SMITH"},{"data":"Searing Blow+5","floor":32.0,"key":"SMITH"},{"data":"Searing Blow+6","floor":40.0,"key":"SMITH"},{"data":"Searing Blow+6","floor":44.0,"key":"SMITH"},{"data":"Searing Blow+7","floor":47.0,"key":"SMITH"},{"floor":49.0,"key":"RECALL"},{"data":"Feel No Pain","floor":52,"key":"SMITH"}],"circlet_count":0,"master_deck":["Defend_R+1","Defend_R","Defend_R","Bash","Battle Trance","Searing Blow+8","Clothesline","Disarm","Barricade","Corruption","Body Slam","Bite","Bite","Bite","Bite","Bite","Armaments+1","Apotheosis","Feel No Pain+1","Exhume+1","Impervious","Seeing Red","Shockwave+1","Ghostly","Ghostly","Ghostly","Ghostly","Ghostly","Impervious","Corruption","Body Slam","Searing Blow+7","Dark Embrace","Flame Barrier+1","Feed","Shrug It Off+1"],"relics":["Snecko Eye","Gambling Chip","Bag of Preparation","Shuriken","Philosopher\u0027s Stone","Nloth\u0027s Gift","Oddly Smooth Stone","Nunchaku","Art of War","Paper Frog","Empty Cage","Bronze Scales","Sundial","Toxic Egg 2","Red Skull","Lee\u0027s Waffle","War Paint"],"acts_visited":["Exordium","TheCity","TheBeyond","TheEnding"],"potions_floor_usage":[55,55],"damage_taken":[{"damage":0.0,"enemies":"Jaw Worm","floor":1.0,"turns":1.0},{"damage":1.0,"enemies":"Cultist","floor":2.0,"turns":3.0},{"damage":0.0,"enemies":"Small Slimes","floor":3.0,"turns":4.0},{"damage":5.0,"enemies":"Looter","floor":5.0,"turns":3.0},{"damage":10.0,"enemies":"Gremlin Nob","floor":6.0,"turns":3.0},{"damage":7.0,"enemies":"Lagavulin","floor":8.0,"turns":4.0},{"damage":0.0,"enemies":"Red Slaver","floor":11.0,"turns":1.0},{"damage":5.0,"enemies":"3 Sentries","floor":13.0,"turns":3.0},{"damage":0.0,"enemies":"3 Louse","floor":14.0,"turns":1.0},{"damage":25.0,"enemies":"Hexaghost","floor":16.0,"turns":9.0},{"damage":0.0,"enemies":"Shell Parasite","floor":18.0,"turns":2.0},{"damage":15.0,"enemies":"Gremlin Leader","floor":23.0,"turns":4.0},{"damage":0.0,"enemies":"Book of Stabbing","floor":25.0,"turns":4.0},{"damage":0.0,"enemies":"Chosen","floor":28.0,"turns":2.0},{"damage":0.0,"enemies":"3 Cultists","floor":29.0,"turns":3.0},{"damage":0.0,"enemies":"Slavers","floor":31.0,"turns":4.0},{"damage":0.0,"enemies":"Champ","floor":33.0,"turns":5.0},{"damage":0.0,"enemies":"3 Darklings","floor":35.0,"turns":5.0},{"damage":0.0,"enemies":"3 Shapes","floor":38.0,"turns":3.0},{"damage":1.0,"enemies":"Jaw Worm Horde","floor":39.0,"turns":3.0},{"damage":0.0,"enemies":"Writhing Mass","floor":41.0,"turns":3.0},{"damage":0.0,"enemies":"Giant Head","floor":42.0,"turns":3.0},{"damage":0.0,"enemies":"Maw","floor":45.0,"turns":2.0},{"damage":0.0,"enemies":"Nemesis","floor":46.0,"turns":3.0},{"damage":0.0,"enemies":"Reptomancer","floor":48.0,"turns":2.0},{"damage":0,"enemies":"Donu and Deca","floor":50,"turns":6},{"damage":0,"enemies":"Shield and Spear","floor":54,"turns":3},{"damage":3,"enemies":"The Heart","floor":55,"turns":5}],"seed_played":"-705167646146691774","potions_obtained":[{"floor":1.0,"key":"AttackPotion"},{"floor":3.0,"key":"SmokeBomb"},{"floor":6.0,"key":"DuplicationPotion"},{"floor":8.0,"key":"EssenceOfSteel"},{"floor":16.0,"key":"SneckoOil"},{"floor":28.0,"key":"LiquidBronze"},{"floor":29.0,"key":"Strength Potion"},{"floor":33.0,"key":"Regen Potion"},{"floor":39.0,"key":"HeartOfIron"},{"floor":42.0,"key":"Swift Potion"}],"is_trial":false,"path_per_floor":["M","M","M","?","M","E","R","E","T","R","M","R","E","M","R","B",null,"M","?","?","?","$","E","R","E","T","R","M","M","?","E","R","B",null,"M","?","$","M","M","R","M","E","T","R","M","E","R","E","R","B",null,"R","$","E","B",null],"character_chosen":"IRONCLAD","items_purchased":["Apotheosis","Feel No Pain","Exhume","Bronze Scales","Dark Embrace","Lee\u0027s Waffle","Shrug It Off+1"],"campfire_rested":0,"item_purchase_floors":[22,22,22,37,37,53,53],"current_hp_per_floor":[80,79,79,79,74,64,64,57,57,57,57,57,52,52,52,27,80,80,56,56,56,56,54,54,56,56,56,56,56,28,28,28,28,28,28,28,28,28,28,28,28,28,28,28,28,28,28,28,28,28,28,28,35,39,39],"gold":37,"neow_bonus":"BOSS_RELIC","is_daily":false,"chose_seed":false,"campfire_upgraded":11,"win_rate":0.0,"timestamp":1611796940,"path_taken":["M","M","M","?","M","E","R","E","T","R","?","R","E","M","R","BOSS","M","?","?","?","$","E","R","E","T","R","?","M","?","E","R","BOSS","M","?","$","?","M","R","M","E","T","R","M","E","R","E","R","BOSS","R","$","E","BOSS"],"items_purchased_type":["Card","Card","Card","Relic","Card","Relic","Card"],"build_version":"2020-12-18","purchased_purges":0,"victory":true,"max_hp_per_floor":[80,80,80,80,80,80,80,80,80,80,80,80,80,80,80,80,80,80,56,56,56,56,56,56,56,56,56,56,56,28,28,28,28,28,28,28,28,28,28,28,28,28,28,28,28,28,28,28,28,28,28,28,35,39,39],"card_choices":[{"not_picked":["Fire Breathing","Wild Strike"],"picked":"Battle Trance","floor":1.0},{"not_picked":["Entrench","Flex"],"picked":"Cleave","floor":2.0},{"not_picked":["Spot Weakness","Clash"],"picked":"Havoc","floor":3.0},{"not_picked":["Second Wind","Headbutt"],"picked":"Clothesline","floor":5.0},{"not_picked":["Clash","Anger"],"picked":"Disarm","floor":6.0},{"not_picked":["Clash","Warcry","Armaments"],"picked":"SKIP","floor":8.0},{"not_picked":["Headbutt","Rampage","Perfected Strike"],"picked":"SKIP","floor":11.0},{"not_picked":["Spot Weakness","Combust"],"picked":"Barricade","floor":13.0},{"not_picked":["Demon Form","Berserk"],"picked":"Corruption","floor":16.0},{"not_picked":["Clothesline","Anger"],"picked":"Body Slam","floor":18.0},{"not_picked":["Wild Strike+1","Headbutt"],"picked":"Impervious","floor":23.0},{"not_picked":["Armaments","Whirlwind"],"picked":"Seeing Red","floor":25.0},{"not_picked":["Rage","Rupture+1","Flex"],"picked":"SKIP","floor":28.0},{"not_picked":["Headbutt+1","Rampage"],"picked":"Shockwave+1","floor":29.0},{"not_picked":["Iron Wave","Ghostly Armor"],"picked":"Impervious","floor":31.0},{"not_picked":["Berserk","Impervious"],"picked":"Corruption","floor":33.0},{"not_picked":["Wild Strike","Inflame+1"],"picked":"Body Slam","floor":35.0},{"not_picked":["Carnage","Havoc","Cleave+1"],"picked":"SKIP","floor":38.0},{"not_picked":["Anger","Sword Boomerang","True Grit"],"picked":"SKIP","floor":39.0},{"not_picked":["Body Slam+1","Clothesline+1"],"picked":"Flame Barrier+1","floor":41.0},{"not_picked":["Offering","Impervious","Reaper"],"picked":"SKIP","floor":42.0},{"not_picked":["Pummel","Flex","Offering"],"picked":"SKIP","floor":45.0},{"not_picked":["Seeing Red+1","Immolate","Corruption"],"picked":"SKIP","floor":46.0},{"not_picked":["Whirlwind+1","Clothesline"],"picked":"Feed","floor":48.0},{"not_picked":["Havoc+1","Infernal Blade+1","Feed"],"picked":"SKIP","floor":54}],"player_experience":986070,"relics_obtained":[{"floor":6.0,"key":"Gambling Chip"},{"floor":8.0,"key":"Bag of Preparation"},{"floor":9.0,"key":"Pen Nib"},{"floor":13.0,"key":"Shuriken"},{"floor":23.0,"key":"Oddly Smooth Stone"},{"floor":25.0,"key":"Nunchaku"},{"floor":26.0,"key":"Art of War"},{"floor":31.0,"key":"Paper Frog"},{"floor":42.0,"key":"Sundial"},{"floor":46.0,"key":"Toxic Egg 2"},{"floor":48.0,"key":"Red Skull"},{"floor":54,"key":"War Paint"}],"event_choices":[{"cards_removed":["Havoc"],"damage_healed":0.0,"max_hp_gain":0.0,"max_hp_loss":0.0,"gold_gain":0.0,"event_name":"NoteForYourself","player_choice":"Took Card","floor":4.0,"gold_loss":0.0,"damage_taken":0.0,"cards_obtained":["Searing Blow"]},{"damage_healed":0.0,"max_hp_gain":0.0,"max_hp_loss":24.0,"gold_gain":0.0,"event_name":"Vampires","player_choice":"Became a vampire","floor":19.0,"gold_loss":0.0,"damage_taken":0.0,"cards_obtained":["Bite","Bite","Bite","Bite","Bite"]},{"damage_healed":0.0,"max_hp_gain":0.0,"max_hp_loss":0.0,"gold_gain":0.0,"event_name":"The Library","player_choice":"Read","floor":20.0,"gold_loss":0.0,"damage_taken":0.0,"cards_obtained":["Armaments"]},{"damage_healed":0.0,"max_hp_gain":0.0,"max_hp_loss":0.0,"gold_gain":0.0,"event_name":"N\u0027loth","player_choice":"Traded Relic","floor":21.0,"relics_lost":["Pen Nib"],"gold_loss":0.0,"damage_taken":0.0,"relics_obtained":["Nloth\u0027s Gift"]},{"damage_healed":0.0,"max_hp_gain":0.0,"max_hp_loss":28.0,"gold_gain":0.0,"event_name":"Ghosts","player_choice":"Became a Ghost","floor":30.0,"gold_loss":0.0,"damage_taken":0.0,"cards_obtained":["Ghostly","Ghostly","Ghostly","Ghostly","Ghostly"]},{"damage_healed":0.0,"max_hp_gain":0.0,"max_hp_loss":0.0,"gold_gain":0.0,"event_name":"Duplicator","player_choice":"Copied","floor":36.0,"gold_loss":0.0,"damage_taken":0.0,"cards_obtained":["Searing Blow"]}],"is_beta":true,"boss_relics":[{"not_picked":["Pandora\u0027s Box","Black Star"],"picked":"Philosopher\u0027s Stone"},{"not_picked":["Mark of Pain","Cursed Key"],"picked":"Empty Cage"}],"items_purged_floors":[],"is_endless":false,"potions_floor_spawned":[1,3,6,8,14,16,28,29,33,39,42,45,46,48,54],"ascension_level":1}}