{"host":"kpyf5rnb72uwap8k","time":1611878244,"event":{"mods":["AchievementEnabler","BaseMod","Colored Map","Colored Powertips","DeckTracker","Minty Spire (QoL Compilation)","Permanent Neow","Quick Restart","StSLib","SuperFastMode"],"gold_per_floor":[117,71,146,157,173,173,28,28,28,28,45,60,92,109,109,109,109],"floor_reached":16,"language":"KOR","playtime":322,"items_purged":[],"score":112,"play_id":"4da7a7cc-3af4-4afd-a250-b2d95f5aa4d8","local_time":"20210129085724","is_ascension_mode":true,"campfire_choices":[{"data":"Body Slam","floor":6.0,"key":"SMITH"},{"data":"Body Slam","floor":8.0,"key":"SMITH"},{"data":"Bash","floor":10.0,"key":"SMITH"},{"floor":15.0,"key":"REST"}],"circlet_count":0,"master_deck":["Strike_R","Strike_R","Strike_R","Strike_R","Strike_R","Defend_R","Defend_R","Defend_R","Defend_R","Bash+1","Reckless Charge","Body Slam+1","Body Slam+1","Power Through","Rage"],"relics":["Burning Blood","Membership Card","Oddly Smooth Stone","Magic Flower"],"acts_visited":["Exordium"],"potions_floor_usage":[16,16,16],"damage_taken":[{"damage":0.0,"enemies":"Small Slimes","floor":1.0,"turns":2.0},{"damage":10.0,"enemies":"Cultist","floor":4.0,"turns":4.0},{"damage":5.0,"enemies":"2 Louse","floor":5.0,"turns":3.0},{"damage":11.0,"enemies":"Blue Slaver","floor":11.0,"turns":4.0},{"damage":8.0,"enemies":"Exordium Thugs","floor":12.0,"turns":5.0},{"damage":40.0,"enemies":"Gremlin Nob","floor":13.0,"turns":5.0},{"damage":2.0,"enemies":"Large Slime","floor":14.0,"turns":7.0},{"damage":80,"enemies":"Slime Boss","floor":16,"turns":13}],"seed_played":"-2128455136367759198","potions_obtained":[{"floor":1.0,"key":"SneckoOil"},{"floor":11.0,"key":"Block Potion"},{"floor":12.0,"key":"Regen Potion"}],"is_trial":false,"path_per_floor":["M","$","?","M","M","R","$","R","T","R","M","M","E","M","R","B"],"character_chosen":"IRONCLAD","items_purchased":["Body Slam","Membership Card"],"campfire_rested":1,"item_purchase_floors":[2,7],"current_hp_per_floor":[80,80,72,68,69,69,69,69,69,69,64,62,28,35,59,3,3],"gold":109,"neow_bonus":"THREE_CARDS","is_daily":false,"chose_seed":false,"campfire_upgraded":3,"win_rate":0.0,"timestamp":1611878244,"path_taken":["M","$","?","M","M","R","$","R","T","R","M","M","E","M","R","BOSS"],"items_purchased_type":["Card","Relic"],"build_version":"2020-12-22","purchased_purges":0,"victory":false,"max_hp_per_floor":[80,80,80,80,80,80,80,80,80,80,80,80,80,80,80,80,80],"card_choices":[{"not_picked":["Power Through","Iron Wave"],"picked":"Reckless Charge","floor":0.0},{"not_picked":["Pummel","Cleave"],"picked":"Body Slam","floor":1.0},{"not_picked":["Twin Strike","Iron Wave","Anger"],"picked":"SKIP","floor":4.0},{"not_picked":["Combust","Dropkick","Flame Barrier"],"picked":"SKIP","floor":5.0},{"not_picked":["Anger","Metallicize","Sword Boomerang"],"picked":"SKIP","floor":11.0},{"not_picked":["Shockwave","Exhume"],"picked":"Power Through","floor":12.0},{"not_picked":["Twin Strike","Headbutt"],"picked":"Rage","floor":13.0},{"not_picked":["Heavy Blade","Clash","Clothesline"],"picked":"SKIP","floor":14.0}],"player_experience":228238,"relics_obtained":[{"floor":9.0,"key":"Oddly Smooth Stone"},{"floor":13.0,"key":"Magic Flower"}],"event_choices":[{"damage_healed":0.0,"max_hp_gain":0.0,"max_hp_loss":0.0,"gold_gain":75.0,"event_name":"FaceTrader","player_choice":"Touch","floor":3.0,"gold_loss":0.0,"damage_taken":8.0}],"is_beta":false,"boss_relics":[],"items_purged_floors":[],"is_endless":false,"potions_floor_spawned":[1,11,12],"killed_by":"Slime Boss","ascension_level":2}}