{"host":"farxtl2u8hmkbdo2","time":1611831992,"event":{"mods":["A Magickal Journey","BaseMod","Better Altar","Better Note","Better Sensory Stone","Better Skull","Better Third Choice","Challenge The Spire","Colored Map","Colored Powertips","Current Relic Mod","Energized Spire","Fox Events","Gremlin Mod","Hermit","Hubris","Mimic Mod","Minty Spire (QoL Compilation)","Quick Restart","READ ME - Guardian Mod","READ ME - Snecko Mod","Rare Cards Sparkle","StSLib","The Bladedancer","The Bug Knight","The Cursed","The Disciple","The Hierophant","The Marked","The Necromancer","The Runesmith","Transform Curses"],"gold_per_floor":[110,129,145,145,145,134,134,119,147,147,147,147,169,16,16,0,0],"floor_reached":16,"language":"SPA","playtime":851,"items_purged":[],"score":138,"play_id":"31813343-bc98-4861-aa60-dd0210a2c9c2","local_time":"20210128080632","is_ascension_mode":true,"campfire_choices":[{"data":"hierophant:Glossolalia","floor":7.0,"key":"SMITH"},{"data":"hierophant:WrathOfGod","floor":10.0,"key":"SMITH"},{"floor":12.0,"key":"REST"},{"data":"hierophant:EyeForCoin","floor":15.0,"key":"SMITH"}],"circlet_count":0,"master_deck":["hierophant:Strike_Hierophant","hierophant:Strike_Hierophant","hierophant:Strike_Hierophant","hierophant:Strike_Hierophant","hierophant:Punish","hierophant:Defend_Hierophant","hierophant:Defend_Hierophant","hierophant:Defend_Hierophant","hierophant:Defend_Hierophant","hierophant:ChurchCoffers+1","Forethought","hierophant:RustyCrate","hierophant:Doubloon","hierophant:Doubloon","hierophant:Purify","hierophant:EyeForCoin+1","Core Surge","hierophant:Doubloon","hierophant:Glossolalia+1","hierophant:Doubloon","hierophant:Racketeering","hierophant:Doubloon","hierophant:WrathOfGod+1","hierophant:SolarFlare+1","hierophant:Doubloon","hierophant:Refuge","hierophant:Doubloon+1"],"relics":["hierophant:PropheticMaskRelic","Du-Vu Doll","hubris:FunFungus","hubris:64BitClover","Pen Nib","Ancient Tea Set"],"acts_visited":["Exordium"],"potions_floor_usage":[16],"damage_taken":[{"damage":1.0,"enemies":"Cultist","floor":1.0,"turns":3.0},{"damage":11.0,"enemies":"Jaw Worm","floor":2.0,"turns":3.0},{"damage":0.0,"enemies":"Small Slimes","floor":3.0,"turns":2.0},{"damage":26.0,"enemies":"3 Sentries","floor":6.0,"turns":6.0},{"damage":19.0,"enemies":"Gremlin Nob","floor":8.0,"turns":4.0},{"damage":4.0,"enemies":"2 Fungi Beasts","floor":9.0,"turns":5.0},{"damage":0.0,"enemies":"2 Fungi Beasts","floor":13.0,"turns":1.0},{"damage":41,"enemies":"Slime Boss","floor":16,"turns":5}],"seed_played":"-8562304729916382353","potions_obtained":[{"floor":6.0,"key":"EssenceOfSteel"},{"floor":8.0,"key":"Fruit Juice"},{"floor":13.0,"key":"Strength Potion"}],"is_trial":false,"path_per_floor":["M","M","M","?","?","E","R","E","MIM","R","?","R","M","$","R","B"],"character_chosen":"HIEROPHANT","items_purchased":["Ancient Tea Set"],"campfire_rested":1,"item_purchase_floors":[14],"current_hp_per_floor":[74,63,63,63,54,28,28,9,11,11,11,35,35,35,35,0,0],"gold":0,"neow_bonus":"RANDOM_COLORLESS","is_daily":false,"chose_seed":false,"campfire_upgraded":3,"win_rate":0.0,"timestamp":1611831992,"path_taken":["M","?","?","?","?","E","R","E","MIM","R","?","R","M","$","R","BOSS"],"items_purchased_type":["Relic"],"build_version":"2020-12-22","purchased_purges":0,"victory":false,"max_hp_per_floor":[75,75,75,75,75,75,75,75,80,80,80,80,80,80,80,80,80],"card_choices":[{"not_picked":["Blind","Dark Shackles"],"picked":"Forethought","floor":0.0},{"not_picked":["hierophant:Doubloon","hierophant:SealAway"],"picked":"hierophant:RustyCrate","floor":1.0},{"not_picked":["hierophant:MorningPrayer","hierophant:AuricBeam"],"picked":"hierophant:Purify","floor":2.0},{"not_picked":["hierophant:AuricBeam","hierophant:Encroach"],"picked":"hierophant:EyeForCoin","floor":3.0},{"not_picked":["hierophant:SealAway","hierophant:ThreeLashes"],"picked":"hierophant:Glossolalia","floor":6.0},{"not_picked":["hierophant:SealAway","hierophant:RustyCrate"],"picked":"hierophant:Racketeering","floor":8.0},{"not_picked":["hierophant:CursedGold","hierophant:Encroach"],"picked":"hierophant:WrathOfGod","floor":9.0},{"not_picked":["hierophant:Shelter","hierophant:PristineSoul"],"picked":"hierophant:Refuge","floor":13.0}],"player_experience":1914660,"relics_obtained":[{"floor":6.0,"key":"hubris:FunFungus"},{"floor":8.0,"key":"hubris:64BitClover"},{"floor":9.0,"key":"Pen Nib"}],"event_choices":[{"damage_healed":0.0,"max_hp_gain":0.0,"max_hp_loss":0.0,"gold_gain":0.0,"event_name":"Living Wall","player_choice":"Grow","floor":4.0,"gold_loss":0.0,"damage_taken":0.0,"cards_upgraded":["hierophant:ChurchCoffers"]},{"damage_healed":0.0,"max_hp_gain":0.0,"max_hp_loss":0.0,"gold_gain":1.0,"event_name":"betterStone:BetterStone","player_choice":"4","floor":11.0,"gold_loss":0.0,"damage_taken":0.0,"cards_obtained":["hierophant:SolarFlare"]}],"is_beta":false,"boss_relics":[],"items_purged_floors":[],"is_endless":false,"potions_floor_spawned":[6,8,13],"killed_by":"Slime Boss","ascension_level":1}}