{"host":"osk2oboccoevp2u5","time":1611796813,"event":{"mods":["AchievementEnabler","Alarm Clock","BaseMod","Colored Powertips","Disable Question Mark Monsters","Displayed Cursed Tome","Hermit","Key Reminder","Minty Spire (QoL Compilation)","Potion Indicator Mod","Quick Restart","Rare Cards Sparkle","Reorder Act Four","StSLib","Useless Jewels Mod"],"gold_per_floor":[118,18,18,33,33,33,62,62,110,136,146,161,161,195,195,299,299,313,282,18,18,30,64,64,93,163,174,18,18,37,49,49,148,148,158,174,193,9,23,66,66,89,89,110,110,160,172,196,196,196],"floor_reached":51,"language":"ENG","playtime":6489,"items_purged":[],"score":741,"play_id":"90458b2c-aa88-46b3-800e-4019f96e5426","local_time":"20210127212012","is_ascension_mode":false,"campfire_choices":[{"floor":6.0,"key":"REST"},{"floor":15.0,"key":"REST"},{"floor":24.0,"key":"REST"},{"floor":29.0,"key":"REST"},{"floor":32.0,"key":"REST"},{"data":"Deep Breath","floor":41,"key":"SMITH"},{"data":"Panacea","floor":45,"key":"SMITH"},{"data":"hermit:Quickdraw","floor":49,"key":"SMITH"}],"circlet_count":0,"master_deck":["hermit:Strike_Hermit+1","hermit:Strike_Hermit+1","hermit:Strike_Hermit","hermit:Strike_Hermit","hermit:Defend_Hermit","hermit:Defend_Hermit","hermit:Defend_Hermit","hermit:Snapshot","hermit:Covet","hermit:BodyArmor","hermit:Feint+1","hermit:Headshot+1","hermit:Quickdraw+1","hermit:BodyArmor","Iron Wave","hermit:BodyArmor+1","hermit:HighNoon","Deep Breath+1","Master of Strategy+1","hermit:Shortfuse+1","hermit:Showdown+1","hermit:HighNoon","Panacea+1","hermit:Coalescence","hermit:Combo","hermit:Shortfuse+1","Parasite","hermit:Shortfuse+1","hermit:Snipe+1"],"relics":["hermit:Momento","uselessJewelsMod:UselessJewelsRelic","Pantograph","PreservedInsect","Regal Pillow","Singing Bowl","SlaversCollar","Shuriken","War Paint","Eternal Feather","Membership Card","Coffee Dripper","Whetstone","CeramicFish","White Beast Statue","TungstenRod"],"acts_visited":["Exordium","TheCity","TheBeyond"],"potions_floor_usage":[40,40,40,47,50,50,50],"damage_taken":[{"damage":0.0,"enemies":"Small Slimes","floor":1.0,"turns":3.0},{"damage":0.0,"enemies":"Cultist","floor":4.0,"turns":4.0},{"damage":34.0,"enemies":"Gremlin Nob","floor":7.0,"turns":5.0},{"damage":18.0,"enemies":"3 Sentries","floor":10.0,"turns":7.0},{"damage":1.0,"enemies":"Jaw Worm","floor":11.0,"turns":3.0},{"damage":0.0,"enemies":"Lots of Slimes","floor":12.0,"turns":6.0},{"damage":10.0,"enemies":"Gremlin Nob","floor":14.0,"turns":4.0},{"damage":26.0,"enemies":"The Guardian","floor":16.0,"turns":16.0},{"damage":43.0,"enemies":"Spheric Guardian","floor":18.0,"turns":14.0},{"damage":12.0,"enemies":"2 Thieves","floor":19.0,"turns":5.0},{"damage":168.0,"enemies":"Centurion and Healer","floor":22.0,"turns":23.0},{"damage":109.0,"enemies":"Gremlin Leader","floor":23.0,"turns":10.0},{"damage":9.0,"enemies":"Book of Stabbing","floor":25.0,"turns":5.0},{"damage":113.0,"enemies":"Chosen and Byrds","floor":27.0,"turns":14.0},{"damage":17.0,"enemies":"Sentry and Sphere","floor":30.0,"turns":9.0},{"damage":39.0,"enemies":"Cultist and Chosen","floor":31.0,"turns":7.0},{"damage":167.0,"enemies":"Collector","floor":33.0,"turns":12.0},{"damage":19.0,"enemies":"Orb Walker","floor":35.0,"turns":5.0},{"damage":20.0,"enemies":"3 Darklings","floor":36.0,"turns":6.0},{"damage":31.0,"enemies":"Spire Growth","floor":37.0,"turns":6.0},{"damage":2,"enemies":"Transient","floor":39,"turns":5},{"damage":7,"enemies":"Nemesis","floor":40,"turns":7},{"damage":25,"enemies":"Writhing Mass","floor":42,"turns":9},{"damage":27,"enemies":"3 Darklings","floor":44,"turns":7},{"damage":39,"enemies":"Mind Bloom Boss Battle","floor":46,"turns":7},{"damage":15,"enemies":"Spire Growth","floor":47,"turns":6},{"damage":66,"enemies":"Maw","floor":48,"turns":9},{"damage":28,"enemies":"Donu and Deca","floor":50,"turns":6}],"seed_played":"8802772007928360982","potions_obtained":[{"floor":11.0,"key":"CultistPotion"},{"floor":12.0,"key":"Dexterity Potion"},{"floor":14.0,"key":"FairyPotion"},{"floor":16.0,"key":"Explosive Potion"},{"floor":19.0,"key":"PowerPotion"},{"floor":22.0,"key":"Block Potion"},{"floor":30.0,"key":"SkillPotion"},{"floor":31.0,"key":"hermit:BlackBile"},{"floor":33.0,"key":"Weak Potion"},{"floor":35.0,"key":"LiquidBronze"},{"floor":39,"key":"Swift Potion"},{"floor":44,"key":"Ancient Potion"},{"floor":46,"key":"CultistPotion"},{"floor":47,"key":"DistilledChaos"},{"floor":48,"key":"DistilledChaos"}],"is_trial":false,"path_per_floor":["M","$","?","M","?","R","E","?","T","E","M","M","?","E","R","B",null,"M","M","$","?","M","E","R","E","T","M","$","R","M","M","R","B",null,"M","M","M","$","M","E","R","M","T","M","R","?","M","M","R","B",null],"character_chosen":"HERMIT","items_purchased":["hermit:Feint","hermit:Headshot","Deep Breath","Master of Strategy","Membership Card","Whetstone","Panacea","hermit:Coalescence","hermit:Combo"],"campfire_rested":5,"item_purchase_floors":[2,2,20,20,28,38,38,38,38],"current_hp_per_floor":[82,82,66,66,48,72,38,38,38,20,19,19,19,9,48,47,82,41,31,31,31,28,28,70,63,63,26,26,80,63,24,78,40,94,77,59,30,30,30,23,38,15,15,88,103,67,54,70,85,80],"gold":196,"neow_bonus":"TEN_PERCENT_HP_BONUS","is_daily":false,"chose_seed":false,"campfire_upgraded":3,"win_rate":0.0,"timestamp":1611796812,"path_taken":["M","$","?","M","?","R","E","?","T","E","M","?","?","E","R","BOSS","M","M","$","?","M","E","R","E","T","M","$","R","M","?","R","BOSS","M","M","M","$","M","E","R","M","T","M","R","?","M","M","R","BOSS"],"items_purchased_type":["Card","Card","Card","Card","Relic","Relic","Card","Card","Card"],"build_version":"2020-12-22","purchased_purges":0,"victory":true,"max_hp_per_floor":[82,82,82,82,82,82,82,82,82,82,82,82,82,82,82,82,82,84,86,86,86,88,90,90,92,92,92,92,92,92,92,92,94,94,96,98,100,100,102,102,102,104,104,104,104,106,108,108,108,108],"card_choices":[{"not_picked":["hermit:Ricochet","hermit:Horror"],"picked":"hermit:BodyArmor","floor":1.0},{"not_picked":["hermit:Dive","hermit:Shortfuse"],"picked":"hermit:Quickdraw","floor":4.0},{"not_picked":["hermit:Roulette","hermit:Brawl"],"picked":"hermit:BodyArmor","floor":7.0},{"not_picked":["hermit:Gestalt","hermit:TakeAim","hermit:Enervate"],"picked":"SKIP","floor":10.0},{"not_picked":["hermit:Gestalt","hermit:Desperado","hermit:HighCaliber"],"picked":"SKIP","floor":11.0},{"not_picked":["hermit:HoleUp","hermit:Glare","hermit:Shortfuse"],"picked":"SKIP","floor":12.0},{"not_picked":["hermit:OverwhelmingPower","hermit:Determination"],"picked":"hermit:BodyArmor","floor":14.0},{"not_picked":["hermit:Reprieve","hermit:Magnum"],"picked":"hermit:HighNoon","floor":16.0},{"not_picked":["hermit:Shortfuse","hermit:Snipe","hermit:GhostlyPresence"],"picked":"Singing Bowl","floor":18.0},{"not_picked":["hermit:WideOpen","hermit:TrackingShot+1","hermit:HoleUp"],"picked":"Singing Bowl","floor":19.0},{"not_picked":["hermit:Coalescence+1","hermit:HighCaliber+1","hermit:Deadeye"],"picked":"Singing Bowl","floor":22.0},{"not_picked":["hermit:Determination+1","hermit:EyeOfTheStorm","hermit:Enervate+1"],"picked":"Singing Bowl","floor":23.0},{"not_picked":["hermit:Quickdraw","hermit:PistolWhip+1","hermit:Scavenge+1"],"picked":"Singing Bowl","floor":25.0},{"not_picked":["hermit:BodyArmor","hermit:Snipe"],"picked":"hermit:Shortfuse+1","floor":27.0},{"not_picked":["hermit:Gestalt","hermit:DeadMansHand+1"],"picked":"hermit:Showdown+1","floor":30.0},{"not_picked":["hermit:WideOpen","hermit:Spite"],"picked":"hermit:HighNoon","floor":31.0},{"not_picked":["hermit:Dissolve","hermit:EternalForm","hermit:FatalDesire"],"picked":"Singing Bowl","floor":33.0},{"not_picked":["hermit:Dive","hermit:HighCaliber","hermit:Desperado+1"],"picked":"Singing Bowl","floor":35.0},{"not_picked":["hermit:Desperado","hermit:LowProfile","hermit:PistolWhip"],"picked":"Singing Bowl","floor":36.0},{"not_picked":["hermit:Cheat","hermit:Grudge+1","hermit:Misfire"],"picked":"Singing Bowl","floor":37.0},{"not_picked":["hermit:CalledShot","hermit:Misfire+1","hermit:Manifest"],"picked":"Singing Bowl","floor":39},{"not_picked":["hermit:Cheat","hermit:Gestalt"],"picked":"hermit:Shortfuse+1","floor":40},{"not_picked":["hermit:Quickdraw","hermit:Ricochet+1","hermit:Desperado+1"],"picked":"Singing Bowl","floor":42},{"not_picked":["hermit:Spite+1","hermit:BodyArmor+1"],"picked":"hermit:Shortfuse+1","floor":44},{"not_picked":["hermit:Gestalt+1","hermit:Dive","hermit:Ricochet+1"],"picked":"Singing Bowl","floor":46},{"not_picked":["hermit:Snipe","hermit:ItchyTrigger","hermit:FullyLoaded+1"],"picked":"Singing Bowl","floor":47},{"not_picked":["hermit:Manifest","hermit:Shortfuse"],"picked":"hermit:Snipe+1","floor":48}],"player_experience":921797,"relics_obtained":[{"floor":7.0,"key":"Pantograph"},{"floor":9.0,"key":"PreservedInsect"},{"floor":10.0,"key":"Regal Pillow"},{"floor":14.0,"key":"Singing Bowl"},{"floor":23.0,"key":"Shuriken"},{"floor":25.0,"key":"War Paint"},{"floor":26.0,"key":"Eternal Feather"},{"floor":40,"key":"CeramicFish"},{"floor":43,"key":"White Beast Statue"},{"floor":46,"key":"TungstenRod"}],"event_choices":[{"damage_healed":0.0,"max_hp_gain":0.0,"max_hp_loss":0.0,"gold_gain":0.0,"event_name":"Shining Light","player_choice":"Entered Light","floor":3.0,"gold_loss":0.0,"damage_taken":16.0,"cards_upgraded":["hermit:Defend_Hermit","hermit:Strike_Hermit"]},{"damage_healed":0.0,"max_hp_gain":0.0,"max_hp_loss":0.0,"gold_gain":0.0,"event_name":"Scrap Ooze","player_choice":"Success","floor":5.0,"gold_loss":0.0,"damage_taken":18.0,"relics_obtained":["uselessJewelsMod:UselessJewelsRelic"]},{"cards_removed":["hermit:Defend_Hermit"],"damage_healed":0.0,"max_hp_gain":0.0,"max_hp_loss":0.0,"gold_gain":0.0,"event_name":"NoteForYourself","player_choice":"Took Card","floor":8.0,"gold_loss":0.0,"damage_taken":0.0,"cards_obtained":["Iron Wave"]},{"damage_healed":0.0,"max_hp_gain":0.0,"max_hp_loss":0.0,"gold_gain":0.0,"event_name":"Living Wall","player_choice":"Grow","floor":13.0,"gold_loss":0.0,"damage_taken":0.0,"cards_upgraded":["hermit:Feint"]},{"damage_healed":0.0,"max_hp_gain":0.0,"max_hp_loss":0.0,"gold_gain":0.0,"event_name":"WeMeetAgain","player_choice":"Ignored","floor":21.0,"gold_loss":0.0,"damage_taken":0.0},{"damage_healed":0,"gold_gain":0,"player_choice":"Fight","damage_taken":0,"max_hp_gain":0,"max_hp_loss":0,"event_name":"MindBloom","floor":46,"gold_loss":0}],"is_beta":false,"boss_relics":[{"not_picked":["Ectoplasm","Fusion Hammer"],"picked":"SlaversCollar"},{"not_picked":["hermit:ClaspedLocket","hermit:BartenderGlass"],"picked":"Coffee Dripper"}],"items_purged_floors":[],"is_endless":false,"potions_floor_spawned":[11,12,14,16,19,22,30,31,33,35,39,44,46,47,48],"ascension_level":0}}