{"host":"wq5h7jomr5a1xww7","time":1611863927,"event":{"mods":["BaseMod","Highlight Path","Marked Mod","Minty Spire (QoL Compilation)","Monster List Patch","Relic Stats","StSLib"],"gold_per_floor":[116,116,3,21,21,21,37,57,73,104,104,116,116,116,116,116,116,148,148,164,184,184,213,233,233,337,337,337,461,461,480,497,533,553,553,553,594,635,635,635,663,709,709,759,759,832,847,911,935,935,1000,449,460,507,507,636,636,636,765,765,782,782,832,876,900,940,998,998,1054,433,495,549,549,595,1594,842,886,886,904,904,904,904,904,115,140,140],"floor_reached":87,"language":"ENG","playtime":4775,"items_purged":["Strike_P","Strike_P","Normality","Normality"],"score":2544,"play_id":"f82c668a-bf97-41d4-9dac-637fcf938a01","local_time":"20210128135847","is_ascension_mode":true,"campfire_choices":[{"data":"WheelKick","floor":11,"key":"SMITH"},{"data":"MarkedMod:Acupuncture","floor":13,"key":"SMITH"},{"floor":17,"key":"REST"},{"data":"PathToVictory","floor":25,"key":"SMITH"},{"data":"MarkedMod:GentlePulse","floor":28,"key":"SMITH"},{"data":"Wish","floor":40,"key":"SMITH"},{"data":"Meditate","floor":43,"key":"SMITH"},{"data":"Meditate","floor":50,"key":"SMITH"},{"data":"MarkedMod:FirstStrike","floor":55,"key":"SMITH"},{"data":"MentalFortress","floor":58,"key":"SMITH"},{"data":"Establishment","floor":68,"key":"SMITH"},{"floor":80,"key":"RECALL"},{"data":"Fasting2","floor":83,"key":"SMITH"}],"circlet_count":0,"master_deck":["Defend_P","Defend_P","Defend_P","Defend_P","Eruption","Vigilance","MarkedMod:GentlePulse+1","WheelKick+1","Meditate+1","MarkedMod:Acupuncture+1","ThirdEye+1","FearNoEvil","PathToVictory+1","Wish+1","CurseOfTheBell","Wallop","Meditate+1","MarkedMod:FirstStrike+1","MarkedMod:Acupuncture+1","MarkedMod:NorthStar+1","ThirdEye+1","MarkedMod:FirstStrike+1","MentalFortress+1","MarkedMod:GentlePulse+1","Madness+1","PathToVictory+1","MarkedMod:GentlePulse+1","Establishment+1","Protect+1","Fasting2+1","EmptyBody+1","Wireheading","Madness+1","Madness+1","Collect+1","PathToVictory+1","LikeWater","LikeWater+1"],"relics":["Busted Crown","Singing Bowl","HornCleat","Centennial Puzzle","Orichalcum","Thread and Needle","FossilizedHelix","Mercury Hourglass","Empty Cage","Calling Bell","Blood Vial","Blue Candle","Dead Branch","Damaru","Sundial","Pear","Toxic Egg 2","Pen Nib","Strawberry","Bottled Flame","Philosopher\u0027s Stone","SlaversCollar","Mummified Hand","Bag of Marbles","OrangePellets","Art of War","Lantern","Yang","MarkedMod:AcupunctureKit","Orrery","White Beast Statue","Akabeko","Bag of Preparation","Happy Flower","Anchor"],"acts_visited":["Exordium","TheCity","TheBeyond","TheEnding"],"potions_floor_usage":[18,18,29,38,41,44,48,53,54,69,86,86,86,86,86],"damage_taken":[{"damage":5.0,"enemies":"Small Slimes","floor":1.0,"turns":4.0},{"damage":0,"enemies":"2 Louse","floor":4,"turns":2},{"damage":3,"enemies":"Jaw Worm","floor":7,"turns":2},{"damage":26,"enemies":"Red Slaver","floor":8,"turns":2},{"damage":6,"enemies":"3 Louse","floor":9,"turns":3},{"damage":0,"enemies":"Gremlin Nob","floor":10,"turns":2},{"damage":0,"enemies":"Gremlin Gang","floor":12,"turns":3},{"damage":8,"enemies":"Lagavulin","floor":18,"turns":5},{"damage":0,"enemies":"Large Slime","floor":20,"turns":3},{"damage":0,"enemies":"3 Louse","floor":21,"turns":2},{"damage":0,"enemies":"Gremlin Nob","floor":23,"turns":4},{"damage":0,"enemies":"2 Fungi Beasts","floor":24,"turns":2},{"damage":10,"enemies":"The Guardian","floor":26,"turns":10},{"damage":0,"enemies":"The Guardian","floor":29,"turns":8},{"damage":0,"enemies":"Spheric Guardian","floor":31,"turns":2},{"damage":0,"enemies":"Chosen","floor":32,"turns":4},{"damage":0,"enemies":"Snecko","floor":33,"turns":4},{"damage":0,"enemies":"Cultist and Chosen","floor":34,"turns":5},{"damage":0,"enemies":"Centurion and Healer","floor":37,"turns":6},{"damage":0,"enemies":"Shelled Parasite and Fungi","floor":38,"turns":4},{"damage":0,"enemies":"Gremlin Leader","floor":41,"turns":4},{"damage":0,"enemies":"Snake Plant","floor":42,"turns":3},{"damage":0,"enemies":"Centurion and Healer","floor":44,"turns":4},{"damage":0,"enemies":"Sentry and Sphere","floor":47,"turns":3},{"damage":4,"enemies":"Book of Stabbing","floor":48,"turns":5},{"damage":0,"enemies":"Slavers","floor":51,"turns":4},{"damage":0,"enemies":"3 Cultists","floor":53,"turns":4},{"damage":0,"enemies":"Snake Plant","floor":54,"turns":3},{"damage":8,"enemies":"Champ","floor":56,"turns":7},{"damage":0,"enemies":"Champ","floor":59,"turns":7},{"damage":0,"enemies":"3 Shapes","floor":61,"turns":3},{"damage":10,"enemies":"3 Darklings","floor":63,"turns":3},{"damage":6,"enemies":"Writhing Mass","floor":64,"turns":3},{"damage":0,"enemies":"Jaw Worm Horde","floor":66,"turns":4},{"damage":11,"enemies":"Nemesis","floor":67,"turns":4},{"damage":0,"enemies":"Reptomancer","floor":69,"turns":4},{"damage":0,"enemies":"Giant Head","floor":71,"turns":5},{"damage":0,"enemies":"4 Shapes","floor":74,"turns":4},{"damage":0,"enemies":"3 Darklings","floor":77,"turns":3},{"damage":0,"enemies":"Transient","floor":79,"turns":5},{"damage":2,"enemies":"Time Eater","floor":81,"turns":7},{"damage":0,"enemies":"Shield and Spear","floor":85,"turns":3},{"damage":38,"enemies":"The Heart","floor":86,"turns":7}],"seed_played":"-7112145049670988502","potions_obtained":[{"floor":4,"key":"Weak Potion"},{"floor":7,"key":"SpeedPotion"},{"floor":12,"key":"PowerPotion"},{"floor":20,"key":"StancePotion"},{"floor":21,"key":"AttackPotion"},{"floor":24,"key":"Regen Potion"},{"floor":32,"key":"FearPotion"},{"floor":38,"key":"StancePotion"},{"floor":39,"key":"GamblersBrew"},{"floor":44,"key":"Explosive Potion"},{"floor":47,"key":"BlessingOfTheForge"},{"floor":48,"key":"BlessingOfTheForge"},{"floor":53,"key":"MarkedMod:BlackLotusJuice"},{"floor":66,"key":"Dexterity Potion"},{"floor":69,"key":"DistilledChaos"}],"is_trial":false,"path_per_floor":["M","?","$","M","?","$","M","M","M","E","R","M","R","T","T","T","R","E","?","M","M","?","E","M","R","B",null,"R","B",null,"M","M","M","M","?","?","M","M","?","R","E","M","R","M","T","T","M","E","T","R","E","$","M","M","R","B",null,"R","B",null,"M","?","M","M","T","M","E","R","E","$","E","T","?","M","?","$","M","?","M","R","B",null,"R","$","E","B",null],"character_chosen":"WATCHER","items_purchased":["WheelKick","Meditate","MarkedMod:FirstStrike+1","MentalFortress","MarkedMod:GentlePulse+1","Bottled Flame","Madness+1","OrangePellets","Art of War","Lantern","DuplicationPotion","Orrery","White Beast Statue","Akabeko","Wireheading","Bag of Preparation","Happy Flower","Collect+1","PathToVictory+1","LikeWater","EntropicBrew","GamblersBrew"],"campfire_rested":1,"item_purchase_floors":[3,3,52,52,52,52,52,70,70,70,70,76,76,76,76,84,84,84,84,84,84,84],"current_hp_per_floor":[67,67,67,67,72,72,69,43,37,39,39,39,39,39,39,39,62,56,49,49,49,49,51,51,51,41,41,41,58,85,85,85,87,87,87,87,89,89,89,89,91,93,93,95,95,105,107,103,103,103,112,112,114,116,116,110,110,110,114,120,122,122,112,110,110,114,105,105,109,109,111,111,111,115,115,121,125,108,112,112,112,140,140,140,140,111],"gold":140,"neow_bonus":"BOSS_RELIC","is_daily":false,"chose_seed":false,"campfire_upgraded":11,"win_rate":0.0,"timestamp":1611863927,"path_taken":["M","?","$","M","?","?","M","M","?","E","R","M","R","T","T","T","R","E","?","M","M","?","E","M","R","BOSS","R","BOSS","M","M","?","M","?","?","M","M","?","R","E","?","R","M","T","T","M","E","?","R","E","$","?","M","R","BOSS","R","BOSS","M","?","M","?","?","M","E","R","E","$","E","T","?","M","?","$","M","?","M","R","BOSS","R","$","E","BOSS"],"items_purchased_type":["Card","Card","Card","Card","Card","Relic","Card","Relic","Relic","Relic","Potion","Relic","Relic","Relic","Card","Relic","Relic","Card","Card","Card","Potion","Potion"],"build_version":"2020-12-22","purchased_purges":4,"victory":true,"max_hp_per_floor":[72,72,72,72,77,77,77,77,77,79,79,79,79,79,79,79,79,81,81,81,81,81,83,83,83,83,83,83,85,85,85,85,87,87,87,87,89,89,89,89,91,93,93,95,95,105,107,107,107,107,114,114,114,116,116,118,118,118,120,120,122,122,122,124,124,126,126,126,128,128,128,128,128,130,130,136,138,138,140,140,140,140,140,140,140,140],"relic_stats":{"Singing Bowl":46,"Happy Flower":[3],"counters":[43,175],"Blue Candle":[0],"Dead Branch":[195],"Yang":[38],"Pen Nib":[10],"Bag of Preparation":[4],"Orichalcum":[150],"Mercury Hourglass":[524],"Blood Vial":24,"OrangePellets":[14],"Centennial Puzzle":[27],"Busted Crown":94,"Sundial":[4],"Mummified Hand":[32],"Art of War":[6],"obtain_stats":[{"Lantern":70,"Singing Bowl":10,"Yang":71,"Bag of Preparation":84,"Empty Cage":27,"MarkedMod:AcupunctureKit":72,"Blood Vial":30,"Centennial Puzzle":15,"HornCleat":14,"Sundial":45,"Mummified Hand":67,"Strawberry":51,"Philosopher\u0027s Stone":57,"Toxic Egg 2":48,"Pear":46,"Happy Flower":84,"Blue Candle":30,"Dead Branch":30,"Damaru":41,"Thread and Needle":18,"Pen Nib":49,"Orichalcum":16,"White Beast Statue":76,"Akabeko":76,"Mercury Hourglass":23,"Calling Bell":30,"SlaversCollar":60,"OrangePellets":70,"Bottled Flame":52,"Anchor":85,"Busted Crown":0,"Orrery":76,"Bag of Marbles":69,"Art of War":70,"PureWater":0,"FossilizedHelix":19},{"Lantern":36,"Singing Bowl":6,"Yang":37,"Bag of Preparation":41,"Empty Cage":13,"MarkedMod:AcupunctureKit":37,"Blood Vial":14,"Centennial Puzzle":7,"HornCleat":7,"Sundial":23,"Mummified Hand":35,"Strawberry":26,"Philosopher\u0027s Stone":29,"Toxic Egg 2":25,"Pear":23,"Happy Flower":41,"Blue Candle":14,"Dead Branch":14,"Damaru":21,"Thread and Needle":8,"Pen Nib":25,"Orichalcum":7,"White Beast Statue":38,"Akabeko":38,"Mercury Hourglass":11,"Calling Bell":14,"SlaversCollar":30,"OrangePellets":36,"Bottled Flame":26,"Anchor":42,"Busted Crown":0,"Orrery":38,"Bag of Marbles":36,"Art of War":36,"PureWater":0,"FossilizedHelix":8},{"Lantern":141,"Singing Bowl":15,"Yang":146,"Bag of Preparation":165,"Empty Cage":44,"MarkedMod:AcupunctureKit":146,"Blood Vial":52,"Centennial Puzzle":18,"HornCleat":18,"Sundial":88,"Mummified Hand":137,"Strawberry":99,"Philosopher\u0027s Stone":113,"Toxic Egg 2":95,"Pear":88,"Happy Flower":165,"Blue Candle":52,"Dead Branch":52,"Damaru":81,"Thread and Needle":23,"Pen Nib":95,"Orichalcum":18,"White Beast Statue":150,"Akabeko":150,"Mercury Hourglass":32,"Calling Bell":52,"SlaversCollar":120,"OrangePellets":141,"Bottled Flame":99,"Anchor":168,"Busted Crown":0,"Orrery":150,"Bag of Marbles":141,"Art of War":141,"PureWater":0,"FossilizedHelix":23}]},"card_choices":[{"not_picked":[],"picked":"MarkedMod:GentlePulse","floor":1.0},{"not_picked":[],"picked":"EmptyFist","floor":9},{"not_picked":["Worship"],"picked":"Singing Bowl","floor":10},{"not_picked":[],"picked":"MarkedMod:Acupuncture","floor":12},{"not_picked":["Collect"],"picked":"Singing Bowl","floor":18},{"not_picked":[],"picked":"ThirdEye","floor":20},{"not_picked":[],"picked":"FearNoEvil","floor":21},{"not_picked":["Crescendo"],"picked":"Singing Bowl","floor":23},{"not_picked":[],"picked":"PathToVictory","floor":24},{"not_picked":[],"picked":"Wish","floor":26},{"not_picked":["Devotion"],"picked":"Singing Bowl","floor":29},{"not_picked":[],"picked":"Wallop","floor":31},{"not_picked":[],"picked":"Meditate","floor":32},{"not_picked":["BattleHymn"],"picked":"Singing Bowl","floor":33},{"not_picked":[],"picked":"MarkedMod:FirstStrike","floor":34},{"not_picked":["FollowUp"],"picked":"Singing Bowl","floor":37},{"not_picked":[],"picked":"MarkedMod:Acupuncture+1","floor":38},{"not_picked":["DeceiveReality"],"picked":"Singing Bowl","floor":41},{"not_picked":["CutThroughFate"],"picked":"Singing Bowl","floor":42},{"not_picked":["CrushJoints"],"picked":"Singing Bowl","floor":44},{"not_picked":["Evaluate"],"picked":"Singing Bowl","floor":47},{"not_picked":[],"picked":"MarkedMod:NorthStar+1","floor":48},{"not_picked":[],"picked":"ThirdEye+1","floor":51},{"not_picked":[],"picked":"PathToVictory+1","floor":53},{"not_picked":["InnerPeace+1"],"picked":"Singing Bowl","floor":54},{"not_picked":["Alpha+1"],"picked":"Singing Bowl","floor":56},{"not_picked":["Brilliance"],"picked":"Singing Bowl","floor":59},{"not_picked":["Evaluate+1"],"picked":"Singing Bowl","floor":61},{"not_picked":[],"picked":"MarkedMod:GentlePulse+1","floor":63},{"not_picked":["EmptyBody+1"],"picked":"Singing Bowl","floor":64},{"not_picked":["FlurryOfBlows"],"picked":"Singing Bowl","floor":66},{"not_picked":[],"picked":"Establishment","floor":67},{"not_picked":["CutThroughFate"],"picked":"Singing Bowl","floor":69},{"not_picked":[],"picked":"Protect+1","floor":71},{"not_picked":["JustLucky+1"],"picked":"Singing Bowl","floor":74},{"not_picked":["CarveReality"],"picked":"Singing Bowl","floor":76},{"not_picked":["WreathOfFlame+1"],"picked":"Singing Bowl","floor":76},{"not_picked":[],"picked":"Fasting2","floor":76},{"not_picked":[],"picked":"EmptyBody+1","floor":76},{"not_picked":["MarkedMod:Acupuncture"],"picked":"Singing Bowl","floor":76},{"not_picked":["SignatureMove"],"picked":"Singing Bowl","floor":77},{"not_picked":["SandsOfTime+1"],"picked":"Singing Bowl","floor":79},{"not_picked":[],"picked":"LikeWater+1","floor":85}],"player_experience":85294,"relics_obtained":[{"floor":10,"key":"Singing Bowl"},{"floor":14,"key":"HornCleat"},{"floor":15,"key":"Centennial Puzzle"},{"floor":16,"key":"Orichalcum"},{"floor":18,"key":"Thread and Needle"},{"floor":23,"key":"Mercury Hourglass"},{"floor":30,"key":"Blood Vial"},{"floor":30,"key":"Blue Candle"},{"floor":30,"key":"Dead Branch"},{"floor":41,"key":"Damaru"},{"floor":45,"key":"Sundial"},{"floor":46,"key":"Pear"},{"floor":48,"key":"Toxic Egg 2"},{"floor":49,"key":"Pen Nib"},{"floor":51,"key":"Strawberry"},{"floor":67,"key":"Mummified Hand"},{"floor":69,"key":"Bag of Marbles"},{"floor":71,"key":"Yang"},{"floor":72,"key":"MarkedMod:AcupunctureKit"},{"floor":85,"key":"Anchor"}],"event_choices":[{"damage_healed":0.0,"max_hp_gain":0.0,"max_hp_loss":0.0,"gold_gain":0.0,"event_name":"The Cleric","player_choice":"Leave","floor":2.0,"gold_loss":0.0,"damage_taken":0.0},{"damage_healed":0,"gold_gain":0,"player_choice":"Donut","damage_taken":0,"max_hp_gain":5,"max_hp_loss":0,"event_name":"Big Fish","floor":5,"gold_loss":0},{"damage_healed":0,"gold_gain":0,"player_choice":"Success","damage_taken":7,"relics_obtained":["FossilizedHelix"],"max_hp_gain":0,"max_hp_loss":0,"event_name":"Scrap Ooze","floor":19,"gold_loss":0},{"damage_healed":0,"gold_gain":0,"player_choice":"Bought 0 Potions","damage_taken":0,"max_hp_gain":0,"max_hp_loss":0,"event_name":"The Woman in Blue","floor":22,"gold_loss":0},{"damage_healed":0,"gold_gain":0,"player_choice":"Ignored","damage_taken":0,"max_hp_gain":0,"max_hp_loss":0,"event_name":"Ghosts","floor":35,"gold_loss":0},{"damage_healed":0,"gold_gain":0,"player_choice":"Ignored","damage_taken":0,"max_hp_gain":0,"max_hp_loss":0,"event_name":"Vampires","floor":36,"gold_loss":0},{"damage_healed":0,"gold_gain":0,"player_choice":"Got Potions","damage_taken":0,"max_hp_gain":0,"max_hp_loss":0,"event_name":"Lab","floor":39,"gold_loss":0},{"damage_healed":0,"gold_gain":0,"player_choice":"Forge","damage_taken":0,"max_hp_gain":0,"max_hp_loss":0,"event_name":"Accursed Blacksmith","floor":62,"gold_loss":0,"cards_upgraded":["ThirdEye"]},{"cards_removed":["EmptyFist"],"damage_healed":0,"gold_gain":0,"player_choice":"Removed Attack","damage_taken":0,"max_hp_gain":0,"max_hp_loss":0,"event_name":"Falling","floor":73,"gold_loss":0},{"damage_healed":0,"gold_gain":999,"player_choice":"Gold","damage_taken":0,"max_hp_gain":0,"max_hp_loss":0,"event_name":"MindBloom","floor":75,"gold_loss":0,"cards_obtained":["Normality","Normality"]},{"damage_healed":0,"gold_gain":0,"player_choice":"Embrace Madness","damage_taken":17,"max_hp_gain":0,"max_hp_loss":0,"event_name":"Winding Halls","floor":78,"gold_loss":0,"cards_obtained":["Madness","Madness"]}],"is_beta":false,"boss_relics":[{"not_picked":["Snecko Eye","Ectoplasm"],"picked":"Empty Cage"},{"not_picked":["Cursed Key","Velvet Choker"],"picked":"Calling Bell"},{"not_picked":["Runic Dome","Runic Pyramid"],"picked":"Philosopher\u0027s Stone"},{"not_picked":["Pandora\u0027s Box","Fusion Hammer"],"picked":"SlaversCollar"}],"items_purged_floors":[52,70,76,84],"is_endless":false,"potions_floor_spawned":[4,7,12,20,21,24,32,38,44,47,48,51,53,66,69,74,77,79,85],"ascension_level":1}}