{"host":"8a72fthmlk1o8pdb","time":1611872397,"event":{"mods":["AchievementEnabler","Aspiration","Astrologer","Bard","BaseMod","Beaked The Cultist","Better Skull","Better Third Choice","Colored Map","Colored Powertips","Downfall","Friendly Minions","GifTheSpireLib","Googly Eyes","Gremlin Mod","Hermit","Jorbs\u0027s Wanderer Trilogy","Marisa????????","Minty Spire (QoL Compilation)","Permanent Neow","Random Character Button","Rare Cards Sparkle","Robot Space Explorer","Shop Mod","Somnambulant","StSLib","The Animator","The Construct","The Cursed","The Disciple","The Hayseed","The Hierophant","The Marked","The Necromancer","The Poker Player","The Problem Sleuth","The Runesmith","thorton"],"gold_per_floor":[119,119,130,11,11,40,55,69,140,155,45,45,59,59,59,164,164,184,184,184,200,24,24,58,58,58,72,100,100,24,58,58,153,153,172,183,183,195,22,22,49,64,118,133,133,133,133,151,151,151,151],"floor_reached":50,"language":"ENG","playtime":3275,"items_purged":["hermit:Strike_Hermit","hermit:Strike_Hermit","hermit:Defend_Hermit"],"score":557,"play_id":"438208cc-3840-4d92-bbc5-9670ca7eab1c","local_time":"20210128141957","is_ascension_mode":true,"campfire_choices":[{"data":"hermit:Glare","floor":12,"key":"SMITH"},{"data":"hermit:Horror","floor":15,"key":"SMITH"},{"data":"hermit:Horror","floor":23,"key":"SMITH"},{"floor":25,"key":"REST"},{"floor":29,"key":"REST"},{"floor":32,"key":"REST"},{"floor":40,"key":"REST"},{"floor":45,"key":"REST"},{"floor":47,"key":"RECALL"},{"data":"hermit:Magnum","floor":49,"key":"SMITH"}],"circlet_count":0,"master_deck":["hermit:Defend_Hermit","hermit:Defend_Hermit","hermit:Defend_Hermit+1","hermit:Snapshot","hermit:Horror+1","hermit:Roughhouse","hermit:Glare+1","hermit:TrackingShot","hermit:Enervate","hermit:TakeAim+1","hermit:EternalForm+1","hermit:Horror+1","hermit:DeadMansHand","RitualDagger+1","hermit:CalledShot+1","hermit:Deadeye+1","hermit:Snipe+1","hermit:CalledShot","hermit:Magnum+1","hermit:FlashPowder","hermit:Quickdraw+1","hermit:ItchyTrigger","hermit:Glare+1"],"relics":["Runic Pyramid","Nunchaku","Frozen Egg 2","Black Star","TheSimpletonMod:PicklingJar","Gremlin Horn","aspiration:SeaSaltIceCream","Pocketwatch","War Paint","Runesmith:Locket","Whetstone","Regal Pillow","bronze:MakeshiftBattery","Incense Burner","Oddly Smooth Stone","hermit:RyeStalk","aspiration:EmptySkull"],"acts_visited":["Exordium","TheCity","TheBeyond"],"potions_floor_usage":[6,6,16,16,21,31,41,42,48,50],"damage_taken":[{"damage":3,"enemies":"Jaw Worm","floor":1,"turns":3},{"damage":1,"enemies":"Cultist","floor":3,"turns":3},{"damage":1,"enemies":"Lagavulin","floor":6,"turns":5},{"damage":0,"enemies":"2 Louse","floor":7,"turns":3},{"damage":0,"enemies":"Looter","floor":8,"turns":3},{"damage":0,"enemies":"Large Slime","floor":10,"turns":4},{"damage":4,"enemies":"Blue Slaver","floor":13,"turns":2},{"damage":39,"enemies":"Slime Boss","floor":16,"turns":7},{"damage":4,"enemies":"Shell Parasite","floor":18,"turns":4},{"damage":10,"enemies":"2 Thieves","floor":21,"turns":3},{"damage":44,"enemies":"Slavers","floor":24,"turns":4},{"damage":0,"enemies":"3 Cultists","floor":27,"turns":2},{"damage":21,"enemies":"Book of Stabbing","floor":28,"turns":3},{"damage":19,"enemies":"Slavers","floor":31,"turns":3},{"damage":16,"enemies":"Collector","floor":33,"turns":5},{"damage":23,"enemies":"Orb Walker","floor":35,"turns":4},{"damage":1,"enemies":"3 Darklings","floor":36,"turns":4},{"damage":21,"enemies":"Writhing Mass","floor":38,"turns":5},{"damage":4,"enemies":"Reptomancer","floor":41,"turns":4},{"damage":16,"enemies":"4 Shapes","floor":42,"turns":2},{"damage":14,"enemies":"Spire Growth","floor":44,"turns":4},{"damage":18,"enemies":"Maw","floor":48,"turns":4},{"damage":60,"enemies":"Donu and Deca","floor":50,"turns":4}],"seed_played":"-447435310195983130","potions_obtained":[{"floor":1,"key":"champ:CounterPotion"},{"floor":3,"key":"hermit:Tonic"},{"floor":7,"key":"Energy Potion"},{"floor":13,"key":"Dexterity Potion"},{"floor":16,"key":"Swift Potion"},{"floor":28,"key":"Strength Potion"},{"floor":41,"key":"ColorlessPotion"},{"floor":44,"key":"Ancient Potion"},{"floor":48,"key":"sneckomod:MuddlingPotion"}],"is_trial":false,"path_per_floor":["M","?","M","$","T","E","M","M","T","M","$","R","M","?","R","B",null,"M","?","?","M","$","R","E","R","T","M","E","R","$","E","R","B",null,"M","M","?","M","$","R","E","M","T","M","R","?","R","M","R","B"],"character_chosen":"HERMIT","items_purchased":["hermit:Roughhouse","hermit:Glare","hermit:TakeAim+1","hermit:Deadeye","hermit:Magnum","Energy Potion"],"campfire_rested":5,"item_purchase_floors":[4,4,11,22,30,39],"current_hp_per_floor":[72,75,74,74,74,73,73,73,73,73,73,73,69,69,69,30,75,71,71,65,55,55,55,11,33,33,33,12,34,34,15,52,36,75,52,51,51,30,30,67,63,47,47,33,70,70,70,52,52,0,0],"gold":151,"neow_bonus":"BOSS_RELIC","is_daily":false,"chose_seed":false,"campfire_upgraded":4,"win_rate":0.0,"timestamp":1611872397,"path_taken":["M","?","M","$","?","E","M","M","T","M","?","R","?","?","R","BOSS","M","?","?","M","$","R","E","R","T","?","E","R","$","E","R","BOSS","M","M","?","M","?","R","E","M","T","M","R","?","R","M","R","BOSS"],"items_purchased_type":["Card","Card","Card","Card","Card","Potion"],"build_version":"2020-12-22","purchased_purges":3,"victory":false,"max_hp_per_floor":[75,75,75,75,75,75,75,75,75,75,75,75,75,75,75,75,75,75,75,75,75,75,75,75,75,75,75,75,75,75,75,75,75,75,75,75,75,75,75,75,75,75,75,75,75,75,75,75,75,75,75],"card_choices":[{"not_picked":["hermit:NoHoldsBarred","hermit:Cheat"],"picked":"hermit:Brawl","floor":1},{"not_picked":["hermit:Misfire","hermit:Dive"],"picked":"hermit:Horror","floor":3},{"not_picked":["hermit:Gambit","hermit:BodyArmor"],"picked":"hermit:TrackingShot","floor":6},{"not_picked":["hermit:Virtue","hermit:Grudge","hermit:Dive"],"picked":"SKIP","floor":7},{"not_picked":["hermit:Manifest","hermit:Dive","hermit:Glare"],"picked":"SKIP","floor":8},{"not_picked":["hermit:HighCaliber","hermit:HoleUp"],"picked":"hermit:Enervate","floor":10},{"not_picked":["hermit:Misfire","hermit:OverwhelmingPower+1","hermit:Manifest"],"picked":"SKIP","floor":13},{"not_picked":["hermit:Adapt+1","hermit:RoundhouseKick"],"picked":"hermit:EternalForm+1","floor":16},{"not_picked":["hermit:Midnight","hermit:LowProfile"],"picked":"hermit:Horror","floor":18},{"not_picked":["hermit:Desperado","hermit:Shortfuse"],"picked":"hermit:CalledShot+1","floor":21},{"not_picked":["hermit:FromBeyond","hermit:Quickdraw"],"picked":"hermit:Snipe","floor":24},{"not_picked":["hermit:Feint","hermit:Cheat","hermit:Combo+1"],"picked":"SKIP","floor":27},{"not_picked":["hermit:HoleUp","hermit:Adapt+1"],"picked":"hermit:CalledShot","floor":28},{"not_picked":["hermit:TrackingShot","hermit:Manifest"],"picked":"hermit:FlashPowder","floor":31},{"not_picked":["hermit:Headshot","hermit:HighCaliber"],"picked":"hermit:Quickdraw+1","floor":35},{"not_picked":["hermit:Glare","hermit:Grudge"],"picked":"hermit:Horror+1","floor":36},{"not_picked":["hermit:FinalCanter","hermit:SprayPray","hermit:Shortfuse+1"],"picked":"SKIP","floor":38},{"not_picked":["hermit:Ricochet+1","hermit:Manifest"],"picked":"hermit:ItchyTrigger","floor":41},{"not_picked":["hermit:HighCaliber+1","hermit:Dive","hermit:Coalescence"],"picked":"SKIP","floor":42},{"not_picked":["hermit:Ricochet","hermit:Dive","hermit:Misfire"],"picked":"SKIP","floor":44},{"not_picked":["hermit:GoldenBullet","hermit:Brawl+1"],"picked":"hermit:Glare+1","floor":48}],"player_experience":93490,"relics_obtained":[{"floor":6,"key":"Nunchaku"},{"floor":9,"key":"Frozen Egg 2"},{"floor":24,"key":"TheSimpletonMod:PicklingJar"},{"floor":24,"key":"Gremlin Horn"},{"floor":26,"key":"aspiration:SeaSaltIceCream"},{"floor":28,"key":"War Paint"},{"floor":28,"key":"Runesmith:Locket"},{"floor":31,"key":"Whetstone"},{"floor":31,"key":"Regal Pillow"},{"floor":41,"key":"Oddly Smooth Stone"},{"floor":41,"key":"hermit:RyeStalk"},{"floor":43,"key":"aspiration:EmptySkull"}],"event_choices":[{"cards_removed":["hermit:Brawl"],"damage_healed":3,"gold_gain":0,"player_choice":"Offered Uncommon","damage_taken":0,"max_hp_gain":0,"max_hp_loss":0,"event_name":"Bonfire Elementals","floor":2,"gold_loss":0},{"cards_removed":["hermit:Covet"],"damage_healed":0,"gold_gain":0,"player_choice":"Card Removal","damage_taken":0,"max_hp_gain":0,"max_hp_loss":0,"event_name":"Wheel of Change","floor":14,"gold_loss":0},{"damage_healed":0,"gold_gain":0,"cards_transformed":["hermit:Strike_Hermit","hermit:Strike_Hermit"],"player_choice":"Became Test Subject","damage_taken":0,"max_hp_gain":0,"max_hp_loss":0,"event_name":"Drug Dealer","floor":19,"gold_loss":0,"cards_obtained":["hermit:DeadMansHand","hermit:Malice"]},{"damage_healed":0,"gold_gain":0,"player_choice":"Dagger","damage_taken":6,"max_hp_gain":0,"max_hp_loss":0,"event_name":"betterThird:BetterNest","floor":20,"gold_loss":0,"cards_obtained":["RitualDagger"]},{"cards_removed":["hermit:Malice"],"damage_healed":0,"gold_gain":0,"player_choice":"Gave Card","damage_taken":0,"relics_obtained":["Incense Burner"],"max_hp_gain":0,"max_hp_loss":0,"event_name":"WeMeetAgain","floor":37,"gold_loss":0},{"cards_removed":["hermit:Horror"],"damage_healed":0,"gold_gain":0,"player_choice":"Removed Skill","damage_taken":0,"max_hp_gain":0,"max_hp_loss":0,"event_name":"Falling","floor":46,"gold_loss":0}],"is_beta":false,"boss_relics":[{"not_picked":["Runic Dome","SacredBark"],"picked":"Black Star"},{"not_picked":["hermit:DentedPlate","aspiration:SecretTechniqueScroll"],"picked":"bronze:MakeshiftBattery"}],"items_purged_floors":[11,22,39],"is_endless":false,"potions_floor_spawned":[1,3,7,13,16,28,41,44,48],"killed_by":"Donu and Deca","ascension_level":1}}