{"host":"8d3fefv2347kqkpz","time":1611803323,"event":{"mods":["AchievementEnabler","Act Like it!","Aspiration","BaseMod","Better Vampires","Colored Map","Colored Powertips","Conspire","GifTheSpireLib","Hermit","Highlight Path","Hubris","Marisa£®ÏF”Í°°ƒß¿Ì…≥£©","Mimic Mod","Minty Spire (QoL Compilation)","Quick Restart","Rare Cards Sparkle","Reimu£®≤©¿ˆ¡È√Œ£©","Relic Stats","Remilia£®¿Ÿ√◊¿Ú—«£©","Replay The Spire","Spicy Shops","StSLib","The Cursed","The Jungle","The Servant 0.9.4","Waifu the Spire","Youmu£®ªÍ∆«—˝√Œ£©"],"gold_per_floor":[109,109,119,119,24,24,38,38,38,64,64,84,9,26,26,126,126,144,144,155,2,2,2,37,37,37,37,37,57,71,81,81,185,185,199,213,263,303,322,347,347,359,359,359,359,107,134,134,134,134],"floor_reached":51,"language":"ZHS","playtime":2259,"items_purged":["Strike_P","Decay"],"score":873,"play_id":"2e036c18-2a83-4a31-9ee8-c2f7ce00e24e","local_time":"20210128110843","is_ascension_mode":false,"campfire_choices":[{"data":"Vigilance","floor":6.0,"key":"SMITH"},{"floor":8.0,"key":"REST"},{"data":"Replay:LoomingThreat","floor":11.0,"key":"SMITH"},{"data":"Defend_P","floor":15.0,"key":"SMITH"},{"data":"Defend_P","floor":23.0,"key":"SMITH"},{"data":"Defend_P","floor":25.0,"key":"SMITH"},{"floor":27.0,"key":"RECALL"},{"data":"Defend_P","floor":32.0,"key":"SMITH"},{"floor":41,"key":"REST"},{"data":"Strike_P","floor":45,"key":"SMITH"},{"floor":49,"key":"REST"}],"circlet_count":0,"master_deck":["Strike_P","Strike_P+1","Defend_P+1","Defend_P+1","Defend_P+1","Defend_P+1","Injury","PathToVictory+1","DeceiveReality+1","Replay:LoomingThreat+1","Replay:AtTheReady+1","DeusExMachina+1","Meditate+1","Prepared+1","Poisoned Stab","Replay:AtTheReady+1","PathToVictory+1","WaveOfTheHand+1","Evaluate+1","Protect+1","PathToVictory+1","Alpha+1"],"relics":["PureWater","Toxic Egg 2","hubris:Zylophone","aspiration:FrozenJewel","conspire:BottledYoYo","conspire:SeveredTorchhead","DollysMirror","hubris:ToyBattleship","Runic Dome","HornCleat","Pantograph","Ancient Tea Set"],"acts_visited":["Exordium","TheCity","TheBeyond"],"potions_floor_usage":[],"damage_taken":[{"damage":0.0,"enemies":"Small Slimes","floor":1.0,"turns":2.0},{"damage":7.0,"enemies":"Cultist","floor":3.0,"turns":5.0},{"damage":8.0,"enemies":"Jaw Worm","floor":7.0,"turns":2.0},{"damage":8.0,"enemies":"Lagavulin","floor":10.0,"turns":4.0},{"damage":0.0,"enemies":"2 Fungi Beasts","floor":12.0,"turns":4.0},{"damage":2.0,"enemies":"Lots of Slimes","floor":14.0,"turns":5.0},{"damage":0.0,"enemies":"Slime Boss","floor":16.0,"turns":9.0},{"damage":0.0,"enemies":"Spheric Guardian","floor":18.0,"turns":1.0},{"damage":0.0,"enemies":"Chosen","floor":20.0,"turns":3.0},{"damage":0.0,"enemies":"Book of Stabbing","floor":24.0,"turns":2.0},{"damage":0.0,"enemies":"Centurion and Healer","floor":29.0,"turns":4.0},{"damage":0.0,"enemies":"Shelled Parasite and Fungi","floor":30.0,"turns":3.0},{"damage":0.0,"enemies":"Snake Plant","floor":31.0,"turns":2.0},{"damage":0.0,"enemies":"conspire:MysteriousRune","floor":33.0,"turns":3.0},{"damage":0.0,"enemies":"Orb Walker","floor":35.0,"turns":1.0},{"damage":9.0,"enemies":"3 Darklings","floor":36.0,"turns":7.0},{"damage":0.0,"enemies":"Mind Bloom Boss Battle","floor":37.0,"turns":4.0},{"damage":2.0,"enemies":"Maw","floor":38.0,"turns":6.0},{"damage":0.0,"enemies":"Maw","floor":39.0,"turns":2.0},{"damage":9,"enemies":"R_Hoarder","floor":40,"turns":3},{"damage":0,"enemies":"Writhing Mass","floor":42,"turns":4},{"damage":11,"enemies":"Giant Head","floor":47,"turns":2},{"damage":16,"enemies":"hubris:GrandSnecko","floor":50,"turns":5}],"seed_played":"7395028503624011508","potions_obtained":[{"floor":3.0,"key":"Ambrosia"},{"floor":10.0,"key":"Block Potion"},{"floor":37.0,"key":"PowerPotion"}],"is_trial":false,"path_per_floor":["M","?","M","?","$","R","M","R","T","E","R","M","$","M","R","B",null,"M","?","M","$","$","R","E","R","T","R","?","M","M","M","R","B",null,"M","M","?","MIM","M","E","R","M","T","?","R","$","E","?","R","B",null],"character_chosen":"WATCHER","items_purchased":["hubris:Zylophone","DollysMirror","FairyPotion","PathToVictory+1"],"campfire_rested":3,"item_purchase_floors":[5,21,46,46],"current_hp_per_floor":[79,79,72,72,72,72,64,79,79,71,71,71,71,69,69,69,79,79,79,79,79,79,79,79,79,79,79,79,79,79,79,79,79,79,79,70,70,68,68,59,79,79,79,79,79,79,68,68,79,63],"gold":134,"neow_bonus":"TEN_PERCENT_HP_BONUS","is_daily":false,"chose_seed":false,"campfire_upgraded":7,"win_rate":0.0,"timestamp":1611803323,"path_taken":["M","?","M","?","$","R","M","R","T","E","R","?","?","M","R","BOSS","M","?","?","?","$","R","E","R","T","R","?","M","?","M","R","BOSS","M","M","?","?","?","E","R","M","T","?","R","$","E","?","R","BOSS"],"items_purchased_type":["Relic","Relic","Potion","Card"],"build_version":"2020-12-22","purchased_purges":2,"victory":true,"max_hp_per_floor":[79,79,79,79,79,79,79,79,79,79,79,79,79,79,79,79,79,79,79,79,79,79,79,79,79,79,79,79,79,79,79,79,79,79,79,79,79,79,79,79,79,79,79,79,79,79,79,79,79,79],"relic_stats":{"counters":[23,83],"Pantograph":0,"obtain_stats":[{"hubris:Zylophone":5,"conspire:SeveredTorchhead":17,"Runic Dome":34,"HornCleat":40,"DollysMirror":21,"Pantograph":43,"conspire:BottledYoYo":10,"hubris:ToyBattleship":24,"PureWater":0,"Toxic Egg 2":2,"Ancient Tea Set":47,"aspiration:FrozenJewel":9},{"hubris:Zylophone":2,"conspire:SeveredTorchhead":7,"Runic Dome":14,"HornCleat":20,"DollysMirror":9,"Pantograph":21,"conspire:BottledYoYo":4,"hubris:ToyBattleship":10,"PureWater":0,"Toxic Egg 2":1,"Ancient Tea Set":22,"aspiration:FrozenJewel":3},{"hubris:Zylophone":7,"conspire:SeveredTorchhead":31,"Runic Dome":49,"HornCleat":72,"DollysMirror":35,"Pantograph":76,"conspire:BottledYoYo":13,"hubris:ToyBattleship":37,"PureWater":0,"Toxic Egg 2":2,"Ancient Tea Set":78,"aspiration:FrozenJewel":9}]},"card_choices":[{"not_picked":["FlyingSleeves","FlurryOfBlows","EmptyFist"],"picked":"SKIP","floor":1.0},{"not_picked":["CrushJoints","Consecrate"],"picked":"PathToVictory+1","floor":3.0},{"not_picked":["FlurryOfBlows","Replay:DivineShield+1"],"picked":"DeceiveReality+1","floor":7.0},{"not_picked":["Swivel+1","FlurryOfBlows"],"picked":"Replay:LoomingThreat","floor":10.0},{"not_picked":["Tantrum","Replay:Anticipation+1"],"picked":"Replay:AtTheReady+1","floor":12.0},{"not_picked":["InnerPeace+1","Halt+1","FollowUp"],"picked":"SKIP","floor":14.0},{"not_picked":["Replay:LoomingThreat","Wish+1"],"picked":"DeusExMachina+1","floor":16.0},{"not_picked":["Crescendo+1","Replay:ManipulateFuture+1"],"picked":"Meditate+1","floor":18.0},{"not_picked":["Pray+1","JustLucky+1"],"picked":"Replay:AtTheReady+1","floor":20.0},{"not_picked":["MasterReality","Swivel+1","FlyingSleeves"],"picked":"SKIP","floor":24.0},{"not_picked":["Worship+1","Replay:AtTheReady+1"],"picked":"Evaluate+1","floor":29.0},{"not_picked":["FlurryOfBlows","Study","JustLucky"],"picked":"SKIP","floor":30.0},{"not_picked":["Crescendo+1","CrushJoints","CutThroughFate+1"],"picked":"SKIP","floor":31.0},{"not_picked":["Replay:AtTheReady+1","Replay:Vibes+1","WaveOfTheHand+1"],"picked":"SKIP","floor":35.0},{"not_picked":["FlurryOfBlows+1","Study+1","Wireheading"],"picked":"SKIP","floor":36.0},{"not_picked":["Fasting2","Weave"],"picked":"Protect+1","floor":38.0},{"not_picked":["CrushJoints","CutThroughFate","Evaluate+1"],"picked":"SKIP","floor":39.0},{"not_picked":["Worship+1","Wireheading+1","Replay:AtTheReady+1"],"picked":"SKIP","floor":40},{"not_picked":["SpiritShield+1","FollowUp+1","Consecrate+1"],"picked":"SKIP","floor":42},{"not_picked":["EmptyFist","EmptyBody+1"],"picked":"Alpha+1","floor":47}],"player_experience":225700,"relics_obtained":[{"floor":9.0,"key":"aspiration:FrozenJewel"},{"floor":10.0,"key":"conspire:BottledYoYo"},{"floor":24.0,"key":"hubris:ToyBattleship"},{"floor":40,"key":"HornCleat"},{"floor":43,"key":"Pantograph"},{"floor":47,"key":"Ancient Tea Set"}],"event_choices":[{"damage_healed":0.0,"max_hp_gain":0.0,"max_hp_loss":0.0,"gold_gain":0.0,"event_name":"Wheel of Change","player_choice":"Cursed","floor":4.0,"gold_loss":0.0,"damage_taken":0.0,"cards_obtained":["Decay"]},{"damage_healed":0.0,"max_hp_gain":0.0,"max_hp_loss":0.0,"gold_gain":0.0,"cards_transformed":["Flechettes"],"event_name":"Transmorgrifier","player_choice":"Transformed","floor":28.0,"gold_loss":0.0,"damage_taken":0.0,"cards_obtained":["WaveOfTheHand"]},{"damage_healed":0.0,"max_hp_gain":0.0,"max_hp_loss":0.0,"gold_gain":0.0,"event_name":"MindBloom","player_choice":"Fight","floor":37.0,"gold_loss":0.0,"damage_taken":0.0},{"damage_healed":0,"gold_gain":0,"player_choice":"Ignored","damage_taken":0,"max_hp_gain":0,"max_hp_loss":0,"event_name":"Mysterious Sphere","floor":48,"gold_loss":0}],"is_beta":false,"boss_relics":[{"not_picked":["hubris:BlackHole","Coffee Dripper"],"picked":"conspire:SeveredTorchhead"},{"not_picked":["Replay:Drink Me","conspire:RunicOctahedron"],"picked":"Runic Dome"}],"items_purged_floors":[13,46],"is_endless":false,"potions_floor_spawned":[3,10,14,16,20,24,30,31,35,37,39],"ascension_level":0}}