{"host":"appz8zkad29u9482","time":1611823828,"event":{"mods":["100% Spire Juice","2.2 Compatiblity","Act Like it!","Aspiration","Bard","BaseMod","Beaked The Cultist","Better Altar","Better Match","Better Note","Better Sensory Stone","Better Skull","Better Third Choice","BetterRewards","CapriCore","Conspire","Disable Question Mark Monsters","Energized Spire","GifTheSpireLib","Gold Saver","Halation","Hermit","Hubris","Jedi Mod","Marisa????????","Minty Spire (QoL Compilation)","Permanent Neow","Replay The Spire","Spicy Shops","Spire Arcade","StSLib","Strawberry Spire","Stuff the Spire","The Cursed","The Immortal","yUi"],"gold_per_floor":[1172,1172,1172,1186,1196,1196,1209,1209,1235,1235,1255,1270,1270,862,862,961,961,981,992,1031,1031,1031,1031,1031,1056,1110,1110,635,653,653,667,667,667,667,677,483,493,202,217,217,217,217,242,242,292,311,311,324,324,324],"floor_reached":51,"language":"ENG","playtime":2100,"items_purged":["conspire:GhostlyStrike","conspire:GhostlyDefend"],"score":1143,"play_id":"f416c362-8835-472c-af19-bb81f2e7f6d5","local_time":"20210127225028","is_ascension_mode":true,"campfire_choices":[{"data":"Blade Dance","floor":6,"key":"SMITH"},{"data":"Choke","floor":8,"key":"SMITH"},{"data":"Hidden Blade","floor":10,"key":"SMITH"},{"data":"Finisher","floor":13,"key":"SMITH"},{"data":"Neutralize","floor":15,"key":"SMITH"},{"data":"Phantasmal Killer","floor":23,"key":"SMITH"},{"data":"strawberrySpire:DeltaFlow","floor":27,"key":"SMITH"},{"data":"conspire:GhostlyDefend","floor":32,"key":"SMITH"},{"data":"Metamorphosis","floor":41,"key":"SMITH"},{"floor":49,"key":"REST"}],"circlet_count":0,"master_deck":["conspire:GhostlyStrike","conspire:GhostlyStrike","conspire:GhostlyStrike","conspire:GhostlyDefend+1","conspire:GhostlyDefend","conspire:GhostlyDefend","conspire:GhostlyDefend","Survivor+1","Neutralize+1","Flash of Steel+1","Hidden Blade+1","Blade Dance+1","Choke+1","Finisher+1","Flash of Steel+1","Flash of Steel+1","Flash of Steel+1","Flash of Steel+1","Flash of Steel+1","Phantasmal Killer+1","strawberrySpire:DeltaFlow+1","Adrenaline","Cloak And Dagger+1","Metamorphosis+1","strawberrySpire:KnifeParty","conspire:Blindness","Accuracy","Infinite Blades+1"],"relics":["Ring of the Snake","strawberrySpire:ElefentMask","jedi:Pinwheel","strawberrySpire:BrokenPrinter","energizedSpire:EnergizedDie","Replay:Bottled Steam","strawberrySpire:DirtyLipstick","jedi:bottledfury","StuffTheSpire:HeavyRock","Membership Card","Replay:Wax Seal","hubris:64BitClover","Iron Hammer","halation:RedSoulGem","WristBlade","strawberrySpire:CharschorBlot","Strawberry","Pen Nib","BargainBundle","strawberrySpire:ByrdBeak","hubris:ToyBattleship","hubris:PeanutButter","ReplayFunnel","halation:QuantumPhysicsTextbook","jedi:scrapmetal","StuffTheSpire:ForceGauntlet"],"acts_visited":["Exordium","TheCity","TheBeyond"],"potions_floor_usage":[16,16,25,33,35,44],"damage_taken":[{"damage":0,"enemies":"2 Louse","floor":1,"turns":3},{"damage":0,"enemies":"Small Slimes","floor":4,"turns":3},{"damage":0,"enemies":"Cultist","floor":5,"turns":3},{"damage":0,"enemies":"Exordium Wildlife","floor":7,"turns":4},{"damage":0,"enemies":"Looter","floor":11,"turns":3},{"damage":0,"enemies":"3 Louse","floor":12,"turns":3},{"damage":0,"enemies":"Hexaghost","floor":16,"turns":4},{"damage":0,"enemies":"2 Thieves","floor":18,"turns":2},{"damage":0,"enemies":"Shell Parasite","floor":19,"turns":1},{"damage":0,"enemies":"Snake Plant","floor":21,"turns":2},{"damage":0,"enemies":"conspire:Head Lice","floor":25,"turns":1},{"damage":0,"enemies":"Cultist and Chosen","floor":29,"turns":2},{"damage":0,"enemies":"3 Cultists","floor":31,"turns":2},{"damage":17,"enemies":"conspire:MysteriousRune","floor":33,"turns":3},{"damage":2,"enemies":"3 Shapes","floor":35,"turns":3},{"damage":0,"enemies":"Orb Walker","floor":37,"turns":1},{"damage":0,"enemies":"Writhing Mass","floor":39,"turns":1},{"damage":0,"enemies":"strawberrySpire:EssenceStones","floor":40,"turns":1},{"damage":0,"enemies":"R_Hoarder","floor":42,"turns":3},{"damage":0,"enemies":"Sphere and 2 Shapes","floor":44,"turns":2},{"damage":0,"enemies":"Mind Bloom Boss Battle","floor":45,"turns":4},{"damage":1,"enemies":"3 Darklings","floor":46,"turns":2},{"damage":14,"enemies":"Writhing Mass","floor":48,"turns":2},{"damage":19,"enemies":"Donu and Deca","floor":50,"turns":3}],"seed_played":"-7770968833937339605","potions_obtained":[{"floor":11,"key":"SpeedPotion"},{"floor":12,"key":"LiquidMemories"},{"floor":16,"key":"Fire Potion"},{"floor":19,"key":"DuplicationPotion"},{"floor":29,"key":"Strength Potion"},{"floor":33,"key":"Weak Potion"},{"floor":35,"key":"Milkshake"},{"floor":46,"key":"Elixir"},{"floor":48,"key":"Fire Potion"}],"is_trial":false,"path_per_floor":["M","?","?","M","M","R","M","R","T","R","M","M","R","$","R","B",null,"M","M","?","M","T","R","?","E","T","R","$","M","?","M","R","B",null,"M","$","M","$","M","E","R","E","T","M","?","M","$","M","R","B",null],"character_chosen":"THE_SILENT","items_purchased":["jedi:Pinwheel","strawberrySpire:BrokenPrinter","Membership Card","Replay:Wax Seal","hubris:64BitClover","Iron Hammer","Adrenaline Potion","strawberrySpire:CharschorBlot","Strawberry","Pen Nib","BargainBundle","Metamorphosis","strawberrySpire:ByrdBeak","jedi:scrapmetal","StuffTheSpire:ForceGauntlet"],"campfire_rested":1,"item_purchase_floors":[14,14,28,28,28,28,28,36,36,38,38,38,38,47,47],"current_hp_per_floor":[70,70,70,70,70,70,70,70,70,70,70,70,70,70,70,70,70,70,70,53,53,53,53,53,53,53,53,53,53,53,53,53,36,62,60,67,67,67,67,67,67,67,67,67,67,66,34,20,43,24],"gold":324,"neow_bonus":"RANDOM_EVENT","is_daily":false,"chose_seed":false,"campfire_upgraded":9,"win_rate":0.0,"timestamp":1611823828,"path_taken":["M","?","?","M","M","R","M","R","T","R","M","M","R","$","R","BOSS","M","M","?","?","?","R","?","E","T","R","$","M","?","M","R","BOSS","M","$","M","$","M","E","R","E","T","M","?","M","?","M","R","BOSS"],"items_purchased_type":["Relic","Relic","Relic","Relic","Relic","Relic","Potion","Relic","Relic","Relic","Relic","Card","Relic","Relic","Relic"],"build_version":"2020-12-22","purchased_purges":2,"victory":true,"max_hp_per_floor":[70,70,70,70,70,70,70,70,70,70,70,70,70,70,70,70,70,70,70,70,70,70,70,70,70,70,70,70,70,70,70,70,70,70,70,77,77,77,77,77,77,77,77,77,77,77,77,77,77,77],"card_choices":[{"not_picked":["hubris:SlightOfHand","strawberrySpire:Pant","strawberrySpire:DreamfoilDart"],"picked":"SKIP","floor":1},{"not_picked":["Underhanded Strike","Dodge and Roll"],"picked":"Hidden Blade","floor":4},{"not_picked":["Tools of the Trade","strawberrySpire:Fastroyer"],"picked":"Blade Dance","floor":5},{"not_picked":["Eviscerate","strawberrySpire:Slide"],"picked":"Choke","floor":7},{"not_picked":["jedi:unstablefumes","Outmaneuver","Dodge and Roll"],"picked":"SKIP","floor":11},{"not_picked":["StuffTheSpire:BumpUp","Flying Knee"],"picked":"Finisher","floor":12},{"not_picked":["Venomology","Wraith Form v2"],"picked":"Phantasmal Killer","floor":16},{"not_picked":["Poisoned Stab","Deadly Poison","StuffTheSpire:Injection+1"],"picked":"SKIP","floor":18},{"not_picked":["jedi:pocketpoison","Crippling Poison","Heel Hook"],"picked":"SKIP","floor":19},{"not_picked":["strawberrySpire:Trickbox","hubris:SlightOfHand"],"picked":"strawberrySpire:DeltaFlow","floor":20},{"not_picked":["Flying Knee","Wraith Form v2","strawberrySpire:Rummage+1"],"picked":"SKIP","floor":21},{"not_picked":["Backflip","Distraction"],"picked":"strawberrySpire:Slide+1","floor":25},{"not_picked":["StuffTheSpire:ClusterCrunch","hubris:SlightOfHand","strawberrySpire:Pant"],"picked":"SKIP","floor":29},{"not_picked":["hubris:SlightOfHand","Outmaneuver","Dagger Spray"],"picked":"SKIP","floor":31},{"not_picked":["Doppelganger","ReplayTheSpireMod:From All Sides"],"picked":"Adrenaline","floor":33},{"not_picked":["Sucker Punch","jedi:poisonivy","StuffTheSpire:Python+1"],"picked":"SKIP","floor":35},{"not_picked":["StuffTheSpire:ClusterCrunch+1","All Out Attack","Deflect"],"picked":"SKIP","floor":37},{"not_picked":["strawberrySpire:SpinKick+1","Dagger Throw+1","jedi:acidrain+1"],"picked":"SKIP","floor":39},{"not_picked":["Blade Dance","Outmaneuver","ReplayTheSpireMod:Exploit Weakness+1"],"picked":"SKIP","floor":40},{"not_picked":["Blade Dance+1","Outmaneuver+1"],"picked":"strawberrySpire:KnifeParty","floor":42},{"not_picked":["StuffTheSpire:DoubleShiv+1","Deflect+1"],"picked":"Accuracy","floor":44},{"not_picked":["strawberrySpire:Swampstar+1","Hidden Blade","Setup"],"picked":"SKIP","floor":46},{"not_picked":["Outmaneuver","Eviscerate+1"],"picked":"Infinite Blades+1","floor":48}],"player_experience":549513,"relics_obtained":[{"floor":9,"key":"strawberrySpire:ElefentMask"},{"floor":20,"key":"Replay:Bottled Steam"},{"floor":22,"key":"strawberrySpire:DirtyLipstick"},{"floor":25,"key":"jedi:bottledfury"},{"floor":26,"key":"StuffTheSpire:HeavyRock"},{"floor":40,"key":"hubris:ToyBattleship"},{"floor":42,"key":"hubris:PeanutButter"},{"floor":44,"key":"ReplayFunnel"},{"floor":45,"key":"halation:QuantumPhysicsTextbook"}],"event_choices":[{"damage_healed":0,"gold_gain":0,"player_choice":"Agree","damage_taken":0,"max_hp_gain":0,"max_hp_loss":0,"event_name":"conspire:LoneGhost","floor":2,"gold_loss":0},{"damage_healed":0,"gold_gain":0,"player_choice":"Leave","damage_taken":0,"max_hp_gain":0,"max_hp_loss":0,"event_name":"conspire:Investor","floor":24,"gold_loss":0},{"damage_healed":0,"gold_gain":0,"player_choice":"Fight","damage_taken":0,"max_hp_gain":0,"max_hp_loss":0,"event_name":"MindBloom","floor":45,"gold_loss":0}],"is_beta":false,"boss_relics":[{"not_picked":["Runic Dome","Ectoplasm"],"picked":"energizedSpire:EnergizedDie"},{"not_picked":["halation:SmartPhone","hubris:ScarierMask"],"picked":"WristBlade"}],"items_purged_floors":[28,38],"is_endless":false,"potions_floor_spawned":[11,12,16,19,25,29,33,35,39,46,48],"ascension_level":5}}