{"host":"gquo1rsrdiuo0hhv","time":1611859920,"event":{"mods":["Act Like it!","BaseMod","Colored Powertips","Minty Spire (QoL Compilation)","Quick Restart","StSLib"],"gold_per_floor":[111,186,202,377,377,377,388,400,400,419,434,461,461,478,478,576,626,646,646,663,663,663,663],"floor_reached":22,"language":"ENG","playtime":722,"items_purged":[],"score":197,"play_id":"355a25be-55b8-4bab-9542-98d0b66295af","local_time":"20210129015200","is_ascension_mode":true,"campfire_choices":[{"data":"The Bomb","floor":6,"key":"SMITH"},{"floor":13,"key":"REST"},{"floor":15,"key":"REST"}],"circlet_count":0,"master_deck":["Strike_R","Strike_R","Strike_R","Strike_R","Strike_R","Defend_R","Defend_R","Defend_R","Defend_R","Bash","Shame","The Bomb+1","Flame Barrier","Doubt","Inflame","Shrug It Off","Body Slam+1","Thunderclap","Warcry","Fiend Fire","Armaments+1"],"relics":["Burning Blood","PreservedInsect","White Beast Statue","Tiny House"],"acts_visited":["Exordium","TheCity"],"potions_floor_usage":[8,12,12,16,16,22,22],"damage_taken":[{"damage":0,"enemies":"Cultist","floor":1,"turns":3},{"damage":6,"enemies":"Jaw Worm","floor":3,"turns":3},{"damage":0,"enemies":"Small Slimes","floor":7,"turns":3},{"damage":33,"enemies":"Gremlin Gang","floor":8,"turns":6},{"damage":13,"enemies":"Blue Slaver","floor":10,"turns":3},{"damage":12,"enemies":"2 Fungi Beasts","floor":11,"turns":4},{"damage":21,"enemies":"Gremlin Nob","floor":12,"turns":4},{"damage":15,"enemies":"3 Louse","floor":14,"turns":3},{"damage":50,"enemies":"Hexaghost","floor":16,"turns":10},{"damage":14,"enemies":"3 Byrds","floor":18,"turns":4},{"damage":22,"enemies":"Spheric Guardian","floor":20,"turns":5},{"damage":39,"enemies":"Cultist and Chosen","floor":22,"turns":6}],"seed_played":"6444581049954778169","potions_obtained":[{"floor":3,"key":"FearPotion"},{"floor":5,"key":"LiquidBronze"},{"floor":5,"key":"Energy Potion"},{"floor":7,"key":"BlessingOfTheForge"},{"floor":10,"key":"LiquidMemories"},{"floor":14,"key":"SteroidPotion"},{"floor":16,"key":"EssenceOfSteel"},{"floor":17,"key":"CultistPotion"},{"floor":18,"key":"Weak Potion"},{"floor":20,"key":"LiquidMemories"}],"is_trial":false,"path_per_floor":["M","?","M","?","?","R","M","M","T","M","M","E","R","M","R","B",null,"M","?","M","?","M"],"character_chosen":"IRONCLAD","items_purchased":[],"campfire_rested":2,"item_purchase_floors":[],"current_hp_per_floor":[80,69,69,69,69,69,75,48,48,41,35,20,44,35,59,15,85,77,77,61,45,6,6],"gold":663,"neow_bonus":"RANDOM_COLORLESS_2","is_daily":false,"chose_seed":false,"campfire_upgraded":1,"win_rate":0.0,"timestamp":1611859920,"path_taken":["M","?","M","?","?","R","M","M","T","M","?","E","R","M","R","BOSS","M","?","M","?","M"],"items_purchased_type":[],"build_version":"2020-12-22","purchased_purges":0,"victory":false,"max_hp_per_floor":[80,80,80,80,80,80,80,80,80,80,80,80,80,80,80,80,85,85,85,85,90,90,90],"card_choices":[{"not_picked":["Secret Technique","Transmutation"],"picked":"The Bomb","floor":0},{"not_picked":["Headbutt","Rage"],"picked":"Flame Barrier","floor":1},{"not_picked":["Searing Blow","Rampage","Pommel Strike"],"picked":"SKIP","floor":3},{"not_picked":["Intimidate","Searing Blow"],"picked":"Inflame","floor":7},{"not_picked":["Flame Barrier","Spot Weakness"],"picked":"Shrug It Off","floor":8},{"not_picked":["Shockwave","Heavy Blade"],"picked":"Body Slam","floor":10},{"not_picked":["Bloodletting","Pommel Strike"],"picked":"Thunderclap","floor":11},{"not_picked":["Thunderclap","Clash","Wild Strike"],"picked":"SKIP","floor":12},{"not_picked":["Whirlwind","Searing Blow"],"picked":"Warcry","floor":14},{"not_picked":["Exhume","Brutality"],"picked":"Fiend Fire","floor":16},{"not_picked":["Wild Strike","Heavy Blade","Headbutt+1"],"picked":"SKIP","floor":18},{"not_picked":["Thunderclap","True Grit"],"picked":"Armaments+1","floor":20}],"player_experience":399812,"relics_obtained":[{"floor":9,"key":"PreservedInsect"},{"floor":12,"key":"White Beast Statue"}],"event_choices":[{"damage_healed":0,"gold_gain":75,"player_choice":"Gather Gold","damage_taken":11,"max_hp_gain":0,"max_hp_loss":0,"event_name":"World of Goop","floor":2,"gold_loss":0},{"damage_healed":0,"gold_gain":175,"player_choice":"AGREE","damage_taken":0,"max_hp_gain":0,"max_hp_loss":0,"event_name":"Liars Game","floor":4,"gold_loss":0,"cards_obtained":["Doubt"]},{"damage_healed":0,"gold_gain":0,"player_choice":"Got Potions","damage_taken":0,"max_hp_gain":0,"max_hp_loss":0,"event_name":"Lab","floor":5,"gold_loss":0},{"damage_healed":0,"gold_gain":0,"player_choice":"Ignored","damage_taken":0,"max_hp_gain":0,"max_hp_loss":0,"event_name":"Vampires","floor":19,"gold_loss":0},{"damage_healed":0,"gold_gain":0,"player_choice":"Shed Blood","damage_taken":21,"max_hp_gain":5,"max_hp_loss":0,"event_name":"Forgotten Altar","floor":21,"gold_loss":0}],"is_beta":false,"boss_relics":[{"not_picked":["Pandora\u0027s Box","Runic Cube"],"picked":"Tiny House"}],"items_purged_floors":[],"is_endless":false,"potions_floor_spawned":[3,7,10,14,16,18,20],"killed_by":"Cultist and Chosen","ascension_level":1}}