{"host":"gln8pem4hnwuntpa","time":1611850308,"event":{"mods":["BaseMod","Lobotomy","Minty Spire (QoL Compilation)","Quick Restart","Replay The Spire","StSLib"],"gold_per_floor":[272,56,66,81,81,114,132,132,132,132,152,152,152,197,197,327,327,392,392,412,412,492,574,587,603,627,627,405,405,440,514,514,655,655,693,83,116,154,180,528,544,544,544,544,5,33,46,46,46,46,46],"floor_reached":50,"language":"ZHS","playtime":3416,"items_purged":["Injury","Defend_R","Defend_R"],"score":622,"play_id":"c65b805a-be99-46b4-8fd6-c8d399d44808","local_time":"20210129001148","is_ascension_mode":true,"campfire_choices":[{"data":"Replay:Undeath\u0027s Touch","floor":8.0,"key":"SMITH"},{"floor":10.0,"key":"REST"},{"data":"Sword Boomerang","floor":12.0,"key":"SMITH"},{"floor":15.0,"key":"REST"},{"data":"ReplayTheSpireMod:Limb From Limb","floor":27.0,"key":"SMITH"},{"data":"Heavy Blade","floor":29.0,"key":"SMITH"},{"data":"Defend_R","floor":32.0,"key":"PURGE"},{"data":"ReplayTheSpireMod:LeadingStrike","floor":42,"key":"SMITH"},{"floor":44,"key":"RECALL"},{"data":"FairyFestival","floor":49,"key":"PURGE"}],"circlet_count":0,"master_deck":["Strike_R","Strike_R","Strike_R+1","Strike_R","Strike_R","Defend_R+1","Bash","MeatLantern","Thunderclap+1","Pummel+1","OSAHOGD","Sword Boomerang+1","Replay:Undeath\u0027s Touch+1","CrumblingArmor","Twin Strike","Heavy Blade+1","ReplayTheSpireMod:Limb From Limb+1","GreedKing","ReplayTheSpireMod:LeadingStrike+1","Pommel Strike+1","Rampage","WallGazer","QueenOfHatred","Pummel","BlackSwan","Mercenary","Feed+1"],"relics":["Burning Blood","CogitoBucket","Guide Book","Golden Egg","TungstenRod","ChangeAnything","Bloody Idol","Sozu","LuminousBracelet","Brimstone","AtMidnight","BehaviorAdjustment","Shuriken","ReplayTheSpireMod:Shallot","Pet Ghost","Old Coin","Peace Pipe","HandDrill","Eternal Feather","Regal Pillow"],"acts_visited":["Exordium","TheCity","TheBeyond"],"potions_floor_usage":[],"damage_taken":[{"damage":5.0,"enemies":"Cultist","floor":1.0,"turns":4.0},{"damage":0.0,"enemies":"Small Slimes","floor":3.0,"turns":3.0},{"damage":50.0,"enemies":"2 Louse","floor":4.0,"turns":2.0},{"damage":10.0,"enemies":"Gremlin Nob","floor":6.0,"turns":4.0},{"damage":2.0,"enemies":"Blue Slaver","floor":7.0,"turns":4.0},{"damage":21.0,"enemies":"Large Slime","floor":11.0,"turns":5.0},{"damage":4.0,"enemies":"Looter","floor":14.0,"turns":3.0},{"damage":17.0,"enemies":"Hexaghost","floor":16.0,"turns":7.0},{"damage":18.0,"enemies":"3 Byrds","floor":18.0,"turns":5.0},{"damage":0.0,"enemies":"Chosen","floor":20.0,"turns":2.0},{"damage":18.0,"enemies":"Shelled Parasite and Fungi","floor":22.0,"turns":7.0},{"damage":58.0,"enemies":"Book of Stabbing","floor":23.0,"turns":6.0},{"damage":2.0,"enemies":"Snecko","floor":24.0,"turns":3.0},{"damage":26.0,"enemies":"Snake Plant","floor":25.0,"turns":5.0},{"damage":0.0,"enemies":"Gremlin Leader","floor":30.0,"turns":3.0},{"damage":14.0,"enemies":"Centurion and Healer","floor":31.0,"turns":7.0},{"damage":41.0,"enemies":"Champ","floor":33.0,"turns":5.0},{"damage":25.0,"enemies":"3 Darklings","floor":35.0,"turns":3.0},{"damage":31.0,"enemies":"3 Shapes","floor":37.0,"turns":3.0},{"damage":15,"enemies":"Sphere and 2 Shapes","floor":38,"turns":3},{"damage":7,"enemies":"Nemesis","floor":40,"turns":3},{"damage":2,"enemies":"Maw","floor":41,"turns":4},{"damage":14,"enemies":"Giant Head","floor":46,"turns":4},{"damage":19,"enemies":"Spire Growth","floor":47,"turns":3},{"damage":97,"enemies":"Awakened One","floor":50,"turns":3}],"seed_played":"5892306663011352930","potions_obtained":[{"floor":1.0,"key":"PowerPotion"},{"floor":3.0,"key":"SneckoOil"},{"floor":7.0,"key":"Block Potion"}],"is_trial":false,"path_per_floor":["M","$","M","M","?","E","M","R","T","R","M","R","?","M","R","B",null,"M","?","M","?","M","E","M","M","T","R","$","R","E","M","R","B",null,"M","$","M","M","T","E","M","R","T","R","$","E","M","?","R","B"],"character_chosen":"IRONCLAD","items_purchased":["Pummel","Guide Book","Brimstone","Shuriken","ReplayTheSpireMod:Shallot","HandDrill","Eternal Feather"],"campfire_rested":2,"item_purchase_floors":[2,2,28,36,36,45,45],"current_hp_per_floor":[80,80,80,36,20,16,20,20,20,44,34,34,34,37,61,55,80,70,70,76,76,95,74,83,79,84,84,84,84,95,85,85,76,85,72,72,69,79,84,85,85,85,85,85,85,85,78,78,85,0,0],"gold":46,"neow_bonus":"","is_daily":false,"chose_seed":false,"campfire_upgraded":5,"win_rate":0.0,"timestamp":1611850308,"path_taken":["M","?","M","?","?","E","M","R","T","R","M","R","?","M","R","BOSS","M","?","M","?","M","E","M","?","T","R","$","R","E","M","R","BOSS","M","$","?","M","?","E","M","R","T","R","$","E","?","?","R","BOSS"],"items_purchased_type":["Card","Relic","Relic","Relic","Relic","Relic","Relic"],"build_version":"2020-12-22","purchased_purges":3,"victory":false,"max_hp_per_floor":[80,80,80,80,80,80,80,80,80,80,80,80,80,80,80,80,80,80,80,80,80,95,95,95,95,95,95,95,95,95,85,85,85,85,85,85,85,85,85,85,85,85,85,85,85,85,85,85,85,85,85],"card_choices":[{"not_picked":["BeautyBeast","OSAHOGD"],"picked":"MeatLantern","floor":1.0},{"not_picked":["ReplayTheSpireMod:Strike From Hell","Shrug It Off"],"picked":"Thunderclap","floor":1.0},{"not_picked":["ShyLook","OldLady"],"picked":"OSAHOGD","floor":3.0},{"not_picked":["Burning Pact","Pommel Strike"],"picked":"Sword Boomerang","floor":3.0},{"not_picked":["Carnage","Flex"],"picked":"Replay:Undeath\u0027s Touch","floor":4.0},{"not_picked":["Variant","CherryBlossoms"],"picked":"CrumblingArmor","floor":6.0},{"not_picked":["Bludgeon","Cleave","Anger"],"picked":"SKIP","floor":6.0},{"not_picked":["Bloodbath","SpiderBud"],"picked":"FairyFestival","floor":7.0},{"not_picked":["Corruption","Flame Barrier","Rage"],"picked":"SKIP","floor":7.0},{"not_picked":["ReplayTheSpireMod:Corrosion Curse","ReplayTheSpireMod:Stacked"],"picked":"Twin Strike","floor":11.0},{"not_picked":["Sentinel","Armaments"],"picked":"Heavy Blade","floor":14.0},{"not_picked":["Sword Boomerang+1","Twin Strike","True Grit+1"],"picked":"SKIP","floor":18.0},{"not_picked":["ReplayTheSpireMod:Limb From Limb","Shockwave","Twin Strike"],"picked":"SKIP","floor":20.0},{"not_picked":["UniverseFragment","Laetitia"],"picked":"GreedKing","floor":22.0},{"not_picked":["Offering","Perfected Strike","Battle Trance"],"picked":"SKIP","floor":22.0},{"not_picked":["Infernal Blade","Clothesline","Iron Wave"],"picked":"SKIP","floor":23.0},{"not_picked":["Shrug It Off","Twin Strike"],"picked":"ReplayTheSpireMod:LeadingStrike","floor":24.0},{"not_picked":["Wild Strike","Abandon","Anger"],"picked":"SKIP","floor":25.0},{"not_picked":["ReplayTheSpireMod:Limb From Limb","Body Slam"],"picked":"Pommel Strike+1","floor":30.0},{"not_picked":["Second Wind+1","Perfected Strike+1"],"picked":"Rampage","floor":31.0},{"not_picked":["DreamingCurrent","NakedNest"],"picked":"WallGazer","floor":33.0},{"not_picked":["Murderer","MeltingLove"],"picked":"QueenOfHatred","floor":35.0},{"not_picked":["ReplayTheSpireMod:LeadingStrike","ReplayTheSpireMod:Muscle Training"],"picked":"Pummel","floor":35.0},{"not_picked":["Woodsman","BigBadWolf"],"picked":"BlackSwan","floor":37.0},{"not_picked":["ReplayTheSpireMod:Muscle Training+1","Anger","ReplayTheSpireMod:LeadingStrike+1"],"picked":"SKIP","floor":37.0},{"not_picked":["SilentOrchestra","QueenBee"],"picked":"Mercenary","floor":38},{"not_picked":["Wild Strike","Clothesline","Anger+1"],"picked":"SKIP","floor":38},{"not_picked":["Reckless Charge","Infernal Blade+1"],"picked":"Feed","floor":40},{"not_picked":["Clothesline","Wild Strike","Run Through"],"picked":"SKIP","floor":41},{"not_picked":["Defy Death+1","Battle Trance","Shrug It Off+1"],"picked":"SKIP","floor":46},{"not_picked":["Perfected Strike+1","Ghostly Armor+1","Clothesline+1"],"picked":"SKIP","floor":47}],"player_experience":121720,"relics_obtained":[{"floor":6.0,"key":"Golden Egg"},{"floor":9.0,"key":"TungstenRod"},{"floor":31.0,"key":"AtMidnight"},{"floor":39,"key":"Pet Ghost"},{"floor":40,"key":"Old Coin"},{"floor":43,"key":"Peace Pipe"},{"floor":46,"key":"Regal Pillow"}],"event_choices":[{"damage_healed":0.0,"max_hp_gain":0.0,"max_hp_loss":0.0,"gold_gain":0.0,"event_name":"Shining Light","player_choice":"Entered Light","floor":5.0,"gold_loss":0.0,"damage_taken":16.0,"cards_upgraded":["Strike_R","Defend_R"]},{"damage_healed":0.0,"max_hp_gain":0.0,"max_hp_loss":0.0,"gold_gain":0.0,"event_name":"Golden Idol","player_choice":"Take Wound","floor":13.0,"gold_loss":0.0,"damage_taken":0.0,"relics_obtained":["Golden Idol"],"cards_obtained":["Injury"]},{"damage_healed":0.0,"max_hp_gain":0.0,"max_hp_loss":0.0,"gold_gain":0.0,"event_name":"The Library","player_choice":"Read","floor":19.0,"gold_loss":0.0,"damage_taken":0.0,"cards_obtained":["ReplayTheSpireMod:Limb From Limb"]},{"damage_healed":0.0,"max_hp_gain":0.0,"max_hp_loss":0.0,"gold_gain":0.0,"event_name":"Forgotten Altar","player_choice":"Gave Idol","floor":21.0,"relics_lost":["Golden Idol"],"gold_loss":0.0,"damage_taken":0.0,"relics_obtained":["Bloody Idol"]},{"damage_healed":0,"gold_gain":0,"player_choice":"Memory 1","damage_taken":0,"max_hp_gain":0,"max_hp_loss":0,"event_name":"SensoryStone","floor":48,"gold_loss":0}],"is_beta":false,"boss_relics":[{"not_picked":["Ooze Armor","Velvet Choker"],"picked":"Sozu"},{"not_picked":["Philosopher\u0027s Stone","ReplayTheSpireMod:DimensionalGlitch","Pandora\u0027s Box"]}],"items_purged_floors":[28,36,45],"is_endless":false,"potions_floor_spawned":[1,3,7,18,20,23,31,37,38,40,46],"killed_by":"Awakened One","ascension_level":1}}