{"host":"pi8b3ffzwvxqztac","time":1611865352,"event":{"mods":["BaseMod","Colored Map","Downfall","Minty Spire (QoL Compilation)","StSLib"],"gold_per_floor":[99,111,111,111,128,128,128,128,163,180,190,190,190,190],"floor_reached":12,"language":"ENG","playtime":598,"items_purged":[],"score":98,"play_id":"55218df5-b72d-403f-b56d-2a15f911628b","local_time":"20210129092232","is_ascension_mode":true,"campfire_choices":[{"floor":1,"key":"RECALL"}],"circlet_count":0,"master_deck":["bronze:Strike","bronze:Defend","bronze:Defend","bronze:Defend+1","bronze:Defend","bronze:Replicate+1","bronze:Goto","bronze:AlphaBuild","bronze:Return+1","downfall:Haunted","bronze:InfiniteBeams","downfall:Malfunctioning","bronze:FineTuning","bronze:FollowUp"],"relics":["bronze:BronzeCore","Turnip","MealTicket"],"acts_visited":["Exordium"],"potions_floor_usage":[5,10],"damage_taken":[{"damage":5,"enemies":"2 Louse","floor":2,"turns":2},{"damage":5,"enemies":"Small Slimes","floor":5,"turns":3},{"damage":0,"enemies":"Cultist","floor":6,"turns":1},{"damage":22,"enemies":"Lagavulin","floor":9,"turns":6},{"damage":14,"enemies":"Gremlin Gang","floor":10,"turns":7},{"damage":0,"enemies":"2 Fungi Beasts","floor":11,"turns":3},{"damage":25,"enemies":"Gremlin Nob","floor":12,"turns":3}],"seed_played":"-2917034824303083506","potions_obtained":[{"floor":2,"key":"ColorlessPotion"},{"floor":9,"key":"LiquidMemories"}],"is_trial":false,"path_per_floor":["R","M","?","?","M","M","T","?","E","M","M","E"],"character_chosen":"THE_AUTOMATON","items_purchased":[],"campfire_rested":0,"item_purchase_floors":[],"current_hp_per_floor":[70,65,65,65,60,60,60,60,38,24,24,0,0,0],"gold":190,"neow_bonus":"ONE_RANDOM_RARE_CARD","is_daily":false,"chose_seed":false,"campfire_upgraded":0,"win_rate":0.0,"timestamp":1611865352,"path_taken":["R","M","?","?","?","?","T","?","E","M","M","E"],"items_purchased_type":[],"build_version":"2020-12-22","purchased_purges":0,"victory":false,"max_hp_per_floor":[70,70,70,70,70,70,70,70,70,70,70,70,70,70],"card_choices":[{"not_picked":["bronze:Branch","bronze:DelayedGuard"],"picked":"bronze:Return","floor":2},{"not_picked":["bronze:Turbo","bronze:WildBeam","bronze:Flail"],"picked":"SKIP","floor":5},{"not_picked":["bronze:DelayedSlice","bronze:BugBarrage"],"picked":"bronze:InfiniteBeams","floor":6},{"not_picked":["bronze:ClassDefault","bronze:BitShift"],"picked":"bronze:FineTuning","floor":9},{"not_picked":["bronze:Invalidate","bronze:CutThrough"],"picked":"bronze:FollowUp","floor":10},{"not_picked":["bronze:Assembly","bronze:Safeguard","bronze:Fortify"],"picked":"SKIP","floor":11}],"player_experience":653583,"relics_obtained":[{"floor":7,"key":"Turnip"},{"floor":9,"key":"MealTicket"}],"event_choices":[],"is_beta":false,"boss_relics":[],"items_purged_floors":[],"is_endless":false,"potions_floor_spawned":[2,9],"killed_by":"Gremlin Nob","ascension_level":5}}