{"host":"na09lpbrez4gbfiz","time":1611864517,"event":{"mods":["Act Like it!","BaseMod","BetterRewards","Colored Map","Colored Powertips","DeckTracker","Googly Eyes","Highlight Path","Minty Spire (QoL Compilation)","Quick Restart","Spicy Shops","StSLib","SuperFastMode","Synergy Search"],"gold_per_floor":[115,5,5,180,130,163,163,163,163,188,26,37,118,137,137,216,216,236,41,41,61,4,4,16,16,16,16,16,31,49,64,64,135,135,152,164,164,89,89,89],"floor_reached":39,"language":"ENG","playtime":1459,"items_purged":["Strike_R","Normality","Strike_R","Strike_R"],"score":705,"play_id":"45977b47-f6ec-40e6-9d40-768116f28751","local_time":"20210128210837","is_ascension_mode":true,"campfire_choices":[{"data":"Armaments","floor":8,"key":"SMITH"},{"floor":15,"key":"REST"},{"data":"Searing Blow","floor":23,"key":"SMITH"},{"data":"True Grit","floor":25,"key":"SMITH"},{"data":"Searing Blow+1","floor":28,"key":"SMITH"},{"data":"Searing Blow+2","floor":32,"key":"SMITH"}],"circlet_count":0,"master_deck":["AscendersBane","Defend_R","Defend_R+1","Defend_R+1","Defend_R","Hemokinesis","Armaments+1","Searing Blow+3","Offering","True Grit+1","Purity","Metallicize","Madness","Madness"],"relics":["SlaversCollar","The Courier","Happy Flower","Pocketwatch","Meat on the Bone","HornCleat","Empty Cage","Membership Card","Lee\u0027s Waffle","Pear","Mark of Pain"],"acts_visited":["Exordium","TheCity","TheBeyond"],"potions_floor_usage":[16,21,30,36],"damage_taken":[{"damage":0,"enemies":"Small Slimes","floor":1,"turns":3},{"damage":11,"enemies":"Lagavulin","floor":6,"turns":6},{"damage":21,"enemies":"3 Sentries","floor":10,"turns":8},{"damage":4,"enemies":"Jaw Worm","floor":12,"turns":3},{"damage":2,"enemies":"2 Louse","floor":14,"turns":2},{"damage":19,"enemies":"Hexaghost","floor":16,"turns":9},{"damage":41,"enemies":"Shell Parasite","floor":18,"turns":7},{"damage":58,"enemies":"3 Byrds","floor":21,"turns":9},{"damage":26,"enemies":"Centurion and Healer","floor":24,"turns":6},{"damage":30,"enemies":"Shelled Parasite and Fungi","floor":29,"turns":6},{"damage":10,"enemies":"Snecko","floor":30,"turns":6},{"damage":15,"enemies":"3 Cultists","floor":31,"turns":5},{"damage":47,"enemies":"Champ","floor":33,"turns":9},{"damage":31,"enemies":"3 Shapes","floor":35,"turns":7},{"damage":43,"enemies":"3 Darklings","floor":36,"turns":34},{"damage":19,"enemies":"Maw","floor":39,"turns":7}],"seed_played":"-1102323871122442725","potions_obtained":[{"floor":1,"key":"BloodPotion"},{"floor":10,"key":"BlessingOfTheForge"},{"floor":24,"key":"Explosive Potion"},{"floor":29,"key":"Swift Potion"},{"floor":30,"key":"LiquidBronze"}],"is_trial":false,"path_per_floor":["M","$","?","?","?","E","?","R","T","E","$","M","T","M","R","B",null,"M","$","?","M","$","R","M","R","T","?","R","M","M","M","R","B",null,"M","M","?","$","M"],"character_chosen":"IRONCLAD","items_purchased":["Armaments","Meat on the Bone","Membership Card","True Grit","Lee\u0027s Waffle"],"campfire_rested":1,"item_purchase_floors":[2,11,19,19,22],"current_hp_per_floor":[72,72,56,56,56,45,45,45,45,24,24,32,32,42,66,47,72,43,43,43,13,87,87,61,61,71,97,97,67,57,54,54,19,78,59,28,16,16,0,0],"gold":89,"neow_bonus":"BOSS_RELIC","is_daily":false,"chose_seed":false,"campfire_upgraded":5,"win_rate":0.0,"timestamp":1611864517,"path_taken":["M","$","?","?","?","E","?","R","T","E","$","M","?","M","R","BOSS","M","$","?","?","$","R","M","R","T","?","R","M","M","M","R","BOSS","M","M","?","?","M"],"items_purchased_type":["Card","Relic","Relic","Card","Relic"],"build_version":"2020-12-22","purchased_purges":4,"victory":false,"max_hp_per_floor":[80,80,80,80,80,80,80,80,80,80,80,80,80,80,80,80,80,80,80,80,80,87,87,87,87,97,97,97,97,97,97,97,97,97,97,97,97,97,97,97],"card_choices":[{"not_picked":["Blood for Blood","Armaments"],"picked":"Hemokinesis","floor":1},{"not_picked":["Seeing Red","Warcry","Whirlwind"],"picked":"SKIP","floor":6},{"not_picked":["Dropkick","Iron Wave","Twin Strike"],"picked":"SKIP","floor":10},{"not_picked":["Clash","Wild Strike","Cleave"],"picked":"SKIP","floor":12},{"not_picked":["Battle Trance","Metallicize"],"picked":"Searing Blow","floor":14},{"not_picked":["Limit Break","Barricade"],"picked":"Offering","floor":16},{"not_picked":["Anger","Clash","Warcry"],"picked":"SKIP","floor":18},{"not_picked":["Heavy Blade","Body Slam","Seeing Red"],"picked":"SKIP","floor":21},{"not_picked":["Perfected Strike","Body Slam","Warcry"],"picked":"SKIP","floor":24},{"not_picked":["Sword Boomerang+1","Body Slam"],"picked":"Metallicize","floor":29},{"not_picked":["True Grit","Heavy Blade","Thunderclap"],"picked":"SKIP","floor":30},{"not_picked":["Wild Strike","Disarm","Thunderclap"],"picked":"SKIP","floor":31},{"not_picked":["Fire Breathing","Twin Strike+1","Wild Strike+1"],"picked":"SKIP","floor":35},{"not_picked":["Flex","Pommel Strike","Heavy Blade"],"picked":"SKIP","floor":36}],"player_experience":195165,"relics_obtained":[{"floor":6,"key":"The Courier"},{"floor":9,"key":"Happy Flower"},{"floor":10,"key":"Pocketwatch"},{"floor":13,"key":"HornCleat"},{"floor":26,"key":"Pear"}],"event_choices":[{"damage_healed":0,"gold_gain":0,"player_choice":"Entered Light","damage_taken":16,"max_hp_gain":0,"max_hp_loss":0,"event_name":"Shining Light","floor":3,"gold_loss":0,"cards_upgraded":["Defend_R","Defend_R"]},{"damage_healed":0,"gold_gain":175,"player_choice":"AGREE","damage_taken":0,"max_hp_gain":0,"max_hp_loss":0,"event_name":"Liars Game","floor":4,"gold_loss":0,"cards_obtained":["Doubt"]},{"cards_removed":["Doubt"],"damage_healed":0,"gold_gain":0,"player_choice":"Card Removal","damage_taken":0,"max_hp_gain":0,"max_hp_loss":0,"event_name":"The Cleric","floor":5,"gold_loss":50},{"cards_removed":["Strike_R"],"damage_healed":0,"gold_gain":0,"player_choice":"Forget","damage_taken":0,"max_hp_gain":0,"max_hp_loss":0,"event_name":"Living Wall","floor":7,"gold_loss":0},{"damage_healed":0,"gold_gain":0,"player_choice":"1 cards matched","damage_taken":0,"max_hp_gain":0,"max_hp_loss":0,"event_name":"Match and Keep!","floor":20,"gold_loss":0,"cards_obtained":["Purity"]},{"damage_healed":32,"gold_gain":0,"player_choice":"Heal","damage_taken":0,"max_hp_gain":0,"max_hp_loss":0,"event_name":"The Library","floor":27,"gold_loss":0},{"damage_healed":0,"gold_gain":0,"player_choice":"Embrace Madness","damage_taken":12,"max_hp_gain":0,"max_hp_loss":0,"event_name":"Winding Halls","floor":37,"gold_loss":0,"cards_obtained":["Madness","Madness"]}],"is_beta":false,"boss_relics":[{"not_picked":["Busted Crown","Sozu"],"picked":"Empty Cage"},{"not_picked":["Cursed Key","Coffee Dripper"],"picked":"Mark of Pain"}],"items_purged_floors":[2,11,19,38],"is_endless":false,"potions_floor_spawned":[1,10,24,29,30],"killed_by":"Maw","ascension_level":13}}