{"host":"o1scrl1hgy598kuq","time":1611809843,"event":{"mods":["BaseMod","Colored Map","Colored Powertips","Minty Spire (QoL Compilation)","Remilia??????","Replay The Spire","Shop Mod","StSLib","The Jungle","The Marked","The Servant 0.9.4"],"gold_per_floor":[109,128,146,159,159,159,159,190,213,213,213,213,258,287,287,309,309],"floor_reached":16,"language":"ENG","playtime":991,"items_purged":[],"score":132,"play_id":"21064461-a62f-408d-b662-29f23ace6c50","local_time":"20210127225723","is_ascension_mode":true,"campfire_choices":[{"data":"Desolation","floor":6,"key":"SMITH"},{"floor":10,"key":"REST"},{"data":"GearUp","floor":12,"key":"SMITH"},{"data":"Starlight","floor":15,"key":"SMITH"}],"circlet_count":0,"master_deck":["Strike_S","Strike_S","Strike_S","Strike_S","Defend_S","Defend_S","Defend_S+1","Defend_S","KidneyShot+1","Exchange","Desolation+1","FastForward","Dilation","Starlight+1","GearUp+1","Sickly"],"relics":["Uniform","Pet Ghost","Replay:Bandana","Ring of Panic","ReplayTheSpireMod:Ring of Exchange","Replay:WaspNest"],"acts_visited":["Exordium"],"potions_floor_usage":[8,16],"damage_taken":[{"damage":9,"enemies":"Jaw Worm","floor":1,"turns":4},{"damage":13,"enemies":"Small Slimes","floor":2,"turns":4},{"damage":0,"enemies":"2 Louse","floor":3,"turns":3},{"damage":0,"enemies":"Large Slime","floor":4,"turns":12},{"damage":34,"enemies":"3 Sentries","floor":8,"turns":9},{"damage":3,"enemies":"Replay:BlueRogue","floor":13,"turns":6},{"damage":2,"enemies":"2 Fungi Beasts","floor":14,"turns":3},{"damage":22,"enemies":"Hexaghost","floor":16,"turns":16}],"seed_played":"-3280914179395209951","potions_obtained":[{"floor":4,"key":"Elixir"},{"floor":13,"key":"Explosive Potion"}],"is_trial":false,"path_per_floor":["M","M","M","M","?","R","?","E","T","R","?","R","E","M","R","B"],"character_chosen":"THE_SERVANT","items_purchased":[],"campfire_rested":1,"item_purchase_floors":[],"current_hp_per_floor":[56,43,43,43,30,30,35,1,1,22,22,22,19,17,17,0,0],"gold":309,"neow_bonus":"THREE_CARDS","is_daily":false,"chose_seed":false,"campfire_upgraded":3,"win_rate":0.0,"timestamp":1611809843,"path_taken":["M","M","M","M","?","R","?","E","T","R","?","R","E","M","R","BOSS"],"items_purchased_type":[],"build_version":"2020-12-22","purchased_purges":0,"victory":false,"max_hp_per_floor":[65,65,65,65,65,65,70,70,70,70,70,70,70,70,70,70,70],"card_choices":[{"not_picked":["Hightail","Rearm"],"picked":"Desolation","floor":0},{"not_picked":["ShatteredReality","Rearm"],"picked":"FastForward","floor":1},{"not_picked":["Rearm","TimeWarp"],"picked":"Dilation","floor":2},{"not_picked":["Ricochet","Gouge","Rearm"],"picked":"SKIP","floor":3},{"not_picked":["Ricochet","SpecialFormula"],"picked":"Starlight","floor":4},{"not_picked":["Starlight","FastForward"],"picked":"GearUp","floor":8},{"not_picked":["Revamp","Manipulate","Ricochet"],"picked":"SKIP","floor":13},{"not_picked":["DoubleEdge","ShatteredReality","Rewind"],"picked":"SKIP","floor":14}],"player_experience":229279,"relics_obtained":[{"floor":8,"key":"Pet Ghost"},{"floor":9,"key":"Replay:Bandana"},{"floor":11,"key":"Ring of Panic"},{"floor":11,"key":"ReplayTheSpireMod:Ring of Exchange"},{"floor":13,"key":"Replay:WaspNest"}],"event_choices":[{"damage_healed":0,"gold_gain":0,"player_choice":"Entered Light","damage_taken":13,"max_hp_gain":0,"max_hp_loss":0,"event_name":"Shining Light","floor":5,"gold_loss":0,"cards_upgraded":["KidneyShot","Defend_S"]},{"damage_healed":0,"gold_gain":0,"player_choice":"Donut","damage_taken":0,"max_hp_gain":5,"max_hp_loss":0,"event_name":"Big Fish","floor":7,"gold_loss":0}],"is_beta":false,"boss_relics":[],"items_purged_floors":[],"is_endless":false,"potions_floor_spawned":[4,13],"killed_by":"Hexaghost","ascension_level":4}}