{"host":"sa7ebub27cgn5wai","time":1611847568,"event":{"mods":["BaseMod","Colored Map","Minty Spire (QoL Compilation)","SuperFastMode"],"gold_per_floor":[109,109,109,121,134,134,153,153,177,188,188,198,212,241,241,346,346,364,374,99,99,99,99],"floor_reached":22,"language":"KOR","playtime":570,"items_purged":[],"score":276,"play_id":"fc87a562-e510-476b-9c10-3c9d66a413d7","local_time":"20210129002608","is_ascension_mode":true,"campfire_choices":[{"data":"Poisoned Stab","floor":6,"key":"SMITH"},{"floor":8,"key":"REST"},{"data":"Blade Dance","floor":11,"key":"SMITH"},{"floor":15,"key":"REST"}],"circlet_count":0,"master_deck":["Strike_G","Strike_G","Defend_G","Defend_G","Defend_G","Defend_G","Defend_G","Survivor","Neutralize","Outmaneuver","Flying Knee","Poisoned Stab+1","Blade Dance+1","Bane","Poisoned Stab","Deadly Poison","Deadly Poison","Glass Knife","Tactician+1","Finisher+1","Poisoned Stab+1","Dagger Spray"],"relics":["Ring of the Snake","Happy Flower","Art of War","Ancient Tea Set","Astrolabe","Membership Card","Sundial"],"acts_visited":["Exordium","TheCity"],"potions_floor_usage":[14,16,21],"damage_taken":[{"damage":0,"enemies":"2 Louse","floor":1,"turns":4},{"damage":4,"enemies":"Small Slimes","floor":4,"turns":4},{"damage":0,"enemies":"Cultist","floor":5,"turns":4},{"damage":34,"enemies":"Gremlin Gang","floor":7,"turns":7},{"damage":0,"enemies":"Looter","floor":10,"turns":3},{"damage":0,"enemies":"3 Louse","floor":12,"turns":3},{"damage":15,"enemies":"Exordium Wildlife","floor":13,"turns":4},{"damage":27,"enemies":"Lagavulin","floor":14,"turns":5},{"damage":9,"enemies":"Slime Boss","floor":16,"turns":10},{"damage":0,"enemies":"3 Byrds","floor":18,"turns":4},{"damage":33,"enemies":"2 Thieves","floor":19,"turns":4},{"damage":0,"enemies":"Shelled Parasite and Fungi","floor":21,"turns":1},{"damage":26,"enemies":"Sentry and Sphere","floor":22,"turns":4}],"seed_played":"-6676988028441508524","potions_obtained":[{"floor":1,"key":"CultistPotion"},{"floor":4,"key":"EssenceOfSteel"},{"floor":10,"key":"BlessingOfTheForge"},{"floor":16,"key":"SmokeBomb"},{"floor":18,"key":"PowerPotion"}],"is_trial":false,"path_per_floor":["M","?","?","M","M","R","M","R","T","M","R","M","M","E","R","B",null,"M","M","$","M","M"],"character_chosen":"THE_SILENT","items_purchased":["Membership Card","Sundial"],"campfire_rested":2,"item_purchase_floors":[20,20],"current_hp_per_floor":[63,63,63,59,59,59,25,46,46,46,46,46,31,4,25,16,57,57,24,24,24,0,0],"gold":99,"neow_bonus":"RANDOM_COMMON_RELIC","is_daily":false,"chose_seed":false,"campfire_upgraded":2,"win_rate":0.0,"timestamp":1611847568,"path_taken":["M","?","?","M","M","R","M","R","T","M","R","M","M","E","R","BOSS","M","M","$","?","?"],"items_purchased_type":["Relic","Relic"],"build_version":"2020-12-22","purchased_purges":0,"victory":false,"max_hp_per_floor":[70,70,70,70,70,70,70,70,70,70,70,70,70,70,70,70,70,70,70,70,70,70,70],"card_choices":[{"not_picked":["Catalyst","Crippling Poison"],"picked":"Outmaneuver","floor":1},{"not_picked":["Flechettes","Escape Plan"],"picked":"Flying Knee","floor":4},{"not_picked":["Prepared","Expertise"],"picked":"Poisoned Stab","floor":5},{"not_picked":["Acrobatics","Crippling Poison"],"picked":"Blade Dance","floor":7},{"not_picked":["Concentrate","Outmaneuver"],"picked":"Bane","floor":10},{"not_picked":["Slice","Outmaneuver"],"picked":"Poisoned Stab","floor":12},{"not_picked":["Sucker Punch","Backflip"],"picked":"Deadly Poison","floor":13},{"not_picked":["Blur","Malaise"],"picked":"Deadly Poison","floor":14},{"not_picked":["Grand Finale","Wraith Form v2"],"picked":"Glass Knife","floor":16},{"not_picked":["Choke","Quick Slash"],"picked":"Dagger Spray","floor":18},{"not_picked":["Concentrate+1","All Out Attack","Eviscerate+1"],"picked":"SKIP","floor":19}],"player_experience":301689,"relics_obtained":[{"floor":9,"key":"Art of War"},{"floor":14,"key":"Ancient Tea Set"}],"event_choices":[{"damage_healed":0,"gold_gain":0,"player_choice":"Ignored","damage_taken":0,"max_hp_gain":0,"max_hp_loss":0,"event_name":"Liars Game","floor":2,"gold_loss":0},{"damage_healed":0,"gold_gain":0,"player_choice":"0 cards matched","damage_taken":0,"max_hp_gain":0,"max_hp_loss":0,"event_name":"Match and Keep!","floor":3,"gold_loss":0,"cards_obtained":[]}],"is_beta":false,"boss_relics":[{"not_picked":["Runic Dome","Pandora\u0027s Box"],"picked":"Astrolabe"}],"items_purged_floors":[],"is_endless":false,"potions_floor_spawned":[1,4,10,16,18,19],"killed_by":"Sentry and Sphere","ascension_level":9}}