{"host":"hrvs05np4ys7itky","time":1611801275,"event":{"mods":["BaseMod","Colored Map","Colored Powertips","Downfall","Emptier Cage","Hermit","Highlight Path","Minty Spire (QoL Compilation)","Permanent Neow","Rare Cards Sparkle","Relic Stats","Replay The Spire","StSLib","everything is the same but u backflip on backflip"],"gold_per_floor":[112,124,224,15,30,60,60,90,90,101,101,101,1,20,20,115,165,176,209,84,359,369,369,382,415,415,415,415,427,443,368,368,368,368],"floor_reached":33,"language":"ENG","playtime":2934,"items_purged":["downfall:Aged","Spreading Infection","hermit:Defend_Hermit"],"score":375,"play_id":"dac1d845-a4bc-49cc-b214-37e94ef192b8","local_time":"20210127213435","is_ascension_mode":false,"campfire_choices":[{"data":"hermit:Showdown","floor":7,"key":"SMITH"},{"data":"hermit:BodyArmor","floor":12,"key":"SMITH"},{"data":"hermit:Brawl","floor":15,"key":"SMITH"},{"data":"Pot Of Greed","floor":23,"key":"SMITH"},{"floor":28,"key":"REST"},{"data":"hermit:Defend_Hermit","floor":32,"key":"PURGE"}],"circlet_count":0,"master_deck":["hermit:Strike_Hermit","hermit:Strike_Hermit","hermit:Strike_Hermit","hermit:Defend_Hermit+1","hermit:Defend_Hermit","hermit:Snapshot+1","hermit:Covet","hermit:BodyArmor+1","hermit:Glare","ReplayTheSpireMod:Faulty Equipment","Sickly","hermit:RoundhouseKick","hermit:ShadowCloak","hermit:ShadowCloak","hermit:Showdown+1","hermit:FullyLoaded","Pot Of Greed","Pot Of Greed+1","hermit:Midnight","hermit:Enervate","hermit:GhostlyPresence","Pot Of Greed","hermit:Brawl+1","hermit:Cheat+1","hermit:EyeOfTheStorm+1","Regret","hermit:Dive+1","hermit:FlashPowder","hermit:Gambit","Writhe","Hallucinations","hermit:SprayPray","hermit:FullyLoaded+1"],"relics":["hermit:Momento","downfall:ExtraCursedKey","Grinning Jar","Kunai","Eternal Feather","Tiny House","Red Mask","Bag of Marbles","Orichalcum","Enchiridion"],"acts_visited":["Exordium","TheCity"],"potions_floor_usage":[6,16,16,22,24,25,33],"damage_taken":[{"damage":1,"enemies":"2 Louse","floor":1,"turns":3},{"damage":1,"enemies":"Jaw Worm","floor":2,"turns":3},{"damage":13,"enemies":"Small Slimes","floor":5,"turns":2},{"damage":8,"enemies":"Lagavulin","floor":6,"turns":8},{"damage":15,"enemies":"Gremlin Nob","floor":8,"turns":3},{"damage":0,"enemies":"Gremlin Gang","floor":10,"turns":2},{"damage":0,"enemies":"3 Louse","floor":14,"turns":2},{"damage":10,"enemies":"Hexaghost","floor":16,"turns":8},{"damage":23,"enemies":"Spheric Guardian","floor":18,"turns":7},{"damage":0,"enemies":"Masked Bandits","floor":19,"turns":4},{"damage":13,"enemies":"2 Thieves","floor":22,"turns":5},{"damage":5,"enemies":"Snake Plant","floor":24,"turns":5},{"damage":37,"enemies":"Slavers","floor":25,"turns":6},{"damage":0,"enemies":"Centurion and Healer","floor":29,"turns":7},{"damage":0,"enemies":"Cultist and Chosen","floor":30,"turns":7},{"damage":68,"enemies":"Pondfish","floor":33,"turns":12}],"seed_played":"-494459069416847430","potions_obtained":[{"floor":2,"key":"SpeedPotion"},{"floor":5,"key":"hermit:Tonic"},{"floor":10,"key":"Toxic Potion"},{"floor":17,"key":"hermit:Tonic"},{"floor":19,"key":"SneckoOil"},{"floor":22,"key":"Block Potion"},{"floor":25,"key":"EssenceOfSteel"}],"is_trial":false,"path_per_floor":["M","M","?","$","M","E","R","E","T","M","?","R","$","M","R","B",null,"M","?","$","?","M","R","M","E","T","?","R","M","M","?","R_BF","B"],"character_chosen":"HERMIT","items_purchased":["hermit:ShadowCloak","hermit:Showdown"],"campfire_rested":1,"item_purchase_floors":[4,4],"current_hp_per_floor":[74,73,78,78,65,57,57,42,42,42,42,57,57,57,72,62,85,62,62,62,62,49,64,59,22,22,6,49,49,49,49,67,0,0],"gold":368,"neow_bonus":"RANDOM_EVENT","is_daily":false,"chose_seed":false,"campfire_upgraded":4,"win_rate":0.0,"timestamp":1611801275,"path_taken":["M","M","?","$","M","E","R","E","T","M","?","R","?","M","R","BOSS","M","?","$","?","M","R","?","E","T","?","R","M","M","?","R_BF","BOSS"],"items_purchased_type":["Card","Card"],"build_version":"2020-12-22","purchased_purges":3,"victory":false,"max_hp_per_floor":[75,75,80,80,80,80,80,80,80,80,80,80,80,80,80,80,85,85,85,85,85,85,85,85,85,85,85,85,85,85,85,85,85,85],"relic_stats":{"counters":[16,84],"Eternal Feather":81,"Kunai":[12],"Orichalcum":[6],"obtain_stats":[{"Tiny House":17,"Enchiridion":27,"Eternal Feather":9,"downfall:ExtraCursedKey":3,"Red Mask":19,"Bag of Marbles":25,"Kunai":8,"Grinning Jar":6,"Orichalcum":26,"hermit:Momento":0},{"Tiny House":8,"Enchiridion":13,"Eternal Feather":5,"downfall:ExtraCursedKey":2,"Red Mask":10,"Bag of Marbles":13,"Kunai":5,"Grinning Jar":4,"Orichalcum":13,"hermit:Momento":0},{"Tiny House":31,"Enchiridion":58,"Eternal Feather":19,"downfall:ExtraCursedKey":6,"Red Mask":42,"Bag of Marbles":58,"Kunai":19,"Grinning Jar":16,"Orichalcum":58,"hermit:Momento":0}]},"card_choices":[{"not_picked":["hermit:BigShot","hermit:CalledShot"],"picked":"hermit:BodyArmor","floor":1},{"not_picked":["hermit:LoneWolf","hermit:Feint"],"picked":"hermit:Glare","floor":2},{"not_picked":["hermit:EyeOfTheStorm","hermit:Scavenge"],"picked":"hermit:FullyLoaded","floor":5},{"not_picked":["hermit:Desperado","hermit:Dissolve"],"picked":"hermit:Midnight","floor":6},{"not_picked":["hermit:Glare","hermit:TrackingShot"],"picked":"hermit:Enervate","floor":8},{"not_picked":["hermit:Ricochet","hermit:LowProfile"],"picked":"hermit:GhostlyPresence","floor":10},{"not_picked":["hermit:Feint","hermit:Vantage"],"picked":"hermit:Brawl","floor":14},{"not_picked":["hermit:Desperado","hermit:Scavenge"],"picked":"hermit:Cheat+1","floor":18},{"not_picked":["hermit:WideOpen","hermit:TrackingShot"],"picked":"hermit:EyeOfTheStorm+1","floor":19},{"not_picked":["hermit:Headshot+1","hermit:Roulette+1"],"picked":"hermit:Dive+1","floor":22},{"not_picked":["hermit:LowProfile","hermit:Desperado+1"],"picked":"hermit:FlashPowder","floor":24},{"not_picked":["hermit:WideOpen","hermit:Roulette"],"picked":"hermit:Gambit","floor":25},{"not_picked":["hermit:Virtue","hermit:Feint"],"picked":"hermit:SprayPray","floor":29},{"not_picked":["hermit:Grudge","hermit:Dive"],"picked":"hermit:FullyLoaded+1","floor":30}],"player_experience":1014811,"relics_obtained":[{"floor":6,"key":"Grinning Jar"},{"floor":8,"key":"Kunai"},{"floor":9,"key":"Eternal Feather"},{"floor":19,"key":"Red Mask"},{"floor":25,"key":"Bag of Marbles"},{"floor":26,"key":"Orichalcum"},{"floor":27,"key":"Enchiridion"}],"event_choices":[{"damage_healed":0,"gold_gain":0,"player_choice":"Grow","damage_taken":0,"max_hp_gain":0,"max_hp_loss":0,"event_name":"Living Wall","floor":0,"gold_loss":0,"cards_upgraded":["hermit:Snapshot"]},{"damage_healed":0,"gold_gain":0,"player_choice":"Fought Bandits","damage_taken":0,"max_hp_gain":0,"max_hp_loss":0,"event_name":"Masked Bandits","floor":19,"gold_loss":0},{"damage_healed":0,"gold_gain":275,"player_choice":"Desecrate","damage_taken":0,"max_hp_gain":0,"max_hp_loss":0,"event_name":"Golden Shrine","floor":21,"gold_loss":0,"cards_obtained":["Regret"]},{"damage_healed":0,"gold_gain":0,"player_choice":"Obtained Book","damage_taken":16,"max_hp_gain":0,"max_hp_loss":0,"event_name":"Cursed Tome","floor":27,"gold_loss":0},{"cards_removed":["Spreading Infection"],"damage_healed":0,"gold_gain":0,"player_choice":"Gave Gold","damage_taken":0,"max_hp_gain":0,"max_hp_loss":0,"event_name":"Beggar","floor":31,"gold_loss":75}],"is_beta":false,"boss_relics":[{"not_picked":["Replay:Wanted Poster","Honey Jar"],"picked":"Tiny House"}],"items_purged_floors":[4,13,20],"is_endless":false,"potions_floor_spawned":[2,5,10,19,22,25],"killed_by":"Pondfish","ascension_level":0}}