{"host":"8x42s7jbptnlw65q","time":1611862495,"event":{"mods":["AchievementEnabler","BaseMod","Downfall","Highlight Path","Minty Spire (QoL Compilation)","StSLib"],"gold_per_floor":[99,114,179,279,279,179,179,193,193,193,193,225,125,143,159,257,257,257,271,271,271],"floor_reached":19,"language":"ENG","playtime":1274,"items_purged":[],"score":165,"play_id":"cf4be697-9488-4516-b455-05dc8b9d8b48","local_time":"20210128143455","is_ascension_mode":false,"campfire_choices":[{"floor":1.0,"key":"RECALL"},{"data":"champ:Taunt","floor":6.0,"key":"SMITH"},{"data":"champ:FanOfKnives","floor":9.0,"key":"SMITH"},{"data":"champ:FanOfKnives","floor":13,"key":"SMITH"},{"data":"champ:StrikeOfGenius","floor":18,"key":"SMITH"}],"circlet_count":0,"master_deck":["champ:Strike+1","champ:Strike","champ:Strike","champ:Defend","champ:Defend","champ:Defend","champ:Defend","champ:Execute","champ:Taunt+1","champ:AdrenalArmor+1","champ:FanOfKnives+1","downfall:Malfunctioning","champ:FanOfKnives+1","champ:PreciseThrust","champ:Endure","champ:ShieldSlam","champ:StrikeOfGenius+1","champ:CrookedStrike"],"relics":["champ:ChampionCrownUpgraded","Matryoshka","downfall:HeartBlessingRed","MealTicket","Sundial","downfall:BrokenWingStatue","Question Card","downfall:HeartBlessingGreen"],"acts_visited":["Exordium","TheCity"],"potions_floor_usage":[16],"damage_taken":[{"damage":10.0,"enemies":"Small Slimes","floor":2.0,"turns":3.0},{"damage":83.0,"enemies":"3 Sentries","floor":3.0,"turns":10.0},{"damage":21.0,"enemies":"Jaw Worm","floor":8.0,"turns":3.0},{"damage":41,"enemies":"Gremlin Nob","floor":12,"turns":4},{"damage":10,"enemies":"2 Louse","floor":14,"turns":2},{"damage":13,"enemies":"Blue Slaver","floor":15,"turns":3},{"damage":78,"enemies":"IC_STATUS_ARCHETYPE","floor":16,"turns":12},{"damage":25,"enemies":"Shell Parasite","floor":19,"turns":4}],"seed_played":"-3671471413855165555","potions_obtained":[{"floor":3.0,"key":"Regen Potion"},{"floor":14,"key":"SneckoOil"},{"floor":15,"key":"Slimebound:ThreeZeroPotion"},{"floor":19,"key":"SmokeBomb"}],"is_trial":false,"path_per_floor":["R","M","?","?","?","R","T","M","R","?","?","E","R","M","M","B",null,"R","M"],"character_chosen":"THE_CHAMP","items_purchased":[],"campfire_rested":0,"item_purchase_floors":[],"current_hp_per_floor":[99,99,76,76,76,76,76,75,75,75,75,64,64,64,61,33,99,99,99,99,99],"gold":271,"neow_bonus":"TEN_PERCENT_HP_BONUS","is_daily":false,"chose_seed":false,"campfire_upgraded":4,"win_rate":0.0,"timestamp":1611862495,"path_taken":["R","M","?","?","?","R","T","?","R","?","?","E","R","M","M","BOSS","R","M"],"items_purchased_type":[],"build_version":"2020-12-22","purchased_purges":0,"victory":false,"max_hp_per_floor":[99,99,99,99,99,99,99,99,99,99,99,99,99,99,99,99,99,99,99,99,99],"card_choices":[{"not_picked":["champ:BringItOn","champ:IronFortress"],"picked":"champ:AdrenalArmor","floor":2.0},{"not_picked":["champ:DefensiveShout","champ:GutPunch"],"picked":"champ:FanOfKnives","floor":3.0},{"not_picked":["champ:PerfectedStrike","champ:BerserkersShout"],"picked":"champ:FanOfKnives","floor":8.0},{"not_picked":["champ:AdrenalArmor","champ:CalledShot"],"picked":"champ:PreciseThrust","floor":12},{"not_picked":["champ:FanOfKnives","champ:SkillfulDodge","champ:EnGarde"],"picked":"champ:Endure","floor":14},{"not_picked":["champ:SkillfulDodge","champ:EndlessRage","champ:ShieldThrow"],"picked":"champ:ShieldSlam","floor":15},{"not_picked":["champ:DancingMaster","champ:CheapShot","champ:MurderStrike"],"picked":"champ:StrikeOfGenius","floor":16},{"not_picked":["champ:EnGarde","champ:DefensiveShout","champ:PerfectedStrike"],"picked":"champ:CrookedStrike","floor":19}],"player_experience":15736,"relics_obtained":[{"floor":3.0,"key":"Matryoshka"},{"floor":7.0,"key":"MealTicket"},{"floor":7.0,"key":"Sundial"},{"floor":12,"key":"Question Card"}],"event_choices":[],"is_beta":false,"boss_relics":[{"not_picked":["Busted Crown","SacredBark"],"picked":"champ:ChampionCrownUpgraded"}],"items_purged_floors":[],"is_endless":false,"potions_floor_spawned":[3,14,15,19],"killed_by":"Shell Parasite","ascension_level":0}}