{"host":"gjfulft9y42c2y2c","time":1611839637,"event":{"mods":["AchievementEnabler","BaseMod","Colored Map","DeckTracker","Keyboard Shortcuts","Minty Spire (QoL Compilation)","Permanent Neow","StSLib","SuperFastMode","everything is the same but u backflip on backflip"],"gold_per_floor":[12,23,23,38,56,56,71,96,96,111,111,186,186,186,186,282,282,296,313,228,241,241,241,257,290,313,313,220,320,213,312,312,412,412,429,182,232,69,3,3,53,53,108,125,125,157,129,156,168,180],"floor_reached":51,"language":"KOR","playtime":2035,"items_purged":["Strike_G","Strike_G","Strike_G","Defend_G"],"score":1077,"play_id":"c8a4f186-0c13-46f5-a38b-0bf40f856a13","local_time":"20210128221357","is_ascension_mode":true,"campfire_choices":[{"data":"Deadly Poison","floor":6.0,"key":"SMITH"},{"floor":11.0,"key":"REST"},{"data":"Neutralize","floor":13.0,"key":"SMITH"},{"data":"Caltrops","floor":15.0,"key":"SMITH"},{"floor":23,"key":"REST"},{"data":"Well Laid Plans","floor":27,"key":"SMITH"},{"floor":32,"key":"REST"},{"data":"Acrobatics","floor":40,"key":"SMITH"},{"floor":42,"key":"REST"},{"floor":45,"key":"DIG"},{"floor":49,"key":"REST"}],"circlet_count":0,"master_deck":["Strike_G","Defend_G","Defend_G","Defend_G","Defend_G","Survivor","Neutralize+1","Corpse Explosion","Deadly Poison+1","Blade Dance","Dagger Throw","PiercingWail","Caltrops+1","Backflip","PiercingWail","Well Laid Plans+1","Noxious Fumes+1","Backstab+1","Crippling Poison","Die Die Die","Footwork+1","Acrobatics+1","Escape Plan","Backflip","Leg Sweep","Bouncing Flask+1"],"relics":["Ring of the Snake","Thread and Needle","The Courier","Busted Crown","Mercury Hourglass","Frozen Egg 2","Orichalcum","Turnip","Shuriken","Velvet Choker","Shovel","Ice Cream","Centennial Puzzle","Mummified Hand","MawBank"],"acts_visited":["Exordium","TheCity","TheBeyond"],"potions_floor_usage":[25,25,29,33,50,50],"damage_taken":[{"damage":2.0,"enemies":"Cultist","floor":1.0,"turns":4.0},{"damage":5.0,"enemies":"Jaw Worm","floor":2.0,"turns":4.0},{"damage":6.0,"enemies":"2 Louse","floor":4.0,"turns":2.0},{"damage":11.0,"enemies":"Looter","floor":5.0,"turns":3.0},{"damage":5.0,"enemies":"2 Fungi Beasts","floor":7.0,"turns":4.0},{"damage":0.0,"enemies":"3 Sentries","floor":8.0,"turns":2.0},{"damage":6.0,"enemies":"Red Slaver","floor":10.0,"turns":3.0},{"damage":1.0,"enemies":"Hexaghost","floor":16.0,"turns":9.0},{"damage":19,"enemies":"2 Thieves","floor":18,"turns":4},{"damage":9,"enemies":"Spheric Guardian","floor":19,"turns":4},{"damage":4,"enemies":"Shelled Parasite and Fungi","floor":21,"turns":5},{"damage":0,"enemies":"Cultist and Chosen","floor":24,"turns":4},{"damage":8,"enemies":"Book of Stabbing","floor":25,"turns":5},{"damage":10,"enemies":"Colosseum Slavers","floor":29,"turns":3},{"damage":16,"enemies":"Colosseum Nobs","floor":29,"turns":4},{"damage":57,"enemies":"Champ","floor":33,"turns":13},{"damage":2,"enemies":"3 Darklings","floor":35,"turns":2},{"damage":0,"enemies":"Mind Bloom Boss Battle","floor":37,"turns":6},{"damage":27,"enemies":"2 Orb Walkers","floor":41,"turns":4},{"damage":0,"enemies":"Orb Walker","floor":44,"turns":4},{"damage":9,"enemies":"Giant Head","floor":46,"turns":8},{"damage":10,"enemies":"4 Shapes","floor":48,"turns":2},{"damage":21,"enemies":"Donu and Deca","floor":50,"turns":8}],"seed_played":"4799258700491551073","potions_obtained":[{"floor":1.0,"key":"Energy Potion"},{"floor":4.0,"key":"SpeedPotion"},{"floor":5.0,"key":"BlessingOfTheForge"},{"floor":8.0,"key":"FearPotion"},{"floor":18,"key":"FairyPotion"},{"floor":25,"key":"Weak Potion"},{"floor":29,"key":"FearPotion"},{"floor":35,"key":"CultistPotion"},{"floor":44,"key":"LiquidMemories"},{"floor":47,"key":"DistilledChaos"}],"is_trial":false,"path_per_floor":["M","M","$","M","M","R","M","E","T","M","R","?","R","?","R","B",null,"M","M","?","M","?","R","M","E","T","R","$","?","$","?","R","B",null,"M","$","?","$","$","R","?","R","T","M","R","E","?","M","R","B",null],"character_chosen":"THE_SILENT","items_purchased":["Noxious Fumes+1","Crippling Poison","Footwork+1","Acrobatics","Escape Plan","Backflip","Leg Sweep"],"campfire_rested":5,"item_purchase_floors":[28,30,36,36,36,38,39],"current_hp_per_floor":[61,56,56,50,39,39,34,34,34,28,49,38,38,38,38,37,62,43,34,34,30,30,51,51,43,43,43,43,17,17,17,38,2,53,51,51,51,51,51,51,24,45,45,45,45,36,36,26,47,26],"gold":192,"neow_bonus":"THREE_RARE_CARDS","is_daily":false,"chose_seed":false,"campfire_upgraded":5,"win_rate":0.0,"timestamp":1611839637,"path_taken":["M","M","$","?","M","R","?","E","T","M","R","?","R","?","R","BOSS","M","M","?","M","?","R","?","E","T","R","$","?","$","?","R","BOSS","M","$","?","?","$","R","?","R","T","M","R","E","?","?","R","BOSS"],"items_purchased_type":["Card","Card","Card","Card","Card","Card","Card"],"build_version":"2020-12-22","purchased_purges":4,"victory":true,"max_hp_per_floor":[70,70,70,70,70,70,70,70,70,70,70,70,70,70,70,70,70,70,70,70,70,70,70,70,70,70,70,70,70,70,70,70,70,70,70,70,70,70,70,70,70,70,70,70,70,70,70,70,70,70],"card_choices":[{"not_picked":["Grand Finale","Night Terror"],"picked":"Corpse Explosion","floor":0.0},{"not_picked":["Calculated Gamble","Underhanded Strike"],"picked":"Deadly Poison","floor":1.0},{"not_picked":["Blur","Skewer"],"picked":"Blade Dance","floor":2.0},{"not_picked":["Calculated Gamble","Choke"],"picked":"Dagger Throw","floor":4.0},{"not_picked":["Blade Dance","Slice","Deflect"],"picked":"SKIP","floor":5.0},{"not_picked":["Dagger Throw","Catalyst"],"picked":"PiercingWail","floor":7.0},{"not_picked":["Skewer","Dagger Throw"],"picked":"Caltrops","floor":8.0},{"not_picked":["Heel Hook","Phantasmal Killer"],"picked":"Backflip","floor":10.0},{"not_picked":[],"picked":"PiercingWail","floor":18},{"not_picked":[],"picked":"Well Laid Plans","floor":19},{"not_picked":["Underhanded Strike+1"],"picked":"SKIP","floor":21},{"not_picked":["Blade Dance"],"picked":"SKIP","floor":24},{"not_picked":["Endless Agony"],"picked":"SKIP","floor":25},{"not_picked":[],"picked":"Backstab+1","floor":29},{"not_picked":[],"picked":"Die Die Die","floor":33},{"not_picked":["Deadly Poison"],"picked":"SKIP","floor":35},{"not_picked":[],"picked":"Bouncing Flask+1","floor":44},{"not_picked":["Deadly Poison+1"],"picked":"SKIP","floor":46},{"not_picked":["Cloak And Dagger"],"picked":"SKIP","floor":48}],"player_experience":273769,"relics_obtained":[{"floor":8.0,"key":"Thread and Needle"},{"floor":9.0,"key":"The Courier"},{"floor":25,"key":"Frozen Egg 2"},{"floor":26,"key":"Orichalcum"},{"floor":29,"key":"Turnip"},{"floor":29,"key":"Shuriken"},{"floor":37,"key":"Shovel"},{"floor":41,"key":"Ice Cream"},{"floor":43,"key":"Centennial Puzzle"},{"floor":45,"key":"Mummified Hand"},{"floor":46,"key":"MawBank"}],"event_choices":[{"damage_healed":0.0,"max_hp_gain":0.0,"max_hp_loss":0.0,"gold_gain":75.0,"event_name":"World of Goop","player_choice":"Gather Gold","floor":12.0,"gold_loss":0.0,"damage_taken":11.0},{"damage_healed":0.0,"max_hp_gain":0.0,"max_hp_loss":0.0,"gold_gain":0.0,"event_name":"Liars Game","player_choice":"Ignored","floor":14.0,"gold_loss":0.0,"damage_taken":0.0},{"damage_healed":0,"gold_gain":0,"player_choice":"Obtained Relic","damage_taken":0,"relics_obtained":["Mercury Hourglass"],"max_hp_gain":0,"max_hp_loss":0,"event_name":"Addict","floor":20,"gold_loss":85},{"cards_removed":["Strike_G"],"damage_healed":0,"gold_gain":0,"player_choice":"Purged","damage_taken":0,"max_hp_gain":0,"max_hp_loss":0,"event_name":"Purifier","floor":22,"gold_loss":0},{"damage_healed":0,"gold_gain":0,"player_choice":"Fight","damage_taken":0,"max_hp_gain":0,"max_hp_loss":0,"event_name":"Colosseum","floor":29,"gold_loss":0},{"damage_healed":0,"gold_gain":0,"player_choice":"Fought Nobs","damage_taken":0,"max_hp_gain":0,"max_hp_loss":0,"event_name":"Colosseum","floor":29,"gold_loss":0},{"damage_healed":0,"gold_gain":99,"player_choice":"Stole From Cult","damage_taken":0,"max_hp_gain":0,"max_hp_loss":0,"event_name":"Nest","floor":31,"gold_loss":0},{"damage_healed":0,"gold_gain":0,"player_choice":"Fight","damage_taken":0,"max_hp_gain":0,"max_hp_loss":0,"event_name":"MindBloom","floor":37,"gold_loss":0},{"damage_healed":0,"gold_gain":0,"player_choice":"Fight","damage_taken":0,"max_hp_gain":0,"max_hp_loss":0,"event_name":"Mysterious Sphere","floor":41,"gold_loss":0},{"damage_healed":0,"gold_gain":0,"player_choice":"Bought 3 Potions","damage_taken":0,"max_hp_gain":0,"max_hp_loss":0,"event_name":"The Woman in Blue","floor":47,"gold_loss":0}],"is_beta":false,"boss_relics":[{"not_picked":["WristBlade","Snecko Eye"],"picked":"Busted Crown"},{"not_picked":["Black Star","SacredBark"],"picked":"Velvet Choker"}],"items_purged_floors":[28,30,36,38],"is_endless":false,"potions_floor_spawned":[1,4,5,8,18,25,29,29,35,44],"ascension_level":9}}