{"host":"xobdcpbm4ckypiai","time":1611835573,"event":{"mods":["BaseMod","Energized Spire","FoggyMod","Minty Spire (QoL Compilation)","Permanent Neow","Relic Stats","Replay The Spire","Spicy Shops","StSLib","UnlockEverythingMod","¡¾ÒÅÎï¿¨ÅÆ¡¿REMEMod"],"gold_per_floor":[113,125,125,1,1,1,27,27,72,87,156,181,181,200,200,299,299,309,309,224,255,455,455,490,490,535,569,579,579,579,599,599,696,696,709,709,727,727,827,827,852,865,865,303,303,303,321,321,321,321],"floor_reached":51,"language":"ZHS","playtime":2624,"items_purged":["Strike_P","Normality"],"score":942,"play_id":"220c2afe-bb03-4787-ad5f-91adc468aab9","local_time":"20210128200613","is_ascension_mode":false,"campfire_choices":[{"data":"Malaise","floor":6.0,"key":"SMITH"},{"data":"Scrawl","floor":8.0,"key":"SMITH"},{"data":"Vigilance","floor":15.0,"key":"SMITH"},{"data":"Worship","floor":23,"key":"SMITH"},{"data":"DevaForm","floor":25,"key":"SMITH"},{"data":"Devotion","floor":30,"key":"SMITH"},{"data":"WindmillStrike","floor":32,"key":"SMITH"},{"data":"Devotion","floor":40,"key":"SMITH"},{"data":"Judgement","floor":45,"key":"SMITH"},{"data":"Swivel","floor":45,"key":"SMITH"},{"data":"Strike_P+1","floor":49,"key":"PURGE"}],"circlet_count":0,"master_deck":["Defend_P","Defend_P+1","Defend_P","Defend_P","Eruption","Vigilance+1","Malaise+1","Swivel+1","Fasting2+1","Scrawl+1","Tantrum+1","DevaForm+1","WindmillStrike+1","Worship+1","Sanctity+1","Devotion+1","Tantrum+1","InnerPeace+1","Judgement+1","Devotion+1","Prostrate"],"relics":["REME_ComplimentaryCards","energizedSpire:SpiderWeb","Replay:Bottled Steam","Mummified Hand","ReplayTheSpireMod:Lightbulb","Mirror","REME_PuzzleBoxRelic","energizedSpire:DeadBattery","Kunai","Red Mask","Blue Doll","Centennial Puzzle","Ice Cream","FaceOfCleric","energizedSpire:StickyHand","Ring of Peace","Whetstone","Replay:Arrowhead","ReplayTheSpireMod:Shallot","Oddly Smooth Stone","TheAbacus"],"acts_visited":["Exordium","TheCity","TheBeyond"],"potions_floor_usage":[42,42],"damage_taken":[{"damage":3.0,"enemies":"Cultist","floor":1.0,"turns":5.0},{"damage":6.0,"enemies":"Jaw Worm","floor":2.0,"turns":5.0},{"damage":3.0,"enemies":"Lagavulin","floor":7.0,"turns":6.0},{"damage":0.0,"enemies":"2 Louse","floor":10.0,"turns":4.0},{"damage":18.0,"enemies":"3 Sentries","floor":12.0,"turns":6.0},{"damage":0.0,"enemies":"Gremlin Gang","floor":14.0,"turns":4.0},{"damage":6.0,"enemies":"Hexaghost","floor":16.0,"turns":6.0},{"damage":0.0,"enemies":"Shell Parasite","floor":18.0,"turns":3.0},{"damage":19,"enemies":"Masked Bandits","floor":21,"turns":4},{"damage":5,"enemies":"Book of Stabbing","floor":24,"turns":4},{"damage":0,"enemies":"REME_1_Revenger","floor":27,"turns":4},{"damage":1,"enemies":"Spheric Guardian","floor":28,"turns":3},{"damage":0,"enemies":"Shelled Parasite and Fungi","floor":31,"turns":3},{"damage":0,"enemies":"Champ","floor":33,"turns":3},{"damage":1,"enemies":"3 Darklings","floor":35,"turns":4},{"damage":0,"enemies":"Orb Walker","floor":37,"turns":4},{"damage":0,"enemies":"R_Hoarder","floor":41,"turns":5},{"damage":0,"enemies":"Spire Growth","floor":42,"turns":4},{"damage":0,"enemies":"Maw","floor":47,"turns":4},{"damage":0,"enemies":"Awakened One","floor":50,"turns":9}],"seed_played":"-2235475002190431616","potions_obtained":[{"floor":1.0,"key":"LiquidBronze"},{"floor":12.0,"key":"DistilledChaos"},{"floor":16.0,"key":"BottledMiracle"},{"floor":28,"key":"Explosive Potion"},{"floor":47,"key":"FearPotion"}],"is_trial":false,"path_per_floor":["M","M","?","$","T","R","E","R","T","M","T","E","?","M","R","B",null,"M","?","?","M","?","R","E","R","T","E","M","?","R","M","R","B",null,"M","?","M","?","?","R","E","M","T","$","R","?","M","?","R","B",null],"character_chosen":"WATCHER","items_purchased":["Fasting2+1","ReplayTheSpireMod:Shallot","Oddly Smooth Stone","TheAbacus"],"campfire_rested":0,"item_purchase_floors":[4,44,44,44],"current_hp_per_floor":[69,63,49,49,49,49,46,46,46,46,46,28,72,72,72,66,72,72,72,72,53,53,53,48,48,48,48,47,47,47,48,48,49,74,74,74,75,75,75,75,76,77,77,77,77,77,78,78,78,79],"gold":321,"neow_bonus":"BOSS_RELIC","is_daily":false,"chose_seed":false,"campfire_upgraded":10,"win_rate":0.0,"timestamp":1611835573,"path_taken":["M","?","?","?","?","R","E","R","T","?","?","E","?","?","R","BOSS","M","?","?","?","?","R","E","R","T","E","?","?","R","?","R","BOSS","M","?","?","?","?","R","E","?","T","$","R","?","?","?","R","BOSS"],"items_purchased_type":["Card","Relic","Relic","Relic"],"build_version":"2020-12-22","purchased_purges":2,"victory":true,"max_hp_per_floor":[72,72,72,72,72,72,72,72,72,72,72,72,72,72,72,72,72,72,72,72,72,72,72,72,72,72,72,72,72,72,73,73,74,74,75,75,76,76,76,76,77,78,78,78,78,78,79,79,79,80],"relic_stats":{"Centennial Puzzle":[6],"TheAbacus":[24],"FaceOfCleric":8,"counters":[20,90],"Mummified Hand":[50],"Kunai":[16],"Whetstone":["Strike_P","Tantrum"],"obtain_stats":[{"Ice Cream":27,"Oddly Smooth Stone":44,"Blue Doll":24,"Whetstone":41,"energizedSpire:SpiderWeb":0,"energizedSpire:StickyHand":34,"energizedSpire:DeadBattery":17,"Replay:Arrowhead":43,"Centennial Puzzle":26,"TheAbacus":44,"FaceOfCleric":29,"ReplayTheSpireMod:Shallot":44,"Mummified Hand":7,"Ring of Peace":38,"Red Mask":21,"Kunai":20,"PureWater":0,"REME_PuzzleBoxRelic":12,"ReplayTheSpireMod:Lightbulb":9,"Mirror":11,"REME_ComplimentaryCards":0,"Replay:Bottled Steam":5},{"Ice Cream":11,"Oddly Smooth Stone":18,"Blue Doll":10,"Whetstone":17,"energizedSpire:SpiderWeb":0,"energizedSpire:StickyHand":14,"energizedSpire:DeadBattery":7,"Replay:Arrowhead":18,"Centennial Puzzle":10,"TheAbacus":18,"FaceOfCleric":12,"ReplayTheSpireMod:Shallot":18,"Mummified Hand":3,"Ring of Peace":16,"Red Mask":9,"Kunai":8,"PureWater":0,"REME_PuzzleBoxRelic":5,"ReplayTheSpireMod:Lightbulb":3,"Mirror":4,"REME_ComplimentaryCards":0,"Replay:Bottled Steam":2},{"Ice Cream":51,"Oddly Smooth Stone":77,"Blue Doll":47,"Whetstone":73,"energizedSpire:SpiderWeb":0,"energizedSpire:StickyHand":60,"energizedSpire:DeadBattery":36,"Replay:Arrowhead":77,"Centennial Puzzle":47,"TheAbacus":77,"FaceOfCleric":54,"ReplayTheSpireMod:Shallot":77,"Mummified Hand":16,"Ring of Peace":68,"Red Mask":43,"Kunai":39,"PureWater":0,"REME_PuzzleBoxRelic":26,"ReplayTheSpireMod:Lightbulb":16,"Mirror":20,"REME_ComplimentaryCards":0,"Replay:Bottled Steam":10}]},"card_choices":[{"not_picked":["CrushJoints","Crescendo"],"picked":"Meditate","floor":1.0},{"not_picked":["Weave","Evaluate"],"picked":"Swivel","floor":2.0},{"not_picked":["Protect","TalkToTheHand"],"picked":"Scrawl","floor":7.0},{"not_picked":["Meditate","Prostrate","Crescendo"],"picked":"SKIP","floor":10.0},{"not_picked":["FlyingSleeves","BowlingBash"],"picked":"Tantrum","floor":12.0},{"not_picked":["SashWhip","EmptyFist","Meditate"],"picked":"SKIP","floor":14.0},{"not_picked":["Ragnarok","Brilliance"],"picked":"DevaForm","floor":16.0},{"not_picked":["JustLucky","MentalFortress"],"picked":"WindmillStrike","floor":18.0},{"not_picked":["Halt","CutThroughFate"],"picked":"Worship","floor":21},{"not_picked":["Adaptation+1","Evaluate"],"picked":"Sanctity+1","floor":24},{"not_picked":["Halt","Study"],"picked":"Devotion","floor":27},{"not_picked":["Consecrate","Replay:Cycle"],"picked":"Tantrum+1","floor":28},{"not_picked":["Prostrate","Consecrate"],"picked":"InnerPeace+1","floor":31},{"not_picked":["Replay:AllIn","MasterReality"],"picked":"Judgement","floor":33},{"not_picked":["EmptyFist","Halt+1","CrushJoints+1"],"picked":"SKIP","floor":35},{"not_picked":["ClearTheMind","SashWhip","Protect+1"],"picked":"SKIP","floor":37},{"not_picked":["DeceiveReality+1","CrushJoints+1","Adaptation"],"picked":"SKIP","floor":41},{"not_picked":["FlyingSleeves","Consecrate","SashWhip+1"],"picked":"SKIP","floor":42},{"not_picked":["BowlingBash","REME_Repentance+1","Blasphemy"],"picked":"SKIP","floor":47}],"player_experience":75969,"relics_obtained":[{"floor":5.0,"key":"Replay:Bottled Steam"},{"floor":7.0,"key":"Mummified Hand"},{"floor":9.0,"key":"ReplayTheSpireMod:Lightbulb"},{"floor":11.0,"key":"Mirror"},{"floor":12.0,"key":"REME_PuzzleBoxRelic"},{"floor":21,"key":"Red Mask"},{"floor":24,"key":"Blue Doll"},{"floor":26,"key":"Centennial Puzzle"},{"floor":27,"key":"Ice Cream"},{"floor":38,"key":"Ring of Peace"},{"floor":41,"key":"Whetstone"},{"floor":43,"key":"Replay:Arrowhead"}],"event_choices":[{"damage_healed":0.0,"max_hp_gain":0.0,"max_hp_loss":0.0,"gold_gain":0.0,"event_name":"Shining Light","player_choice":"Entered Light","floor":3.0,"gold_loss":0.0,"damage_taken":14.0,"cards_upgraded":["Defend_P","Strike_P"]},{"cards_removed":["Meditate"],"damage_healed":44.0,"max_hp_gain":0.0,"max_hp_loss":0.0,"gold_gain":0.0,"event_name":"Bonfire Elementals","player_choice":"Offered Uncommon","floor":13.0,"gold_loss":0.0,"damage_taken":0.0},{"damage_healed":0.0,"max_hp_gain":0.0,"max_hp_loss":0.0,"gold_gain":0.0,"event_name":"Addict","player_choice":"Obtained Relic","floor":20.0,"gold_loss":85.0,"damage_taken":0.0,"relics_obtained":["Kunai"]},{"damage_healed":0,"gold_gain":0,"player_choice":"Fought Bandits","damage_taken":0,"max_hp_gain":0,"max_hp_loss":0,"event_name":"Masked Bandits","floor":21,"gold_loss":0},{"damage_healed":0,"gold_gain":250,"player_choice":"Bet on Owner","damage_taken":0,"max_hp_gain":0,"max_hp_loss":0,"event_name":"The Joust","floor":22,"gold_loss":50},{"damage_healed":0,"gold_gain":0,"player_choice":"Trade","damage_taken":0,"relics_obtained":["FaceOfCleric"],"max_hp_gain":0,"max_hp_loss":0,"event_name":"FaceTrader","floor":29,"gold_loss":0},{"damage_healed":0,"gold_gain":0,"player_choice":"1 cards matched","damage_taken":0,"max_hp_gain":0,"max_hp_loss":0,"event_name":"Match and Keep!","floor":36,"gold_loss":0,"cards_obtained":["Devotion"]},{"damage_healed":0,"gold_gain":100,"player_choice":"Pray","damage_taken":0,"max_hp_gain":0,"max_hp_loss":0,"event_name":"Golden Shrine","floor":39,"gold_loss":0},{"damage_healed":0,"gold_gain":0,"cards_transformed":["Strike_P"],"player_choice":"Transformed","damage_taken":0,"max_hp_gain":0,"max_hp_loss":0,"event_name":"Transmorgrifier","floor":46,"gold_loss":0,"cards_obtained":["Prostrate"]},{"cards_removed":["Strike_P"],"damage_healed":0,"gold_gain":0,"player_choice":"Removed Attack","damage_taken":0,"max_hp_gain":0,"max_hp_loss":0,"event_name":"Falling","floor":48,"gold_loss":0}],"is_beta":false,"boss_relics":[{"not_picked":["Snecko Eye","Velvet Choker"],"picked":"energizedSpire:DeadBattery"},{"not_picked":["Calling Bell","Replay:Bronze Core"],"picked":"energizedSpire:StickyHand"}],"items_purged_floors":[4,44],"is_endless":false,"potions_floor_spawned":[1,12,16,21,28,37,41,47],"ascension_level":0}}