{"host":"wit788p0mfrnfops","time":1611795313,"event":{"mods":["ATMod(阿瑾Mod)","Act Like it!","Aspiration","BaseMod","Conspire","Dota2Spire","Energized Spire","Friendly Minions","Hallownest","Jedi Mod","Minty Spire (QoL Compilation)","MostiFishMod","Permanent Neow","Prisma Mod","Quarter Circle Forward PUNCH!","Quick Restart","Reliquary","Replay The Spire","RumiaBox-露米?的神秘盒子","Spicy Shops","StSLib","TestMod","The Alterego","Wide Potions","[IsaacMod]以撒尖塔","【功能Mod】混沌之?修复?丁","【功能Mod】?明的最?Boss","【?物卡牌】REMEMod","篝火指南"],"gold_per_floor":[99,29,42,42,42,42,42,42,65,65,94,32,32,42,42,140,140,152,2,2,15,15,15,15,28,28,28,28,28,28,28,28,28],"floor_reached":32,"language":"ZHS","playtime":1228,"items_purged":[],"score":470,"play_id":"3ca4e948-90d9-4015-bf9b-51cf299ba7f4","local_time":"20210128085513","daily_mods":["Hoarder","Insanity","Chimera","Specialized","Vintage","ControlledChaos","Allstar","Diverse","Colorless Cards","Heirloom","Time Dilation","Flight"],"is_ascension_mode":false,"campfire_choices":[{"data":"MostiFishMod:DawningShadow","floor":6.0,"key":"SMITH"},{"data":"MostiFishMod:DawningShadow","floor":8.0,"key":"SMITH"},{"data":"MostiFishMod:DawningShadow","floor":10.0,"key":"SMITH"},{"data":"AT_HeatAcrobatics","floor":13.0,"key":"SMITH"},{"floor":15.0,"key":"DIG"},{"data":"AT_HeatAcrobatics","floor":23.0,"key":"SMITH"},{"data":"AT_HeatAcrobatics","floor":27,"key":"SMITH"},{"floor":28,"key":"REST"}],"circlet_count":1,"master_deck":["Demon Form","Wraith Form v2","DevaForm","MostiFishMod:DawningShadow+1","MostiFishMod:DawningShadow+1","MostiFishMod:DawningShadow+1","AT_HeatAcrobatics+1","AT_HeatAcrobatics+1","AT_HeatAcrobatics+1","DeceiveReality+1","DeceiveReality+1","DeceiveReality+1","Hologram","Hologram","Hologram","Steam","Steam","Steam","Compile Driver","Compile Driver","Compile Driver"],"relics":["Snecko Eye","Unceasing Top","Ring of Chaos","replay:Trail_Library","jedi:maincommand","HushsDoor","testmod-TestBox","REME_ComplimentaryCards","DaveBox","AT_ATBox","BookofShadows","testmod-DragonStarHat","White Beast Statue","Replay:Kaleidoscope","Hallownest:StagBellRelic1","SteamSale","Replay:Antivirus Software","PlanX","Yang","testmod-EqualTreatment","SSSystem","Circlet","BelialBook","qcfpunch:Not_Strongest_Fighting_Style_Guidebook","testmod-OneHitWonder","Strawberry","Juzu Bracelet","reliquary:SilkGlove","reliquary:TridentHead","Red Mask"],"acts_visited":["Hallownest:Greenpath","Hallownest:CityofTears"],"potions_floor_usage":[],"damage_taken":[{"damage":4.0,"enemies":"Hallownest:2_Tiktiks_and_1_Crawlid","floor":3.0,"turns":3.0},{"damage":1.0,"enemies":"conspire:MimicChest","floor":11.0,"turns":4.0},{"damage":0.0,"enemies":"Hallownest:2_MossCreeps","floor":14.0,"turns":4.0},{"damage":1.0,"enemies":"Hallownest:BossHornet","floor":16.0,"turns":4.0},{"damage":3.0,"enemies":"Hallownest:3_Youths","floor":18.0,"turns":4.0},{"damage":0.0,"enemies":"Hallownest:3_Youths","floor":20.0,"turns":4.0},{"damage":7.0,"enemies":"Hallownest:2_Mistakes","floor":21.0,"turns":4.0},{"damage":46,"enemies":"Hallownest:3_Mistakes","floor":25,"turns":3}],"seed_played":"315944908993102237","potions_obtained":[{"floor":3.0,"key":"Dota2Spire:Clarity"},{"floor":11.0,"key":"PowerPotion"},{"floor":14.0,"key":"PowerPotion"},{"floor":16.0,"key":"Cursed Concoction"},{"floor":18.0,"key":"LiquidMemories"},{"floor":21.0,"key":"Milkshake"},{"floor":25,"key":"FairyPotion"}],"is_trial":true,"path_per_floor":["?","?","M","$","?","R","$","R","T","R","?","$","R","M","R","B",null,"M","$","?","M","$","R","?","M","T","R","R","?","?","?","R"],"character_chosen":"DEFECT","items_purchased":["jedi:command_uncommon","BelialBook","jedi:command_common","jedi:command_common"],"campfire_rested":1,"item_purchase_floors":[12,17,19,19],"current_hp_per_floor":[93,93,89,89,89,89,89,89,89,89,88,88,88,88,88,87,113,110,117,117,110,110,110,110,64,64,64,100,112,112,120,120,120],"gold":28,"neow_bonus":"","is_daily":false,"chose_seed":false,"campfire_upgraded":6,"win_rate":0.0,"timestamp":1611795313,"path_taken":["?","?","?","$","?","R","?","R","T","R","?","$","R","?","R","BOSS","M","$","?","M","$","R","?","M","T","R","R","?","?","?","R"],"items_purchased_type":["Relic","Relic","Relic","Relic"],"build_version":"2020-12-22","purchased_purges":0,"victory":false,"max_hp_per_floor":[93,93,93,93,93,93,93,93,93,93,93,93,93,93,93,93,113,113,120,120,120,120,120,120,120,120,120,120,120,120,120,120,120],"card_choices":[{"not_picked":["alterego_mod:Cooking","PrismaMod:MiyuChristmas"],"picked":"Steam","floor":11.0}],"player_experience":886200,"relics_obtained":[{"floor":3.0,"key":"SteamSale"},{"floor":9.0,"key":"jedi:command_common"},{"floor":11.0,"key":"jedi:command_rare"},{"floor":14.0,"key":"jedi:command_rare"},{"floor":15.0,"key":"jedi:command_common"},{"floor":18.0,"key":"jedi:command_common"},{"floor":21.0,"key":"jedi:command_common"},{"floor":25,"key":"jedi:command_common"},{"floor":26,"key":"jedi:command_uncommon"}],"event_choices":[],"is_beta":false,"boss_relics":[{"not_picked":["jedi:command_boss","jedi:command_boss"],"picked":"jedi:command_boss"},{"not_picked":[]}],"items_purged_floors":[],"is_endless":true,"potions_floor_spawned":[3,11,14,16,18,20,21,25],"ascension_level":0}}