{"host":"y56d1fjpgcjsodvy","time":1611806993,"event":{"mods":["2.2 Compatiblity","Arknights The Spire","Astrologer","BaseMod","Colored Powertips","GifTheSpireLib","Hermit","Highlight Path","Keyboard Shortcuts","Marisa£¨Ùöéë¡¡Øª×âÞÞ£©","Minty Spire (QoL Compilation)","Random Character Button","Rare Cards Sparkle","Relic Stats","SOS£¨ÞÙ÷é?ñýí­£©","StSLib","Stuff the Spire","SuperFastMode","The Blackbeard","The Blue Laboratory","The Dragon Tamer","The Poker Player","The Runesmith","TheBandit","Wandering Minibosses","everything is the same but u backflip on backflip"],"gold_per_floor":[118,68,86,86,100,100,130,130,130,144,144,157,5,5,5,108,108,126,126,225,244,244,244,244],"floor_reached":22,"language":"KOR","playtime":891,"items_purged":[],"score":193,"play_id":"0242f71d-fb3b-4a50-8287-524d8fc363e5","local_time":"20210128130953","is_ascension_mode":true,"campfire_choices":[{"data":"blackbeard:ChaoticDefense","floor":6,"key":"SMITH"},{"data":"blackbeard:MegaUpgrade","floor":8,"key":"SMITH"},{"data":"blackbeard:Cutlass","floor":15,"key":"SMITH"}],"circlet_count":0,"master_deck":["blackbeard:IntimidatingStrike","blackbeard:BlackbeardDefend","blackbeard:BlackbeardDefend","blackbeard:BlackbeardDefend","blackbeard:Cutlass+1","blackbeard:GoldenGuillotine","blackbeard:PowderKeg","blackbeard:ChaoticDefense+1","blackbeard:MegaUpgrade+1","blackbeard:GoldenDefense","blackbeard:SmithingHammer+1","blackbeard:WeaponMastery","blackbeard:Parrot+1","blackbeard:ArmorUp+1","blackbeard:GoldenStrike+1","blackbeard:Dagger+1"],"relics":["blackbeard:LoadTheCannons","Shuriken","StuffTheSpire:OldFever","StuffTheSpire:HistoryBook","Astrolabe"],"acts_visited":["Exordium","TheCity"],"potions_floor_usage":[7,16,16],"damage_taken":[{"damage":4,"enemies":"2 Louse","floor":1,"turns":3},{"damage":4,"enemies":"Small Slimes","floor":3,"turns":4},{"damage":0,"enemies":"Cultist","floor":5,"turns":3},{"damage":31,"enemies":"Gremlin Nob","floor":7,"turns":6},{"damage":0,"enemies":"Blue Slaver","floor":10,"turns":5},{"damage":0,"enemies":"3 Louse","floor":12,"turns":2},{"damage":16,"enemies":"Slime Boss","floor":16,"turns":9},{"damage":13,"enemies":"Chosen","floor":18,"turns":8},{"damage":16,"enemies":"Spheric Guardian","floor":21,"turns":6},{"damage":49,"enemies":"Masked Bandits","floor":22,"turns":5}],"seed_played":"8262196448782376488","potions_obtained":[{"floor":1,"key":"blackbeard:RumPotion"},{"floor":5,"key":"blueLaboratory:NullPotion"},{"floor":7,"key":"Block Potion"},{"floor":16,"key":"blueLaboratory:ArtificerPotion"}],"is_trial":false,"path_per_floor":["M","?","M","?","M","R","E","R","T","M","?","M","$","?","R","B",null,"M","?","?","M","?"],"character_chosen":"BLACKBEARD_CLASS","items_purchased":["StuffTheSpire:HistoryBook"],"campfire_rested":0,"item_purchase_floors":[13],"current_hp_per_floor":[71,71,67,60,60,60,29,29,29,29,29,29,29,29,29,13,75,62,62,62,46,0,0,0],"gold":244,"neow_bonus":"ONE_RANDOM_RARE_CARD","is_daily":false,"chose_seed":false,"campfire_upgraded":3,"win_rate":0.0,"timestamp":1611806993,"path_taken":["M","?","M","?","?","R","E","R","T","M","?","M","$","?","R","BOSS","M","?","?","M","?"],"items_purchased_type":["Relic"],"build_version":"2020-12-22","purchased_purges":0,"victory":false,"max_hp_per_floor":[75,75,75,75,75,75,75,75,75,75,75,75,75,75,75,75,75,75,75,75,75,75,75,75],"relic_stats":{"counters":[10,51],"Shuriken":[2],"Astrolabe":["blackbeard:Parrot","blackbeard:ArmorUp","blackbeard:GoldenStrike"],"obtain_stats":[{"StuffTheSpire:HistoryBook":13,"Shuriken":7,"blackbeard:LoadTheCannons":0,"Astrolabe":17,"StuffTheSpire:OldFever":9},{"StuffTheSpire:HistoryBook":6,"Shuriken":4,"blackbeard:LoadTheCannons":0,"Astrolabe":7,"StuffTheSpire:OldFever":4},{"StuffTheSpire:HistoryBook":23,"Shuriken":16,"blackbeard:LoadTheCannons":0,"Astrolabe":32,"StuffTheSpire:OldFever":16}]},"card_choices":[{"not_picked":["blackbeard:VengefulSpirit","blackbeard:Provisioning","blackbeard:Boarding"],"picked":"SKIP","floor":1},{"not_picked":["blackbeard:BeatUp","blackbeard:GoldenStrike"],"picked":"blackbeard:PowderKeg","floor":3},{"not_picked":["blackbeard:VengefulSpirit","blackbeard:CannonBarrage"],"picked":"blackbeard:ChaoticDefense","floor":5},{"not_picked":["blackbeard:VengefulSpirit","blackbeard:Fencing"],"picked":"blackbeard:MegaUpgrade","floor":7},{"not_picked":["blackbeard:DoubleBottom","blackbeard:Provisioning"],"picked":"blackbeard:GoldenDefense","floor":10},{"not_picked":["blackbeard:Sword","blackbeard:RearmingStrike"],"picked":"blackbeard:SmithingHammer","floor":12},{"not_picked":["blackbeard:FinalBarrage","blackbeard:GoldenRain"],"picked":"blackbeard:WeaponMastery","floor":16},{"not_picked":["blackbeard:Toast","blackbeard:Spear+1"],"picked":"blackbeard:Dagger+1","floor":18},{"not_picked":["blackbeard:RearmingStrike","blackbeard:GoldenStrike","blackbeard:GoldenDefense+1"],"picked":"SKIP","floor":21}],"player_experience":1266586,"relics_obtained":[{"floor":7,"key":"Shuriken"},{"floor":9,"key":"StuffTheSpire:OldFever"}],"event_choices":[{"cards_removed":["blackbeard:BlackbeardStrike"],"damage_healed":0,"gold_gain":0,"player_choice":"Card Removal","damage_taken":0,"max_hp_gain":0,"max_hp_loss":0,"event_name":"The Cleric","floor":2,"gold_loss":50},{"damage_healed":0,"gold_gain":0,"player_choice":"Damaged","damage_taken":7,"max_hp_gain":0,"max_hp_loss":0,"event_name":"Wheel of Change","floor":4,"gold_loss":0},{"cards_removed":["blackbeard:BlackbeardStrike"],"damage_healed":0,"gold_gain":0,"player_choice":"Forget","damage_taken":0,"max_hp_gain":0,"max_hp_loss":0,"event_name":"Living Wall","floor":11,"gold_loss":0},{"damage_healed":0,"gold_gain":0,"player_choice":"Upgraded","damage_taken":0,"max_hp_gain":0,"max_hp_loss":0,"event_name":"Upgrade Shrine","floor":14,"gold_loss":0,"cards_upgraded":["blackbeard:SmithingHammer"]},{"damage_healed":0,"gold_gain":99,"player_choice":"Stole From Cult","damage_taken":0,"max_hp_gain":0,"max_hp_loss":0,"event_name":"Nest","floor":20,"gold_loss":0},{"damage_healed":0,"gold_gain":0,"player_choice":"Fought Bandits","damage_taken":0,"max_hp_gain":0,"max_hp_loss":0,"event_name":"Masked Bandits","floor":22,"gold_loss":0}],"is_beta":false,"boss_relics":[{"not_picked":["Tiny House","StuffTheSpire:ModemDavis"],"picked":"Astrolabe"}],"items_purged_floors":[],"is_endless":false,"potions_floor_spawned":[1,5,7,16],"killed_by":"Masked Bandits","ascension_level":1}}