{"host":"8t5dkgm85abdp22d","time":1611811360,"event":{"mods":["Act Like it!","BaseMod","Colored Powertips","Dota2Spire","Downfall","Gensokyo","GungeonMod","Hallownest","Luminous","Marisa£®ÏF”Í°°ƒß¿Ì…≥£©","Minty Spire (QoL Compilation)","StSLib","TheWitcher","UnlockEverythingMod","Waifu the Spire","Yakumo Yukari mod","°æ“≈ŒÔø®≈∆°øREMEMod"],"gold_per_floor":[133,233,251,261,281,316,316,330,385,420,430,430,458,618,618,717,717,734,734,734,694,644,669,669,699,751,751,149,166,183,212,212,307,307,321,336,336,43,51,51,366,397,452,483,483,557,618,618,618,624],"floor_reached":51,"language":"ZHS","playtime":3290,"items_purged":[],"score":1264,"play_id":"bdda646a-ddd2-4a64-86f4-c48abc517d31","local_time":"20210128132240","is_ascension_mode":true,"campfire_choices":[{"data":"Feed","floor":7.0,"key":"SMITH"},{"data":"ContainerChange_purple","floor":12.0,"key":"SMITH"},{"data":"Charmbait_purple","floor":15.0,"key":"SMITH"},{"data":"MeetDecomposer_purple","floor":24,"key":"SMITH"},{"data":"D_absorption_purple","floor":32,"key":"SMITH"},{"data":"Human_Monster_Realm_purple","floor":40,"key":"SMITH"},{"floor":45,"key":"DIG"},{"floor":49,"key":"DIG"}],"circlet_count":0,"master_deck":["AT_purpleEX","AT_purpleEX","Defend_purpleEX","Defend_purpleEX","Defend_purpleEX","Defend_purpleEX","Observe_purple_1","Observe_purple_2","Feed+1","Charmbait_purple+1","MeetDecomposer_purple+1","CommonSense_AntiCommonSense_purple+1","DimensionStaggered_purple","GluttonyofRealm_purpleEX+1","AdvanceAttack_purple","D_absorption_purple+1","Human_Monster_Realm_purple+1","Mirror_TwoAndThreeElementRealm_purple"],"relics":["Boundary_crack","Memoryfragments_purpleEX","REME_ComplimentaryCards","Eternal Feather","Nunchaku","Frozen Egg 2","Dota2Spire:LotusOrb","Old Coin","Dota2Spire:RefresherOrb","Gensokyo:SongOfSouls","REME_HandOfSuture","Orichalcum","Strawberry","DemoMod:PartiallyEatenCheese","ClockworkSouvenir","Chemical X","Toolbox","Akabeko","Shuriken","DemoMod:Antibody","Seventeenyearold_girl_Forever","DollysMirror","Antimatter_spacedebris","Meat on the Bone","Shovel","Dota2Spire:EyeOfSkadi","DemoMod:GlassGuonStoneRelic","DemoMod:Metronome","REME_ArchaeologicalTools","DemoMod:PoisonVial","Dota2Spire:MonkeyKingBar"],"acts_visited":["Exordium","Gensokyo:Gensokyo","Gensokyo:Gensokyoer"],"potions_floor_usage":[29,30],"damage_taken":[{"damage":7.0,"enemies":"Gensokyo:Python","floor":1.0,"turns":5.0},{"damage":8.0,"enemies":"Gensokyo:2_Kodama","floor":3.0,"turns":5.0},{"damage":0.0,"enemies":"Gensokyo:3_Fairies","floor":4.0,"turns":5.0},{"damage":11.0,"enemies":"Gensokyo:Kitsune","floor":5.0,"turns":6.0},{"damage":21.0,"enemies":"Gensokyo:Aya","floor":6.0,"turns":10.0},{"damage":5.0,"enemies":"Gensokyo:LivingMonolith","floor":8.0,"turns":4.0},{"damage":15.0,"enemies":"Gensokyo:Cirno","floor":10.0,"turns":8.0},{"damage":0.0,"enemies":"Gensokyo:2_Rabbits","floor":11.0,"turns":4.0},{"damage":14.0,"enemies":"Gensokyo:Mamizou","floor":13.0,"turns":8.0},{"damage":0.0,"enemies":"Gensokyo:Yukari","floor":16.0,"turns":10.0},{"damage":0.0,"enemies":"Gensokyo:2_Gloops","floor":18.0,"turns":6.0},{"damage":77,"enemies":"Gensokyo:Reisen","floor":23,"turns":6},{"damage":10,"enemies":"Gensokyo:Tenshi","floor":25,"turns":4},{"damage":0,"enemies":"Gensokyo:CosmicMonolith","floor":29,"turns":4},{"damage":3,"enemies":"Gensokyo:Slime_Group","floor":30,"turns":5},{"damage":3,"enemies":"Gensokyo:Reisen","floor":31,"turns":7},{"damage":13,"enemies":"Gensokyo:Eternal_Rivals","floor":33,"turns":8},{"damage":0,"enemies":"Gensokyo:3_Boulders","floor":35,"turns":3},{"damage":0,"enemies":"Gensokyo:AncientGuardian","floor":36,"turns":4},{"damage":14,"enemies":"Gensokyo:4_Bats","floor":39,"turns":4},{"damage":0,"enemies":"Gensokyo:AtlasGolem","floor":41,"turns":7},{"damage":0,"enemies":"Gensokyo:Doremy","floor":42,"turns":5},{"damage":7,"enemies":"Gensokyo:Kasen","floor":44,"turns":6},{"damage":0,"enemies":"Gensokyo:Dusk_and_Dawn","floor":46,"turns":2},{"damage":0,"enemies":"Gensokyo:Marisa","floor":47,"turns":5},{"damage":0,"enemies":"Gensokyo:Shinki","floor":50,"turns":9}],"seed_played":"148908680696328375","potions_obtained":[{"floor":1.0,"key":"Weak Potion"},{"floor":6.0,"key":"Weak Potion"},{"floor":8.0,"key":"Regen Potion"},{"floor":10.0,"key":"Dexterity Potion"},{"floor":25,"key":"Swift Potion"},{"floor":29,"key":"REME_GoldPotion"},{"floor":36,"key":"SkillPotion"},{"floor":39,"key":"Swift Potion"}],"is_trial":false,"path_per_floor":["M","?","M","M","M","E","R","M","T","E","M","R","E","?","R","B",null,"M","?","?","?","?","E","R","E","T","?","COS","M","M","E","R","B",null,"M","M","?","COS","M","R","M","E","T","E","R","M","E","?","R","B",null],"character_chosen":"Youkari","items_purchased":[],"campfire_rested":0,"item_purchase_floors":[],"current_hp_per_floor":[66,66,64,65,57,38,44,39,39,25,34,43,38,38,47,67,84,87,87,87,87,94,22,31,25,32,32,32,35,45,51,63,76,113,121,125,125,125,119,133,137,141,141,146,146,150,156,156,156,160],"gold":624,"neow_bonus":"ONE_RANDOM_RARE_CARD","is_daily":false,"chose_seed":false,"campfire_upgraded":6,"win_rate":0.0,"timestamp":1611811360,"path_taken":["M","?","M","M","M","E","R","?","T","E","M","R","E","?","R","BOSS","M","?","?","?","?","E","R","E","T","?","COS","M","M","E","R","BOSS","M","M","?","COS","M","R","M","E","T","E","R","M","E","?","R","BOSS"],"items_purchased_type":[],"build_version":"2020-12-22","purchased_purges":0,"victory":true,"max_hp_per_floor":[70,70,73,73,76,76,76,76,76,76,80,80,84,84,84,84,84,87,87,87,87,94,94,94,94,101,93,93,93,101,105,105,113,113,121,125,125,125,133,133,137,141,141,146,146,150,156,156,156,160],"card_choices":[{"not_picked":["WingOfChimera_purple","Boundary_DynamicStaticEquilibrium_purple","WorldDissolvedintheRealm_purple"],"picked":"SKIP","floor":1.0},{"not_picked":["RuleDissolution_purple","Photoelasticity_Doppler_Effect_purple"],"picked":"Charmbait_purple","floor":3.0},{"not_picked":["Boundary_of_Extermination_purpleEX","Mirror_FourBoundary_purple"],"picked":"MeetDecomposer_purple","floor":4.0},{"not_picked":["Fantasy_PerpetualMotionMachine_purple","OmniscientAndOmnipotent_Monster_purple","Mirror_FormAndEmptin_purple"],"picked":"SKIP","floor":5.0},{"not_picked":["PositiveMatter_Antimatter_Universe_purple","MeetDecomposer_purple","ContainerChange_purple"],"picked":"SKIP","floor":6.0},{"not_picked":["WingOfChimera_purple","Mirror_Drifter_purple","MeetDecomposer_purple"],"picked":"SKIP","floor":8.0},{"not_picked":["Price_of_realm_purpleEX","ExternalForce_HighSpeedFlying_purple"],"picked":"CommonSense_AntiCommonSense_purple+1","floor":10.0},{"not_picked":["Realm_recovery_purpleEX","PurpleNeedle_purple","Umbrella_purple"],"picked":"SKIP","floor":11.0},{"not_picked":["MeetDecomposer_purple","DarkRealmRedLine_purple"],"picked":"DimensionStaggered_purple","floor":13.0},{"not_picked":["Computing_the_future_purpleEX+1","UniverseChoice_purple+1"],"picked":"GluttonyofRealm_purpleEX","floor":16.0},{"not_picked":["MeetDecomposer_purple","StateErode_purple","StateDuplicate_purple"],"picked":"SKIP","floor":18.0},{"not_picked":["Price_of_realm_purpleEX","SharpContractionReality_purple","WorldDissolvedintheRealm_purple+1"],"picked":"SKIP","floor":23},{"not_picked":["WingOfChimera_purple","ExistenceContinue_purple+1"],"picked":"D_absorption_purple","floor":25},{"not_picked":["Boundary_of_Extermination_purpleEX+1","DarkRealmRedLine_purple","Photoelasticity_Doppler_Effect_purple+1"],"picked":"SKIP","floor":29},{"not_picked":["Mirror_FormAndEmptin_purple","WatchEChange_purple","Shallow_ocean_purpleEX"],"picked":"SKIP","floor":30},{"not_picked":["Boundary_of_Extermination_purpleEX+1","Charmbait_purple","Worldmountain_purple"],"picked":"SKIP","floor":31},{"not_picked":["Mirror_TwoAndThreeElementRealm_purple","Theboundaryofcreation_purpleEX"],"picked":"Human_Monster_Realm_purple","floor":33},{"not_picked":["SharpContractionReality_purple","OpenedBox_purple","Umbrella_purple+1"],"picked":"SKIP","floor":35},{"not_picked":["ExistenceContinue_purple+1","SfantasyHide_purple+1","Line_surface_state_purple+1"],"picked":"SKIP","floor":36},{"not_picked":["Yakumo_Ran_purple+1","Extrememeaning_purpleEX","MetroBOOM_purple"],"picked":"SKIP","floor":39},{"not_picked":["OmniscientAndOmnipotent_Monster_purple","ExistenceContinue_purple+1","RuleDissolution_purple"],"picked":"SKIP","floor":41},{"not_picked":["Umbrella_purple+1","Shallow_ocean_purpleEX","Anti_communist_purple+1"],"picked":"SKIP","floor":42},{"not_picked":["SharpContractionReality_purple+1","WingOfChimera_purple","StateDuplicate_purple+1"],"picked":"SKIP","floor":44},{"not_picked":["OmniscientAndOmnipotent_Monster_purple","Nest_LightFlightworm_purple+1","DarkRealmRedLine_purple+1"],"picked":"SKIP","floor":46},{"not_picked":["EighthInstrument_OneDividesIntoTwo_purple+1","WingOfChimera_purple"],"picked":"Mirror_TwoAndThreeElementRealm_purple","floor":47}],"player_experience":119964,"relics_obtained":[{"floor":6.0,"key":"Eternal Feather"},{"floor":9.0,"key":"Nunchaku"},{"floor":10.0,"key":"Frozen Egg 2"},{"floor":13.0,"key":"Dota2Spire:LotusOrb"},{"floor":23,"key":"REME_HandOfSuture"},{"floor":25,"key":"Orichalcum"},{"floor":26,"key":"Strawberry"},{"floor":31,"key":"Shuriken"},{"floor":42,"key":"Meat on the Bone"},{"floor":44,"key":"DemoMod:Metronome"},{"floor":45,"key":"REME_ArchaeologicalTools"},{"floor":47,"key":"DemoMod:PoisonVial"},{"floor":49,"key":"Dota2Spire:MonkeyKingBar"}],"event_choices":[],"is_beta":false,"boss_relics":[{"not_picked":["Sozu","REME_DemonsWealth"],"picked":"Dota2Spire:RefresherOrb"},{"not_picked":["Philosopher\u0027s Stone","Fusion Hammer"],"picked":"Seventeenyearold_girl_Forever"}],"items_purged_floors":[],"is_endless":false,"potions_floor_spawned":[1,6,8,10,13,25,29,36,39,44,46],"ascension_level":2}}