{"host":"vl29iwkwnyytuw8q","time":1611873126,"event":{"mods":["BaseMod","Minty Spire (QoL Compilation)","Permanent Neow","Relic Stats","StSLib"],"gold_per_floor":[117,133,133,152,152,184,202,202,202,214,236,248,277,347,359,445,457,469,481,509,521,533,574,586,598,637,681,283,283,293,318,318,318,318],"floor_reached":33,"language":"ENG","playtime":852,"items_purged":["Strike_R"],"score":538,"play_id":"df247f32-f981-482d-b182-de84f09c44d2","local_time":"20210128233206","is_ascension_mode":true,"campfire_choices":[{"data":"Bash","floor":8.0,"key":"SMITH"},{"data":"Bludgeon","floor":10.0,"key":"SMITH"},{"data":"Uppercut","floor":15.0,"key":"SMITH"},{"floor":25.0,"key":"REST"},{"floor":29.0,"key":"REST"},{"floor":32.0,"key":"REST"}],"circlet_count":0,"master_deck":["AscendersBane","Strike_R","Strike_R","Defend_R+1","Defend_R","Defend_R+1","Defend_R","Bash+1","Anger","Pommel Strike","Uppercut+1","Feel No Pain","Bludgeon+1","Headbutt","Anger","Feed","Pommel Strike","Dropkick+1","Shockwave","Shrug It Off","Sever Soul"],"relics":["Burning Blood","Thread and Needle","CultistMask","Akabeko","MawBank","White Beast Statue","Fusion Hammer","Blood Vial","War Paint","Bag of Marbles","Frozen Egg 2","Red Mask"],"acts_visited":["Exordium","TheCity"],"potions_floor_usage":[33],"damage_taken":[{"damage":0.0,"enemies":"2 Louse","floor":1.0,"turns":4.0},{"damage":2.0,"enemies":"Cultist","floor":2.0,"turns":4.0},{"damage":3.0,"enemies":"Jaw Worm","floor":4.0,"turns":2.0},{"damage":2.0,"enemies":"Gremlin Nob","floor":6.0,"turns":3.0},{"damage":4.0,"enemies":"3 Louse","floor":7.0,"turns":3.0},{"damage":8.0,"enemies":"Large Slime","floor":11.0,"turns":4.0},{"damage":8.0,"enemies":"Exordium Thugs","floor":13.0,"turns":3.0},{"damage":46.0,"enemies":"The Guardian","floor":16.0,"turns":11.0},{"damage":0.0,"enemies":"Spheric Guardian","floor":18.0,"turns":1.0},{"damage":3.0,"enemies":"Chosen","floor":20.0,"turns":3.0},{"damage":41.0,"enemies":"Slavers","floor":23.0,"turns":5.0},{"damage":31.0,"enemies":"Book of Stabbing","floor":27.0,"turns":4.0},{"damage":24.0,"enemies":"Shelled Parasite and Fungi","floor":30.0,"turns":4.0},{"damage":1.0,"enemies":"Masked Bandits","floor":31.0,"turns":5.0},{"damage":88,"enemies":"Automaton","floor":33,"turns":8}],"seed_played":"-7290079936185950281","potions_obtained":[{"floor":1.0,"key":"SteroidPotion"},{"floor":4.0,"key":"Explosive Potion"},{"floor":6.0,"key":"AttackPotion"},{"floor":13.0,"key":"Swift Potion"},{"floor":16.0,"key":"SmokeBomb"},{"floor":20.0,"key":"PowerPotion"},{"floor":23.0,"key":"LiquidBronze"},{"floor":27.0,"key":"EssenceOfSteel"},{"floor":30.0,"key":"Ancient Potion"},{"floor":31.0,"key":"Regen Potion"}],"is_trial":false,"path_per_floor":["M","M","?","M","?","E","M","R","T","R","M","?","M","?","R","B",null,"M","?","M","?","$","E","$","R","T","E","$","R","M","?","R","B"],"character_chosen":"IRONCLAD","items_purchased":["Frozen Egg 2","Shrug It Off"],"campfire_rested":3,"item_purchase_floors":[28,28],"current_hp_per_floor":[68,68,68,68,68,68,68,68,68,68,66,66,64,64,64,24,57,63,63,66,66,66,31,31,51,51,28,28,48,35,45,67,0,0],"gold":318,"neow_bonus":"ONE_RARE_RELIC","is_daily":false,"chose_seed":false,"campfire_upgraded":3,"win_rate":0.0,"timestamp":1611873126,"path_taken":["M","M","?","M","?","E","M","R","T","R","?","?","M","?","R","BOSS","M","?","M","?","$","E","$","R","T","E","$","R","?","?","R","BOSS"],"items_purchased_type":["Relic","Card"],"build_version":"2020-12-22","purchased_purges":1,"victory":false,"max_hp_per_floor":[68,68,68,68,68,68,68,68,68,68,68,68,68,68,68,68,68,68,68,68,68,68,68,68,68,68,68,68,68,71,74,74,74,74],"relic_stats":{"Blood Vial":8,"counters":[15,64],"War Paint":["Defend_R","Defend_R"],"MawBank":228,"obtain_stats":[{"Blood Vial":23,"Thread and Needle":0,"CultistMask":5,"Fusion Hammer":17,"Bag of Marbles":27,"Red Mask":31,"War Paint":26,"Frozen Egg 2":28,"MawBank":9,"Burning Blood":0,"Akabeko":6,"White Beast Statue":12},{"Blood Vial":11,"Thread and Needle":0,"CultistMask":3,"Fusion Hammer":8,"Bag of Marbles":12,"Red Mask":14,"War Paint":11,"Frozen Egg 2":12,"MawBank":5,"Burning Blood":0,"Akabeko":4,"White Beast Statue":6},{"Blood Vial":43,"Thread and Needle":0,"CultistMask":10,"Fusion Hammer":34,"Bag of Marbles":47,"Red Mask":56,"War Paint":43,"Frozen Egg 2":47,"MawBank":16,"Burning Blood":0,"Akabeko":13,"White Beast Statue":20}],"Burning Blood":65},"card_choices":[{"not_picked":["Entrench","Rage"],"picked":"Anger","floor":1.0},{"not_picked":["Ghostly Armor","Sever Soul"],"picked":"Pommel Strike","floor":2.0},{"not_picked":["Metallicize","Power Through"],"picked":"Uppercut","floor":4.0},{"not_picked":["Thunderclap","Perfected Strike"],"picked":"Feel No Pain","floor":6.0},{"not_picked":["Thunderclap","Pommel Strike"],"picked":"Bludgeon","floor":7.0},{"not_picked":["Rampage","Sword Boomerang"],"picked":"Headbutt","floor":11.0},{"not_picked":["Infernal Blade","Heavy Blade"],"picked":"Anger","floor":13.0},{"not_picked":["Barricade","Brutality"],"picked":"Feed","floor":16.0},{"not_picked":["Seeing Red","Perfected Strike"],"picked":"Pommel Strike","floor":20.0},{"not_picked":["Searing Blow","Clothesline"],"picked":"Dropkick+1","floor":23.0},{"not_picked":["Evolve","Headbutt"],"picked":"Shockwave","floor":27.0},{"not_picked":["Armaments","Body Slam"],"picked":"Sever Soul","floor":30.0}],"player_experience":644152,"relics_obtained":[{"floor":6.0,"key":"Akabeko"},{"floor":9.0,"key":"MawBank"},{"floor":23.0,"key":"Blood Vial"},{"floor":26.0,"key":"War Paint"},{"floor":27.0,"key":"Bag of Marbles"},{"floor":31.0,"key":"Red Mask"}],"event_choices":[{"damage_healed":0.0,"max_hp_gain":0.0,"max_hp_loss":0.0,"gold_gain":0.0,"event_name":"Liars Game","player_choice":"Ignored","floor":3.0,"gold_loss":0.0,"damage_taken":0.0},{"damage_healed":0.0,"max_hp_gain":0.0,"max_hp_loss":0.0,"gold_gain":0.0,"event_name":"FaceTrader","player_choice":"Trade","floor":5.0,"gold_loss":0.0,"damage_taken":0.0,"relics_obtained":["CultistMask"]},{"damage_healed":0.0,"max_hp_gain":0.0,"max_hp_loss":0.0,"gold_gain":0.0,"event_name":"Dead Adventurer","player_choice":"Searched \u00271\u0027 times","floor":12.0,"gold_loss":0.0,"damage_taken":0.0,"relics_obtained":["White Beast Statue"]},{"damage_healed":0.0,"max_hp_gain":0.0,"max_hp_loss":0.0,"gold_gain":58.0,"event_name":"Golden Wing","player_choice":"Gained Gold","floor":14.0,"gold_loss":0.0,"damage_taken":0.0},{"cards_removed":["Strike_R"],"damage_healed":0.0,"max_hp_gain":0.0,"max_hp_loss":0.0,"gold_gain":0.0,"event_name":"Purifier","player_choice":"Purged","floor":19.0,"gold_loss":0.0,"damage_taken":0.0},{"cards_removed":["Strike_R"],"damage_healed":0.0,"max_hp_gain":0.0,"max_hp_loss":0.0,"gold_gain":0.0,"event_name":"Bonfire Elementals","player_choice":"Offered Basic","floor":21.0,"gold_loss":0.0,"damage_taken":0.0},{"damage_healed":0.0,"max_hp_gain":0.0,"max_hp_loss":0.0,"gold_gain":0.0,"event_name":"Masked Bandits","player_choice":"Fought Bandits","floor":31.0,"gold_loss":0.0,"damage_taken":0.0}],"is_beta":false,"boss_relics":[{"not_picked":["Tiny House","Philosopher\u0027s Stone"],"picked":"Fusion Hammer"}],"items_purged_floors":[28],"is_endless":false,"potions_floor_spawned":[1,4,6,7,11,13,16,18,20,23,27,30,31],"killed_by":"Automaton","ascension_level":18}}