{"host":"ooe12lh8pgcirntb","time":1611860421,"event":{"mods":["AchievementEnabler","Act Like it!","BaseMod","Beaked The Cultist","Better Note","ChefMod","Colored Map","Colored Powertips","Downfall","Hallownest","Minty Spire (QoL Compilation)","StSLib","The Animator","The Bug Knight","The Disciple","The Hierophant","The Problem Sleuth"],"gold_per_floor":[210,210,9,9,24,24,55,55,134,148,158,168,298,325,325,325,325],"floor_reached":16,"language":"ENG","playtime":5773,"items_purged":[],"score":135,"play_id":"64fbb8e0-e1f5-4690-8963-dcbb62686491","local_time":"20210128140021","is_ascension_mode":false,"campfire_choices":[{"data":"HollowMod:DescendingDark","floor":6,"key":"SMITH"},{"data":"HollowMod:HerrahsAnger","floor":8,"key":"SMITH"},{"data":"HollowMod:DashSlash","floor":15,"key":"SMITH"}],"circlet_count":0,"master_deck":["HollowMod:NailStrikeStart","HollowMod:NailStrikeStart","HollowMod:NailStrikeStart","HollowMod:NailStrikeStart","HollowMod:QuickDashStart","HollowMod:QuickDashStart","HollowMod:QuickDashStart","HollowMod:QuickDashStart","HollowMod:FocusHealStart","HollowMod:PogoStrike","HollowMod:DashSlash+1","HollowMod:DescendingDark+1","HollowMod:HerrahsAnger+1","HollowMod:RecoilStrike+1","HollowMod:SiblingsShadow"],"relics":["HollowMod:VesselMask","hexamod:BolsterEngine","Centennial Puzzle","Molten Egg 2","HollowMod:DelicateFlower"],"acts_visited":["Exordium"],"potions_floor_usage":[16,16],"damage_taken":[{"damage":4,"enemies":"Hallownest:monsterHuskGuard","floor":1,"turns":4},{"damage":0,"enemies":"Hallownest:2_Baldur","floor":5,"turns":4},{"damage":5,"enemies":"Hallownest:eliteVengeflyKing","floor":7,"turns":5},{"damage":0,"enemies":"Hallownest:2_MossCreeps","floor":10,"turns":3},{"damage":10,"enemies":"Hallownest:Wandering_and_Horned","floor":11,"turns":3},{"damage":0,"enemies":"Hallownest:MossCreep_and_Mosskin","floor":12,"turns":4},{"damage":0,"enemies":"Hallownest:eliteMossKnight","floor":14,"turns":5},{"damage":70,"enemies":"Hallownest:BossHornet","floor":16,"turns":13}],"seed_played":"7153550941362407154","potions_obtained":[{"floor":1,"key":"Explosive Potion"},{"floor":12,"key":"SneckoOil"}],"is_trial":false,"path_per_floor":["M","?","$","?","M","R","E","R","T","M","M","M","?","E","R","B"],"character_chosen":"THE_BUGKNIGHT","items_purchased":["hexamod:BolsterEngine","HollowMod:DashSlash"],"campfire_rested":0,"item_purchase_floors":[3,3],"current_hp_per_floor":[75,75,75,66,66,66,67,67,67,67,57,57,57,57,57,0,0],"gold":325,"neow_bonus":"HUNDRED_GOLD","is_daily":false,"chose_seed":false,"campfire_upgraded":3,"win_rate":0.0,"timestamp":1611860421,"path_taken":["M","?","$","?","M","R","E","R","T","M","M","M","?","E","R","BOSS"],"items_purchased_type":["Relic","Card"],"build_version":"2020-12-22","purchased_purges":0,"victory":false,"max_hp_per_floor":[75,75,75,75,75,75,75,75,75,75,75,75,75,75,75,75,75],"card_choices":[{"not_picked":["HollowMod:DesolateDive","HollowMod:SharpenedNail","HollowMod:PerfectDash"],"picked":"SKIP","floor":1},{"not_picked":["HollowMod:InfectedCysts","HollowMod:NewJinnsSoul"],"picked":"HollowMod:DescendingDark","floor":5},{"not_picked":["HollowMod:SoulSplash","HollowMod:GoodIntentions"],"picked":"HollowMod:HerrahsAnger","floor":7},{"not_picked":["HollowMod:MonomonsArchive","HollowMod:LuriensSpire"],"picked":"HollowMod:RecoilStrike+1","floor":10},{"not_picked":["HollowMod:HeavyBlow+1","HollowMod:InfectedCysts+1","HollowMod:MonomonsArchive"],"picked":"SKIP","floor":11},{"not_picked":["HollowMod:InfectedAttack+1","HollowMod:SoulVessel","HollowMod:HeavyBlow+1"],"picked":"SKIP","floor":12},{"not_picked":["HollowMod:theNailsmith","HollowMod:NewJinnsSoul"],"picked":"HollowMod:SiblingsShadow","floor":14}],"player_experience":806262,"relics_obtained":[{"floor":7,"key":"Centennial Puzzle"},{"floor":9,"key":"Molten Egg 2"},{"floor":14,"key":"HollowMod:DelicateFlower"}],"event_choices":[],"is_beta":false,"boss_relics":[],"items_purged_floors":[],"is_endless":false,"potions_floor_spawned":[1,12],"killed_by":"Hallownest:BossHornet","ascension_level":0}}