{"host":"s3s7xsmblwiz356v","time":1611877288,"event":{"mods":["AchievementEnabler","BaseMod","Block Reminder","Colored Map","Colored Powertips","Minty Spire (QoL Compilation)"],"gold_per_floor":[116,116,31,109,57,57,57,57,84,113,113,113,73,104,104,181,181,195,229,229,229,229],"floor_reached":21,"language":"ENG","playtime":696,"items_purged":[],"score":331,"play_id":"6a9ce9b2-ced1-4d41-9ae1-2fe73f16a918","local_time":"20210128184128","is_ascension_mode":true,"campfire_choices":[{"data":"Defragment","floor":6,"key":"SMITH"},{"data":"Consume","floor":8,"key":"SMITH"},{"data":"Core Surge","floor":11,"key":"SMITH"},{"data":"Defragment","floor":15,"key":"SMITH"}],"circlet_count":0,"master_deck":["AscendersBane","Strike_B","Strike_B","Defend_B","Defend_B","Defend_B","Defend_B","Zap","Dualcast","Core Surge+1","Consume+1","Defragment+1","Ball Lightning","Parasite","Defragment+1","Ball Lightning","Electrodynamics","Go for the Eyes","Buffer","Fission","Cold Snap"],"relics":["Cracked Core","Gremlin Horn","Ancient Tea Set","Vajra","Toy Ornithopter","Cursed Key","Red Mask"],"acts_visited":["Exordium","TheCity"],"potions_floor_usage":[18],"damage_taken":[{"damage":0,"enemies":"Small Slimes","floor":1,"turns":2},{"damage":36,"enemies":"Gremlin Nob","floor":10,"turns":4},{"damage":20,"enemies":"3 Sentries","floor":14,"turns":4},{"damage":22,"enemies":"Hexaghost","floor":16,"turns":7},{"damage":13,"enemies":"2 Thieves","floor":18,"turns":3},{"damage":29,"enemies":"Masked Bandits","floor":19,"turns":4},{"damage":18,"enemies":"Shell Parasite","floor":21,"turns":3}],"seed_played":"-4643731743392282","potions_obtained":[{"floor":16,"key":"SpeedPotion"}],"is_trial":false,"path_per_floor":["M","?","$","?","$","R","T","R","T","E","R","?","$","E","R","B",null,"M","?","?","M"],"character_chosen":"DEFECT","items_purchased":["Defragment","Ball Lightning","Defragment"],"campfire_rested":0,"item_purchase_floors":[3,5,13],"current_hp_per_floor":[64,64,64,64,64,64,64,64,64,28,28,45,45,25,25,3,54,46,17,17,0,0],"gold":229,"neow_bonus":"THREE_RARE_CARDS","is_daily":false,"chose_seed":false,"campfire_upgraded":4,"win_rate":0.0,"timestamp":1611877288,"path_taken":["M","?","?","?","$","R","?","R","T","E","R","?","$","E","R","BOSS","M","?","?","M"],"items_purchased_type":["Card","Card","Card"],"build_version":"2020-12-22","purchased_purges":0,"victory":false,"max_hp_per_floor":[71,71,71,71,71,71,71,71,71,71,71,71,71,71,71,71,71,71,71,71,71,71],"card_choices":[{"not_picked":["Thunder Strike","Creative AI"],"picked":"Core Surge","floor":0},{"not_picked":["Go for the Eyes","Doom and Gloom"],"picked":"Consume","floor":1},{"not_picked":["Heatsinks","Aggregate","Streamline"],"picked":"SKIP","floor":10},{"not_picked":["Rebound","Redo"],"picked":"Ball Lightning","floor":14},{"not_picked":["Machine Learning","Multi-Cast"],"picked":"Electrodynamics","floor":16},{"not_picked":["Gash","Turbo"],"picked":"Go for the Eyes","floor":18},{"not_picked":["Barrage","Gash"],"picked":"Buffer","floor":19}],"player_experience":530602,"relics_obtained":[{"floor":7,"key":"Gremlin Horn"},{"floor":9,"key":"Ancient Tea Set"},{"floor":10,"key":"Vajra"},{"floor":14,"key":"Toy Ornithopter"},{"floor":19,"key":"Red Mask"}],"event_choices":[{"cards_removed":["Normality"],"damage_healed":0,"gold_gain":0,"player_choice":"Removed Curses","damage_taken":0,"max_hp_gain":0,"max_hp_loss":0,"event_name":"Fountain of Cleansing","floor":2,"gold_loss":0},{"damage_healed":0,"gold_gain":78,"player_choice":"Gained Gold","damage_taken":0,"max_hp_gain":0,"max_hp_loss":0,"event_name":"Golden Wing","floor":4,"gold_loss":0},{"damage_healed":17,"gold_gain":0,"player_choice":"Healed and dodged fight","damage_taken":0,"max_hp_gain":0,"max_hp_loss":0,"event_name":"Mushrooms","floor":12,"gold_loss":0,"cards_obtained":["Parasite"]},{"damage_healed":0,"gold_gain":0,"player_choice":"Fought Bandits","damage_taken":0,"max_hp_gain":0,"max_hp_loss":0,"event_name":"Masked Bandits","floor":19,"gold_loss":0},{"damage_healed":0,"gold_gain":0,"cards_transformed":["Strike_B","Strike_B"],"player_choice":"Became Test Subject","damage_taken":0,"max_hp_gain":0,"max_hp_loss":0,"event_name":"Drug Dealer","floor":20,"gold_loss":0,"cards_obtained":["Fission","Cold Snap"]}],"is_beta":false,"boss_relics":[{"not_picked":["Busted Crown","Sozu"],"picked":"Cursed Key"}],"items_purged_floors":[],"is_endless":false,"potions_floor_spawned":[16],"killed_by":"Shell Parasite","ascension_level":17}}