{"host":"2e3z4r48quhw80cc","time":1611850520,"event":{"mods":["BaseMod","Minty Spire (QoL Compilation)","Quick Restart","StSLib","SuperFastMode"],"gold_per_floor":[219,236,236,236,236,267,267,286,312,338,354,368,398,418,418,522,522,537,547,547,329,340,373,384,384,407,439,439,452,377,65,65,65,65],"floor_reached":33,"language":"KOR","playtime":936,"items_purged":["Strike_B"],"score":462,"play_id":"f9b0c19a-5b40-4043-bf40-cc5d7bd708cf","local_time":"20210129011520","is_ascension_mode":true,"campfire_choices":[{"data":"Zap","floor":7.0,"key":"SMITH"},{"floor":15.0,"key":"REST"},{"floor":25.0,"key":"REST"},{"floor":32.0,"key":"REST"}],"circlet_count":0,"master_deck":["Strike_B+1","Strike_B","Defend_B","Defend_B","Defend_B","Defend_B","Zap+1","Dualcast","Ball Lightning+1","Doom and Gloom","FTL","Fission+1","Coolheaded+1","Biased Cognition","Defragment+1","Echo Form","Tempest+1","Loop"],"relics":["Cracked Core","Mercury Hourglass","Shuriken","Centennial Puzzle","Lantern","Happy Flower","Toxic Egg 2","Odd Mushroom","SlaversCollar","Oddly Smooth Stone","Matryoshka","Cables","Whetstone","White Beast Statue","Mummified Hand"],"acts_visited":["Exordium","TheCity"],"potions_floor_usage":[33],"damage_taken":[{"damage":0.0,"enemies":"2 Louse","floor":1.0,"turns":2.0},{"damage":2.0,"enemies":"Jaw Worm","floor":2.0,"turns":2.0},{"damage":8.0,"enemies":"Gremlin Nob","floor":6.0,"turns":3.0},{"damage":0.0,"enemies":"Small Slimes","floor":8.0,"turns":1.0},{"damage":15.0,"enemies":"3 Sentries","floor":10.0,"turns":3.0},{"damage":4.0,"enemies":"Red Slaver","floor":11.0,"turns":2.0},{"damage":0.0,"enemies":"Gremlin Gang","floor":12.0,"turns":3.0},{"damage":13.0,"enemies":"Gremlin Nob","floor":13.0,"turns":3.0},{"damage":0.0,"enemies":"The Mushroom Lair","floor":14.0,"turns":2.0},{"damage":0.0,"enemies":"Slime Boss","floor":16.0,"turns":5.0},{"damage":10.0,"enemies":"3 Byrds","floor":18.0,"turns":2.0},{"damage":2.0,"enemies":"Chosen","floor":19.0,"turns":3.0},{"damage":9.0,"enemies":"Centurion and Healer","floor":22.0,"turns":4.0},{"damage":19.0,"enemies":"Slavers","floor":23.0,"turns":3.0},{"damage":12.0,"enemies":"Cultist and Chosen","floor":24.0,"turns":3.0},{"damage":6.0,"enemies":"Book of Stabbing","floor":27.0,"turns":3.0},{"damage":29.0,"enemies":"3 Cultists","floor":29.0,"turns":4.0},{"damage":32,"enemies":"Collector","floor":33,"turns":3}],"seed_played":"-4163924742123856451","potions_obtained":[{"floor":2.0,"key":"Ancient Potion"},{"floor":11.0,"key":"FearPotion"},{"floor":12.0,"key":"Fire Potion"},{"floor":18.0,"key":"SpeedPotion"},{"floor":20.0,"key":"PowerPotion"},{"floor":20.0,"key":"Dexterity Potion"},{"floor":22.0,"key":"BlessingOfTheForge"},{"floor":29.0,"key":"Energy Potion"}],"is_trial":false,"path_per_floor":["M","M","?","?","T","E","R","M","T","E","M","M","E","?","R","B",null,"M","M","?","$","M","E","M","R","T","E","?","M","?","$","R","B"],"character_chosen":"DEFECT","items_purchased":["Oddly Smooth Stone","Mummified Hand","Loop"],"campfire_rested":3,"item_purchase_floors":[21,31,31],"current_hp_per_floor":[68,66,48,53,53,45,45,45,45,30,26,26,13,13,37,37,69,59,57,57,57,48,29,17,41,41,35,35,6,6,6,30,0,0],"gold":65,"neow_bonus":"HUNDRED_GOLD","is_daily":false,"chose_seed":false,"campfire_upgraded":1,"win_rate":0.0,"timestamp":1611850520,"path_taken":["M","M","?","?","?","E","R","M","T","E","M","M","E","?","R","BOSS","M","M","?","$","?","E","?","R","T","E","?","M","?","?","R","BOSS"],"items_purchased_type":["Relic","Relic","Card"],"build_version":"2020-12-22","purchased_purges":1,"victory":false,"max_hp_per_floor":[75,75,75,80,80,80,80,80,80,80,80,80,80,80,80,80,80,80,80,80,80,80,80,80,80,80,80,80,80,80,80,80,80,80],"card_choices":[{"not_picked":["Compile Driver","Cold Snap"],"picked":"Ball Lightning","floor":1.0},{"not_picked":["Streamline","Stack","Beam Cell"],"picked":"SKIP","floor":2.0},{"not_picked":["Lockon","Amplify","Steam"],"picked":"SKIP","floor":6.0},{"not_picked":["Barrage","Cold Snap"],"picked":"Doom and Gloom","floor":8.0},{"not_picked":["Sunder","Hello World","Redo"],"picked":"SKIP","floor":10.0},{"not_picked":["Rebound","Doom and Gloom"],"picked":"FTL","floor":11.0},{"not_picked":["Redo","Barrage","Steam"],"picked":"SKIP","floor":12.0},{"not_picked":["Undo+1","Skim+1"],"picked":"Fission+1","floor":13.0},{"not_picked":["Streamline","Beam Cell"],"picked":"Coolheaded+1","floor":14.0},{"not_picked":["Reboot+1","Hyperbeam"],"picked":"Biased Cognition","floor":16.0},{"not_picked":["Force Field+1","Go for the Eyes+1"],"picked":"Defragment+1","floor":18.0},{"not_picked":["BootSequence+1","Steam+1","Stack+1"],"picked":"SKIP","floor":19.0},{"not_picked":["FTL","Go for the Eyes+1"],"picked":"Echo Form","floor":22.0},{"not_picked":["Reboot+1","Beam Cell"],"picked":"Tempest+1","floor":23.0},{"not_picked":["Ball Lightning","Sweeping Beam+1","Blizzard"],"picked":"SKIP","floor":24.0},{"not_picked":["Beam Cell","Cold Snap","Fusion+1"],"picked":"SKIP","floor":27.0},{"not_picked":["Cold Snap","Compile Driver","Barrage"],"picked":"SKIP","floor":29.0}],"player_experience":76919,"relics_obtained":[{"floor":5.0,"key":"Shuriken"},{"floor":6.0,"key":"Centennial Puzzle"},{"floor":9.0,"key":"Lantern"},{"floor":10.0,"key":"Happy Flower"},{"floor":13.0,"key":"Toxic Egg 2"},{"floor":14.0,"key":"Odd Mushroom"},{"floor":23.0,"key":"Matryoshka"},{"floor":26.0,"key":"Cables"},{"floor":26.0,"key":"Whetstone"},{"floor":27.0,"key":"White Beast Statue"}],"event_choices":[{"damage_healed":0.0,"max_hp_gain":0.0,"max_hp_loss":0.0,"gold_gain":0.0,"event_name":"Scrap Ooze","player_choice":"Success","floor":3.0,"gold_loss":0.0,"damage_taken":18.0,"relics_obtained":["Mercury Hourglass"]},{"damage_healed":0.0,"max_hp_gain":5.0,"max_hp_loss":0.0,"gold_gain":0.0,"event_name":"Big Fish","player_choice":"Donut","floor":4.0,"gold_loss":0.0,"damage_taken":0.0},{"damage_healed":0.0,"max_hp_gain":0.0,"max_hp_loss":0.0,"gold_gain":0.0,"event_name":"Mushrooms","player_choice":"Fought Mushrooms","floor":14.0,"gold_loss":0.0,"damage_taken":0.0},{"damage_healed":0.0,"max_hp_gain":0.0,"max_hp_loss":0.0,"gold_gain":0.0,"event_name":"Lab","player_choice":"Got Potions","floor":20.0,"gold_loss":0.0,"damage_taken":0.0},{"damage_healed":0.0,"max_hp_gain":0.0,"max_hp_loss":0.0,"gold_gain":0.0,"event_name":"Vampires","player_choice":"Ignored","floor":28.0,"gold_loss":0.0,"damage_taken":0.0},{"cards_removed":["Strike_B"],"damage_healed":0.0,"max_hp_gain":0.0,"max_hp_loss":0.0,"gold_gain":0.0,"event_name":"Beggar","player_choice":"Gave Gold","floor":30.0,"gold_loss":75.0,"damage_taken":0.0}],"is_beta":false,"boss_relics":[{"not_picked":["Coffee Dripper","Fusion Hammer"],"picked":"SlaversCollar"}],"items_purged_floors":[21],"is_endless":false,"potions_floor_spawned":[2,11,12,18,22,29],"killed_by":"Collector","ascension_level":6}}