{"host":"rolltorest","time":1611819079,"event":{"mods":["BaseMod","Jorbs\u0027s Wanderer Trilogy","Koishi","Minty Spire (QoL Compilation)","Relic Stats","Robot Space Explorer","Slay the Relics Exporter","StSLib","The Servant 0.9.4"],"gold_per_floor":[116,116,133,143,157,191,191,216,290,47,73,88,88,101,101,175,175,193,118,171,191,36,62,62,78,103,135,148,11,11,40,40,118,118,134,180,180,194,208,242,272,296,308,354,416,457,480,520,532,544,556,568,580,39,73,73],"floor_reached":57,"language":"ENG","playtime":2313,"items_purged":["Koishi:BasicStrike","Koishi:BasicStrike","Shame"],"score":3382,"play_id":"e70ee1a5-3848-4d33-8d67-87ca0b102df5","local_time":"20210127233119","is_ascension_mode":true,"campfire_choices":[{"data":"Koishi:StingingMind","floor":7,"key":"SMITH"},{"data":"Koishi:Untouchable","floor":15,"key":"SMITH"},{"data":"Koishi:PerfectMindControl","floor":24,"key":"SMITH"},{"data":"Koishi:GhostParty","floor":32,"key":"SMITH"},{"floor":49,"key":"RECALL"},{"data":"Koishi:Whimsy","floor":53,"key":"SMITH"}],"circlet_count":0,"master_deck":["AscendersBane","Koishi:BasicStrike","Koishi:BasicDefend+1","Koishi:BasicDefend","Koishi:BasicDefend","Koishi:BasicDefend","Koishi:Provoke","Koishi:HauntingSlash","Koishi:SilentAndRestless","Koishi:FidgetySnatcher","Koishi:EmbryosDream+1","Koishi:SprinkleStarAndHeart","Koishi:StingingMind+1","Koishi:LastRemote","Koishi:Untouchable+1","Koishi:Whimsy+1","Koishi:GrowingPain","Koishi:BloodcurdlingScream","Koishi:RacingHeart","Koishi:PerfectMindControl+1","CurseOfTheBell","Koishi:Prune+1","Koishi:StingingMind+1","Koishi:DreadfulBlow+1","Koishi:Untouchable","Koishi:SpiritedAway+1","Koishi:GhostParty+1","Koishi:RuptureMind+1","Koishi:SpiritedAway+1","Koishi:VengefulSpirit","Koishi:Heartbroken+1","Koishi:UnseenTerror+1","Koishi:DanmakuParanoia+1","Koishi:SilentAndRestless+1","Koishi:PhantomStrike+1","Koishi:FleetingPhantom","Koishi:Vanish+1"],"relics":["Koishi:ImaginaryFriend","Spirit Poop","Koishi:BloodstainedWhiteRose","Ginger","Mercury Hourglass","Bag of Preparation","Happy Flower","Pen Nib","Calling Bell","War Paint","Molten Egg 2","Lizard Tail","Orichalcum","PreservedInsect","Strawberry","The Courier","Frozen Egg 2","Philosopher\u0027s Stone","StoneCalendar","MawBank","Mango","Bottled Tornado","Oddly Smooth Stone","Koishi:LettersToReimu","Thread and Needle","Nunchaku"],"acts_visited":["Exordium","TheCity","TheBeyond","TheEnding"],"potions_floor_usage":[20,35,56],"damage_taken":[{"damage":4,"enemies":"Jaw Worm","floor":1,"turns":5},{"damage":6,"enemies":"Cultist","floor":3,"turns":4},{"damage":3,"enemies":"2 Louse","floor":4,"turns":4},{"damage":5,"enemies":"Large Slime","floor":5,"turns":8},{"damage":6,"enemies":"Gremlin Nob","floor":6,"turns":4},{"damage":5,"enemies":"Lagavulin","floor":8,"turns":7},{"damage":2,"enemies":"Gremlin Nob","floor":11,"turns":4},{"damage":2,"enemies":"3 Louse","floor":12,"turns":3},{"damage":2,"enemies":"Looter","floor":14,"turns":3},{"damage":7,"enemies":"The Guardian","floor":16,"turns":10},{"damage":0,"enemies":"3 Byrds","floor":18,"turns":5},{"damage":6,"enemies":"2 Thieves","floor":20,"turns":4},{"damage":4,"enemies":"Snake Plant","floor":21,"turns":4},{"damage":15,"enemies":"Slavers","floor":23,"turns":5},{"damage":0,"enemies":"Sentry and Sphere","floor":25,"turns":6},{"damage":0,"enemies":"Book of Stabbing","floor":27,"turns":5},{"damage":0,"enemies":"Snecko","floor":28,"turns":5},{"damage":0,"enemies":"Slavers","floor":31,"turns":2},{"damage":1,"enemies":"Automaton","floor":33,"turns":11},{"damage":0,"enemies":"3 Shapes","floor":35,"turns":1},{"damage":0,"enemies":"2 Orb Walkers","floor":36,"turns":4},{"damage":0,"enemies":"3 Darklings","floor":38,"turns":4},{"damage":0,"enemies":"Transient","floor":39,"turns":6},{"damage":2,"enemies":"Giant Head","floor":40,"turns":5},{"damage":0,"enemies":"Writhing Mass","floor":41,"turns":2},{"damage":11,"enemies":"3 Darklings","floor":42,"turns":6},{"damage":0,"enemies":"Nemesis","floor":44,"turns":5},{"damage":0,"enemies":"Giant Head","floor":46,"turns":5},{"damage":0,"enemies":"Jaw Worm Horde","floor":47,"turns":3},{"damage":0,"enemies":"Reptomancer","floor":48,"turns":3},{"damage":9,"enemies":"Awakened One","floor":50,"turns":10},{"damage":8,"enemies":"Time Eater","floor":51,"turns":8},{"damage":0,"enemies":"Shield and Spear","floor":55,"turns":6},{"damage":0,"enemies":"The Heart","floor":56,"turns":8}],"seed_played":"7477647202841960846","potions_obtained":[{"floor":1,"key":"Energy Potion"},{"floor":5,"key":"Strength Potion"},{"floor":21,"key":"LiquidMemories"},{"floor":27,"key":"PowerPotion"},{"floor":35,"key":"BlessingOfTheForge"},{"floor":48,"key":"Swift Potion"}],"is_trial":false,"path_per_floor":["M","?","M","M","M","E","R","E","T","$","E","M","?","M","R","B",null,"M","?","M","M","$","E","R","M","T","E","M","$","?","E","R","B",null,"M","?","?","M","M","E","M","M","T","E","?","E","M","E","R","B","B",null,"R","$","E","B",null],"character_chosen":"KOISHI","items_purchased":["Koishi:Whimsy","Bag of Preparation","Koishi:Untouchable","Koishi:VengefulSpirit","Koishi:LettersToReimu","Thread and Needle"],"campfire_rested":0,"item_purchase_floors":[10,10,22,29,54,54],"current_hp_per_floor":[49,49,44,41,37,36,36,44,44,44,50,51,40,42,42,50,55,57,57,51,50,50,39,39,45,45,61,64,64,64,64,64,64,64,64,64,64,64,64,64,64,64,64,78,78,78,78,78,78,78,78,78,78,78,78,78],"gold":73,"neow_bonus":"THREE_RARE_CARDS","is_daily":false,"chose_seed":false,"campfire_upgraded":5,"win_rate":0.0,"timestamp":1611819079,"path_taken":["M","?","M","M","?","E","R","E","T","$","E","M","?","M","R","BOSS","M","?","M","M","$","E","R","M","T","E","M","$","?","E","R","BOSS","M","?","?","?","M","E","M","M","T","E","?","E","M","E","R","BOSS","BOSS","R","$","E","BOSS"],"items_purchased_type":["Card","Relic","Card","Card","Relic","Relic"],"build_version":"2020-12-18","purchased_purges":3,"victory":true,"max_hp_per_floor":[57,57,57,57,57,57,57,57,57,57,57,57,57,57,57,57,57,57,57,57,57,57,57,57,57,57,64,64,64,64,64,64,64,64,64,64,64,64,64,64,64,64,64,78,78,78,78,78,78,78,78,78,78,78,78,78],"relic_stats":{"Happy Flower":[46],"counters":[34,175],"StoneCalendar":[104],"Pen Nib":[22],"PreservedInsect":542,"Bag of Preparation":[53],"Ginger":[12],"War Paint":["Koishi:EmbryosDream","Koishi:BasicDefend"],"Orichalcum":[354],"MawBank":168,"Mercury Hourglass":[567],"Lizard Tail":0,"Nunchaku":[1],"obtain_stats":[{"Spirit Poop":2,"StoneCalendar":36,"Mango":44,"Bag of Preparation":10,"Ginger":8,"Bottled Tornado":46,"Lizard Tail":17,"Nunchaku":55,"Strawberry":27,"Philosopher\u0027s Stone":34,"Koishi:BloodstainedWhiteRose":6,"Koishi:LettersToReimu":54,"Happy Flower":11,"Oddly Smooth Stone":48,"Thread and Needle":54,"Pen Nib":13,"PreservedInsect":26,"The Courier":30,"War Paint":17,"Orichalcum":23,"Frozen Egg 2":31,"MawBank":40,"Mercury Hourglass":9,"Calling Bell":17,"Molten Egg 2":17,"Koishi:ImaginaryFriend":0},{"Spirit Poop":1,"StoneCalendar":21,"Mango":27,"Bag of Preparation":6,"Ginger":6,"Bottled Tornado":28,"Lizard Tail":10,"Nunchaku":33,"Strawberry":16,"Philosopher\u0027s Stone":19,"Koishi:BloodstainedWhiteRose":5,"Koishi:LettersToReimu":32,"Happy Flower":7,"Oddly Smooth Stone":30,"Thread and Needle":32,"Pen Nib":8,"PreservedInsect":15,"The Courier":17,"War Paint":10,"Orichalcum":14,"Frozen Egg 2":18,"MawBank":24,"Mercury Hourglass":6,"Calling Bell":10,"Molten Egg 2":10,"Koishi:ImaginaryFriend":0},{"Spirit Poop":5,"StoneCalendar":104,"Mango":132,"Bag of Preparation":32,"Ginger":32,"Bottled Tornado":137,"Lizard Tail":52,"Nunchaku":167,"Strawberry":81,"Philosopher\u0027s Stone":99,"Koishi:BloodstainedWhiteRose":25,"Koishi:LettersToReimu":161,"Happy Flower":36,"Oddly Smooth Stone":143,"Thread and Needle":161,"Pen Nib":39,"PreservedInsect":76,"The Courier":86,"War Paint":52,"Orichalcum":70,"Frozen Egg 2":88,"MawBank":119,"Mercury Hourglass":32,"Calling Bell":52,"Molten Egg 2":52,"Koishi:ImaginaryFriend":0}]},"card_choices":[{"not_picked":["Koishi:FormlessExistence","Koishi:RoseHell"],"picked":"Koishi:SilentAndRestless","floor":0},{"not_picked":["Koishi:RorschachInDanmaku","Koishi:GeneticsOfTheUnconscious"],"picked":"Koishi:FidgetySnatcher","floor":1},{"not_picked":["Koishi:StrangeCloudFist","Koishi:PhantomStrike"],"picked":"Koishi:EmbryosDream","floor":3},{"not_picked":["Koishi:Catatonia","Koishi:Prune"],"picked":"Koishi:SprinkleStarAndHeart","floor":4},{"not_picked":["Koishi:EmbersOfLove","Koishi:Jaunt"],"picked":"Koishi:StingingMind","floor":5},{"not_picked":["Koishi:SpiritedAway","Koishi:GeneticsOfTheUnconscious"],"picked":"Koishi:LastRemote","floor":6},{"not_picked":["Koishi:TraumaticStroke","Koishi:UnansweredLove"],"picked":"Koishi:Untouchable","floor":8},{"not_picked":["Koishi:ReleaseOfTheId","Koishi:Prune"],"picked":"Koishi:GrowingPain","floor":11},{"not_picked":["Koishi:FidgetySnatcher","Koishi:MassHysteria"],"picked":"Koishi:BloodcurdlingScream","floor":12},{"not_picked":["Koishi:ReleaseOfTheId","Koishi:EmbryosDream"],"picked":"Koishi:RacingHeart","floor":14},{"not_picked":["Koishi:MentalBreakdown","Koishi:RoseHell"],"picked":"Koishi:PerfectMindControl","floor":16},{"not_picked":["Koishi:BramblyRoseGarden","Koishi:PhantomStrike+1"],"picked":"Koishi:Prune+1","floor":18},{"not_picked":["Koishi:SubconsciousSweep+1","Koishi:DreadfulBlow+1"],"picked":"Koishi:StingingMind+1","floor":20},{"not_picked":["Koishi:JumpScare","Koishi:Prune+1"],"picked":"Koishi:DreadfulBlow+1","floor":21},{"not_picked":["Koishi:SubterraneanRose","Koishi:HeartAttack+1"],"picked":"Koishi:SpiritedAway+1","floor":23},{"not_picked":["Koishi:EmbersOfLove","Koishi:SprinkleStarAndHeart"],"picked":"Koishi:GhostParty","floor":25},{"not_picked":["Koishi:Prune+1","Koishi:LastRemote+1"],"picked":"Koishi:RuptureMind+1","floor":27},{"not_picked":["Koishi:PhantomBarrier","Koishi:Prune+1"],"picked":"Koishi:SpiritedAway+1","floor":28},{"not_picked":["Koishi:BloodcurdlingScream+1","Koishi:JumpScare","Koishi:Prune+1"],"picked":"SKIP","floor":31},{"not_picked":["Koishi:RollingInRichesHeart","Koishi:TerrifyingSpectre+1"],"picked":"Koishi:Heartbroken+1","floor":33},{"not_picked":["Koishi:RacingHeart+1","Koishi:FleetingPhantom"],"picked":"Koishi:UnseenTerror+1","floor":35},{"not_picked":["Koishi:FleetingPhantom","Koishi:Prune+1"],"picked":"Koishi:DanmakuParanoia+1","floor":36},{"not_picked":["Koishi:HeartfeltFancy","Koishi:Untouchable+1","Koishi:CatchAndRose"],"picked":"SKIP","floor":38},{"not_picked":["Koishi:PhantomBarrier","Koishi:HeartfeltFancy+1","Koishi:PredatoryInstincts"],"picked":"SKIP","floor":39},{"not_picked":["Koishi:UnconsciousUprising","Koishi:FourthEye","Koishi:SprinkleStarAndHeart"],"picked":"SKIP","floor":40},{"not_picked":["Koishi:StingingMind+1","Koishi:DreadfulBlow+1"],"picked":"Koishi:PhantomStrike+1","floor":41},{"not_picked":["Koishi:EmbryosDream","Koishi:SpiritedAway+1","Koishi:PhantomStrike+1"],"picked":"SKIP","floor":42},{"not_picked":["Koishi:GhostParty","Koishi:Prune+1","Koishi:BramblyRoseGarden+1"],"picked":"SKIP","floor":44},{"not_picked":["Koishi:SpiritedAway+1","Koishi:FreudianInstinct+1","Koishi:DreadfulBlow+1"],"picked":"SKIP","floor":46},{"not_picked":["Koishi:SubterraneanRose+1","Koishi:RollingInRichesHeart","Koishi:Prune+1"],"picked":"SKIP","floor":47},{"not_picked":["Koishi:DreadfulBlow+1","Koishi:Ego+1"],"picked":"Koishi:FleetingPhantom","floor":48},{"not_picked":["Koishi:PredatoryInstincts","Koishi:DreadfulBlow+1"],"picked":"Koishi:Vanish+1","floor":55}],"player_experience":2254291,"relics_obtained":[{"floor":6,"key":"Koishi:BloodstainedWhiteRose"},{"floor":8,"key":"Ginger"},{"floor":9,"key":"Mercury Hourglass"},{"floor":11,"key":"Happy Flower"},{"floor":17,"key":"War Paint"},{"floor":17,"key":"Molten Egg 2"},{"floor":17,"key":"Lizard Tail"},{"floor":23,"key":"Orichalcum"},{"floor":26,"key":"PreservedInsect"},{"floor":27,"key":"Strawberry"},{"floor":31,"key":"Frozen Egg 2"},{"floor":36,"key":"StoneCalendar"},{"floor":40,"key":"MawBank"},{"floor":44,"key":"Mango"},{"floor":46,"key":"Bottled Tornado"},{"floor":48,"key":"Oddly Smooth Stone"},{"floor":55,"key":"Nunchaku"}],"event_choices":[{"cards_removed":["Decay"],"damage_healed":0,"gold_gain":0,"player_choice":"Offered Curse","damage_taken":0,"relics_obtained":["Spirit Poop"],"max_hp_gain":0,"max_hp_loss":0,"event_name":"Bonfire Elementals","floor":2,"gold_loss":0},{"damage_healed":0,"gold_gain":0,"player_choice":"Success","damage_taken":11,"relics_obtained":["Pen Nib"],"max_hp_gain":0,"max_hp_loss":0,"event_name":"Scrap Ooze","floor":13,"gold_loss":0},{"cards_removed":["Koishi:BasicStrike"],"damage_healed":0,"gold_gain":0,"player_choice":"Gave Gold","damage_taken":0,"max_hp_gain":0,"max_hp_loss":0,"event_name":"Beggar","floor":19,"gold_loss":75},{"damage_healed":0,"gold_gain":0,"player_choice":"Stole Relic","damage_taken":0,"relics_obtained":["The Courier"],"max_hp_gain":0,"max_hp_loss":0,"event_name":"Addict","floor":30,"gold_loss":0,"cards_obtained":["Shame"]},{"damage_healed":0,"gold_gain":0,"player_choice":"Fight","damage_taken":0,"max_hp_gain":0,"max_hp_loss":0,"event_name":"Mysterious Sphere","floor":36,"gold_loss":0},{"damage_healed":0,"gold_gain":0,"player_choice":"Copied","damage_taken":0,"max_hp_gain":0,"max_hp_loss":0,"event_name":"Duplicator","floor":37,"gold_loss":0,"cards_obtained":["Koishi:SilentAndRestless"]},{"damage_healed":0,"gold_gain":50,"player_choice":"Pray","damage_taken":0,"max_hp_gain":0,"max_hp_loss":0,"event_name":"Golden Shrine","floor":45,"gold_loss":0}],"is_beta":true,"boss_relics":[{"not_picked":["Astrolabe","Fusion Hammer"],"picked":"Calling Bell"},{"not_picked":["Pandora\u0027s Box","SacredBark"],"picked":"Philosopher\u0027s Stone"}],"items_purged_floors":[22,29,54],"is_endless":false,"potions_floor_spawned":[1,5,11,12,16,21,25,27,35,39,41,44,48],"ascension_level":20}}