{"host":"gltm229u6j2oow3a","time":1611816573,"event":{"mods":["BaseMod","Colored Powertips","Minty Spire (QoL Compilation)","[IsaacMod]ÒÔÈö¼âËþ"],"gold_per_floor":[234,234,234,234,11,41,41,71,71,87,118,130,141,174,174,272,272,289,289,301,316,334,363,295,295,322,247,247,247],"floor_reached":28,"language":"ZHS","playtime":790,"items_purged":["Regret"],"score":400,"play_id":"74c0cb61-16eb-49b9-9cc3-58dc80ace12d","local_time":"20210128144933","is_ascension_mode":true,"campfire_choices":[{"data":"DoctorFetus","floor":7,"key":"SMITH"},{"data":"Flex","floor":15,"key":"SMITH"},{"floor":25,"key":"REST"}],"circlet_count":0,"master_deck":["Defend_R","Defend_R","Defend_R","Defend_R","Bash","DoctorFetus+1","Second Wind","Inflame","Flex+1","Thunderclap","Spot Weakness","Iron Wave","Flex","Fiend Fire","Bite","Bite","Bite","Bite","Warcry+1","Exhume","Cleave+1","Dark Embrace"],"relics":["Burning Blood","HushsDoor","NeowsBlessing","BloodBag","TuHaoJin","Strange Spoon","BookOfRevelations","StoneCalendar","Bottled Lightning","TheBean","Boot","Sozu","Bag of Marbles"],"acts_visited":["Exordium","TheCity"],"potions_floor_usage":[14,14,23],"damage_taken":[{"damage":0,"enemies":"2 Louse","floor":1,"turns":2},{"damage":0,"enemies":"Gremlin Nob","floor":6,"turns":1},{"damage":0,"enemies":"3 Sentries","floor":8,"turns":2},{"damage":7,"enemies":"Jaw Worm","floor":10,"turns":3},{"damage":0,"enemies":"Lagavulin","floor":11,"turns":5},{"damage":0,"enemies":"Small Slimes","floor":12,"turns":2},{"damage":16,"enemies":"Blue Slaver","floor":13,"turns":3},{"damage":27,"enemies":"Gremlin Nob","floor":14,"turns":4},{"damage":22,"enemies":"Hexaghost","floor":16,"turns":7},{"damage":51,"enemies":"Shell Parasite","floor":18,"turns":6},{"damage":30,"enemies":"Spheric Guardian","floor":20,"turns":4},{"damage":17,"enemies":"3 Cultists","floor":21,"turns":5},{"damage":20,"enemies":"Sentry and Sphere","floor":22,"turns":3},{"damage":31,"enemies":"Book of Stabbing","floor":23,"turns":4},{"damage":29,"enemies":"Slavers","floor":28,"turns":1}],"seed_played":"7283078836403906707","potions_obtained":[{"floor":1,"key":"Energy Potion"},{"floor":10,"key":"Energy Potion"},{"floor":12,"key":"Fire Potion"},{"floor":14,"key":"Fruit Juice"}],"is_trial":false,"path_per_floor":["M","?","?","?","$","E","R","E","T","M","E","M","M","E","R","B",null,"M","?","M","M","M","E","$","R","T","?","E"],"character_chosen":"IRONCLAD","items_purchased":["Strange Spoon","Dark Embrace"],"campfire_rested":1,"item_purchase_floors":[5,24],"current_hp_per_floor":[78,61,61,61,61,67,67,73,73,72,78,84,74,58,58,42,92,47,47,31,36,24,7,7,26,26,26,0,0],"gold":247,"neow_bonus":"THREE_ENEMY_KILL","is_daily":false,"chose_seed":false,"campfire_upgraded":2,"win_rate":0.0,"timestamp":1611816573,"path_taken":["M","?","?","?","$","E","R","E","T","M","E","M","?","E","R","BOSS","M","?","M","M","M","E","$","R","T","?","E"],"items_purchased_type":["Relic","Card"],"build_version":"2020-12-22","purchased_purges":1,"victory":false,"max_hp_per_floor":[87,87,87,87,87,87,87,87,87,87,87,87,87,92,92,92,92,92,64,64,64,64,64,64,64,64,64,64,64],"card_choices":[{"not_picked":[],"picked":"DoctorFetus","floor":0},{"not_picked":["Havoc","Burning Pact"],"picked":"Second Wind","floor":1},{"not_picked":["Headbutt","Shrug It Off"],"picked":"Inflame","floor":6},{"not_picked":["Fire Breathing","Clothesline"],"picked":"Flex","floor":8},{"not_picked":["Bomb","Exhume"],"picked":"Thunderclap","floor":10},{"not_picked":["Body Slam","Sever Soul"],"picked":"Spot Weakness","floor":11},{"not_picked":["True Grit","Clash"],"picked":"Iron Wave","floor":12},{"not_picked":["Combust","Carnage","Metallicize"],"picked":"SKIP","floor":13},{"not_picked":["Juggernaut","Shockwave"],"picked":"Flex","floor":14},{"not_picked":["Juggernaut","Berserk"],"picked":"Fiend Fire","floor":16},{"not_picked":["Thunderclap+1","Bloodletting","True Grit"],"picked":"SKIP","floor":18},{"not_picked":["Reckless Charge","Wild Strike"],"picked":"Warcry+1","floor":20},{"not_picked":["Pommel Strike","Dual Wield","True Grit+1"],"picked":"SKIP","floor":21},{"not_picked":["Armaments+1","Clothesline"],"picked":"Exhume","floor":22},{"not_picked":["Headbutt","Whirlwind"],"picked":"Cleave+1","floor":23}],"player_experience":106443,"relics_obtained":[{"floor":6,"key":"BookOfRevelations"},{"floor":8,"key":"StoneCalendar"},{"floor":9,"key":"Bottled Lightning"},{"floor":11,"key":"TheBean"},{"floor":14,"key":"Boot"},{"floor":23,"key":"Bag of Marbles"}],"event_choices":[{"damage_healed":0,"gold_gain":0,"player_choice":"Entered Light","damage_taken":17,"max_hp_gain":0,"max_hp_loss":0,"event_name":"Shining Light","floor":2,"gold_loss":0,"cards_upgraded":["Strike_R","Strike_R"]},{"damage_healed":0,"gold_gain":0,"player_choice":"Box","damage_taken":0,"relics_obtained":["TuHaoJin"],"max_hp_gain":0,"max_hp_loss":0,"event_name":"Big Fish","floor":3,"gold_loss":0,"cards_obtained":["Regret"]},{"damage_healed":0,"gold_gain":0,"player_choice":"Became a vampire","damage_taken":0,"max_hp_gain":0,"max_hp_loss":28,"event_name":"Vampires","floor":19,"gold_loss":0,"cards_obtained":["Bite","Bite","Bite","Bite","Bite"]},{"cards_removed":["Bite"],"damage_healed":0,"gold_gain":0,"player_choice":"Gave Gold","damage_taken":0,"max_hp_gain":0,"max_hp_loss":0,"event_name":"Beggar","floor":27,"gold_loss":75}],"is_beta":false,"boss_relics":[{"not_picked":["SacredBark","Tiny House"],"picked":"Sozu"},{"not_picked":[]}],"items_purged_floors":[5],"is_endless":false,"potions_floor_spawned":[1,10,12,14,22,23],"killed_by":"Slavers","ascension_level":2}}