{"host":"lxihx0b6awoz2w1j","time":1611849739,"event":{"mods":["Act Like it!","BaseMod","Better Third Choice","BetterRewards","CapriCore","Colored Powertips","Conspire","Downfall","Fox Events","Gensokyo","Hermit","Hubris","Infinite Spire","JesterMod","Luminous","Marisa????????","Melee Mod","Minty Spire (QoL Compilation)","Permanent Neow","Prisma Mod","Quick Restart","Relic Stats","Reliquary","Replay The Spire","Shade Mod","Spicy Shops","StSLib","Td1madao Mod","The Alterego","The Blue Laboratory","The Cursed","The Death Knight","The Disciple","The Forsaken","The Gatherer","The Immortal","The Jungle","The Marked","The Mystic","The Runesmith","The Senshi","The Servant 0.9.4","The Spell Scribe","Waifu the Spire"],"gold_per_floor":[109,126,146,37,37,63,83,83,110,185,222,241,283,305,305,418,418,442,469,478,478,478,501,501,501,528,561,584,628,655,655,655,683,683,789,789,815,1115,1128,1148,1148,1177,1177,1197,1222,1245,1245,361,361,402,402,402,402],"floor_reached":52,"language":"ENG","playtime":4053,"items_purged":[],"score":646,"play_id":"b116d96e-ca37-474b-8eed-e5f470422abc","local_time":"20210128170219","is_ascension_mode":false,"campfire_choices":[{"data":"Barricade","floor":15.0,"key":"SMITH"},{"data":"infinitespire:SevenWalls","floor":25.0,"key":"SMITH"},{"data":"Hemogenesis","floor":32.0,"key":"SMITH"},{"data":"Juggernaut","floor":43.0,"key":"SMITH"},{"data":"Demon Form","floor":47.0,"key":"SMITH"},{"data":"Fire Breathing","floor":49.0,"key":"SMITH"},{"floor":51.0,"key":"DIG"}],"circlet_count":0,"master_deck":["Strike_R+1","Strike_R+1","Strike_R+1","Strike_R+1","Strike_R+1","Defend_R+1","Defend_R+1","Defend_R+1","Defend_R+1","Bash+1","Shrug It Off","Carnage","Flex","Replay:Undeath\u0027s Touch","Flame Barrier","conspire:ExplosiveBarrier","Battle Trance","Armaments","Ghostly Armor","Twin Strike","Anger","Barricade+1","Fire Breathing+1","Juggernaut+1","Iron Wave","Power Through+1","infinitespire:SevenWalls+1","Perfected Strike","Heavy Blade","ReplayTheSpireMod:Black Plague","Hemogenesis+1","Body Slam","Twin Strike+1","Demon Form+1","alterego_mod:Exercise","Immolate","Armaments+1","alterego_mod:Birthday","Clothesline+1","Inflame","Uppercut","Bandage Up+1","Immolate","Feed"],"relics":["Burning Blood","Incense Burner","Happy Flower","Blue Candle","hubris:Towel","CeramicFish","Gremlin Food","StoneCalendar","Mark of Pain","TungstenRod","Nloth\u0027s Gift","hubris:DisguiseKit","Oddly Smooth Stone","Blue Doll","hubris:Icosahedron","hubris:Backtick","infinitespire:EmpoweringShard","infinitespire:Satchel","Toolbox","hubris:SlimyHat","reliquary:Bookmark","Akabeko","ReplayTheSpireMod:Lightbulb","DeathKnight:PutricidesVial"],"acts_visited":["Exordium","TheCity","TheBeyond"],"potions_floor_usage":[],"damage_taken":[{"damage":0.0,"enemies":"Cultist","floor":1.0,"turns":2.0},{"damage":0.0,"enemies":"2 Louse","floor":2.0,"turns":1.0},{"damage":3.0,"enemies":"Jaw Worm","floor":3.0,"turns":2.0},{"damage":1.0,"enemies":"Replay:BlueRogue","floor":6.0,"turns":5.0},{"damage":0.0,"enemies":"2 Fungi Beasts","floor":7.0,"turns":3.0},{"damage":5.0,"enemies":"3 Sentries","floor":11.0,"turns":8.0},{"damage":5.0,"enemies":"Lots of Slimes","floor":12.0,"turns":4.0},{"damage":22.0,"enemies":"Gremlin Nob","floor":13.0,"turns":4.0},{"damage":0.0,"enemies":"3 Louse","floor":14.0,"turns":4.0},{"damage":1.0,"enemies":"Fading Forest","floor":16.0,"turns":11.0},{"damage":5.0,"enemies":"Shell Parasite","floor":18.0,"turns":5.0},{"damage":7.0,"enemies":"conspire:FuzzyDice","floor":19.0,"turns":5.0},{"damage":0.0,"enemies":"3 Cultists","floor":23.0,"turns":4.0},{"damage":0.0,"enemies":"Centurion and Healer","floor":26.0,"turns":7.0},{"damage":0.0,"enemies":"conspire:SneckoGhost","floor":27.0,"turns":3.0},{"damage":14.0,"enemies":"Nightmare","floor":29.0,"turns":7.0},{"damage":3.0,"enemies":"Sentry and Sphere","floor":30.0,"turns":4.0},{"damage":2.0,"enemies":"Snake Plant","floor":33.0,"turns":4.0},{"damage":22.0,"enemies":"Automaton","floor":35.0,"turns":11.0},{"damage":0.0,"enemies":"Orb Walker","floor":37.0,"turns":4.0},{"damage":4.0,"enemies":"3 Shapes","floor":39.0,"turns":4.0},{"damage":9.0,"enemies":"Sphere and 2 Shapes","floor":40.0,"turns":4.0},{"damage":9.0,"enemies":"Maw","floor":42.0,"turns":7.0},{"damage":9.0,"enemies":"3 Darklings","floor":44.0,"turns":6.0},{"damage":3.0,"enemies":"Jaw Worm Horde","floor":46.0,"turns":4.0},{"damage":0.0,"enemies":"R_Hoarder","floor":50.0,"turns":7.0},{"damage":83,"enemies":"conspire:OrnateMirror","floor":52,"turns":10}],"seed_played":"-6766928791470546130","potions_obtained":[{"floor":3.0,"key":"blueLaboratory:FrostheartPotion"},{"floor":6.0,"key":"blueLaboratory:Moonshine"},{"floor":11.0,"key":"blueLaboratory:ConflagurationPotion"},{"floor":12.0,"key":"Elixir"},{"floor":14.0,"key":"SpeedPotion"},{"floor":23.0,"key":"SkillPotion"},{"floor":27.0,"key":"Dexterity Potion"},{"floor":39.0,"key":"Elixir"},{"floor":46.0,"key":"EntropicBrew"},{"floor":50.0,"key":"DistilledChaos"}],"is_trial":false,"path_per_floor":["M","M","M","$","?","E","M","?","T","?","E","M","E","M","R","B",null,"M","M","AVR","PTL","PTL","M","?","R","M","E","T","NM","M","?","R","M","R","B",null,"M","?","M","M","?","M","R","M","T","M","R","$","R","E","R","B"],"character_chosen":"IRONCLAD","items_purchased":["Shrug It Off","Carnage","Gremlin Horn","Incense Burner","Flex","Happy Flower","Battle Trance","Toolbox","Inflame","Uppercut","hubris:SlimyHat","reliquary:Bookmark","Bandage Up+1","Immolate","Akabeko"],"campfire_rested":0,"item_purchase_floors":[0,0,0,0,0,4,4,48,48,48,48,48,48,48,48],"current_hp_per_floor":[62,68,71,71,71,76,80,80,80,69,70,71,55,61,61,66,80,80,79,79,79,79,80,80,80,80,80,80,72,80,80,80,80,80,75,80,80,80,80,77,77,80,80,77,77,80,80,80,80,80,80,0,0],"gold":402,"neow_bonus":"","is_daily":false,"chose_seed":false,"campfire_upgraded":6,"win_rate":0.0,"timestamp":1611849739,"path_taken":["M","M","M","?","?","E","M","?","T","?","E","M","E","M","R","BOSS","M","M","AVR","PTL","PTL","M","?","R","?","E","T","NM","M","?","R","M","R","BOSS","M","?","M","?","?","M","R","M","T","M","R","$","R","E","R","BOSS"],"items_purchased_type":["Card","Card","Relic","Relic","Card","Relic","Card","Relic","Card","Card","Relic","Relic","Card","Card","Relic"],"build_version":"2020-12-22","purchased_purges":0,"victory":false,"max_hp_per_floor":[80,80,80,80,80,80,80,80,80,80,80,80,80,80,80,80,80,80,80,80,80,80,80,80,80,80,80,80,80,80,80,80,80,80,80,80,80,80,80,80,80,80,80,80,80,80,80,80,80,80,80,80,80],"relic_stats":{"Happy Flower":[45],"counters":[32,161],"Blue Candle":[0],"CeramicFish":225,"StoneCalendar":[224],"Nloth\u0027s Gift":14,"obtain_stats":[{"Gremlin Horn":0,"CeramicFish":9,"StoneCalendar":13,"Blue Doll":29,"Incense Burner":0,"hubris:SlimyHat":48,"Burning Blood":0,"hubris:Icosahedron":34,"hubris:Backtick":36,"Toolbox":48,"Gremlin Food":11,"hubris:DisguiseKit":27,"Happy Flower":4,"Blue Candle":6,"Oddly Smooth Stone":28,"hubris:Towel":8,"Akabeko":48,"reliquary:Bookmark":48,"Replay:Baseball":0,"infinitespire:Satchel":45,"DeathKnight:PutricidesVial":51,"Mark of Pain":17,"Nloth\u0027s Gift":24,"infinitespire:EmpoweringShard":36,"ReplayTheSpireMod:Lightbulb":50,"TungstenRod":20},{"Gremlin Horn":5,"CeramicFish":10,"StoneCalendar":13,"Blue Doll":21,"Incense Burner":5,"hubris:SlimyHat":30,"Burning Blood":0,"hubris:Icosahedron":23,"hubris:Backtick":24,"Toolbox":30,"Gremlin Food":11,"hubris:DisguiseKit":20,"Happy Flower":8,"Blue Candle":9,"Oddly Smooth Stone":20,"hubris:Towel":10,"Akabeko":30,"reliquary:Bookmark":30,"Replay:Baseball":0,"infinitespire:Satchel":29,"DeathKnight:PutricidesVial":31,"Mark of Pain":15,"Nloth\u0027s Gift":18,"infinitespire:EmpoweringShard":24,"ReplayTheSpireMod:Lightbulb":31,"TungstenRod":17},{"Gremlin Horn":21,"CeramicFish":34,"StoneCalendar":50,"Blue Doll":96,"Incense Burner":21,"hubris:SlimyHat":144,"Burning Blood":0,"hubris:Icosahedron":104,"hubris:Backtick":115,"Toolbox":144,"Gremlin Food":42,"hubris:DisguiseKit":89,"Happy Flower":26,"Blue Candle":31,"Oddly Smooth Stone":89,"hubris:Towel":34,"Akabeko":144,"reliquary:Bookmark":144,"Replay:Baseball":0,"infinitespire:Satchel":140,"DeathKnight:PutricidesVial":151,"Mark of Pain":65,"Nloth\u0027s Gift":79,"infinitespire:EmpoweringShard":115,"ReplayTheSpireMod:Lightbulb":151,"TungstenRod":75}],"Burning Blood":130,"TungstenRod":25},"card_choices":[{"not_picked":["Burning Pact","Havoc"],"picked":"Replay:Undeath\u0027s Touch","floor":1.0},{"not_picked":["Reckless Charge","ReplayTheSpireMod:Strike From Hell"],"picked":"Flame Barrier","floor":2.0},{"not_picked":["Armaments","Shrug It Off"],"picked":"conspire:ExplosiveBarrier","floor":3.0},{"not_picked":["Run Through","Intimidate"],"picked":"Armaments","floor":6.0},{"not_picked":["Sword Boomerang","Cleave"],"picked":"Ghostly Armor","floor":7.0},{"not_picked":["Seeing Red","Thunderclap"],"picked":"Twin Strike","floor":11.0},{"not_picked":["Run Through","Fiend Fire"],"picked":"Anger","floor":12.0},{"not_picked":["Iron Wave","Body Slam"],"picked":"Barricade","floor":13.0},{"not_picked":["Shrug It Off","Second Wind"],"picked":"Fire Breathing","floor":14.0},{"not_picked":["Demonic Infusion","Reaper"],"picked":"Juggernaut","floor":16.0},{"not_picked":["Warcry+1","Fire Breathing"],"picked":"Iron Wave","floor":18.0},{"not_picked":["Carnage","infinitespire:OneForAll"],"picked":"Power Through+1","floor":19.0},{"not_picked":["Warcry","Replay:Undeath\u0027s Touch+1"],"picked":"Perfected Strike","floor":23.0},{"not_picked":["Fire Breathing+1","Sword Boomerang"],"picked":"Heavy Blade","floor":26.0},{"not_picked":["Warcry","Fiend Fire","Fire Breathing"],"picked":"SKIP","floor":27.0},{"not_picked":["ReplayTheSpireMod:??????????????????????","infinitespire:Starlight"],"picked":"ReplayTheSpireMod:Black Plague","floor":29.0},{"not_picked":["Anger+1","Berserk","alterego_mod:SakuraLabyrinth"],"picked":"Hemogenesis","floor":29.0},{"not_picked":["Hemogenesis","Battle Trance","alterego_mod:Jiggle"],"picked":"Body Slam","floor":30.0},{"not_picked":["Second Wind","Eclipse","alterego_mod:Maid"],"picked":"Twin Strike+1","floor":33.0},{"not_picked":["Corruption","Demonic Infusion","alterego_mod:Antipathy"],"picked":"Demon Form","floor":35.0},{"not_picked":["True Grit","Clash+1","Body Slam+1"],"picked":"alterego_mod:Exercise","floor":37.0},{"not_picked":["Dual Wield+1","Searing Blow","Warcry","alterego_mod:BusterCard"],"picked":"SKIP","floor":39.0},{"not_picked":["Rage","Defy Death","alterego_mod:PainIsPleasure"],"picked":"Immolate","floor":40.0},{"not_picked":["Shockwave","Body Slam","alterego_mod:Birthday"],"picked":"Armaments+1","floor":42.0},{"not_picked":["Flex","ReplayTheSpireMod:LeadingStrike","Warcry+1"],"picked":"alterego_mod:Birthday","floor":44.0},{"not_picked":["Dark Embrace+1","Armaments+1","alterego_mod:Pet"],"picked":"Clothesline+1","floor":46.0},{"not_picked":["Abandon+1","Shockwave+1","alterego_mod:Stockings"],"picked":"Feed","floor":50.0}],"player_experience":677251,"relics_obtained":[{"floor":6.0,"key":"Blue Candle"},{"floor":9.0,"key":"CeramicFish"},{"floor":11.0,"key":"Gremlin Food"},{"floor":13.0,"key":"StoneCalendar"},{"floor":27.0,"key":"hubris:DisguiseKit"},{"floor":28.0,"key":"Oddly Smooth Stone"},{"floor":29.0,"key":"Blue Doll"},{"floor":45.0,"key":"infinitespire:Satchel"},{"floor":50.0,"key":"ReplayTheSpireMod:Lightbulb"},{"floor":51.0,"key":"DeathKnight:PutricidesVial"}],"event_choices":[{"damage_healed":0.0,"max_hp_gain":0.0,"max_hp_loss":0.0,"gold_gain":75.0,"event_name":"betterThird:BetterGoop","player_choice":"Gold","floor":10.0,"gold_loss":0.0,"damage_taken":11.0},{"damage_healed":0.0,"max_hp_gain":0.0,"max_hp_loss":0.0,"gold_gain":0.0,"event_name":"N\u0027loth","player_choice":"Traded Relic","floor":24.0,"relics_lost":["Gremlin Horn"],"gold_loss":0.0,"damage_taken":0.0,"relics_obtained":["Nloth\u0027s Gift"]},{"damage_healed":0.0,"max_hp_gain":0.0,"max_hp_loss":9.0,"gold_gain":0.0,"event_name":"betterThird:BetterWriting","player_choice":"Simplicity","floor":31.0,"gold_loss":0.0,"damage_taken":0.0},{"damage_healed":0.0,"max_hp_gain":0.0,"max_hp_loss":0.0,"gold_gain":300.0,"event_name":"Wheel of Change","player_choice":"Gold","floor":38.0,"gold_loss":0.0,"damage_taken":0.0}],"is_beta":false,"boss_relics":[{"not_picked":["Velvet Choker","ReplayTheSpireMod:DimensionalGlitch"],"picked":"Mark of Pain"},{"not_picked":["conspire:SeveredTorchhead","reliquary:WritOfMandamus"],"picked":"hubris:Backtick"}],"items_purged_floors":[],"is_endless":true,"potions_floor_spawned":[3,6,11,12,14,23,26,27,39,44,46,50],"killed_by":"conspire:OrnateMirror","ascension_level":0}}