{"host":"og21o26alpnbwmz8","time":1611872090,"event":{"mods":["Act Like it!","Aspiration","BaseMod","Conspire","Downfall","Halation","Hallownest","Hubris","Jedi Mod","Mimic Mod","Minty Spire (QoL Compilation)","Pale of the Ancients","Replay The Spire","Shop Mod","Spikes Relics","StSLib","The Administrix","The Alterego","The Blue Laboratory","The Bug Knight","The Death Knight","The Problem Sleuth","The Wild Card","Waifu the Spire"],"gold_per_floor":[114,39,72,83,83,113,113,130,130,130,145,145,158,183,183,285,285,299,315,329,345,364,390,402,430,509,527,0,59,79,92,92,190,190,206,216,4,21,39,39,56,81,106,125,135,145,157,168,168,168,168,168,508,1050,1050],"floor_reached":56,"language":"ENG","playtime":2449,"items_purged":["alterego_mod:Strike","alterego_mod:Strike"],"score":1370,"play_id":"b1eabea4-caef-4ab0-9b7d-8c6e581bb025","local_time":"20210128171450","is_ascension_mode":false,"campfire_choices":[{"data":"alterego_mod:Impale","floor":7.0,"key":"SMITH"},{"data":"alterego_mod:Rip","floor":12.0,"key":"SMITH"},{"data":"alterego_mod:Birthday","floor":15.0,"key":"SMITH"},{"data":"Apotheosis","floor":32.0,"key":"SMITH"},{"floor":40,"key":"RECALL"},{"data":"alterego_mod:Rip","floor":49,"key":"SMITH"},{"data":"alterego_mod:Venus","floor":52,"key":"SMITH"}],"circlet_count":0,"master_deck":["alterego_mod:Strike","alterego_mod:Strike","alterego_mod:Defend","alterego_mod:Defend","alterego_mod:Defend+1","alterego_mod:Defend+1","alterego_mod:Impale+1","alterego_mod:BigMeatyClaws+1","alterego_mod:BrynhildrsRune","alterego_mod:SakuraFive","alterego_mod:Rip+1","alterego_mod:Venus+1","alterego_mod:SakuraFive","alterego_mod:Bloomers+1","Apotheosis+1","hubris:DuctTapeCard","alterego_mod:Birthday+1","alterego_mod:ChallengeComplete+1","alterego_mod:Rip+1","alterego_mod:PerceptionDisorder+1","alterego_mod:PerceptionDisorder"],"relics":["alterego_mod:MasochisticConstitution","NeowsBlessing","Hallownest:BankAccountRelic","Du-Vu Doll","Pear","jedi:Pinwheel","Replay:Baseball","jedi:battlestandard","ReplayFunnel","Ice Cream","hubris:DuctTape","Omamori","alterego_mod:SistersRibbon","sneckomod:SneckoTalon","jedi:arcanewood","War Paint","Strawberry","hubris:NiceRug","hexamod:BolsterEngine","Replay:Wax Seal","TheAbacus","MiniBlackHole"],"acts_visited":["Exordium","Hallownest:Greenpath","Hallownest:CityofTears","TheEnding"],"potions_floor_usage":[33,50,54,55],"damage_taken":[{"damage":0.0,"enemies":"Hallownest:2_MossCreeps","floor":1.0,"turns":1.0},{"damage":0.0,"enemies":"Hallownest:eliteMossKnight","floor":3.0,"turns":1.0},{"damage":0.0,"enemies":"Hallownest:2_Baldur","floor":4.0,"turns":1.0},{"damage":30.0,"enemies":"Hallownest:eliteMossKnight","floor":6.0,"turns":7.0},{"damage":0.0,"enemies":"Hallownest:monsterHuskWarrior","floor":8.0,"turns":2.0},{"damage":8.0,"enemies":"Hallownest:Guard_and_Warrior","floor":11.0,"turns":4.0},{"damage":8.0,"enemies":"Hallownest:1_Baldur_1_Crawlid_1_Warrior","floor":13.0,"turns":4.0},{"damage":34.0,"enemies":"Hallownest:BossBrokenVessel","floor":16.0,"turns":7.0},{"damage":1.0,"enemies":"Hallownest:3_Youths","floor":18.0,"turns":4.0},{"damage":0.0,"enemies":"Hallownest:2_Mistakes","floor":19.0,"turns":3.0},{"damage":4.0,"enemies":"Hallownest:monsterShrumalOgre","floor":20.0,"turns":3.0},{"damage":0.0,"enemies":"Hallownest:Master_and_Novice","floor":21.0,"turns":3.0},{"damage":0.0,"enemies":"Hallownest:monsterMisterMushroom","floor":22.0,"turns":2.0},{"damage":13.0,"enemies":"Hallownest:eliteWatcherKnight","floor":23.0,"turns":9.0},{"damage":0.0,"enemies":"Hallownest:Warrior_and_Youth","floor":24.0,"turns":3.0},{"damage":4.0,"enemies":"Hallownest:eliteSoulWarrior","floor":25.0,"turns":4.0},{"damage":9.0,"enemies":"Hallownest:2_Husk_Sentries","floor":27.0,"turns":5.0},{"damage":22.0,"enemies":"Hallownest:Glutton_and_Coward","floor":29.0,"turns":3.0},{"damage":0.0,"enemies":"Hallownest:monsterShrumalOgre","floor":30.0,"turns":2.0},{"damage":11.0,"enemies":"Hallownest:3_Mistakes","floor":31.0,"turns":4.0},{"damage":38,"enemies":"Hallownest:BossMantisLord","floor":33,"turns":4},{"damage":10,"enemies":"Hallownest:Shield_Heavy","floor":35,"turns":3},{"damage":6,"enemies":"Hallownest:3_Siblings","floor":36,"turns":4},{"damage":0,"enemies":"Hallownest:2_Great","floor":38,"turns":3},{"damage":5,"enemies":"Hallownest:Xero_Hu_Marmu","floor":39,"turns":5},{"damage":19,"enemies":"Hallownest:2_Soldiers_and_1_Guardian","floor":41,"turns":3},{"damage":0,"enemies":"Hallownest:eliteCollector","floor":42,"turns":5},{"damage":8,"enemies":"Hallownest:monsterPrimalAspid","floor":44,"turns":2},{"damage":0,"enemies":"Hallownest:2_Great","floor":45,"turns":3},{"damage":1,"enemies":"Hallownest:Shield_Sturdy","floor":46,"turns":3},{"damage":28,"enemies":"Hallownest:2_Soldiers_and_1_Guardian","floor":47,"turns":4},{"damage":0,"enemies":"Hallownest:monsterPrimalAspid","floor":48,"turns":2},{"damage":58,"enemies":"Hallownest:BossHollowKnight","floor":50,"turns":5},{"damage":34,"enemies":"hubris:Merchant","floor":53,"turns":3},{"damage":12,"enemies":"Shield and Spear","floor":54,"turns":7},{"damage":87,"enemies":"The Heart","floor":55,"turns":7}],"seed_played":"-6574021710963069676","potions_obtained":[{"floor":1.0,"key":"blueLaboratory:FruitPunch"},{"floor":6.0,"key":"bronze:BurnAndBuffPotion"},{"floor":8.0,"key":"blueLaboratory:PhilterOfMotion"},{"floor":16.0,"key":"Dexterity Potion"},{"floor":19.0,"key":"Energy Potion"},{"floor":33,"key":"Toxic Potion"},{"floor":53,"key":"blueLaboratory:EmptyBottle"},{"floor":54,"key":"Fire Potion"}],"is_trial":false,"path_per_floor":["M","?","?","M","?","E","R","M","T","T","M","R","M","T","R","B",null,"M","M","M","M","M","E","M","E","T","M","$","M","M","M","R","B",null,"M","M","$","M","M","R","M","E","T","M","M","M","M","M","R","B",null,"R","$","E","B",null],"character_chosen":"The_Alterego","items_purchased":["Apotheosis","Omamori","alterego_mod:SistersRibbon","jedi:arcanewood"],"campfire_rested":0,"item_purchase_floors":[28,28,28,37],"current_hp_per_floor":[70,70,70,70,70,53,53,55,55,55,50,50,45,45,45,15,86,86,87,88,88,88,76,88,90,90,91,91,82,92,82,82,56,94,95,96,96,96,97,97,98,98,105,106,106,107,95,108,108,57,109,109,76,78,13],"gold":1050,"neow_bonus":"THREE_ENEMY_KILL","is_daily":false,"chose_seed":false,"campfire_upgraded":6,"win_rate":0.0,"timestamp":1611872090,"path_taken":["M","?","?","M","?","E","R","M","T","?","M","R","M","?","R","BOSS","M","M","M","M","M","E","M","E","T","M","$","M","M","M","R","BOSS","M","M","$","M","M","R","M","E","T","M","M","M","M","M","R","BOSS","R","$","E","BOSS"],"items_purchased_type":["Card","Relic","Relic","Relic"],"build_version":"2020-12-22","purchased_purges":2,"victory":true,"max_hp_per_floor":[70,70,70,70,70,83,83,83,83,83,84,84,85,85,85,86,86,87,87,88,88,88,89,89,90,90,91,91,92,92,93,93,94,94,95,96,96,96,97,97,98,98,105,106,106,107,108,108,108,109,109,109,110,111,112],"card_choices":[{"not_picked":["alterego_mod:Rip","alterego_mod:Bounce"],"picked":"alterego_mod:SakuraFive","floor":1.0},{"not_picked":["alterego_mod:Stockings","alterego_mod:Belle","alterego_mod:Skirt"],"picked":"SKIP","floor":3.0},{"not_picked":["alterego_mod:Punishment","alterego_mod:BeGentle","alterego_mod:MagicResistance"],"picked":"SKIP","floor":4.0},{"not_picked":["alterego_mod:Schoolgirl","alterego_mod:Lingerie"],"picked":"alterego_mod:Birthday","floor":6.0},{"not_picked":["alterego_mod:MaintainEyeContact","alterego_mod:DestructionOfProperty","alterego_mod:Mirror"],"picked":"SKIP","floor":8.0},{"not_picked":["alterego_mod:GIGAMILK","alterego_mod:SuperDuperMasochism"],"picked":"alterego_mod:Rip","floor":11.0},{"not_picked":["alterego_mod:Exercise","alterego_mod:Skirt","alterego_mod:Complex"],"picked":"SKIP","floor":13.0},{"not_picked":["alterego_mod:Palingenesis","alterego_mod:Antipathy"],"picked":"alterego_mod:Venus","floor":16.0},{"not_picked":["alterego_mod:Nekomimi","alterego_mod:Stockings"],"picked":"alterego_mod:Birthday","floor":18.0},{"not_picked":["alterego_mod:Jiggle+1","alterego_mod:SakuraPetals"],"picked":"alterego_mod:SakuraFive","floor":19.0},{"not_picked":["alterego_mod:Cushion","alterego_mod:MagicResistance","alterego_mod:Collar+1"],"picked":"SKIP","floor":20.0},{"not_picked":["alterego_mod:Complex","alterego_mod:HighServant","alterego_mod:Exercise"],"picked":"SKIP","floor":21.0},{"not_picked":["alterego_mod:BiFurious","alterego_mod:Undulate","alterego_mod:Skirt"],"picked":"SKIP","floor":22.0},{"not_picked":["alterego_mod:BoobPocket","alterego_mod:DestructionOfProperty","alterego_mod:Cooking"],"picked":"SKIP","floor":23.0},{"not_picked":["alterego_mod:Cooking","alterego_mod:MaintainEyeContact"],"picked":"alterego_mod:Bloomers+1","floor":24.0},{"not_picked":["alterego_mod:Punishment+1","alterego_mod:1TonWallop+1","alterego_mod:Lift"],"picked":"SKIP","floor":25.0},{"not_picked":["alterego_mod:Nekomimi+1","alterego_mod:Bloomers","alterego_mod:Cycle"],"picked":"SKIP","floor":27.0},{"not_picked":["alterego_mod:Pet","alterego_mod:BeGentle","alterego_mod:MaintainEyeContact"],"picked":"SKIP","floor":29.0},{"not_picked":["alterego_mod:DiscoLights","alterego_mod:Exercise","alterego_mod:GoddessCore+1"],"picked":"SKIP","floor":30.0},{"not_picked":["alterego_mod:Bounce","alterego_mod:Mirror","alterego_mod:GachaTicket"],"picked":"SKIP","floor":31.0},{"not_picked":["alterego_mod:BiFurious+1","alterego_mod:Jiggle+1","alterego_mod:Cycle+1"],"picked":"SKIP","floor":35},{"not_picked":["alterego_mod:Undulate+1","alterego_mod:BiFurious"],"picked":"alterego_mod:Birthday+1","floor":36},{"not_picked":["alterego_mod:HighServant+1","alterego_mod:Punishment+1","alterego_mod:Mirror+1"],"picked":"SKIP","floor":38},{"not_picked":["alterego_mod:Birthday+1","alterego_mod:Complex"],"picked":"alterego_mod:ChallengeComplete+1","floor":39},{"not_picked":["alterego_mod:Cycle+1","alterego_mod:RocketPunch+1"],"picked":"alterego_mod:Rip","floor":41},{"not_picked":["alterego_mod:Undulate","alterego_mod:Skirt+1","alterego_mod:Support+1"],"picked":"SKIP","floor":42},{"not_picked":["alterego_mod:Cushion+1","alterego_mod:Bloomers+1","alterego_mod:Skirt"],"picked":"SKIP","floor":44},{"not_picked":["alterego_mod:BustOut+1","alterego_mod:BrynhildrRomantia","alterego_mod:Bunnysuit"],"picked":"SKIP","floor":45},{"not_picked":["alterego_mod:Pet+1","alterego_mod:Clones","alterego_mod:Birthday+1"],"picked":"SKIP","floor":46},{"not_picked":["alterego_mod:MagicResistance","alterego_mod:HighServant+1","alterego_mod:Maid+1"],"picked":"SKIP","floor":47},{"not_picked":["alterego_mod:SuperDuperMasochism","alterego_mod:GachaTicket+1"],"picked":"alterego_mod:PerceptionDisorder+1","floor":48},{"not_picked":[],"picked":"alterego_mod:PerceptionDisorder","floor":53},{"not_picked":["alterego_mod:GoddessCore"],"picked":"SKIP","floor":53},{"not_picked":["alterego_mod:Bounce"],"picked":"SKIP","floor":53},{"not_picked":["alterego_mod:Undulate"],"picked":"SKIP","floor":53},{"not_picked":["alterego_mod:Schoolgirl"],"picked":"SKIP","floor":53},{"not_picked":["Forethought"],"picked":"SKIP","floor":53},{"not_picked":["Magnetism"],"picked":"SKIP","floor":53},{"not_picked":["alterego_mod:TrashNCrash","alterego_mod:Skirt+1","alterego_mod:Punishment"],"picked":"SKIP","floor":54}],"player_experience":226157,"relics_obtained":[{"floor":3.0,"key":"Du-Vu Doll"},{"floor":6.0,"key":"Pear"},{"floor":9.0,"key":"jedi:Pinwheel"},{"floor":14.0,"key":"Replay:Baseball"},{"floor":23.0,"key":"ReplayFunnel"},{"floor":25.0,"key":"Ice Cream"},{"floor":26.0,"key":"hubris:DuctTape"},{"floor":42,"key":"War Paint"},{"floor":43,"key":"Strawberry"},{"floor":53,"key":"hexamod:BolsterEngine"},{"floor":53,"key":"Replay:Wax Seal"},{"floor":53,"key":"TheAbacus"},{"floor":54,"key":"MiniBlackHole"}],"event_choices":[],"is_beta":false,"boss_relics":[{"not_picked":["hubris:BlackHole","Snecko Eye"],"picked":"jedi:battlestandard"},{"not_picked":["conspire:SlowCooker","Tiny House"],"picked":"sneckomod:SneckoTalon"}],"items_purged_floors":[28,37],"is_endless":false,"potions_floor_spawned":[1,6,8,16,19,20,22,24,25,33,38,39,44,45,47,54],"ascension_level":0}}