{"host":"c52z9ixzgdjttcmx","time":1611865045,"event":{"mods":["BaseMod","Colored Powertips","Downfall","Filter the Spire","Minty Spire (QoL Compilation)","Rare Cards Sparkle","Relic Stats","StSLib"],"gold_per_floor":[214,232,6,0,0,45,45,45,91,12,42,42,42,82,82,155,155,165,199,214,1,1,1,27,27,74,74,74],"floor_reached":27,"language":"ENG","playtime":1018,"items_purged":["Strike_B","Strike_B"],"score":427,"play_id":"830f9770-280d-4fa8-94ca-f5a47466934a","local_time":"20210128141725","is_ascension_mode":true,"campfire_choices":[{"floor":7,"key":"REST"},{"data":"White Noise","floor":13,"key":"SMITH"},{"data":"White Noise","floor":15,"key":"SMITH"},{"floor":23,"key":"REST"},{"floor":25,"key":"REST"}],"circlet_count":0,"master_deck":["AscendersBane","Defend_B","Defend_B","Defend_B","Defend_B","Zap","Dualcast","Tempest","White Noise+1","Conserve Battery","Coolheaded","White Noise+1","Cold Snap","Hologram","Streamline","Seek","Gash+1","Beam Cell","White Noise","Darkness","Gash+1"],"relics":["Cracked Core","Toolbox","Gambling Chip","Smiling Mask","Eternal Feather","Peace Pipe","Runic Pyramid","Runic Capacitor","Kunai","Nunchaku"],"acts_visited":["Exordium","TheCity"],"potions_floor_usage":[],"damage_taken":[{"damage":7,"enemies":"Jaw Worm","floor":1,"turns":3},{"damage":4,"enemies":"Small Slimes","floor":2,"turns":3},{"damage":38,"enemies":"Lagavulin","floor":6,"turns":8},{"damage":8,"enemies":"Gremlin Nob","floor":11,"turns":4},{"damage":0,"enemies":"2 Louse","floor":14,"turns":1},{"damage":19,"enemies":"The Guardian","floor":16,"turns":11},{"damage":10,"enemies":"Spheric Guardian","floor":18,"turns":4},{"damage":27,"enemies":"2 Thieves","floor":19,"turns":5},{"damage":15,"enemies":"Snecko","floor":20,"turns":4},{"damage":39,"enemies":"Slavers","floor":24,"turns":5},{"damage":78,"enemies":"3 Cultists","floor":27,"turns":5}],"seed_played":"2010553498328879207","potions_obtained":[{"floor":1,"key":"LiquidBronze"},{"floor":14,"key":"Slimebound:ThreeZeroPotion"},{"floor":18,"key":"GamblersBrew"},{"floor":19,"key":"FairyPotion"}],"is_trial":false,"path_per_floor":["M","M","$","?","?","E","R","?","T","$","E","?","R","M","R","B",null,"M","M","M","$","?","R","E","R","T","M"],"character_chosen":"DEFECT","items_purchased":["Toolbox","Conserve Battery","Cold Snap","Runic Capacitor"],"campfire_rested":3,"item_purchase_floors":[3,3,10,21],"current_hp_per_floor":[57,53,53,53,53,15,36,41,41,41,33,33,42,42,51,32,65,55,28,13,13,13,47,8,42,42,0,0],"gold":74,"neow_bonus":"HUNDRED_GOLD","is_daily":false,"chose_seed":false,"campfire_upgraded":2,"win_rate":0.0,"timestamp":1611865045,"path_taken":["M","M","$","?","?","E","R","?","T","$","E","?","R","M","R","BOSS","M","M","?","?","?","R","E","R","T","?"],"items_purchased_type":["Relic","Card","Card","Relic"],"build_version":"2020-12-22","purchased_purges":2,"victory":false,"max_hp_per_floor":[71,71,71,71,71,71,71,76,76,76,76,76,76,76,76,76,76,76,76,76,76,76,76,76,76,76,76,76],"relic_stats":{"Peace Pipe":0,"Nunchaku":[0],"counters":[11,53],"Gambling Chip":[27],"Eternal Feather":42,"Kunai":[1],"Smiling Mask":75,"obtain_stats":[{"Peace Pipe":12,"Nunchaku":26,"Gambling Chip":6,"Toolbox":3,"Eternal Feather":11,"Runic Capacitor":21,"Kunai":24,"Cracked Core":0,"Smiling Mask":9,"Runic Pyramid":17},{"Peace Pipe":4,"Nunchaku":10,"Gambling Chip":3,"Toolbox":2,"Eternal Feather":4,"Runic Capacitor":9,"Kunai":10,"Cracked Core":0,"Smiling Mask":3,"Runic Pyramid":6},{"Peace Pipe":18,"Nunchaku":48,"Gambling Chip":14,"Toolbox":6,"Eternal Feather":18,"Runic Capacitor":43,"Kunai":48,"Cracked Core":0,"Smiling Mask":14,"Runic Pyramid":30}]},"card_choices":[{"not_picked":["Reprogram","Stack"],"picked":"Tempest","floor":1},{"not_picked":["Scrape","Turbo"],"picked":"White Noise","floor":2},{"not_picked":["Reinforced Body","Leap"],"picked":"White Noise","floor":6},{"not_picked":["Steam Power","Gash"],"picked":"Hologram","floor":11},{"not_picked":["Steam","Rebound"],"picked":"Streamline","floor":14},{"not_picked":["Biased Cognition","Thunder Strike"],"picked":"Seek","floor":16},{"not_picked":["Darkness","Go for the Eyes"],"picked":"Gash+1","floor":18},{"not_picked":["Streamline","Barrage"],"picked":"Beam Cell","floor":19},{"not_picked":["Genetic Algorithm","Consume"],"picked":"White Noise","floor":20},{"not_picked":["Conserve Battery","Ball Lightning"],"picked":"Gash+1","floor":24}],"player_experience":3373271,"relics_obtained":[{"floor":6,"key":"Gambling Chip"},{"floor":9,"key":"Smiling Mask"},{"floor":11,"key":"Eternal Feather"},{"floor":24,"key":"Kunai"},{"floor":26,"key":"Nunchaku"}],"event_choices":[{"damage_healed":0,"gold_gain":0,"player_choice":"Left Gold","damage_taken":0,"max_hp_gain":0,"max_hp_loss":0,"event_name":"World of Goop","floor":4,"gold_loss":6},{"damage_healed":0,"gold_gain":0,"cards_transformed":["Strike_B"],"player_choice":"Change","damage_taken":0,"max_hp_gain":0,"max_hp_loss":0,"event_name":"Living Wall","floor":5,"gold_loss":0,"cards_obtained":["Coolheaded"]},{"damage_healed":0,"gold_gain":0,"player_choice":"Donut","damage_taken":0,"max_hp_gain":5,"max_hp_loss":0,"event_name":"Big Fish","floor":8,"gold_loss":0},{"damage_healed":0,"gold_gain":0,"player_choice":"Gave Potion","damage_taken":0,"relics_obtained":["Peace Pipe"],"max_hp_gain":0,"max_hp_loss":0,"event_name":"WeMeetAgain","floor":12,"gold_loss":0},{"damage_healed":0,"gold_gain":0,"cards_transformed":["Strike_B"],"player_choice":"Transformed","damage_taken":0,"max_hp_gain":0,"max_hp_loss":0,"event_name":"Transmorgrifier","floor":22,"gold_loss":0,"cards_obtained":["Darkness"]}],"is_beta":false,"boss_relics":[{"not_picked":["Ectoplasm","bronze:MakeshiftBattery"],"picked":"Runic Pyramid"}],"items_purged_floors":[10,21],"is_endless":false,"potions_floor_spawned":[1,14,18,19],"killed_by":"3 Cultists","ascension_level":16}}