{"host":"tcdxiwht2vajk3tk","time":1611825429,"event":{"mods":["AchievementEnabler","BaseMod","Beaked The Cultist","Colored Powertips","Conspire","Defuse TimeMaze Blight","Downfall","Halation","Hermit","Hubris","Infinite Spire","Lobotomy","LobotomyExtend","Minty Spire (QoL Compilation)","Replay The Spire","Shop Mod","StSLib","The Cursed","The Disciple"],"gold_per_floor":[110,110,129,129,79,106,106,106,131,151,180,193,221,64,64,160,160,179,179],"floor_reached":18,"language":"ENG","playtime":2011,"items_purged":[],"score":178,"play_id":"59b7a538-4482-4500-901b-fd78c63318f8","local_time":"20210128041709","is_ascension_mode":false,"campfire_choices":[{"floor":15,"key":"DIG"}],"circlet_count":0,"master_deck":["SpecialBullet","SpecialBullet","SpecialBullet","SpecialBullet","SpecialBullet","SpecialBullet","SpecialBullet","SpecialBullet","ControlCode","SecurityCode","RecordCode","FairyFestival","Diffraction","HeroicMonk","Parasite","conspire:SpireCoStock","LifeForTheDareDevil","WelfareCode","SpecialBullet","Bloodbath","Moonlight","LaLuna","Twilight","VoidDream","Heaven","Variant","hubris:DuctTapeCard","Galaxy","CherryBlossom","FourthMatchFlame","RedShoes","ParadiseLost"],"relics":["CogitoBucket","LetterFromLob","Ring of Hypnosis","Ring of Misfortune","halation:AfternoonTea","Blood Vial","Boot","BackwardClock","RedMistMask","MerchantsRug","Quantum Egg","halation:HeavySnake"],"acts_visited":["Exordium","TheCity"],"potions_floor_usage":[6,6,6],"damage_taken":[{"damage":11,"enemies":"Jaw Worm","floor":1,"turns":2},{"damage":11,"enemies":"Cultist","floor":3,"turns":3},{"damage":55,"enemies":"Gremlin Nob","floor":6,"turns":7},{"damage":5,"enemies":"Small Slimes","floor":10,"turns":2},{"damage":3,"enemies":"3 Sentries","floor":11,"turns":4},{"damage":16,"enemies":"Blue Slaver","floor":12,"turns":2},{"damage":13,"enemies":"Lagavulin","floor":13,"turns":5},{"damage":45,"enemies":"The Guardian","floor":16,"turns":4},{"damage":115,"enemies":"Shell Parasite","floor":18,"turns":3}],"seed_played":"583686060475045157","potions_obtained":[{"floor":0,"key":"SmokeBomb"},{"floor":0,"key":"Milkshake"},{"floor":0,"key":"Slimebound:ThreeZeroPotion"},{"floor":1,"key":"Dexterity Potion"},{"floor":3,"key":"Block Potion"},{"floor":10,"key":"FairyPotion"},{"floor":11,"key":"SpeedPotion"}],"is_trial":false,"path_per_floor":["M","?","M","?","?","E","$","R","T","M","E","M","E","$","R","B",null,"M"],"character_chosen":"Angela","items_purchased":["MerchantsRug","CherryBlossom","FourthMatchFlame"],"campfire_rested":0,"item_purchase_floors":[14,14,14],"current_hp_per_floor":[67,67,67,67,67,30,30,30,30,43,46,35,39,39,39,21,70,0,0],"gold":179,"neow_bonus":"THREE_SMALL_POTIONS","is_daily":false,"chose_seed":false,"campfire_upgraded":0,"win_rate":0.0,"timestamp":1611825429,"path_taken":["M","?","?","?","?","E","$","R","T","M","E","M","E","$","R","BOSS","M"],"items_purchased_type":["Relic","Card","Card"],"build_version":"2020-12-22","purchased_purges":0,"victory":false,"max_hp_per_floor":[70,70,70,70,70,70,70,70,70,70,70,70,70,70,70,70,70,70,70],"card_choices":[{"not_picked":["WhitesApple","GalaxyChild"],"picked":"FairyFestival","floor":1},{"not_picked":["Moonlight"],"picked":"Diffraction","floor":1},{"not_picked":["Wellcheers","CrumblingArmor"],"picked":"HeroicMonk","floor":3},{"not_picked":["Beak"],"picked":"Horn","floor":3},{"not_picked":["Murderer","Wellcheers"],"picked":"ShyLook","floor":6},{"not_picked":["Loneliness"],"picked":"LifeForTheDareDevil","floor":6},{"not_picked":["SpiderBud","Freischutz"],"picked":"Bloodbath","floor":10},{"not_picked":["BearPaw"],"picked":"Moonlight","floor":10},{"not_picked":["BeautyBeast","SpiderBud"],"picked":"LaLuna","floor":11},{"not_picked":["Hornet"],"picked":"Twilight","floor":11},{"not_picked":["LongBird","HappyTeddy"],"picked":"VoidDream","floor":12},{"not_picked":["TodaysExpression"],"picked":"Heaven","floor":12},{"not_picked":["CherryBlossoms","LittleHelper"],"picked":"Variant","floor":13},{"not_picked":["Beak"],"picked":"Galaxy","floor":13},{"not_picked":["DespairKnight","UniverseFragment"],"picked":"RedShoes","floor":16},{"not_picked":["GoldRush"],"picked":"ParadiseLost","floor":16}],"player_experience":1703246,"relics_obtained":[{"floor":1,"key":"LetterFromLob"},{"floor":4,"key":"Ring of Hypnosis"},{"floor":4,"key":"Ring of Misfortune"},{"floor":6,"key":"halation:AfternoonTea"},{"floor":9,"key":"Blood Vial"},{"floor":11,"key":"Boot"},{"floor":12,"key":"RedMistMask"},{"floor":13,"key":"hubris:DuctTape"},{"floor":15,"key":"Quantum Egg"}],"event_choices":[{"damage_healed":0,"gold_gain":0,"player_choice":"Bought 0 Potions","damage_taken":0,"max_hp_gain":0,"max_hp_loss":0,"event_name":"The Woman in Blue","floor":2,"gold_loss":0},{"damage_healed":0,"gold_gain":0,"player_choice":"Invest 1","damage_taken":0,"max_hp_gain":0,"max_hp_loss":0,"event_name":"conspire:Investor","floor":5,"gold_loss":0}],"is_beta":false,"boss_relics":[{"not_picked":["halation:ForbiddenBikini","hubris:CrackedHourglass"],"picked":"halation:HeavySnake"}],"items_purged_floors":[],"is_endless":false,"potions_floor_spawned":[1,3,10,11],"killed_by":"Shell Parasite","ascension_level":0}}