{"host":"9rmokdxh5r7c9fvy","time":1611877901,"event":{"mods":["AchievementEnabler","Act Like it!","BaseMod","Card Forge","DNKmod","Friendly Minions","Grow up Mod","Hallownest","Minty Spire (QoL Compilation)","Permanent Neow","Relic Filter Mod","Remove Card Discount Mod","StSLib","The Bug Knight","The Cursed","The Death Knight","The Hierophant","TheSwordswoman"],"gold_per_floor":[10011,10027,9417,9436,9450,9485,9485,9505,9576,9606,9631,9654,9678,9704,9704,9799,9799,9812,9812,9827,9858,9158,9133,9058,9058,9103,8503,8611,8637,8658,8682,8682,8797,8847,8856,8856,8880,8924,8369,8369,8006,8041,8041,8055,8055,8055,8098,8115,8115,8115,8115,8115,7874,7906,7906],"floor_reached":56,"language":"ENG","playtime":2967,"items_purged":["hierophant:Defend_Hierophant","hierophant:Defend_Hierophant","hierophant:Defend_Hierophant","hierophant:ConvertCurrency+1","hierophant:Flagellation+1","hierophant:Strike_Hierophant+1"],"score":1759,"play_id":"dc9b5d73-9cc0-490a-9c3b-fe0b002107a4","local_time":"20210128235141","is_ascension_mode":false,"campfire_choices":[{"floor":7,"key":"RECALL"},{"data":"hierophant:HolyVerse","floor":15,"key":"SMITH"},{"floor":25,"key":"REST"},{"floor":32,"key":"DIG"},{"floor":40,"key":"DIG"},{"floor":45,"key":"DIG"},{"floor":49,"key":"DIG"},{"floor":52,"key":"DIG"}],"circlet_count":0,"master_deck":["hierophant:Strike_Hierophant+1","hierophant:Punish+1","hierophant:ChurchCoffers+1","hierophant:HolyVerse+1","hierophant:Doubloon+1","hierophant:Smite+1","hierophant:MorningPrayer+1","hierophant:Determination+1","hierophant:Doubloon+1","hierophant:Doubloon+1","hierophant:Generosity+1","hierophant:DivineIntervention+1","hierophant:Charity+1","hierophant:Doubloon+1"],"relics":["hierophant:PropheticMaskRelic","Hammer of Thor","Seething Fire","Anvil of the Gods","Potion Belt","Bag of Preparation","Dream Catcher","Chemical X","PreservedInsect","Unceasing Top","HollowMod:PaleOreRelic","Oddly Smooth Stone","SacredBark","Red Mask","Blue Candle","Ginger","Frozen Eye","Calipers","CeramicFish","Regal Pillow","Peace Pipe","HollowMod:JonisBlessing","Shovel","Shuriken","Strawberry","Tiny House","Question Card","Lantern","Medical Kit","Matryoshka","Membership Card","Blood Vial","Sundial","Bottled Flame","Art of War","MealTicket","Ornamental Fan","Torii","Akabeko","Bottled Lightning","DeathKnight:PutricidesVial","Toy Ornithopter","OrangePellets","Nunchaku"],"acts_visited":["Exordium","TheCity","TheBeyond","TheEnding"],"potions_floor_usage":[16,16,23,33,33,33,55,55,55,55,55,55,55],"damage_taken":[{"damage":0,"enemies":"Jaw Worm","floor":1,"turns":2},{"damage":0,"enemies":"2 Louse","floor":2,"turns":1},{"damage":0,"enemies":"Small Slimes","floor":4,"turns":1},{"damage":0,"enemies":"Blue Slaver","floor":5,"turns":1},{"damage":11,"enemies":"Lagavulin","floor":6,"turns":2},{"damage":0,"enemies":"3 Louse","floor":8,"turns":1},{"damage":0,"enemies":"3 Sentries","floor":10,"turns":1},{"damage":16,"enemies":"Large Slime","floor":11,"turns":1},{"damage":13,"enemies":"Lagavulin","floor":12,"turns":3},{"damage":10,"enemies":"Red Slaver","floor":13,"turns":1},{"damage":5,"enemies":"HollowMod:MossKnight","floor":14,"turns":1},{"damage":0,"enemies":"Hexaghost","floor":16,"turns":2},{"damage":0,"enemies":"2 Thieves","floor":18,"turns":1},{"damage":0,"enemies":"Snake Plant","floor":20,"turns":1},{"damage":0,"enemies":"Masked Bandits","floor":21,"turns":1},{"damage":24,"enemies":"HollowMod:Nosk","floor":23,"turns":2},{"damage":0,"enemies":"Colosseum Slavers","floor":28,"turns":1},{"damage":0,"enemies":"Colosseum Nobs","floor":28,"turns":1},{"damage":0,"enemies":"Cultist and Chosen","floor":29,"turns":1},{"damage":0,"enemies":"Snecko","floor":30,"turns":1},{"damage":0,"enemies":"3 Cultists","floor":31,"turns":1},{"damage":0,"enemies":"Champ","floor":33,"turns":1},{"damage":0,"enemies":"3 Shapes","floor":35,"turns":1},{"damage":0,"enemies":"3 Darklings","floor":37,"turns":1},{"damage":0,"enemies":"4 Shapes","floor":38,"turns":1},{"damage":0,"enemies":"Giant Head","floor":42,"turns":1},{"damage":0,"enemies":"Maw","floor":44,"turns":1},{"damage":0,"enemies":"Nemesis","floor":47,"turns":1},{"damage":0,"enemies":"Transient","floor":48,"turns":1},{"damage":0,"enemies":"Donu and Deca","floor":50,"turns":1},{"damage":0,"enemies":"Shield and Spear","floor":54,"turns":1},{"damage":0,"enemies":"The Heart","floor":55,"turns":1}],"seed_played":"2277467218796758928","potions_obtained":[{"floor":1,"key":"BlessingOfTheForge"},{"floor":8,"key":"LiquidMemories"},{"floor":11,"key":"Regen Potion"},{"floor":12,"key":"GamblersBrew"},{"floor":14,"key":"Fire Potion"},{"floor":20,"key":"SteroidPotion"},{"floor":23,"key":"Swift Potion"},{"floor":29,"key":"Strength Potion"},{"floor":34,"key":"Strength Potion"},{"floor":37,"key":"EntropicBrew"},{"floor":38,"key":"DuplicationPotion"}],"is_trial":false,"path_per_floor":["M","M","$","M","M","E","R","M","T","E","M","E","M","E","R","B",null,"M","?","M","?","$","E","?","R","T","$","?","M","M","M","R","B",null,"M","?","M","M","$","R","$","E","T","M","R","?","E","M","R","B",null,"R","$","E","B",null],"character_chosen":"HIEROPHANT","items_purchased":["Bag of Preparation","Dream Catcher","Chemical X","hierophant:WrathOfGod","Blue Candle","Ginger","Frozen Eye","Regal Pillow","Peace Pipe","HollowMod:JonisBlessing","Question Card","Lantern","Medical Kit","Membership Card","Blood Vial","Sundial","Swift Potion","DeathKnight:PutricidesVial","Toy Ornithopter","OrangePellets","hierophant:Charity"],"campfire_rested":1,"item_purchase_floors":[3,3,3,3,22,22,22,27,27,27,39,39,39,41,41,41,41,53,53,53,53],"current_hp_per_floor":[1020,1030,1040,1050,1060,1059,1069,1079,1089,1099,1093,1090,1090,1095,1105,1124,1180,1190,907,937,966,976,971,981,1265,1275,1285,1295,1305,1315,1325,1342,1352,1367,1377,1387,1397,1407,1417,1427,1437,1447,1457,1467,1477,1487,1497,1507,1517,1527,1537,1547,1557,1567,1587],"gold":7906,"neow_bonus":"RANDOM_COMMON_RELIC","is_daily":false,"chose_seed":false,"campfire_upgraded":1,"win_rate":0.0,"timestamp":1611877901,"path_taken":["M","M","$","M","M","E","R","M","T","E","M","E","M","E","R","BOSS","M","?","M","?","$","E","?","R","T","$","?","M","M","M","R","BOSS","M","?","M","M","$","R","$","E","T","M","R","?","E","M","R","BOSS","R","$","E","BOSS"],"items_purchased_type":["Relic","Relic","Relic","Card","Relic","Relic","Relic","Relic","Relic","Relic","Relic","Relic","Relic","Relic","Relic","Relic","Potion","Relic","Relic","Relic","Card"],"build_version":"2020-12-22","purchased_purges":6,"victory":true,"max_hp_per_floor":[1020,1030,1040,1050,1060,1070,1080,1090,1100,1110,1120,1130,1140,1150,1160,1170,1180,1190,1205,1215,1225,1235,1245,1255,1265,1275,1285,1295,1305,1315,1325,1342,1352,1367,1377,1387,1397,1407,1417,1427,1437,1447,1457,1467,1477,1487,1497,1507,1517,1527,1537,1547,1557,1567,1587],"card_choices":[{"not_picked":["hierophant:MorningPrayer","hierophant:CursedGold"],"picked":"hierophant:Flagellation","floor":1},{"not_picked":["hierophant:HammerAndAnvil","hierophant:OrnateBuckler"],"picked":"hierophant:Sermon","floor":2},{"not_picked":["hierophant:Smite","hierophant:MorningPrayer"],"picked":"hierophant:HolyVerse","floor":4},{"not_picked":["hierophant:HammerAndAnvil","hierophant:OrnateBuckler","hierophant:Community"],"picked":"SKIP","floor":5},{"not_picked":["hierophant:Encroach","hierophant:Alms","hierophant:Sermon"],"picked":"SKIP","floor":6},{"not_picked":["hierophant:BulkyChest","hierophant:FlamingChariot"],"picked":"hierophant:ConvertCurrency","floor":8},{"not_picked":["hierophant:CursedGold","hierophant:HammerAndAnvil"],"picked":"hierophant:RepressedViolence","floor":10},{"not_picked":["hierophant:Sermon","hierophant:Embezzle","hierophant:Empathy"],"picked":"SKIP","floor":11},{"not_picked":["hierophant:MorningPrayer","hierophant:Encroach","hierophant:Invocation"],"picked":"SKIP","floor":12},{"not_picked":["hierophant:Doubloon","hierophant:Zeal"],"picked":"hierophant:Smite","floor":13},{"not_picked":["hierophant:RustyCrate","hierophant:SealAway","hierophant:Charity"],"picked":"SKIP","floor":14},{"not_picked":["hierophant:Batter","hierophant:Levitation"],"picked":"hierophant:Cornucopia","floor":16},{"not_picked":["hierophant:Mercenaries","hierophant:OrnateBuckler+1"],"picked":"hierophant:Prophecy+1","floor":18},{"not_picked":["hierophant:Doomsaying+1","hierophant:FieryStrike","hierophant:Zeal"],"picked":"SKIP","floor":20},{"not_picked":["hierophant:AuricBeam+1","hierophant:Encroach+1"],"picked":"hierophant:Doubloon+1","floor":21},{"not_picked":["hierophant:Exaltation","hierophant:CoinFling","hierophant:RepressedViolence"],"picked":"SKIP","floor":23},{"not_picked":["hierophant:OrnateJavelin","hierophant:Rebuild","hierophant:Shelter"],"picked":"SKIP","floor":29},{"not_picked":["hierophant:Remorse","hierophant:Glossolalia+1","hierophant:AuricShield"],"picked":"SKIP","floor":30},{"not_picked":["hierophant:OrnateBuckler","hierophant:Refuge","hierophant:TollTheBells"],"picked":"SKIP","floor":31},{"not_picked":["hierophant:Levitation","hierophant:Kindle"],"picked":"hierophant:Generosity","floor":33},{"not_picked":["hierophant:CoinFling+1","hierophant:SolarFlare+1","hierophant:SealAway+1"],"picked":"SKIP","floor":35},{"not_picked":["hierophant:SecretStash","hierophant:MirrorShield","hierophant:EyeForCoin"],"picked":"SKIP","floor":37},{"not_picked":["hierophant:AuricBeam+1","hierophant:TollTheBells","hierophant:Chorus+1"],"picked":"SKIP","floor":38},{"not_picked":["hierophant:DeathKnell","hierophant:PristineSoul","hierophant:RustyCrate+1","hierophant:Purify"],"picked":"SKIP","floor":42},{"not_picked":["hierophant:RecallFunds+1","hierophant:Zeal","hierophant:Endure+1","hierophant:FieryStrike+1"],"picked":"SKIP","floor":44},{"not_picked":["hierophant:Charity+1","hierophant:Purify+1","hierophant:Invocation","hierophant:ArchangelShield"],"picked":"SKIP","floor":47},{"not_picked":["hierophant:DisplayOfPower+1","hierophant:AuricBeam+1","hierophant:SealAway","hierophant:Encroach"],"picked":"SKIP","floor":48},{"not_picked":["hierophant:Patience+1","hierophant:Racketeering","hierophant:Generosity","hierophant:CursedGold+1"],"picked":"SKIP","floor":54}],"player_experience":111272,"relics_obtained":[{"floor":6,"key":"PreservedInsect"},{"floor":10,"key":"Unceasing Top"},{"floor":12,"key":"HollowMod:PaleOreRelic"},{"floor":14,"key":"Oddly Smooth Stone"},{"floor":21,"key":"Red Mask"},{"floor":23,"key":"Calipers"},{"floor":26,"key":"CeramicFish"},{"floor":28,"key":"Shovel"},{"floor":28,"key":"Shuriken"},{"floor":32,"key":"Strawberry"},{"floor":40,"key":"Matryoshka"},{"floor":42,"key":"Bottled Flame"},{"floor":43,"key":"Art of War"},{"floor":43,"key":"MealTicket"},{"floor":45,"key":"Ornamental Fan"},{"floor":47,"key":"Torii"},{"floor":49,"key":"Akabeko"},{"floor":52,"key":"Bottled Lightning"},{"floor":54,"key":"Nunchaku"}],"event_choices":[{"damage_healed":0,"gold_gain":0,"player_choice":"Shed Blood","damage_taken":298,"max_hp_gain":5,"max_hp_loss":0,"event_name":"Forgotten Altar","floor":19,"gold_loss":0},{"damage_healed":0,"gold_gain":0,"player_choice":"Fought Bandits","damage_taken":0,"max_hp_gain":0,"max_hp_loss":0,"event_name":"Masked Bandits","floor":21,"gold_loss":0},{"cards_removed":["hierophant:Prophecy"],"damage_healed":0,"gold_gain":0,"player_choice":"Gave Gold","damage_taken":0,"max_hp_gain":0,"max_hp_loss":0,"event_name":"Beggar","floor":24,"gold_loss":75},{"damage_healed":0,"gold_gain":0,"player_choice":"Fight","damage_taken":0,"max_hp_gain":0,"max_hp_loss":0,"event_name":"Colosseum","floor":28,"gold_loss":0},{"damage_healed":0,"gold_gain":0,"player_choice":"Fought Nobs","damage_taken":0,"max_hp_gain":0,"max_hp_loss":0,"event_name":"Colosseum","floor":28,"gold_loss":0}],"is_beta":false,"boss_relics":[{"not_picked":["Pandora\u0027s Box","Snecko Eye"],"picked":"SacredBark"},{"not_picked":["SlaversCollar","Philosopher\u0027s Stone"],"picked":"Tiny House"}],"items_purged_floors":[3,3,3,41,41,53],"is_endless":false,"potions_floor_spawned":[1,8,11,12,14,20,23,29,37,38,54],"ascension_level":0}}