{"host":"wcu170u0llqv9dkc","time":1611794682,"event":{"mods":["2.2 Compatiblity","AchievementEnabler","AlwaysNeverKeys","BaseMod","Bestiary","Better Altar","Better Note","Better Skull","Better Third Choice","Colored Map","Colored Powertips","Curses Come First","Custom Start","Displayed Cursed Tome","Highlight Path","Minty Spire (QoL Compilation)","Permanent Neow","Relic Stats","Reliquary","StSLib","Unknown Chances"],"gold_per_floor":[118,118,336,351,351,389,389,427,451,451,466,491,491,527,527,656,656,670,695,695,645,645,686,686,107,107,131,131,166,189,232,232,356,356,370,370,389,234,250,250,289,289,289,325,349,349,362,205,205,205,205,205,4,44,44],"floor_reached":56,"language":"ENG","playtime":2152,"items_purged":["Strike_B"],"score":1670,"play_id":"33351f84-6465-48d7-8752-57862047637b","local_time":"20210127214442","is_ascension_mode":true,"campfire_choices":[{"data":"Defragment","floor":7.0,"key":"SMITH"},{"data":"Zap","floor":10.0,"key":"SMITH"},{"data":"Dualcast","floor":15.0,"key":"SMITH"},{"data":"Apotheosis","floor":28.0,"key":"SMITH"},{"data":"Creative AI","floor":32.0,"key":"SMITH"},{"data":"Defragment","floor":40.0,"key":"SMITH"},{"data":"Discovery","floor":42.0,"key":"SMITH"},{"data":"Echo Form","floor":46.0,"key":"SMITH"},{"data":"Defragment","floor":49.0,"key":"SMITH"},{"data":"Ghostly","floor":52,"key":"SMITH"}],"circlet_count":0,"master_deck":["Zap+1","Dualcast+1","Sweeping Beam","Cold Snap","Defragment+1","Ball Lightning+1","Creative AI+1","Glacier","Conserve Battery","Storm+1","Ghostly+1","Ghostly","Ghostly","Ghostly","Ghostly","Apotheosis+1","Defragment+1","Discovery+1","Amplify+1","Leap+1","Echo Form+1","Chill+1","Hologram+1","Defragment+1"],"relics":["Cracked Core","Akabeko","Golden Idol","Centennial Puzzle","Toy Ornithopter","reliquary:SharkskinSheath","reliquary:QuartzCube","Nuclear Battery","PreservedInsect","Anchor","Vajra","Eternal Feather","Whetstone","Pandora\u0027s Box","reliquary:Buckler","Orichalcum","Blue Candle","reliquary:RosewoodLute","ClockworkSouvenir","Strange Spoon","reliquary:TuningFork"],"acts_visited":["Exordium","TheCity","TheBeyond","TheEnding"],"potions_floor_usage":[50,55],"damage_taken":[{"damage":0.0,"enemies":"Cultist","floor":1.0,"turns":2.0},{"damage":0.0,"enemies":"Small Slimes","floor":4.0,"turns":2.0},{"damage":4.0,"enemies":"3 Sentries","floor":6.0,"turns":5.0},{"damage":12.0,"enemies":"Gremlin Nob","floor":8.0,"turns":4.0},{"damage":2.0,"enemies":"Jaw Worm","floor":11.0,"turns":3.0},{"damage":0.0,"enemies":"Large Slime","floor":12.0,"turns":3.0},{"damage":17.0,"enemies":"3 Sentries","floor":14.0,"turns":4.0},{"damage":5.0,"enemies":"Slime Boss","floor":16.0,"turns":8.0},{"damage":7.0,"enemies":"Spheric Guardian","floor":18.0,"turns":3.0},{"damage":11.0,"enemies":"2 Thieves","floor":19.0,"turns":4.0},{"damage":24.0,"enemies":"Book of Stabbing","floor":23.0,"turns":5.0},{"damage":0.0,"enemies":"Chosen and Byrds","floor":27.0,"turns":5.0},{"damage":0.0,"enemies":"Slavers","floor":29.0,"turns":7.0},{"damage":2.0,"enemies":"Cultist and Chosen","floor":30.0,"turns":7.0},{"damage":0.0,"enemies":"Book of Stabbing","floor":31.0,"turns":5.0},{"damage":18.0,"enemies":"Collector","floor":33.0,"turns":10.0},{"damage":0.0,"enemies":"Orb Walker","floor":35.0,"turns":3.0},{"damage":2.0,"enemies":"3 Darklings","floor":37.0,"turns":5.0},{"damage":5.0,"enemies":"Jaw Worm Horde","floor":39.0,"turns":5.0},{"damage":0.0,"enemies":"Reptomancer","floor":41.0,"turns":5.0},{"damage":9.0,"enemies":"Nemesis","floor":44.0,"turns":5.0},{"damage":0.0,"enemies":"Maw","floor":45.0,"turns":4.0},{"damage":0.0,"enemies":"Spire Growth","floor":47.0,"turns":5.0},{"damage":6,"enemies":"Donu and Deca","floor":50,"turns":7},{"damage":0,"enemies":"Shield and Spear","floor":54,"turns":5},{"damage":22,"enemies":"The Heart","floor":55,"turns":13}],"seed_played":"4799081773268549969","potions_obtained":[{"floor":0.0,"key":"PotionOfCapacity"},{"floor":0.0,"key":"SneckoOil"},{"floor":0.0,"key":"SkillPotion"},{"floor":4.0,"key":"Explosive Potion"},{"floor":6.0,"key":"LiquidBronze"},{"floor":27.0,"key":"SteroidPotion"},{"floor":33.0,"key":"Energy Potion"},{"floor":35.0,"key":"Weak Potion"},{"floor":47.0,"key":"Ancient Potion"}],"is_trial":false,"path_per_floor":["M","?","?","M","?","E","R","E","T","R","M","M","?","E","R","B",null,"M","M","?","?","?","E","?","$","T","M","R","E","M","E","R","B",null,"M","?","M","$","M","R","E","R","T","E","M","R","M","$","R","B",null,"R","$","E","B",null],"character_chosen":"DEFECT","items_purchased":["Apotheosis","Defragment","Anchor","Discovery","reliquary:Buckler","ClockworkSouvenir","Strange Spoon","SpeedPotion"],"campfire_rested":0,"item_purchase_floors":[25,25,25,25,38,48,53,53],"current_hp_per_floor":[75,80,44,44,44,40,40,28,28,28,26,26,44,27,27,22,61,54,43,43,43,43,24,24,24,24,24,24,24,22,22,35,17,31,31,31,29,29,24,35,35,35,35,26,26,35,35,35,35,29,34,35,35,35,13],"gold":44,"neow_bonus":"THREE_SMALL_POTIONS","is_daily":false,"chose_seed":false,"campfire_upgraded":10,"win_rate":0.0,"timestamp":1611794682,"path_taken":["M","?","?","?","?","E","R","E","T","R","M","M","?","E","R","BOSS","M","M","?","?","?","E","?","$","T","M","R","E","M","E","R","BOSS","M","?","M","$","M","R","E","R","T","E","M","R","M","?","R","BOSS","R","$","E","BOSS"],"items_purchased_type":["Card","Card","Relic","Card","Relic","Relic","Relic","Potion"],"build_version":"2020-12-22","purchased_purges":1,"victory":true,"max_hp_per_floor":[75,80,80,80,74,74,74,74,74,74,74,74,74,74,74,74,74,74,74,74,74,71,71,35,35,35,35,35,35,35,35,35,35,35,35,35,35,35,35,35,35,35,35,35,35,35,35,35,35,35,35,35,35,35,35],"relic_stats":{"Strange Spoon":[11],"Centennial Puzzle":[42],"counters":[26,134],"Golden Idol":213,"Blue Candle":[0],"Eternal Feather":34,"Pandora\u0027s Box":["Hologram","Creative AI","Capacitor","Ball Lightning","Hello World","Aggregate","Seek"],"PreservedInsect":253,"Whetstone":["Strike_B","Strike_B"],"Orichalcum":[54],"obtain_stats":[{"Golden Idol":5,"Blue Candle":43,"Vajra":26,"Eternal Feather":29,"PreservedInsect":23,"Whetstone":31,"Orichalcum":41,"reliquary:RosewoodLute":44,"reliquary:QuartzCube":14,"Akabeko":3,"Nuclear Battery":17,"ClockworkSouvenir":48,"Strange Spoon":53,"Centennial Puzzle":6,"Anchor":25,"Pandora\u0027s Box":34,"reliquary:Buckler":38,"reliquary:TuningFork":54,"Cracked Core":0,"Toy Ornithopter":8,"reliquary:SharkskinSheath":9},{"Golden Idol":2,"Blue Candle":20,"Vajra":11,"Eternal Feather":13,"PreservedInsect":11,"Whetstone":15,"Orichalcum":20,"reliquary:RosewoodLute":21,"reliquary:QuartzCube":7,"Akabeko":1,"Nuclear Battery":8,"ClockworkSouvenir":23,"Strange Spoon":24,"Centennial Puzzle":3,"Anchor":11,"Pandora\u0027s Box":16,"reliquary:Buckler":18,"reliquary:TuningFork":25,"Cracked Core":0,"Toy Ornithopter":4,"reliquary:SharkskinSheath":4},{"Golden Idol":4,"Blue Candle":95,"Vajra":43,"Eternal Feather":55,"PreservedInsect":43,"Whetstone":67,"Orichalcum":95,"reliquary:RosewoodLute":100,"reliquary:QuartzCube":23,"Akabeko":2,"Nuclear Battery":31,"ClockworkSouvenir":109,"Strange Spoon":116,"Centennial Puzzle":9,"Anchor":43,"Pandora\u0027s Box":77,"reliquary:Buckler":85,"reliquary:TuningFork":121,"Cracked Core":0,"Toy Ornithopter":13,"reliquary:SharkskinSheath":13}],"Toy Ornithopter":5},"card_choices":[{"not_picked":["Scrape","Hello World"],"picked":"Sweeping Beam","floor":1.0},{"not_picked":["Barrage","Capacitor"],"picked":"Cold Snap","floor":4.0},{"not_picked":["Streamline","Compile Driver"],"picked":"Defragment","floor":6.0},{"not_picked":["Go for the Eyes","Skim","Force Field"],"picked":"SKIP","floor":8.0},{"not_picked":["Reprogram","Aggregate","Steam"],"picked":"SKIP","floor":11.0},{"not_picked":["Hello World","Streamline"],"picked":"Ball Lightning","floor":12.0},{"not_picked":["Turbo","Rip and Tear","Fission"],"picked":"SKIP","floor":14.0},{"not_picked":["Echo Form","All For One"],"picked":"Creative AI","floor":16.0},{"not_picked":["Sweeping Beam","Steam Power"],"picked":"Glacier","floor":18.0},{"not_picked":["Beam Cell","Loop"],"picked":"Conserve Battery","floor":19.0},{"not_picked":["Conserve Battery","Redo"],"picked":"Storm+1","floor":23.0},{"not_picked":["Rebound","Sweeping Beam+1","Beam Cell"],"picked":"SKIP","floor":27.0},{"not_picked":["Cold Snap+1","Sweeping Beam","Conserve Battery"],"picked":"SKIP","floor":29.0},{"not_picked":["Beam Cell","Sweeping Beam+1"],"picked":"Amplify","floor":30.0},{"not_picked":["Beam Cell+1","Redo+1"],"picked":"Leap+1","floor":31.0},{"not_picked":["Thunder Strike","Machine Learning"],"picked":"Echo Form","floor":33.0},{"not_picked":["Leap+1","Melter"],"picked":"Chill+1","floor":35.0},{"not_picked":["Barrage+1","Ball Lightning","Auto Shields+1"],"picked":"SKIP","floor":37.0},{"not_picked":["Coolheaded","Cold Snap"],"picked":"Hologram+1","floor":39.0},{"not_picked":["Aggregate","Redo","Sunder"],"picked":"SKIP","floor":41.0},{"not_picked":["Gash","Streamline+1","Rainbow"],"picked":"SKIP","floor":44.0},{"not_picked":["Leap","Fusion","Streamline+1"],"picked":"SKIP","floor":45.0},{"not_picked":["Ball Lightning","Chaos+1"],"picked":"Defragment","floor":47.0},{"not_picked":["Scrape+1","Creative AI","Streamline+1"],"picked":"SKIP","floor":54}],"player_experience":496025,"relics_obtained":[{"floor":6.0,"key":"Centennial Puzzle"},{"floor":8.0,"key":"Toy Ornithopter"},{"floor":9.0,"key":"reliquary:SharkskinSheath"},{"floor":14.0,"key":"reliquary:QuartzCube"},{"floor":23.0,"key":"PreservedInsect"},{"floor":26.0,"key":"Vajra"},{"floor":29.0,"key":"Eternal Feather"},{"floor":31.0,"key":"Whetstone"},{"floor":41.0,"key":"Orichalcum"},{"floor":43.0,"key":"Blue Candle"},{"floor":44.0,"key":"reliquary:RosewoodLute"},{"floor":54,"key":"reliquary:TuningFork"}],"event_choices":[{"damage_healed":0.0,"max_hp_gain":5.0,"max_hp_loss":0.0,"gold_gain":0.0,"event_name":"Big Fish","player_choice":"Donut","floor":2.0,"gold_loss":0.0,"damage_taken":0.0},{"damage_healed":0.0,"max_hp_gain":0.0,"max_hp_loss":0.0,"gold_gain":218.0,"event_name":"betterSkull:BetterSkull","player_choice":"GO RE GO ","floor":3.0,"gold_loss":0.0,"damage_taken":40.0,"cards_upgraded":[],"relics_obtained":["Akabeko"]},{"damage_healed":0.0,"max_hp_gain":0.0,"max_hp_loss":6.0,"gold_gain":0.0,"event_name":"Golden Idol","player_choice":"Lose Max HP","floor":5.0,"gold_loss":0.0,"damage_taken":0.0,"relics_obtained":["Golden Idol"]},{"damage_healed":18.0,"max_hp_gain":0.0,"max_hp_loss":0.0,"gold_gain":0.0,"event_name":"Mushrooms","player_choice":"Healed and dodged fight","floor":13.0,"gold_loss":0.0,"damage_taken":0.0,"cards_obtained":["Parasite"]},{"damage_healed":0.0,"max_hp_gain":0.0,"max_hp_loss":0.0,"gold_gain":0.0,"event_name":"The Woman in Blue","player_choice":"Bought 0 Potions","floor":20.0,"gold_loss":0.0,"damage_taken":0.0},{"damage_healed":0.0,"max_hp_gain":0.0,"max_hp_loss":0.0,"gold_gain":0.0,"event_name":"The Joust","player_choice":"Bet on Owner","floor":21.0,"gold_loss":50.0,"damage_taken":0.0},{"cards_removed":["Parasite"],"damage_healed":0.0,"max_hp_gain":0.0,"max_hp_loss":0.0,"gold_gain":0.0,"event_name":"Purifier","player_choice":"Purged","floor":22.0,"gold_loss":0.0,"damage_taken":0.0},{"damage_healed":0.0,"max_hp_gain":0.0,"max_hp_loss":36.0,"gold_gain":0.0,"event_name":"Ghosts","player_choice":"Became a Ghost","floor":24.0,"gold_loss":0.0,"damage_taken":0.0,"cards_obtained":["Ghostly","Ghostly","Ghostly","Ghostly","Ghostly"]},{"cards_removed":["Apotheosis"],"damage_healed":0.0,"max_hp_gain":0.0,"max_hp_loss":0.0,"gold_gain":0.0,"event_name":"betterNote:BetterNote","player_choice":"Give","floor":36.0,"gold_loss":0.0,"damage_taken":0.0,"cards_obtained":["Inflame"]}],"is_beta":false,"boss_relics":[{"not_picked":["Philosopher\u0027s Stone","Astrolabe"],"picked":"Nuclear Battery"},{"not_picked":["Tiny House","Runic Pyramid"],"picked":"Pandora\u0027s Box"}],"items_purged_floors":[25],"is_endless":false,"potions_floor_spawned":[4,6,8,14,16,19,27,29,33,35,45,47],"ascension_level":5}}