{"host":"dm4yvegl9um2tlqd","time":1611830759,"event":{"mods":["2.2 Compatiblity","AchievementEnabler","BaseMod","Colored Map","DeckTracker","Highlight Path","KOR Keyword Fix","Keyboard Shortcuts","Minty Spire (QoL Compilation)","Permanent Neow","Quick Restart","Random Character Button","StSLib","SuperFastMode","everything is the same but u backflip on backflip"],"gold_per_floor":[112,128,53,128,28,28,39,39,39,74,87,101,101,131,131,230,230,247,20,20,20,35,35,49,49,49,66,77,77,77,77],"floor_reached":30,"language":"KOR","playtime":942,"items_purged":["Defend_B","Defend_B","Strike_B"],"score":288,"play_id":"aa2fc5cd-d109-40b4-8328-20b1d689b070","local_time":"20210128194559","is_ascension_mode":true,"campfire_choices":[{"data":"Beam Cell","floor":6,"key":"SMITH"},{"data":"Dualcast","floor":8,"key":"SMITH"},{"floor":15,"key":"REST"},{"data":"Hologram","floor":23,"key":"SMITH"},{"data":"Streamline","floor":25,"key":"SMITH"},{"data":"Leap","floor":29,"key":"SMITH"}],"circlet_count":0,"master_deck":["Strike_B","Defend_B","Defend_B","Zap","Dualcast+1","Ball Lightning","Beam Cell+1","Cold Snap","Barrage","Hologram+1","Streamline+1","BootSequence","Echo Form","Turbo+1","Leap+1"],"relics":["Cracked Core","Sundial","Toy Ornithopter","Dream Catcher","Coffee Dripper","Matryoshka"],"acts_visited":["Exordium","TheCity"],"potions_floor_usage":[14],"damage_taken":[{"damage":1.0,"enemies":"Cultist","floor":1.0,"turns":3.0},{"damage":9.0,"enemies":"Jaw Worm","floor":2.0,"turns":3.0},{"damage":0,"enemies":"2 Louse","floor":7,"turns":1},{"damage":18,"enemies":"Lagavulin","floor":10,"turns":4},{"damage":15,"enemies":"Exordium Wildlife","floor":11,"turns":3},{"damage":5,"enemies":"Blue Slaver","floor":12,"turns":2},{"damage":24,"enemies":"Gremlin Nob","floor":14,"turns":4},{"damage":10,"enemies":"Slime Boss","floor":16,"turns":7},{"damage":20,"enemies":"Spheric Guardian","floor":18,"turns":4},{"damage":8,"enemies":"3 Byrds","floor":22,"turns":4},{"damage":20,"enemies":"3 Cultists","floor":24,"turns":5},{"damage":4,"enemies":"Snecko","floor":27,"turns":4},{"damage":15,"enemies":"Centurion and Healer","floor":28,"turns":5},{"damage":7,"enemies":"Shelled Parasite and Fungi","floor":30,"turns":2}],"seed_played":"-7055305019928268091","potions_obtained":[{"floor":2.0,"key":"Regen Potion"},{"floor":10,"key":"PotionOfCapacity"},{"floor":11,"key":"Ancient Potion"},{"floor":16,"key":"Dexterity Potion"}],"is_trial":false,"path_per_floor":["M","M","$","?","$","R","M","R","T","E","M","M","?","E","R","B",null,"M","$","?","?","M","R","M","R","T","M","M","R","M"],"character_chosen":"DEFECT","items_purchased":["CultistPotion"],"campfire_rested":1,"item_purchase_floors":[19],"current_hp_per_floor":[67,58,58,52,52,52,52,52,52,34,19,14,14,7,27,17,68,48,48,48,48,40,40,20,20,20,16,1,1,0,0],"gold":77,"neow_bonus":"REMOVE_TWO","is_daily":false,"chose_seed":false,"campfire_upgraded":5,"win_rate":0.0,"timestamp":1611830759,"path_taken":["M","M","$","?","?","R","M","R","T","E","M","M","?","E","R","BOSS","M","$","?","?","M","R","M","R","T","M","M","R","M"],"items_purchased_type":["Potion"],"build_version":"2020-12-22","purchased_purges":3,"victory":false,"max_hp_per_floor":[68,68,68,68,68,68,68,68,68,68,68,68,68,68,68,68,68,68,68,68,68,68,68,68,68,68,68,68,68,68,68],"card_choices":[{"not_picked":["Streamline","Turbo"],"picked":"Ball Lightning","floor":1.0},{"not_picked":["Reprogram","Turbo"],"picked":"Beam Cell","floor":2.0},{"not_picked":["Redo","Rainbow"],"picked":"Cold Snap","floor":7},{"not_picked":["Steam","Force Field"],"picked":"Barrage","floor":10},{"not_picked":["Rebound","Stack"],"picked":"Hologram","floor":11},{"not_picked":["Hologram","Barrage"],"picked":"Streamline","floor":12},{"not_picked":["Beam Cell","Rebound","Heatsinks"],"picked":"SKIP","floor":14},{"not_picked":["Machine Learning","Rebound"],"picked":"BootSequence","floor":15},{"not_picked":["Seek","Rainbow"],"picked":"Echo Form","floor":16},{"not_picked":["Reprogram","BootSequence","Beam Cell"],"picked":"SKIP","floor":18},{"not_picked":["Hologram","Beam Cell"],"picked":"Turbo+1","floor":22},{"not_picked":["Stack","Thunder Strike","Chaos"],"picked":"SKIP","floor":24},{"not_picked":["Stack","Coolheaded"],"picked":"Leap","floor":27},{"not_picked":["Gash","Loop","Melter"],"picked":"SKIP","floor":28}],"player_experience":92071,"relics_obtained":[{"floor":9,"key":"Sundial"},{"floor":10,"key":"Toy Ornithopter"},{"floor":14,"key":"Dream Catcher"},{"floor":26,"key":"Matryoshka"}],"event_choices":[{"damage_healed":0,"gold_gain":75,"player_choice":"Touch","damage_taken":6,"max_hp_gain":0,"max_hp_loss":0,"event_name":"FaceTrader","floor":4,"gold_loss":0},{"damage_healed":0,"gold_gain":0,"player_choice":"Ignored","damage_taken":0,"max_hp_gain":0,"max_hp_loss":0,"event_name":"Shining Light","floor":13,"gold_loss":0},{"damage_healed":0,"gold_gain":0,"player_choice":"Ignored","damage_taken":0,"max_hp_gain":0,"max_hp_loss":0,"event_name":"Vampires","floor":20,"gold_loss":0}],"is_beta":false,"boss_relics":[{"not_picked":["Runic Pyramid","Velvet Choker"],"picked":"Coffee Dripper"}],"items_purged_floors":[3,5,19],"is_endless":false,"potions_floor_spawned":[2,10,11,16,22,28],"killed_by":"Shelled Parasite and Fungi","ascension_level":4}}