{"host":"hwrdjx5eod2cxh09","time":1611845634,"event":{"mods":["AchievementEnabler","BaseMod","Bestiary","Minty Spire (QoL Compilation)","Relic Stats"],"gold_per_floor":[109,109,126,126,145,173,184,228,228,250,279,25,46,18,18,130,130,153,153,174,174,174,202,202,236,261,280,280,317,317,344,344,452,452,472,522,522,536,536,536,579,599,652,684,181,0,0,59,59,59,59,59,59,98,98],"floor_reached":56,"language":"ENG","playtime":4129,"items_purged":["Strike_B","Strike_B"],"score":1248,"play_id":"aa96def4-2f3c-4552-8925-8a7269aaa611","local_time":"20210128235354","is_ascension_mode":false,"campfire_choices":[{"data":"Defragment","floor":15.0,"key":"SMITH"},{"data":"Capacitor","floor":24,"key":"SMITH"},{"floor":28,"key":"REST"},{"data":"White Noise","floor":30,"key":"SMITH"},{"floor":32,"key":"REST"},{"floor":40,"key":"DIG"},{"floor":47,"key":"RECALL"},{"floor":49,"key":"DIG"},{"floor":52,"key":"DIG"}],"circlet_count":0,"master_deck":["Defend_B","Defend_B","Defend_B","Defend_B","Zap","Dualcast","Cold Snap","Streamline+1","Hologram","Conserve Battery","Rebound","Leap","White Noise+1","Doom and Gloom","Capacitor+1","Skim","Defragment+1","Electrodynamics","Cold Snap","Stack+1","Core Surge","Force Field","Undo","Coolheaded","Meteor Strike","Glacier","Consume+1","Defragment","Coolheaded+1","Fusion+1","Echo Form"],"relics":["Nuclear Battery","Orichalcum","CeramicFish","MealTicket","Oddly Smooth Stone","Inserter","Nilry\u0027s Codex","Gremlin Horn","InkBottle","Happy Flower","Bag of Marbles","Question Card","Snecko Eye","Shovel","Pantograph","Singing Bowl","Toxic Egg 2","Anchor","ClockworkSouvenir","Red Mask","Dead Branch","Blue Candle","Bottled Flame","Pen Nib"],"acts_visited":["Exordium","TheCity","TheBeyond","TheEnding"],"potions_floor_usage":[25,27,38,41,54,55,55,55],"damage_taken":[{"damage":3.0,"enemies":"2 Louse","floor":1.0,"turns":2.0},{"damage":0.0,"enemies":"Cultist","floor":3.0,"turns":4.0},{"damage":1.0,"enemies":"Jaw Worm","floor":5.0,"turns":3.0},{"damage":12.0,"enemies":"Lagavulin","floor":6.0,"turns":5.0},{"damage":8.0,"enemies":"Large Slime","floor":7.0,"turns":6.0},{"damage":17.0,"enemies":"Gremlin Nob","floor":8.0,"turns":4.0},{"damage":2.0,"enemies":"Blue Slaver","floor":10.0,"turns":3.0},{"damage":6.0,"enemies":"Exordium Wildlife","floor":11.0,"turns":3.0},{"damage":0.0,"enemies":"Looter","floor":13.0,"turns":4.0},{"damage":16.0,"enemies":"Hexaghost","floor":16.0,"turns":11.0},{"damage":15.0,"enemies":"Spheric Guardian","floor":18.0,"turns":4.0},{"damage":0.0,"enemies":"Chosen","floor":20.0,"turns":4.0},{"damage":4,"enemies":"Gremlin Leader","floor":23,"turns":6},{"damage":21,"enemies":"Slavers","floor":25,"turns":5},{"damage":3,"enemies":"Snake Plant","floor":27,"turns":4},{"damage":10,"enemies":"Gremlin Leader","floor":29,"turns":8},{"damage":7,"enemies":"Shelled Parasite and Fungi","floor":31,"turns":5},{"damage":17,"enemies":"Collector","floor":33,"turns":10},{"damage":0,"enemies":"Orb Walker","floor":35,"turns":3},{"damage":0,"enemies":"2 Orb Walkers","floor":36,"turns":5},{"damage":19,"enemies":"3 Darklings","floor":38,"turns":6},{"damage":0,"enemies":"Giant Head","floor":41,"turns":18},{"damage":0,"enemies":"Writhing Mass","floor":42,"turns":5},{"damage":8,"enemies":"Nemesis","floor":44,"turns":7},{"damage":0,"enemies":"Mind Bloom Boss Battle","floor":48,"turns":15},{"damage":6,"enemies":"Donu and Deca","floor":50,"turns":8},{"damage":48,"enemies":"Shield and Spear","floor":54,"turns":59},{"damage":42,"enemies":"The Heart","floor":55,"turns":11}],"seed_played":"3110268642598568048","potions_obtained":[{"floor":3.0,"key":"SkillPotion"},{"floor":6.0,"key":"Dexterity Potion"},{"floor":10.0,"key":"FocusPotion"},{"floor":11.0,"key":"Explosive Potion"},{"floor":25,"key":"Weak Potion"},{"floor":33,"key":"BlessingOfTheForge"},{"floor":35,"key":"SpeedPotion"},{"floor":38,"key":"EssenceOfSteel"},{"floor":44,"key":"Regen Potion"},{"floor":48,"key":"SneckoOil"},{"floor":54,"key":"PotionOfCapacity"}],"is_trial":false,"path_per_floor":["M","?","M","?","M","E","M","E","T","M","M","$","M","$","R","B",null,"M","?","M","?","T","E","R","E","T","M","R","E","R","M","R","B",null,"M","?","?","M","?","R","E","M","T","E","$","?","R","?","R","B",null,"R","$","E","B",null],"character_chosen":"DEFECT","items_purchased":["Capacitor","Oddly Smooth Stone","Defragment","Defragment","Anchor","ClockworkSouvenir","Coolheaded+1"],"campfire_rested":2,"item_purchase_floors":[12,12,14,45,45,45,45],"current_hp_per_floor":[72,72,72,72,71,59,51,34,34,32,26,41,41,56,56,40,75,60,60,60,44,44,40,40,19,19,16,38,28,28,21,43,26,75,75,75,71,52,52,52,52,54,54,48,63,63,63,75,75,69,75,75,75,42,25],"gold":98,"neow_bonus":"BOSS_RELIC","is_daily":false,"chose_seed":false,"campfire_upgraded":3,"win_rate":0.0,"timestamp":1611845634,"path_taken":["M","?","M","?","?","E","M","E","T","M","M","$","M","?","R","BOSS","M","?","M","?","?","E","R","E","T","?","R","E","R","M","R","BOSS","M","?","?","M","?","R","E","M","T","E","$","?","R","?","R","BOSS","R","$","E","BOSS"],"items_purchased_type":["Card","Relic","Card","Card","Relic","Relic","Card"],"build_version":"2020-12-22","purchased_purges":2,"victory":true,"max_hp_per_floor":[75,75,75,75,75,75,75,75,75,75,75,75,75,75,75,75,75,75,75,75,75,75,75,75,75,75,75,75,75,75,75,75,75,75,75,75,71,71,71,71,71,73,73,75,75,75,75,75,75,75,75,75,75,75,75],"relic_stats":{"Inserter":[75],"Gremlin Horn":[20,20],"Happy Flower":[54],"Singing Bowl":4,"counters":[28,228],"CeramicFish":180,"Dead Branch":[27],"Blue Candle":[0],"Pen Nib":[3],"Orichalcum":[366],"Question Card":10,"Shovel":3,"Pantograph":37,"Snecko Eye":[251,223,243,241],"MealTicket":45,"obtain_stats":[{"Gremlin Horn":22,"Singing Bowl":41,"Nilry\u0027s Codex":21,"CeramicFish":8,"ClockworkSouvenir":45,"Shovel":36,"Pantograph":40,"MealTicket":9,"Red Mask":46,"Toxic Egg 2":44,"Cracked Core":0,"InkBottle":23,"Inserter":17,"Happy Flower":25,"Dead Branch":48,"Blue Candle":49,"Oddly Smooth Stone":12,"Pen Nib":54,"Orichalcum":6,"Question Card":29,"Nuclear Battery":0,"Anchor":45,"Bottled Flame":52,"Snecko Eye":34,"Bag of Marbles":26},{"Gremlin Horn":12,"Singing Bowl":22,"Nilry\u0027s Codex":12,"CeramicFish":6,"ClockworkSouvenir":24,"Shovel":20,"Pantograph":21,"MealTicket":6,"Red Mask":24,"Toxic Egg 2":24,"Cracked Core":0,"InkBottle":13,"Inserter":10,"Happy Flower":14,"Dead Branch":25,"Blue Candle":25,"Oddly Smooth Stone":8,"Pen Nib":27,"Orichalcum":4,"Question Card":16,"Nuclear Battery":0,"Anchor":24,"Bottled Flame":26,"Snecko Eye":18,"Bag of Marbles":14},{"Gremlin Horn":53,"Singing Bowl":123,"Nilry\u0027s Codex":53,"CeramicFish":24,"ClockworkSouvenir":135,"Shovel":99,"Pantograph":105,"MealTicket":24,"Red Mask":135,"Toxic Egg 2":135,"Cracked Core":0,"InkBottle":59,"Inserter":45,"Happy Flower":64,"Dead Branch":150,"Blue Candle":150,"Oddly Smooth Stone":30,"Pen Nib":217,"Orichalcum":14,"Question Card":76,"Nuclear Battery":0,"Anchor":135,"Bottled Flame":158,"Snecko Eye":91,"Bag of Marbles":64}],"InkBottle":[64]},"card_choices":[{"not_picked":["Hologram","Force Field"],"picked":"Cold Snap","floor":1.0},{"not_picked":["Gash","Turbo"],"picked":"Streamline","floor":3.0},{"not_picked":["Conserve Battery","Gash"],"picked":"Hologram","floor":5.0},{"not_picked":["Rip and Tear","Redo"],"picked":"Conserve Battery","floor":6.0},{"not_picked":["Compile Driver","Aggregate"],"picked":"Rebound","floor":7.0},{"not_picked":["Tempest","Barrage"],"picked":"Leap","floor":8.0},{"not_picked":["Stack","Cold Snap"],"picked":"White Noise","floor":10.0},{"not_picked":["BootSequence","Coolheaded"],"picked":"Doom and Gloom","floor":11.0},{"not_picked":["Chaos","Hyperbeam"],"picked":"Skim","floor":13.0},{"not_picked":["Seek","Creative AI"],"picked":"Electrodynamics","floor":16.0},{"not_picked":["Darkness","Conserve Battery"],"picked":"Cold Snap","floor":18.0},{"not_picked":["Redo+1","Reinforced Body"],"picked":"Stack+1","floor":20.0},{"not_picked":["Hologram","Heatsinks+1","Go for the Eyes"],"picked":"SKIP","floor":23},{"not_picked":["Tempest+1","Fission"],"picked":"Core Surge","floor":25},{"not_picked":["Turbo","Go for the Eyes"],"picked":"Force Field","floor":27},{"not_picked":["Coolheaded","Fusion"],"picked":"Undo","floor":29},{"not_picked":["Turbo","Conserve Battery","Go for the Eyes"],"picked":"Coolheaded","floor":31},{"not_picked":["Electrodynamics","Hyperbeam","Core Surge"],"picked":"Meteor Strike","floor":33},{"not_picked":["Fusion","Turbo","Stack+1"],"picked":"Glacier","floor":35},{"not_picked":["Turbo","Ball Lightning+1","Heatsinks+1","Core Surge"],"picked":"SKIP","floor":38},{"not_picked":["Turbo+1","Hologram+1","Rebound"],"picked":"Consume+1","floor":41},{"not_picked":["Conserve Battery","Stack","Undo+1","Thunder Strike"],"picked":"Singing Bowl","floor":42},{"not_picked":["Go for the Eyes","Stack+1","Sweeping Beam+1","Streamline"],"picked":"Singing Bowl","floor":44},{"not_picked":["Gash","Hologram+1","Ball Lightning+1"],"picked":"Fusion+1","floor":48},{"not_picked":["Leap+1","Auto Shields+1","Compile Driver"],"picked":"Echo Form","floor":54}],"player_experience":324786,"relics_obtained":[{"floor":6.0,"key":"Orichalcum"},{"floor":8.0,"key":"CeramicFish"},{"floor":9.0,"key":"MealTicket"},{"floor":21.0,"key":"Nilry\u0027s Codex"},{"floor":22.0,"key":"Gremlin Horn"},{"floor":23,"key":"InkBottle"},{"floor":25,"key":"Happy Flower"},{"floor":26,"key":"Bag of Marbles"},{"floor":29,"key":"Question Card"},{"floor":36,"key":"Shovel"},{"floor":40,"key":"Pantograph"},{"floor":41,"key":"Singing Bowl"},{"floor":44,"key":"Toxic Egg 2"},{"floor":48,"key":"Dead Branch"},{"floor":49,"key":"Blue Candle"},{"floor":52,"key":"Bottled Flame"},{"floor":54,"key":"Pen Nib"}],"event_choices":[{"damage_healed":0.0,"max_hp_gain":0.0,"max_hp_loss":0.0,"gold_gain":0.0,"event_name":"Liars Game","player_choice":"Ignored","floor":2.0,"gold_loss":0.0,"damage_taken":0.0},{"damage_healed":0.0,"max_hp_gain":0.0,"max_hp_loss":0.0,"gold_gain":0.0,"event_name":"Accursed Blacksmith","player_choice":"Forge","floor":4.0,"gold_loss":0.0,"damage_taken":0.0,"cards_upgraded":["Streamline"]},{"cards_removed":["Strike_B"],"damage_healed":0.0,"max_hp_gain":0.0,"max_hp_loss":0.0,"gold_gain":0.0,"event_name":"Back to Basics","player_choice":"Elegance","floor":19.0,"gold_loss":0.0,"damage_taken":0.0},{"damage_healed":0.0,"max_hp_gain":0.0,"max_hp_loss":0.0,"gold_gain":0.0,"event_name":"Cursed Tome","player_choice":"Obtained Book","floor":21.0,"gold_loss":0.0,"damage_taken":16.0},{"damage_healed":0,"gold_gain":0,"player_choice":"Fight","damage_taken":0,"max_hp_gain":0,"max_hp_loss":0,"event_name":"Mysterious Sphere","floor":36,"gold_loss":0},{"damage_healed":0,"gold_gain":0,"player_choice":"Max HP","damage_taken":0,"max_hp_gain":0,"max_hp_loss":4,"event_name":"Winding Halls","floor":37,"gold_loss":0},{"cards_removed":["Strike_B"],"damage_healed":0,"gold_gain":0,"player_choice":"Removed Attack","damage_taken":0,"max_hp_gain":0,"max_hp_loss":0,"event_name":"Falling","floor":39,"gold_loss":0},{"damage_healed":0,"gold_gain":0,"player_choice":"Paid","damage_taken":0,"relics_obtained":["Red Mask"],"max_hp_gain":0,"max_hp_loss":0,"event_name":"Tomb of Lord Red Mask","floor":46,"gold_loss":181},{"damage_healed":0,"gold_gain":0,"player_choice":"Fight","damage_taken":0,"max_hp_gain":0,"max_hp_loss":0,"event_name":"MindBloom","floor":48,"gold_loss":0}],"is_beta":false,"boss_relics":[{"not_picked":["Calling Bell","SacredBark"],"picked":"Inserter"},{"not_picked":["Tiny House","Runic Pyramid"],"picked":"Snecko Eye"}],"items_purged_floors":[12,45],"is_endless":false,"potions_floor_spawned":[3,6,10,11,23,25,33,35,38,44,48,54],"ascension_level":0}}