{"host":"u1dfzl6o6mfmauc3","time":1611807281,"event":{"mods":["2.2 Compatiblity","AchievementEnabler","BaseMod","Block Reminder","Challenge The Spire","Dark Map","Hermit","Minty Spire (QoL Compilation)","Relic Stats","Robot Space Explorer","StSLib","The Disciple"],"gold_per_floor":[110,40,115,127,145,174,174,202,202,202,2,33,33,43,43,53,53,148,148,162,180,180,193,212,64,64,64],"floor_reached":26,"language":"ENG","playtime":873,"items_purged":["Strike_R"],"score":274,"play_id":"fe0923dc-5c2c-4463-a9a6-087f1a612677","local_time":"20210127231441","is_ascension_mode":true,"campfire_choices":[{"data":"Hemokinesis","floor":7,"key":"SMITH"},{"data":"Spot Weakness","floor":13,"key":"SMITH"},{"floor":15,"key":"REST"},{"data":"Entrench","floor":17,"key":"SMITH"}],"circlet_count":0,"master_deck":["Strike_R","Strike_R","Strike_R","Strike_R","Defend_R","Defend_R","Defend_R","Defend_R","Bash","Flex","Fire Breathing","Hemokinesis+1","Double Tap","Spot Weakness+1","Shrug It Off","Evolve+1","Entrench+1","Twin Strike","Whirlwind","Limit Break","True Grit+1","Pommel Strike","Corruption+1","Feel No Pain+1"],"relics":["Burning Blood","NeowsBlessing","Prayer Wheel","WingedGreaves","CaptainsWheel","Bag of Preparation","Frozen Egg 2","Cursed Key"],"acts_visited":["Exordium","TheCity"],"potions_floor_usage":[12,16,23,23],"damage_taken":[{"damage":0,"enemies":"Jaw Worm","floor":1,"turns":1},{"damage":0,"enemies":"Cultist","floor":4,"turns":1},{"damage":0,"enemies":"Small Slimes","floor":5,"turns":1},{"damage":27,"enemies":"Gremlin Nob","floor":6,"turns":4},{"damage":27,"enemies":"3 Sentries","floor":8,"turns":5},{"damage":16,"enemies":"Gremlin Nob","floor":12,"turns":3},{"damage":9,"enemies":"Looter","floor":14,"turns":3},{"damage":7,"enemies":"Exordium Wildlife","floor":16,"turns":5},{"damage":19,"enemies":"Slime Boss","floor":18,"turns":8},{"damage":8,"enemies":"Spheric Guardian","floor":20,"turns":5},{"damage":6,"enemies":"Chosen","floor":21,"turns":4},{"damage":25,"enemies":"Snake Plant","floor":23,"turns":3},{"damage":35,"enemies":"Shelled Parasite and Fungi","floor":24,"turns":4},{"damage":36,"enemies":"Book of Stabbing","floor":26,"turns":4}],"seed_played":"7141896865263169047","potions_obtained":[{"floor":5,"key":"Block Potion"},{"floor":8,"key":"Dexterity Potion"},{"floor":12,"key":"Ancient Potion"},{"floor":16,"key":"Block Potion"},{"floor":18,"key":"Energy Potion"}],"is_trial":false,"path_per_floor":["M","$","?","M","M","E","R","E","T","T","$","E","R","M","R","M","R","B",null,"M","M","?","M","M","$","E"],"character_chosen":"IRONCLAD","items_purchased":["Fire Breathing","Bag of Preparation","BloodPotion","Feel No Pain+1"],"campfire_rested":1,"item_purchase_floors":[2,11,11,25],"current_hp_per_floor":[80,80,72,78,80,59,59,38,38,38,38,28,28,25,49,64,64,51,80,78,78,78,59,30,30,0,0],"gold":64,"neow_bonus":"THREE_ENEMY_KILL","is_daily":false,"chose_seed":false,"campfire_upgraded":3,"win_rate":0.0,"timestamp":1611807281,"path_taken":["M","$","?","M","?","E","R","E","T","T","$","E","R","M","R","M","R","BOSS","M","M","?","?","M","?","E"],"items_purchased_type":["Card","Relic","Potion","Card"],"build_version":"2020-12-22","purchased_purges":1,"victory":false,"max_hp_per_floor":[80,80,80,80,80,80,80,80,80,80,80,80,80,80,80,80,80,80,80,80,80,80,80,80,80,80,80],"relic_stats":{"counters":[14,51],"Prayer Wheel":6,"Bag of Preparation":[18],"Cursed Key":0,"obtain_stats":[{"CaptainsWheel":9,"NeowsBlessing":0,"Prayer Wheel":6,"WingedGreaves":8,"Bag of Preparation":11,"Frozen Egg 2":12,"Cursed Key":19,"Burning Blood":0},{"CaptainsWheel":5,"NeowsBlessing":0,"Prayer Wheel":4,"WingedGreaves":5,"Bag of Preparation":5,"Frozen Egg 2":6,"Cursed Key":9,"Burning Blood":0},{"CaptainsWheel":12,"NeowsBlessing":0,"Prayer Wheel":7,"WingedGreaves":12,"Bag of Preparation":12,"Frozen Egg 2":15,"Cursed Key":31,"Burning Blood":0}],"Burning Blood":68},"card_choices":[{"not_picked":["Searing Blow","Havoc"],"picked":"Flex","floor":1},{"not_picked":["Clash","Heavy Blade","Wild Strike"],"picked":"SKIP","floor":4},{"not_picked":["Sentinel","Rupture"],"picked":"Hemokinesis","floor":5},{"not_picked":["Iron Wave","Anger"],"picked":"Double Tap","floor":6},{"not_picked":["Heavy Blade","Headbutt"],"picked":"Spot Weakness","floor":8},{"not_picked":["Second Wind","Thunderclap"],"picked":"Shrug It Off","floor":12},{"not_picked":["Searing Blow","Heavy Blade"],"picked":"Evolve+1","floor":14},{"not_picked":["Feel No Pain+1","Flex"],"picked":"Entrench","floor":14},{"not_picked":["Sword Boomerang","Body Slam"],"picked":"Twin Strike","floor":16},{"not_picked":["Havoc","Warcry"],"picked":"Whirlwind","floor":16},{"not_picked":["Immolate","Fiend Fire"],"picked":"Limit Break","floor":18},{"not_picked":["Dark Embrace+1","Combust+1"],"picked":"True Grit","floor":20},{"not_picked":["Perfected Strike","Seeing Red","Clash"],"picked":"SKIP","floor":20},{"not_picked":["Evolve+1","Wild Strike","Second Wind"],"picked":"SKIP","floor":21},{"not_picked":["Combust+1","Shrug It Off","Cleave"],"picked":"SKIP","floor":21},{"not_picked":["Evolve+1","Pummel"],"picked":"Pommel Strike","floor":23},{"not_picked":["Twin Strike","Entrench"],"picked":"Corruption+1","floor":23},{"not_picked":["Armaments","Pommel Strike","Seeing Red"],"picked":"SKIP","floor":24},{"not_picked":["Combust+1","Havoc+1","Pommel Strike"],"picked":"SKIP","floor":24}],"player_experience":176032,"relics_obtained":[{"floor":6,"key":"Prayer Wheel"},{"floor":8,"key":"WingedGreaves"},{"floor":9,"key":"CaptainsWheel"},{"floor":12,"key":"Frozen Egg 2"}],"event_choices":[{"damage_healed":0,"gold_gain":75,"player_choice":"Touch","damage_taken":8,"max_hp_gain":0,"max_hp_loss":0,"event_name":"FaceTrader","floor":3,"gold_loss":0},{"damage_healed":0,"gold_gain":0,"player_choice":"Upgraded","damage_taken":0,"max_hp_gain":0,"max_hp_loss":0,"event_name":"Upgrade Shrine","floor":22,"gold_loss":0,"cards_upgraded":["True Grit"]}],"is_beta":false,"boss_relics":[{"not_picked":["Black Blood","Ectoplasm"],"picked":"Cursed Key"}],"items_purged_floors":[25],"is_endless":false,"potions_floor_spawned":[5,8,12,16,18,20],"killed_by":"Book of Stabbing","ascension_level":4}}