{"host":"nuu0xlk1bpqu5s2n","time":1611802795,"event":{"mods":["AchievementEnabler","BaseMod","Minty Spire (QoL Compilation)","StSLib"],"gold_per_floor":[118,136,152,171,188,223,223,257,282,302,302,302,242,252,252,327,327,327,327],"floor_reached":18,"language":"ENG","playtime":1199,"items_purged":[],"score":339,"play_id":"36d95da4-e566-433e-8f4f-5c57746c64bd","local_time":"20210128045955","is_ascension_mode":true,"campfire_choices":[{"floor":7.0,"key":"REST"},{"floor":11.0,"key":"REST"},{"data":"Die Die Die","floor":15.0,"key":"SMITH"}],"circlet_count":0,"master_deck":["AscendersBane","Survivor","Neutralize","Cloak And Dagger","Sucker Punch","Tools of the Trade","Eviscerate","Envenom","Well Laid Plans","Heel Hook","Underhanded Strike","PiercingWail","Die Die Die+1","Glass Knife","Blade Dance","Dagger Spray","Tactician","Grand Finale","Crippling Poison","Backflip","Storm of Steel","Expertise","Prepared"],"relics":["SlaversCollar","Centennial Puzzle","Art of War","Juzu Bracelet","Pandora\u0027s Box"],"acts_visited":["Exordium","TheCity"],"potions_floor_usage":[],"damage_taken":[{"damage":1.0,"enemies":"Cultist","floor":1.0,"turns":5.0},{"damage":7.0,"enemies":"Jaw Worm","floor":2.0,"turns":7.0},{"damage":1.0,"enemies":"Small Slimes","floor":3.0,"turns":3.0},{"damage":1.0,"enemies":"Blue Slaver","floor":4.0,"turns":6.0},{"damage":5.0,"enemies":"3 Louse","floor":5.0,"turns":6.0},{"damage":38.0,"enemies":"Gremlin Nob","floor":6.0,"turns":5.0},{"damage":9.0,"enemies":"3 Sentries","floor":8.0,"turns":8.0},{"damage":3.0,"enemies":"Red Slaver","floor":10.0,"turns":5.0},{"damage":6.0,"enemies":"Looter","floor":13.0,"turns":5.0},{"damage":7.0,"enemies":"2 Fungi Beasts","floor":14.0,"turns":4.0},{"damage":15.0,"enemies":"The Guardian","floor":16.0,"turns":11.0},{"damage":6,"enemies":"3 Byrds","floor":18,"turns":2}],"seed_played":"-3977802906172716342","potions_obtained":[{"floor":5.0,"key":"Weak Potion"},{"floor":6.0,"key":"SpeedPotion"},{"floor":14.0,"key":"Energy Potion"},{"floor":16.0,"key":"ColorlessPotion"}],"is_trial":false,"path_per_floor":["M","M","M","M","M","E","R","E","T","M","R","?","M","M","R","B",null,"M"],"character_chosen":"THE_SILENT","items_purchased":[],"campfire_rested":2,"item_purchase_floors":[],"current_hp_per_floor":[58,51,50,49,44,6,25,16,16,13,32,32,26,19,19,4,51,45,45],"gold":327,"neow_bonus":"BOSS_RELIC","is_daily":false,"chose_seed":false,"campfire_upgraded":1,"win_rate":0.0,"timestamp":1611802795,"path_taken":["M","?","M","?","M","E","R","E","T","M","R","?","M","M","R","BOSS","M"],"items_purchased_type":[],"build_version":"2020-12-22","purchased_purges":0,"victory":false,"max_hp_per_floor":[66,66,66,66,66,66,66,66,66,66,66,66,66,66,66,66,66,66,66],"card_choices":[{"not_picked":["Acrobatics","Predator"],"picked":"Cloak And Dagger","floor":1.0},{"not_picked":["Riddle With Holes","Tactician"],"picked":"Sucker Punch","floor":2.0},{"not_picked":["Blade Dance","Bane"],"picked":"Tools of the Trade","floor":3.0},{"not_picked":["Deflect","Flying Knee","Deadly Poison"],"picked":"SKIP","floor":4.0},{"not_picked":["Quick Slash","Prepared"],"picked":"Eviscerate","floor":5.0},{"not_picked":["Flechettes","Riddle With Holes"],"picked":"Envenom","floor":6.0},{"not_picked":["Deflect","Sucker Punch"],"picked":"Well Laid Plans","floor":8.0},{"not_picked":["Dodge and Roll","Dagger Throw"],"picked":"Heel Hook","floor":10.0},{"not_picked":["Prepared","Acrobatics"],"picked":"PiercingWail","floor":13.0},{"not_picked":["Well Laid Plans","Endless Agony"],"picked":"Die Die Die","floor":14.0},{"not_picked":["Tools of the Trade","Phantasmal Killer"],"picked":"Glass Knife","floor":16.0}],"player_experience":539324,"relics_obtained":[{"floor":6.0,"key":"Centennial Puzzle"},{"floor":8.0,"key":"Art of War"},{"floor":9.0,"key":"Juzu Bracelet"}],"event_choices":[{"damage_healed":0.0,"max_hp_gain":0.0,"max_hp_loss":0.0,"gold_gain":0.0,"cards_transformed":["Strike_G"],"event_name":"Living Wall","player_choice":"Change","floor":12.0,"gold_loss":0.0,"damage_taken":0.0,"cards_obtained":["Underhanded Strike"]}],"is_beta":false,"boss_relics":[{"not_picked":["HoveringKite","Coffee Dripper"],"picked":"Pandora\u0027s Box"}],"items_purged_floors":[],"is_endless":false,"potions_floor_spawned":[5,6,14,16],"killed_by":"3 Byrds","ascension_level":19}}