{"host":"f0gpob8hq9vgebej","time":1611813006,"event":{"mods":["AchievementEnabler","BaseMod","Minty Spire (QoL Compilation)","Quick Restart","SuperFastMode"],"gold_per_floor":[119,134,147,160,177,177,203,220,220,232,256,284,308,320,332,441,453,475,487,515,527,539,539],"floor_reached":22,"language":"KOR","playtime":524,"items_purged":[],"score":288,"play_id":"4be4e7a1-f010-4332-a6e2-fda56f487cf7","local_time":"20210128145006","is_ascension_mode":true,"campfire_choices":[{"data":"Defragment","floor":6,"key":"SMITH"},{"data":"Zap","floor":10,"key":"SMITH"},{"floor":15,"key":"REST"}],"circlet_count":0,"master_deck":["AscendersBane","Strike_B","Strike_B","Strike_B","Strike_B","Defend_B","Defend_B","Defend_B","Defend_B","Zap+1","Dualcast","Self Repair","Defragment+1","Conserve Battery","Force Field","Heatsinks","Auto Shields","Self Repair","Genetic Algorithm","Electrodynamics","Ball Lightning"],"relics":["Cracked Core","Regal Pillow","MawBank","Nunchaku"],"acts_visited":["Exordium","TheCity"],"potions_floor_usage":[7,7,16,16,20,22],"damage_taken":[{"damage":0.0,"enemies":"2 Louse","floor":1.0,"turns":3.0},{"damage":7.0,"enemies":"Jaw Worm","floor":2.0,"turns":3.0},{"damage":1.0,"enemies":"Cultist","floor":3.0,"turns":4.0},{"damage":16.0,"enemies":"Lots of Slimes","floor":4.0,"turns":6.0},{"damage":43,"enemies":"Exordium Thugs","floor":5,"turns":6},{"damage":18,"enemies":"3 Sentries","floor":7,"turns":6},{"damage":17,"enemies":"3 Louse","floor":8,"turns":4},{"damage":10,"enemies":"Large Slime","floor":11,"turns":6},{"damage":5,"enemies":"Red Slaver","floor":12,"turns":4},{"damage":19,"enemies":"Exordium Thugs","floor":13,"turns":6},{"damage":35,"enemies":"Hexaghost","floor":16,"turns":10},{"damage":31,"enemies":"Spheric Guardian","floor":18,"turns":6},{"damage":11,"enemies":"2 Thieves","floor":20,"turns":3},{"damage":45,"enemies":"Snecko","floor":22,"turns":5}],"seed_played":"3837949697136698078","potions_obtained":[{"floor":1.0,"key":"Block Potion"},{"floor":3.0,"key":"BlessingOfTheForge"},{"floor":4.0,"key":"DuplicationPotion"},{"floor":5,"key":"GamblersBrew"},{"floor":11,"key":"CultistPotion"},{"floor":16,"key":"AttackPotion"},{"floor":18,"key":"LiquidMemories"}],"is_trial":false,"path_per_floor":["M","M","M","M","M","R","E","M","T","R","M","M","M","$","R","B",null,"M","?","M","?","M"],"character_chosen":"DEFECT","items_purchased":[],"campfire_rested":1,"item_purchase_floors":[],"current_hp_per_floor":[75,75,81,72,36,36,25,15,15,15,12,21,16,16,55,37,71,54,54,43,43,0,0],"gold":539,"neow_bonus":"TEN_PERCENT_HP_BONUS","is_daily":false,"chose_seed":false,"campfire_upgraded":2,"win_rate":0.0,"timestamp":1611813006,"path_taken":["M","M","M","M","M","R","E","M","T","R","M","M","M","$","R","BOSS","M","?","M","?","M"],"items_purchased_type":[],"build_version":"2020-12-22","purchased_purges":0,"victory":false,"max_hp_per_floor":[82,82,82,82,82,82,82,82,82,82,82,82,82,82,82,82,82,82,82,82,82,82,82],"card_choices":[{"not_picked":["Auto Shields","Hologram"],"picked":"Self Repair","floor":1.0},{"not_picked":["Compile Driver","Sweeping Beam"],"picked":"Defragment","floor":2.0},{"not_picked":["Sweeping Beam","Darkness"],"picked":"Conserve Battery","floor":3.0},{"not_picked":["Reprogram","Beam Cell"],"picked":"Force Field","floor":4.0},{"not_picked":["Redo","Conserve Battery","Hologram"],"picked":"SKIP","floor":5},{"not_picked":["Glacier","Go for the Eyes"],"picked":"Heatsinks","floor":7},{"not_picked":["Genetic Algorithm","Coolheaded"],"picked":"Auto Shields","floor":8},{"not_picked":["Scrape","Go for the Eyes"],"picked":"Self Repair","floor":11},{"not_picked":["Hologram","Steam"],"picked":"Genetic Algorithm","floor":12},{"not_picked":["Fusion","Chaos","Glacier"],"picked":"SKIP","floor":13},{"not_picked":["Hyperbeam","All For One"],"picked":"Electrodynamics","floor":16},{"not_picked":["Steam","Rebound+1","Hologram+1"],"picked":"SKIP","floor":18},{"not_picked":["Beam Cell+1","Streamline","Doom and Gloom"],"picked":"SKIP","floor":20}],"player_experience":266945,"relics_obtained":[{"floor":7,"key":"Regal Pillow"},{"floor":9,"key":"MawBank"},{"floor":21,"key":"Nunchaku"}],"event_choices":[{"damage_healed":0,"gold_gain":0,"player_choice":"Read","damage_taken":0,"max_hp_gain":0,"max_hp_loss":0,"event_name":"The Library","floor":19,"gold_loss":0,"cards_obtained":["Ball Lightning"]},{"damage_healed":0,"gold_gain":0,"player_choice":"Relic","damage_taken":0,"max_hp_gain":0,"max_hp_loss":0,"event_name":"Wheel of Change","floor":21,"gold_loss":0}],"is_beta":false,"boss_relics":[{"not_picked":["Philosopher\u0027s Stone","Ectoplasm","Runic Dome"]}],"items_purged_floors":[],"is_endless":false,"potions_floor_spawned":[1,3,4,5,11,16,18],"killed_by":"Snecko","ascension_level":10}}