{"host":"zwuytn9vh5b8tdl7","time":1611809686,"event":{"mods":["AchievementEnabler","BaseMod","Colored Powertips","GifTheSpireLib","Minty Spire (QoL Compilation)","Rare Cards Sparkle","StSLib","The Animator"],"gold_per_floor":[121,121,121,136,154,201,201,201,201],"floor_reached":8,"language":"ENG","playtime":300,"items_purged":[],"score":56,"play_id":"7ea0154f-df87-4e45-a30f-8f56d04ffccd","local_time":"20210127235446","is_ascension_mode":false,"campfire_choices":[{"floor":7,"key":"REST"}],"circlet_count":0,"master_deck":["animator:Strike_Fate+1","animator:Defend_Fate","animator:Strike","animator:Strike","animator:Strike","animator:Defend","animator:Defend","animator:Defend","animator:Alexander","animator:Rider","animator:Saitama+1","animator:DolaSchwi","animator:Hakurou","animator:Shuna","animator:Saber"],"relics":["animator:LivingPicture","animator:TheMissingPiece","Orichalcum"],"acts_visited":["Exordium"],"potions_floor_usage":[6,8],"damage_taken":[{"damage":0,"enemies":"Small Slimes","floor":1,"turns":4},{"damage":5,"enemies":"2 Louse","floor":4,"turns":2},{"damage":6,"enemies":"Cultist","floor":5,"turns":3},{"damage":37,"enemies":"Lagavulin","floor":6,"turns":7},{"damage":45,"enemies":"Gremlin Nob","floor":8,"turns":4}],"seed_played":"-2388522832295325767","potions_obtained":[{"floor":1,"key":"FearPotion"},{"floor":4,"key":"BlessingOfTheForge"}],"is_trial":false,"path_per_floor":["M","?","?","M","M","E","R","E"],"character_chosen":"THE_ANIMATOR","items_purchased":[],"campfire_rested":1,"item_purchase_floors":[],"current_hp_per_floor":[66,53,53,48,42,5,24,0,0],"gold":201,"neow_bonus":"ONE_RANDOM_RARE_CARD","is_daily":false,"chose_seed":false,"campfire_upgraded":0,"win_rate":0.0,"timestamp":1611809686,"path_taken":["M","?","?","M","?","E","R","E"],"items_purchased_type":[],"build_version":"2020-12-22","purchased_purges":0,"victory":false,"max_hp_per_floor":[66,66,66,66,66,66,66,66,66],"card_choices":[{"not_picked":["animator:Verdia","animator:AcuraTooru"],"picked":"animator:DolaSchwi","floor":1},{"not_picked":["animator:Benimaru","animator:Genos"],"picked":"animator:Hakurou","floor":4},{"not_picked":["animator:Genos","animator:Shalltear"],"picked":"animator:Shuna","floor":5},{"not_picked":["animator:Caster","animator:Berserker"],"picked":"animator:Saber","floor":6}],"player_experience":340924,"relics_obtained":[{"floor":6,"key":"Orichalcum"}],"event_choices":[{"damage_healed":0,"gold_gain":0,"player_choice":"Entered Light","damage_taken":13,"max_hp_gain":0,"max_hp_loss":0,"event_name":"Shining Light","floor":2,"gold_loss":0,"cards_upgraded":["animator:Saitama","animator:Strike_Fate"]},{"damage_healed":0,"gold_gain":0,"player_choice":"Bought 0 Potions","damage_taken":0,"max_hp_gain":0,"max_hp_loss":0,"event_name":"The Woman in Blue","floor":3,"gold_loss":0}],"is_beta":false,"boss_relics":[],"items_purged_floors":[],"is_endless":false,"potions_floor_spawned":[1,4],"killed_by":"Gremlin Nob","ascension_level":0}}