{"host":"cjhtzh7tp54jdfyv","time":1611819561,"event":{"mods":["AchievementEnabler","BaseMod","Colored Map","Colored Powertips","Curses Come First","DeckTracker","Minty Spire (QoL Compilation)","RNG Fix","Relic Sorter","Relic Stats","StSLib","UnlockEverythingMod","ojb\u0027s Better Paths Mod","ojb\u0027s Info Mod"],"gold_per_floor":[111,111,111,130,90,90,15,46,127,144,155,183,183,183,183,256,256,266,276,117,128,146,180,180,208,234,245,271,221,130,130,130,204,204,223,15,30,30,50,83,83,112,112,126,76,106,106,131,131,131,131,131,131,41,66,66,66],"floor_reached":56,"language":"ENG","playtime":7774,"items_purged":["Defend_G","Defend_G","Strike_G","Strike_G","Strike_G","Strike_G"],"score":2126,"play_id":"12046632-bf99-4b7d-b869-d7d41b8cf282","local_time":"20210128023921","is_ascension_mode":true,"campfire_choices":[{"data":"Dash","floor":6,"key":"SMITH"},{"data":"Backstab","floor":13,"key":"SMITH"},{"data":"Neutralize","floor":15,"key":"SMITH"},{"data":"Outmaneuver","floor":32,"key":"SMITH"},{"data":"Bullet Time","floor":41,"key":"SMITH"},{"floor":47,"key":"RECALL"},{"data":"Acrobatics","floor":49,"key":"SMITH"},{"data":"Acrobatics","floor":53,"key":"SMITH"}],"circlet_count":0,"master_deck":["AscendersBane","Strike_G","Defend_G","Defend_G","Defend_G","Survivor","Neutralize+1","Dash+1","Backflip","Poisoned Stab","Backstab+1","Bullet Time+1","Predator","Escape Plan","Blade Dance","Calculated Gamble+1","Accuracy+1","Infinite Blades+1","Necronomicurse","Acrobatics+1","Backflip","Outmaneuver+1","Footwork+1","Grand Finale","Setup+1","Leg Sweep","Madness","Madness","Backflip+1","Cloak And Dagger+1","Acrobatics+1","Blade Dance","Cloak And Dagger+1","Underhanded Strike","Footwork+1","Noxious Fumes+1"],"relics":["Ring of the Snake","InkBottle","Nunchaku","NeowsBlessing","Blood Vial","Spirit Poop","Mercury Hourglass","Pantograph","Frozen Egg 2","Mango","Runic Pyramid","StoneCalendar","Necronomicon","Paper Crane","Smiling Mask","Lizard Tail","HoveringKite","Lantern","Bag of Preparation","Pocketwatch","Akabeko"],"acts_visited":["Exordium","TheCity","TheBeyond","TheEnding"],"potions_floor_usage":[16,25,27,50,50],"damage_taken":[{"damage":0,"enemies":"Cultist","floor":1,"turns":1},{"damage":0,"enemies":"Small Slimes","floor":4,"turns":1},{"damage":0,"enemies":"Gremlin Nob","floor":8,"turns":1},{"damage":0,"enemies":"Jaw Worm","floor":10,"turns":3},{"damage":0,"enemies":"Large Slime","floor":11,"turns":3},{"damage":27,"enemies":"Lagavulin","floor":12,"turns":9},{"damage":53,"enemies":"Hexaghost","floor":16,"turns":9},{"damage":6,"enemies":"2 Thieves","floor":18,"turns":4},{"damage":0,"enemies":"Chosen","floor":19,"turns":4},{"damage":1,"enemies":"Centurion and Healer","floor":21,"turns":5},{"damage":0,"enemies":"3 Cultists","floor":22,"turns":5},{"damage":9,"enemies":"Book of Stabbing","floor":23,"turns":4},{"damage":18,"enemies":"Gremlin Leader","floor":25,"turns":6},{"damage":0,"enemies":"Sentry and Sphere","floor":27,"turns":3},{"damage":6,"enemies":"Book of Stabbing","floor":28,"turns":5},{"damage":2,"enemies":"Automaton","floor":33,"turns":9},{"damage":0,"enemies":"Orb Walker","floor":35,"turns":4},{"damage":6,"enemies":"3 Shapes","floor":37,"turns":5},{"damage":6,"enemies":"3 Darklings","floor":39,"turns":5},{"damage":5,"enemies":"Reptomancer","floor":40,"turns":6},{"damage":1,"enemies":"Giant Head","floor":42,"turns":9},{"damage":0,"enemies":"Transient","floor":44,"turns":6},{"damage":0,"enemies":"Reptomancer","floor":46,"turns":5},{"damage":0,"enemies":"Mind Bloom Boss Battle","floor":48,"turns":6},{"damage":10,"enemies":"Time Eater","floor":50,"turns":11},{"damage":30,"enemies":"Donu and Deca","floor":51,"turns":11},{"damage":25,"enemies":"Shield and Spear","floor":55,"turns":8},{"damage":187,"enemies":"The Heart","floor":56,"turns":12}],"seed_played":"6505906017644229904","potions_obtained":[{"floor":4,"key":"CultistPotion"},{"floor":5,"key":"Explosive Potion"},{"floor":16,"key":"Dexterity Potion"},{"floor":25,"key":"Explosive Potion"},{"floor":33,"key":"ColorlessPotion"},{"floor":35,"key":"GamblersBrew"}],"is_trial":false,"path_per_floor":["M","?","?","M","?","R","$","E","T","M","M","E","R","?","R","B",null,"M","M","$","M","M","E","?","E","T","M","E","$","$","?","R","B",null,"M","$","M","?","M","E","R","E","T","M","$","E","R","?","R","B","B",null,"R","$","E","B"],"character_chosen":"THE_SILENT","items_purchased":["Blade Dance","Footwork+1","Lantern","Footwork+1"],"campfire_rested":0,"item_purchase_floors":[20,30,36,54],"current_hp_per_floor":[59,59,59,61,61,61,61,63,63,65,66,39,39,53,53,27,67,63,65,65,66,68,61,40,24,24,26,22,22,22,22,22,47,72,74,74,70,56,52,49,49,50,50,52,52,54,54,80,80,70,50,73,73,73,50,0,0],"gold":66,"neow_bonus":"THREE_ENEMY_KILL","is_daily":false,"chose_seed":false,"campfire_upgraded":7,"win_rate":0.0,"timestamp":1611819561,"path_taken":["M","?","?","?","?","R","?","E","T","?","M","E","R","?","R","BOSS","M","M","$","M","M","E","?","E","T","M","E","?","$","?","R","BOSS","M","$","M","?","M","E","R","E","T","?","$","E","R","?","R","BOSS","BOSS","R","$","E","BOSS"],"items_purchased_type":["Card","Card","Relic","Card"],"build_version":"2020-12-22","purchased_purges":6,"victory":false,"max_hp_per_floor":[66,66,66,66,66,66,66,66,66,66,66,66,66,80,80,80,80,80,80,80,80,80,80,80,80,80,80,80,80,80,80,80,80,80,80,80,80,80,80,80,80,80,80,80,80,80,80,80,80,80,80,80,80,80,80,80,80],"relic_stats":{"counters":[28,158],"HoveringKite":[50],"StoneCalendar":[260],"Bag of Preparation":[10],"Smiling Mask":450,"Mercury Hourglass":[548],"Blood Vial":46,"Nunchaku":[29],"Lizard Tail":40,"Pantograph":110,"Necronomicon":[47],"obtain_stats":[{"Lantern":36,"NeowsBlessing":0,"Spirit Poop":3,"HoveringKite":34,"Mango":14,"StoneCalendar":23,"Bag of Preparation":46,"Frozen Egg 2":12,"Paper Crane":25,"Smiling Mask":26,"Akabeko":55,"Mercury Hourglass":8,"Blood Vial":2,"Lizard Tail":28,"Nunchaku":40,"Pantograph":9,"Necronomicon":24,"InkBottle":42,"Ring of the Snake":0,"Runic Pyramid":17,"Pocketwatch":48},{"Lantern":17,"NeowsBlessing":0,"Spirit Poop":1,"HoveringKite":16,"Mango":6,"StoneCalendar":12,"Bag of Preparation":23,"Frozen Egg 2":6,"Paper Crane":13,"Smiling Mask":13,"Akabeko":27,"Mercury Hourglass":3,"Blood Vial":1,"Lizard Tail":15,"Nunchaku":20,"Pantograph":3,"Necronomicon":12,"InkBottle":21,"Ring of the Snake":0,"Runic Pyramid":7,"Pocketwatch":24},{"Lantern":75,"NeowsBlessing":0,"Spirit Poop":1,"HoveringKite":71,"Mango":18,"StoneCalendar":49,"Bag of Preparation":110,"Frozen Egg 2":18,"Paper Crane":55,"Smiling Mask":55,"Akabeko":146,"Mercury Hourglass":3,"Blood Vial":1,"Lizard Tail":63,"Nunchaku":91,"Pantograph":3,"Necronomicon":49,"InkBottle":99,"Ring of the Snake":0,"Runic Pyramid":27,"Pocketwatch":116}],"InkBottle":[47],"Ring of the Snake":[56],"Pocketwatch":[0]},"card_choices":[{"not_picked":["Flying Knee","Setup"],"picked":"Dash","floor":1},{"not_picked":["Heel Hook","Setup"],"picked":"Backflip","floor":4},{"not_picked":["Cloak And Dagger","Blur"],"picked":"Poisoned Stab","floor":8},{"not_picked":["Tactician","Outmaneuver"],"picked":"Backstab","floor":10},{"not_picked":["Cloak And Dagger","Caltrops","Prepared"],"picked":"SKIP","floor":11},{"not_picked":["Prepared","PiercingWail"],"picked":"Escape Plan","floor":12},{"not_picked":["Storm of Steel","Unload"],"picked":"Bullet Time","floor":16},{"not_picked":["Dagger Throw","Backflip"],"picked":"Predator","floor":18},{"not_picked":["Underhanded Strike","Deadly Poison"],"picked":"Escape Plan","floor":19},{"not_picked":["Backflip","Deflect"],"picked":"Calculated Gamble+1","floor":21},{"not_picked":["Backflip","Bouncing Flask"],"picked":"Accuracy+1","floor":22},{"not_picked":["Eviscerate","Backstab"],"picked":"Infinite Blades+1","floor":23},{"not_picked":["Crippling Poison","Bane"],"picked":"Acrobatics","floor":25},{"not_picked":["PiercingWail","Acrobatics"],"picked":"Backflip","floor":27},{"not_picked":["Catalyst","Acrobatics"],"picked":"Outmaneuver","floor":28},{"not_picked":["A Thousand Cuts+1","Venomology"],"picked":"Grand Finale","floor":33},{"not_picked":["Cloak And Dagger","Poisoned Stab"],"picked":"Setup+1","floor":35},{"not_picked":["Dagger Spray+1","Sucker Punch"],"picked":"Leg Sweep","floor":37},{"not_picked":["Poisoned Stab+1","Slice"],"picked":"Backflip+1","floor":39},{"not_picked":["Sucker Punch+1","Predator+1"],"picked":"Cloak And Dagger+1","floor":40},{"not_picked":["Deadly Poison","Die Die Die"],"picked":"Acrobatics","floor":42},{"not_picked":["Acrobatics","Dash"],"picked":"Blade Dance","floor":44},{"not_picked":["Choke","Bane+1"],"picked":"Cloak And Dagger+1","floor":46},{"not_picked":["Glass Knife","Acrobatics"],"picked":"Underhanded Strike","floor":48},{"not_picked":["Dodge and Roll","Infinite Blades+1"],"picked":"Noxious Fumes+1","floor":55}],"player_experience":4567440,"relics_obtained":[{"floor":8,"key":"Mercury Hourglass"},{"floor":9,"key":"Pantograph"},{"floor":12,"key":"Frozen Egg 2"},{"floor":23,"key":"StoneCalendar"},{"floor":24,"key":"Necronomicon"},{"floor":25,"key":"Paper Crane"},{"floor":26,"key":"Smiling Mask"},{"floor":28,"key":"Lizard Tail"},{"floor":40,"key":"Nunchaku"},{"floor":42,"key":"InkBottle"},{"floor":46,"key":"Bag of Preparation"},{"floor":48,"key":"Pocketwatch"},{"floor":55,"key":"Akabeko"}],"event_choices":[{"damage_healed":0,"gold_gain":0,"player_choice":"Box","damage_taken":0,"relics_obtained":["Blood Vial"],"max_hp_gain":0,"max_hp_loss":0,"event_name":"Big Fish","floor":2,"gold_loss":0,"cards_obtained":["Regret"]},{"cards_removed":["Regret"],"damage_healed":0,"gold_gain":0,"player_choice":"Offered Curse","damage_taken":0,"relics_obtained":["Spirit Poop"],"max_hp_gain":0,"max_hp_loss":0,"event_name":"Bonfire Elementals","floor":3,"gold_loss":0},{"damage_healed":0,"gold_gain":0,"player_choice":"Bought 3 Potions","damage_taken":0,"max_hp_gain":0,"max_hp_loss":0,"event_name":"The Woman in Blue","floor":5,"gold_loss":0},{"cards_removed":["Escape Plan"],"damage_healed":0,"gold_gain":0,"player_choice":"Gave Card","damage_taken":0,"relics_obtained":["Mango"],"max_hp_gain":0,"max_hp_loss":0,"event_name":"WeMeetAgain","floor":14,"gold_loss":0},{"damage_healed":0,"gold_gain":0,"player_choice":"Obtained Book","damage_taken":21,"max_hp_gain":0,"max_hp_loss":0,"event_name":"Cursed Tome","floor":24,"gold_loss":0},{"damage_healed":0,"gold_gain":0,"player_choice":"Ignored","damage_taken":0,"max_hp_gain":0,"max_hp_loss":0,"event_name":"Vampires","floor":31,"gold_loss":0},{"damage_healed":0,"gold_gain":0,"player_choice":"Embrace Madness","damage_taken":14,"max_hp_gain":0,"max_hp_loss":0,"event_name":"Winding Halls","floor":38,"gold_loss":0,"cards_obtained":["Madness","Madness"]},{"damage_healed":0,"gold_gain":0,"player_choice":"Fight","damage_taken":0,"max_hp_gain":0,"max_hp_loss":0,"event_name":"MindBloom","floor":48,"gold_loss":0}],"is_beta":false,"boss_relics":[{"not_picked":["SlaversCollar","Snecko Eye"],"picked":"Runic Pyramid"},{"not_picked":["Astrolabe","Pandora\u0027s Box"],"picked":"HoveringKite"}],"items_purged_floors":[7,20,29,30,36,45],"is_endless":false,"potions_floor_spawned":[4,11,12,16,19,22,25,33,35,40,44,46],"killed_by":"The Heart","ascension_level":20}}