{"host":"491vyvchqhlfizue","time":1611794040,"event":{"mods":["AchievementEnabler","BaseMod","BetterRewards","Colored Map","Conspire","Downfall","Infinite Spire","Minty Spire (QoL Compilation)","Reliquary","Replay The Spire","Shop Mod","Spikes Relics","StSLib","The Forsaken","The Runesmith"],"gold_per_floor":[116,116,172,172,184,209,220,220,220],"floor_reached":8,"language":"ENG","playtime":648,"items_purged":[],"score":56,"play_id":"469a1033-0faa-42c6-a2c8-db924ec7ea5c","local_time":"20210127193400","is_ascension_mode":false,"campfire_choices":[],"circlet_count":0,"master_deck":["theForsaken:TheForsaken_Strike","theForsaken:TheForsaken_Strike","theForsaken:TheForsaken_Strike","theForsaken:TheForsaken_Strike","theForsaken:TheForsaken_Defend","theForsaken:TheForsaken_Defend","theForsaken:TheForsaken_Defend","theForsaken:TheForsaken_Defend","theForsaken:Smite","theForsaken:Penitence","theForsaken:Backlash","theForsaken:PlagueCurse","theForsaken:StoreUp+1","theForsaken:HymnOfPatience","theForsaken:AncientWords","theForsaken:RainingSunlight+1"],"relics":["theForsaken:JudgementScales","theForsaken:PlagueMask","Molten Egg 2","Ornamental Fan"],"acts_visited":["Exordium"],"potions_floor_usage":[8],"damage_taken":[{"damage":1.0,"enemies":"Jaw Worm","floor":1.0,"turns":5.0},{"damage":0,"enemies":"Small Slimes","floor":5,"turns":3},{"damage":57,"enemies":"Gremlin Nob","floor":6,"turns":6},{"damage":5,"enemies":"2 Louse","floor":7,"turns":4},{"damage":13,"enemies":"3 Sentries","floor":8,"turns":4}],"seed_played":"-1225171910986355768","potions_obtained":[{"floor":3.0,"key":"Fruit Juice"},{"floor":7,"key":"EssenceOfSteel"}],"is_trial":false,"path_per_floor":["M","?","?","?","M","E","M","E"],"character_chosen":"THE_FORSAKEN","items_purchased":[],"campfire_rested":0,"item_purchase_floors":[],"current_hp_per_floor":[65,65,70,70,70,16,13,0,0],"gold":220,"neow_bonus":"","is_daily":false,"chose_seed":false,"campfire_upgraded":0,"win_rate":0.0,"timestamp":1611794040,"path_taken":["M","?","?","?","M","E","M","E"],"items_purchased_type":[],"build_version":"2020-12-22","purchased_purges":0,"victory":false,"max_hp_per_floor":[65,65,70,70,70,70,70,70,70],"card_choices":[{"not_picked":["theForsaken:BattleHymn","theForsaken:WardingHymn"],"picked":"theForsaken:Backlash","floor":1.0},{"not_picked":["theForsaken:RainingSunlight+1","theForsaken:WrathOfGod+1"],"picked":"theForsaken:StoreUp","floor":3.0},{"not_picked":["theForsaken:SpinAttack+1","theForsaken:HorrifyingStrike+1"],"picked":"theForsaken:HymnOfPatience","floor":5},{"not_picked":["theForsaken:Terrorize","theForsaken:HymnOfPatience"],"picked":"theForsaken:AncientWords","floor":6},{"not_picked":["theForsaken:SiphonStrike+1","theForsaken:BlindFaith"],"picked":"theForsaken:RainingSunlight+1","floor":7}],"player_experience":0,"relics_obtained":[{"floor":3.0,"key":"Molten Egg 2"},{"floor":6,"key":"Ornamental Fan"}],"event_choices":[{"damage_healed":0.0,"max_hp_gain":0.0,"max_hp_loss":0.0,"gold_gain":0.0,"event_name":"Plague Doctor","player_choice":"Obtain Plague Curse","floor":2.0,"gold_loss":0.0,"damage_taken":0.0,"cards_obtained":["theForsaken:PlagueCurse"]},{"damage_healed":0,"gold_gain":0,"player_choice":"Grow","damage_taken":0,"max_hp_gain":0,"max_hp_loss":0,"event_name":"Living Wall","floor":4,"gold_loss":0,"cards_upgraded":["theForsaken:StoreUp"]}],"is_beta":false,"boss_relics":[],"items_purged_floors":[],"is_endless":false,"potions_floor_spawned":[7],"killed_by":"3 Sentries","ascension_level":0}}