{"host":"ty7uytdfitsmf36k","time":1611873148,"event":{"mods":["AchievementEnabler","BaseMod","Colored Map","Colored Powertips","DeckTracker","Downfall","Infinite Spire","Minty Spire (QoL Compilation)","Relic Stats","Replay The Spire","Spire Arcade","StSLib","SuperFastMode","The Jungle","Wandering Minibosses"],"gold_per_floor":[114,125,331,350,370,399,69,69,69,89,89,89,89],"floor_reached":12,"language":"ENG","playtime":227,"items_purged":["Strike_P"],"score":100,"play_id":"36063d89-9a27-40c4-b3ad-71cb1e870e28","local_time":"20210128173228","is_ascension_mode":true,"campfire_choices":[{"data":"Eruption","floor":8.0,"key":"SMITH"},{"data":"MentalFortress","floor":11.0,"key":"SMITH"}],"circlet_count":0,"master_deck":["Strike_P","Strike_P","Strike_P","Defend_P","Defend_P","Defend_P","Defend_P","Eruption+1","Vigilance","MentalFortress+1","EmptyFist","Evaluate","FlurryOfBlows"],"relics":["PureWater","NeowsBlessing","Anchor","Meat on the Bone","Question Card"],"acts_visited":["Exordium"],"potions_floor_usage":[],"damage_taken":[{"damage":0.0,"enemies":"Cultist","floor":1.0,"turns":1.0},{"damage":0.0,"enemies":"Jaw Worm","floor":2.0,"turns":1.0},{"damage":0.0,"enemies":"2 Louse","floor":4.0,"turns":1.0},{"damage":20.0,"enemies":"Exordium Wildlife","floor":5.0,"turns":8.0},{"damage":6.0,"enemies":"Lagavulin","floor":6.0,"turns":5.0},{"damage":1.0,"enemies":"Looter","floor":10.0,"turns":3.0},{"damage":41,"enemies":"Gremlin Nob","floor":12,"turns":5}],"seed_played":"8412410537795492654","potions_obtained":[{"floor":2.0,"key":"champ:CounterPotion"},{"floor":5.0,"key":"Venom Potion"},{"floor":10.0,"key":"Energy Potion"}],"is_trial":false,"path_per_floor":["M","M","?","M","M","E","$","R","T","M","R","E"],"character_chosen":"WATCHER","items_purchased":["Meat on the Bone"],"campfire_rested":0,"item_purchase_floors":[7],"current_hp_per_floor":[72,72,54,54,34,28,28,28,28,39,39,0,0],"gold":89,"neow_bonus":"THREE_ENEMY_KILL","is_daily":false,"chose_seed":false,"campfire_upgraded":2,"win_rate":0.0,"timestamp":1611873148,"path_taken":["M","?","?","M","M","E","?","R","T","M","R","E"],"items_purchased_type":["Relic"],"build_version":"2020-12-22","purchased_purges":1,"victory":false,"max_hp_per_floor":[72,72,72,72,72,72,72,72,72,72,72,72,72],"relic_stats":{"counters":[7,24],"Question Card":1,"obtain_stats":[{"Anchor":6,"NeowsBlessing":0,"PureWater":0,"Question Card":9,"Meat on the Bone":7},{"Anchor":5,"NeowsBlessing":0,"PureWater":0,"Question Card":5,"Meat on the Bone":5},{"Anchor":16,"NeowsBlessing":0,"PureWater":0,"Question Card":16,"Meat on the Bone":16}],"Meat on the Bone":12},"card_choices":[{"not_picked":["Replay:AtTheReady","Wallop"],"picked":"MentalFortress","floor":1.0},{"not_picked":["PathToVictory","Replay:Battleflow","BattleHymn"],"picked":"SKIP","floor":2.0},{"not_picked":["FlurryOfBlows","Prostrate"],"picked":"EmptyFist","floor":4.0},{"not_picked":["Nirvana","ThirdEye","Replay:AtTheReady"],"picked":"SKIP","floor":5.0},{"not_picked":["Replay:AllIn","Study"],"picked":"Evaluate","floor":6.0},{"not_picked":["BowlingBash","Study","Protect"],"picked":"FlurryOfBlows","floor":10.0}],"player_experience":198824,"relics_obtained":[{"floor":6.0,"key":"Anchor"},{"floor":9.0,"key":"Question Card"}],"event_choices":[],"is_beta":false,"boss_relics":[],"items_purged_floors":[7],"is_endless":false,"potions_floor_spawned":[2,5,10],"killed_by":"Gremlin Nob","ascension_level":5}}