{"host":"ojezjkpqju62j8xy","time":1611839763,"event":{"mods":["ATMod(°¢èªMod)","Act Like it!","Aspiration","BaseMod","Conspire","Minty Spire (QoL Compilation)","Pale of the Ancients","Replay The Spire","Spicy Shops","StSLib","[GremlinLeader]The Maniac","¡¾ÒÅÎï¿¨ÅÆ¡¿REMEMod"],"gold_per_floor":[119,119,139,34,49,77,77,122,170,222,222,222,222],"floor_reached":12,"language":"ZHS","playtime":304,"items_purged":[],"score":114,"play_id":"feda03c0-a1ea-4434-97d8-6f7aa73ac389","local_time":"20210128211603","is_ascension_mode":true,"campfire_choices":[{"floor":7.0,"key":"RECALL"}],"circlet_count":0,"master_deck":["Strike_P","Strike_P","Strike_P","Strike_P","Defend_P","Defend_P","Defend_P","Defend_P","Eruption","Vigilance","AT_FamilyPortrait","Demon Form","SignatureMove+1","Eruption","Madness","Fasting2","CarveReality","BattleHymn","ClearTheMind","ClearTheMind","Crescendo","Consecrate","Consecrate"],"relics":["PureWater","AT_ATBox","REME_ComplimentaryCards","NeowsBlessing","AT_MibuBalloonWealth","Prayer Wheel","TeardropLocket"],"acts_visited":["Exordium"],"potions_floor_usage":[12],"damage_taken":[{"damage":0.0,"enemies":"Small Slimes","floor":1.0,"turns":1.0},{"damage":0.0,"enemies":"Cultist","floor":3.0,"turns":1.0},{"damage":0.0,"enemies":"2 Louse","floor":5.0,"turns":1.0},{"damage":35.0,"enemies":"3 Sentries","floor":6.0,"turns":4.0},{"damage":4.0,"enemies":"Looter","floor":8.0,"turns":4.0},{"damage":18.0,"enemies":"Gremlin Nob","floor":10.0,"turns":4.0},{"damage":35,"enemies":"Lagavulin","floor":12,"turns":2}],"seed_played":"1847573531326884641","potions_obtained":[{"floor":3.0,"key":"Energy Potion"},{"floor":5.0,"key":"Explosive Potion"},{"floor":6.0,"key":"SkillPotion"},{"floor":10.0,"key":"Strength Potion"}],"is_trial":false,"path_per_floor":["M","?","M","$","M","E","R","M","T","E","?","E"],"character_chosen":"WATCHER","items_purchased":["CarveReality","BattleHymn"],"campfire_rested":0,"item_purchase_floors":[4,4],"current_hp_per_floor":[65,65,65,65,65,30,30,26,26,8,8,0,0],"gold":222,"neow_bonus":"THREE_ENEMY_KILL","is_daily":false,"chose_seed":false,"campfire_upgraded":0,"win_rate":0.0,"timestamp":1611839763,"path_taken":["M","?","M","?","M","E","R","M","T","E","?","E"],"items_purchased_type":["Card","Card"],"build_version":"2020-12-22","purchased_purges":0,"victory":false,"max_hp_per_floor":[72,72,72,72,72,72,72,72,72,72,72,72,72],"card_choices":[{"not_picked":["FlyingSleeves","Replay:Hum"],"picked":"SignatureMove","floor":1.0},{"not_picked":["TalkToTheHand","WaveOfTheHand"],"picked":"Fasting2","floor":3.0},{"not_picked":["EmptyBody","MentalFortress"],"picked":"ClearTheMind","floor":5.0},{"not_picked":["Wireheading","Replay:BluntJabs"],"picked":"ClearTheMind","floor":6.0},{"not_picked":["ThirdEye","CarveReality"],"picked":"Crescendo","floor":8.0},{"not_picked":["Indignation","Halt"],"picked":"Consecrate","floor":8.0},{"not_picked":["Weave","FlurryOfBlows"],"picked":"Consecrate","floor":10.0}],"player_experience":1414667,"relics_obtained":[{"floor":6.0,"key":"AT_MibuBalloonWealth"},{"floor":10.0,"key":"TeardropLocket"}],"event_choices":[{"damage_healed":0.0,"max_hp_gain":0.0,"max_hp_loss":0.0,"gold_gain":0.0,"event_name":"Match and Keep!","player_choice":"2 cards matched","floor":2.0,"gold_loss":0.0,"damage_taken":0.0,"cards_obtained":["Eruption","Madness"]}],"is_beta":false,"boss_relics":[],"items_purged_floors":[],"is_endless":false,"potions_floor_spawned":[3,5,6,10],"killed_by":"Lagavulin","ascension_level":6}}