{"host":"xv6tnu9e6lzjd13s","time":1611871626,"event":{"mods":["BaseMod","Colored Powertips","Downfall","Googly Eyes","Hermit","Minty Spire (QoL Compilation)","StSLib","The Animator","The Cursed","The Servant 0.9.4"],"gold_per_floor":[111,5,5,5,16,41,51,66,66,66,100,100,120,134,134,229,229,241,166,166,183,283,283,382,400,474,486,167,242,258,30,30,130,130,143,0,0,0,0],"floor_reached":38,"language":"ENG","playtime":2405,"items_purged":["Normality"],"score":409,"play_id":"68ec38a0-ae9d-4887-bc17-88c813229120","local_time":"20210128150706","is_ascension_mode":false,"campfire_choices":[{"floor":12.0,"key":"RECALL"},{"floor":15.0,"key":"REST"},{"floor":23.0,"key":"REST"},{"floor":32.0,"key":"REST"}],"circlet_count":0,"master_deck":["TheCursedMod:Strike_TheCursed","TheCursedMod:Strike_TheCursed","TheCursedMod:Defend_TheCursed","TheCursedMod:Defend_TheCursed","TheCursedMod:Defend_TheCursed","TheCursedMod:CursedWand","TheCursedMod:CleanUpWorkshop","TheCursedMod:Dregs","TheCursedMod:TacticalStrike","TheCursedMod:HellsGateOpen+1","TheCursedMod:BlessingInDisguise","TheCursedMod:Torture","TheCursedMod:CircleOfBlood","TheCursedMod:ManaBullet","TheCursedMod:CursedBoomerang","TheCursedMod:EmpowerCircles","TheCursedMod:BlessingInDisguise","TheCursedMod:CollectTribute","TheCursedMod:DarkBarrier","TheCursedMod:CircleOfAmplification","TheCursedMod:StingEye","downfall:Haunted","TheCursedMod:VoidForm","downfall:Aged","animator:Curse_Nutcracker","TheCursedMod:LuckyCharm+1","TheCursedMod:CircleOfFocus","TheCursedMod:SurpriseAttack","Flash of Steel","TheCursedMod:HellfireBreathing+1","TheCursedMod:HellfireBreathing+1","Apotheosis","TheCursedMod:ManaCirculation+1","TheCursedMod:SmokeScreen+1"],"relics":["TheCursedMod:BlackMagic101","NeowsBlessing","Pantograph","TheCursedMod:DemonicMark","Busted Crown","downfall:ExtraCursedKey","Frozen Egg 2","TheCursedMod:FourLeafCloverCharm","Red Mask"],"acts_visited":["Exordium","TheCity","TheBeyond"],"potions_floor_usage":[],"damage_taken":[{"damage":0.0,"enemies":"Cultist","floor":1.0,"turns":1.0},{"damage":0.0,"enemies":"2 Louse","floor":5.0,"turns":1.0},{"damage":0.0,"enemies":"Lagavulin","floor":6.0,"turns":1.0},{"damage":4.0,"enemies":"Small Slimes","floor":7.0,"turns":4.0},{"damage":11.0,"enemies":"Red Slaver","floor":8.0,"turns":3.0},{"damage":42.0,"enemies":"3 Sentries","floor":11.0,"turns":9.0},{"damage":0.0,"enemies":"Exordium Wildlife","floor":13.0,"turns":3.0},{"damage":26.0,"enemies":"Blue Slaver","floor":14.0,"turns":5.0},{"damage":46.0,"enemies":"Hexaghost","floor":16.0,"turns":10.0},{"damage":7.0,"enemies":"Spheric Guardian","floor":18.0,"turns":5.0},{"damage":43.0,"enemies":"2 Thieves","floor":21.0,"turns":5.0},{"damage":16.0,"enemies":"Sentry and Sphere","floor":25.0,"turns":4.0},{"damage":12.0,"enemies":"Chosen and Byrds","floor":27.0,"turns":6.0},{"damage":12.0,"enemies":"3 Cultists","floor":30.0,"turns":4.0},{"damage":22.0,"enemies":"Champ","floor":33.0,"turns":7.0},{"damage":63,"enemies":"3 Darklings","floor":35,"turns":7},{"damage":40,"enemies":"3 Shapes","floor":38,"turns":3}],"seed_played":"-8554800863489534924","potions_obtained":[{"floor":5.0,"key":"Guardian:BlockOnCardUsePotion"},{"floor":7.0,"key":"SkillPotion"},{"floor":8.0,"key":"SpeedPotion"},{"floor":14.0,"key":"Slimebound:ThreeZeroPotion"},{"floor":16.0,"key":"bronze:BurnAndBuffPotion"},{"floor":18.0,"key":"Swift Potion"},{"floor":27.0,"key":"CultistPotion"},{"floor":30.0,"key":"SkillPotion"}],"is_trial":false,"path_per_floor":["M","$","?","?","M","E","M","M","T","$","E","R","M","M","R","B",null,"M","?","?","M","?","R","?","M","T","M","$","?","M","$","R","B",null,"M","?","?","M"],"character_chosen":"THE_CURSED","items_purchased":["TheCursedMod:HellsGateOpen","TheCursedMod:BlessingInDisguise","TheCursedMod:LuckyCharm+1","TheCursedMod:CircleOfFocus","TheCursedMod:SurpriseAttack","Flash of Steel","TheCursedMod:HellfireBreathing+1","Apotheosis"],"campfire_rested":3,"item_purchase_floors":[2,2,28,28,28,28,31,31],"current_hp_per_floor":[75,75,75,75,75,75,73,68,68,68,30,30,38,18,40,23,75,68,68,54,11,11,35,35,27,27,23,23,15,5,5,29,40,80,17,17,17,0,0],"gold":0,"neow_bonus":"THREE_ENEMY_KILL","is_daily":false,"chose_seed":false,"campfire_upgraded":0,"win_rate":0.0,"timestamp":1611871626,"path_taken":["M","?","?","?","M","E","M","M","T","$","E","R","?","M","R","BOSS","M","?","?","M","?","R","?","?","T","M","$","?","M","$","R","BOSS","M","?","?","M"],"items_purchased_type":["Card","Card","Card","Card","Card","Card","Card","Card"],"build_version":"2020-12-22","purchased_purges":1,"victory":false,"max_hp_per_floor":[75,75,75,75,75,75,75,75,75,75,75,75,75,75,75,75,75,75,75,80,80,80,80,80,80,80,80,80,80,80,80,80,80,80,80,80,80,80,80],"card_choices":[{"not_picked":["TheCursedMod:VitalStrike","TheCursedMod:Stretching"],"picked":"TheCursedMod:TacticalStrike","floor":1.0},{"not_picked":["TheCursedMod:SpreadPlague","TheCursedMod:Stretching"],"picked":"TheCursedMod:Torture","floor":5.0},{"not_picked":["TheCursedMod:Stigma","TheCursedMod:StingEye"],"picked":"TheCursedMod:CircleOfBlood","floor":6.0},{"not_picked":["TheCursedMod:CursedBlade","TheCursedMod:Hemoplague"],"picked":"TheCursedMod:ManaBullet","floor":7.0},{"not_picked":["TheCursedMod:Stretching","TheCursedMod:Obscuration"],"picked":"TheCursedMod:CursedBoomerang","floor":8.0},{"not_picked":["TheCursedMod:CursedBlade","TheCursedMod:HellfireBreathing"],"picked":"TheCursedMod:EmpowerCircles","floor":11.0},{"not_picked":["TheCursedMod:CursedMace","TheCursedMod:VitalStrike"],"picked":"TheCursedMod:BlessingInDisguise","floor":13.0},{"not_picked":["TheCursedMod:SoulCrush","TheCursedMod:RapidMovement"],"picked":"TheCursedMod:CollectTribute","floor":14.0},{"not_picked":["TheCursedMod:StunningStrike","TheCursedMod:ShockAndAwe"],"picked":"TheCursedMod:DarkBarrier","floor":16.0},{"not_picked":[],"picked":"TheCursedMod:CircleOfAmplification","floor":18.0},{"not_picked":[],"picked":"TheCursedMod:StingEye","floor":21.0},{"not_picked":["TheCursedMod:Evocation"],"picked":"SKIP","floor":25.0},{"not_picked":["TheCursedMod:RavingStaff"],"picked":"SKIP","floor":27.0},{"not_picked":[],"picked":"TheCursedMod:HellfireBreathing+1","floor":30.0},{"not_picked":[],"picked":"TheCursedMod:ManaCirculation+1","floor":33.0},{"not_picked":[],"picked":"TheCursedMod:SmokeScreen+1","floor":35}],"player_experience":76474,"relics_obtained":[{"floor":6.0,"key":"Pantograph"},{"floor":11.0,"key":"TheCursedMod:DemonicMark"},{"floor":26.0,"key":"Frozen Egg 2"}],"event_choices":[{"damage_healed":0.0,"max_hp_gain":0.0,"max_hp_loss":0.0,"gold_gain":0.0,"event_name":"Living Wall","player_choice":"Grow","floor":3.0,"gold_loss":0.0,"damage_taken":0.0,"cards_upgraded":["TheCursedMod:HellsGateOpen"]},{"cards_removed":["TheCursedMod:Strike_TheCursed"],"damage_healed":0.0,"max_hp_gain":0.0,"max_hp_loss":0.0,"gold_gain":0.0,"event_name":"Wheel of Change","player_choice":"Card Removal","floor":4.0,"gold_loss":0.0,"damage_taken":0.0},{"cards_removed":["TheCursedMod:Defend_TheCursed"],"damage_healed":0.0,"max_hp_gain":0.0,"max_hp_loss":0.0,"gold_gain":0.0,"event_name":"Beggar","player_choice":"Gave Gold","floor":19.0,"gold_loss":75.0,"damage_taken":0.0},{"damage_healed":0.0,"max_hp_gain":5.0,"max_hp_loss":0.0,"gold_gain":0.0,"event_name":"Forgotten Altar","player_choice":"Shed Blood","floor":20.0,"gold_loss":0.0,"damage_taken":19.0},{"damage_healed":0.0,"max_hp_gain":0.0,"max_hp_loss":0.0,"gold_gain":99.0,"event_name":"Nest","player_choice":"Stole From Cult","floor":24.0,"gold_loss":0.0,"damage_taken":0.0},{"damage_healed":0.0,"max_hp_gain":0.0,"max_hp_loss":0.0,"gold_gain":75.0,"event_name":"FaceTrader","player_choice":"Touch","floor":29.0,"gold_loss":0.0,"damage_taken":8.0},{"damage_healed":0,"gold_gain":0,"player_choice":"Paid","damage_taken":0,"relics_obtained":["Red Mask"],"max_hp_gain":0,"max_hp_loss":0,"event_name":"Tomb of Lord Red Mask","floor":36,"gold_loss":143},{"cards_removed":["TheCursedMod:Strike_TheCursed"],"damage_healed":0,"gold_gain":0,"player_choice":"Removed Attack","damage_taken":0,"max_hp_gain":0,"max_hp_loss":0,"event_name":"Falling","floor":37,"gold_loss":0}],"is_beta":false,"boss_relics":[{"not_picked":["Tiny House","Snecko Eye"],"picked":"Busted Crown"},{"not_picked":["Astrolabe","Sozu"],"picked":"TheCursedMod:FourLeafCloverCharm"}],"items_purged_floors":[28],"is_endless":false,"potions_floor_spawned":[5,7,8,14,16,18,27,30],"killed_by":"3 Shapes","ascension_level":0}}