{"host":"gc0hqzwg2gd3zszy","time":1611832010,"event":{"mods":["BaseMod","DeckTracker","Minty Spire (QoL Compilation)","Relic Stats","SuperFastMode"],"gold_per_floor":[119,119,132,57,76,103,118,150,150,165,5,18,18,34,34,106,106,119,34,34,34,34,34,50,60,60,87,87,121,121,121,121,197,197,211,4,0,14,14,14,33,33,33,68,68,101,101,126,126,126,126],"floor_reached":50,"language":"KOR","playtime":2414,"items_purged":["Pain","Defend_P"],"score":1217,"play_id":"5fbc8053-11a8-48f5-adfd-cf4fbfc92708","local_time":"20210128200650","is_ascension_mode":true,"campfire_choices":[{"data":"Eruption","floor":13.0,"key":"SMITH"},{"data":"Devotion","floor":15.0,"key":"SMITH"},{"data":"Bite","floor":23.0,"key":"SMITH"},{"data":"Prostrate","floor":28.0,"key":"SMITH"},{"data":"Bite","floor":30.0,"key":"SMITH"},{"data":"Bite","floor":32.0,"key":"SMITH"},{"data":"Bite","floor":40.0,"key":"SMITH"},{"data":"Bite","floor":42.0,"key":"SMITH"},{"floor":49,"key":"RECALL"}],"circlet_count":0,"master_deck":["AscendersBane","Defend_P","Defend_P","Defend_P","Eruption+1","Vigilance","EmptyFist","DeusExMachina","WheelKick","Devotion+1","InnerPeace","MentalFortress","BowlingBash","SashWhip","WaveOfTheHand","Ragnarok","ClearTheMind+1","Bite+1","Bite+1","Bite+1","Bite+1","Bite+1","Fasting2+1","Evaluate+1","Prostrate+1","Sanctity","DevaForm+1","MentalFortress+1","Panacea","WheelKick","Worship"],"relics":["Velvet Choker","WarpedTongs","Yang","Mango","Frozen Egg 2","ClockworkSouvenir","Coffee Dripper","Mummified Hand","Blood Vial","Dream Catcher","VioletLotus","Red Mask","Meat on the Bone","Oddly Smooth Stone","Bottled Lightning","Akabeko","GoldenEye"],"acts_visited":["Exordium","TheCity","TheBeyond"],"potions_floor_usage":[50],"damage_taken":[{"damage":4.0,"enemies":"Jaw Worm","floor":1.0,"turns":3.0},{"damage":1.0,"enemies":"Cultist","floor":3.0,"turns":3.0},{"damage":2.0,"enemies":"2 Louse","floor":5.0,"turns":2.0},{"damage":0.0,"enemies":"Lagavulin","floor":6.0,"turns":5.0},{"damage":0.0,"enemies":"Blue Slaver","floor":7.0,"turns":1.0},{"damage":32.0,"enemies":"Gremlin Nob","floor":8.0,"turns":4.0},{"damage":4.0,"enemies":"3 Louse","floor":10.0,"turns":4.0},{"damage":0.0,"enemies":"2 Fungi Beasts","floor":12.0,"turns":2.0},{"damage":0.0,"enemies":"Blue Slaver","floor":14.0,"turns":3.0},{"damage":28.0,"enemies":"Hexaghost","floor":16.0,"turns":10.0},{"damage":19.0,"enemies":"Spheric Guardian","floor":18.0,"turns":4.0},{"damage":0.0,"enemies":"2 Thieves","floor":24.0,"turns":4.0},{"damage":4.0,"enemies":"Cultist and Chosen","floor":25.0,"turns":6.0},{"damage":0.0,"enemies":"Gremlin Leader","floor":27.0,"turns":3.0},{"damage":28.0,"enemies":"Book of Stabbing","floor":29.0,"turns":5.0},{"damage":14.0,"enemies":"Champ","floor":33.0,"turns":8.0},{"damage":5.0,"enemies":"3 Shapes","floor":35.0,"turns":6.0},{"damage":5.0,"enemies":"3 Darklings","floor":38.0,"turns":5.0},{"damage":21.0,"enemies":"Sphere and 2 Shapes","floor":41.0,"turns":6.0},{"damage":49.0,"enemies":"Giant Head","floor":44.0,"turns":9.0},{"damage":39.0,"enemies":"Nemesis","floor":46.0,"turns":9.0},{"damage":24,"enemies":"Mind Bloom Boss Battle","floor":48,"turns":6},{"damage":79,"enemies":"Donu and Deca","floor":50,"turns":9}],"seed_played":"-5531431415976320496","potions_obtained":[{"floor":1.0,"key":"Swift Potion"},{"floor":7.0,"key":"Swift Potion"},{"floor":14.0,"key":"Energy Potion"},{"floor":16.0,"key":"FearPotion"},{"floor":18.0,"key":"FearPotion"},{"floor":33.0,"key":"Swift Potion"},{"floor":38.0,"key":"SpeedPotion"},{"floor":44.0,"key":"Strength Potion"}],"is_trial":false,"path_per_floor":["M","?","M","$","M","E","M","E","T","M","$","M","R","M","R","B",null,"M","?","$","?","?","R","M","M","T","E","R","E","R","?","R","B",null,"M","$","?","M","$","R","M","R","T","E","?","E","T","?","R","B"],"character_chosen":"WATCHER","items_purchased":["ClockworkSouvenir","Panacea"],"campfire_rested":0,"item_purchase_floors":[11,36],"current_hp_per_floor":[57,57,56,56,54,54,54,36,36,32,32,32,32,32,32,4,63,44,44,44,44,44,44,53,57,57,57,57,33,33,33,33,39,53,52,52,52,56,56,56,45,45,45,40,40,33,33,38,38,0,0],"gold":126,"neow_bonus":"BOSS_RELIC","is_daily":false,"chose_seed":false,"campfire_upgraded":8,"win_rate":0.0,"timestamp":1611832010,"path_taken":["M","?","M","$","M","E","M","E","T","M","$","?","R","M","R","BOSS","M","?","$","?","?","R","M","?","T","E","R","E","R","?","R","BOSS","M","$","?","M","$","R","M","R","T","E","?","E","?","?","R","BOSS"],"items_purchased_type":["Relic","Card"],"build_version":"2020-12-22","purchased_purges":2,"victory":false,"max_hp_per_floor":[68,68,68,68,68,68,68,82,82,82,82,82,82,82,82,82,82,82,82,82,57,57,57,57,57,57,57,57,57,57,57,57,57,57,57,57,57,57,57,57,57,57,57,57,57,57,57,57,57,57,57],"relic_stats":{"Blood Vial":15,"Dream Catcher":0,"counters":[23,117],"Mummified Hand":[57],"Yang":[207],"VioletLotus":[12],"GoldenEye":[0],"obtain_stats":[{"Velvet Choker":0,"Oddly Smooth Stone":44,"Yang":6,"Mango":8,"Frozen Egg 2":9,"GoldenEye":48,"Akabeko":47,"WarpedTongs":2,"ClockworkSouvenir":11,"Blood Vial":27,"Dream Catcher":29,"Mummified Hand":19,"VioletLotus":34,"Coffee Dripper":17,"Red Mask":37,"Bottled Lightning":46,"PureWater":0,"Meat on the Bone":43},{"Velvet Choker":0,"Oddly Smooth Stone":20,"Yang":4,"Mango":6,"Frozen Egg 2":6,"GoldenEye":22,"Akabeko":21,"WarpedTongs":1,"ClockworkSouvenir":7,"Blood Vial":14,"Dream Catcher":15,"Mummified Hand":11,"VioletLotus":16,"Coffee Dripper":10,"Red Mask":17,"Bottled Lightning":21,"PureWater":0,"Meat on the Bone":19},{"Velvet Choker":0,"Oddly Smooth Stone":93,"Yang":13,"Mango":18,"Frozen Egg 2":18,"GoldenEye":108,"Akabeko":102,"WarpedTongs":3,"ClockworkSouvenir":22,"Blood Vial":54,"Dream Catcher":59,"Mummified Hand":41,"VioletLotus":67,"Coffee Dripper":37,"Red Mask":73,"Bottled Lightning":102,"PureWater":0,"Meat on the Bone":84}],"WarpedTongs":[114],"Meat on the Bone":36},"card_choices":[{"not_picked":["SashWhip","ClearTheMind"],"picked":"EmptyFist","floor":1.0},{"not_picked":["PathToVictory","EmptyFist"],"picked":"DeusExMachina","floor":3.0},{"not_picked":["CarveReality","EmptyMind"],"picked":"WheelKick","floor":5.0},{"not_picked":["Halt","PathToVictory"],"picked":"Devotion","floor":6.0},{"not_picked":["Pray","ClearTheMind"],"picked":"InnerPeace","floor":7.0},{"not_picked":["ThirdEye","Prostrate"],"picked":"MentalFortress","floor":8.0},{"not_picked":["ClearTheMind","Prostrate"],"picked":"BowlingBash","floor":10.0},{"not_picked":["TalkToTheHand","Evaluate"],"picked":"SashWhip","floor":12.0},{"not_picked":["FollowUp","LikeWater+1"],"picked":"WaveOfTheHand","floor":14.0},{"not_picked":["Vault","Omniscience"],"picked":"Ragnarok","floor":16.0},{"not_picked":["SashWhip","BattleHymn+1"],"picked":"ClearTheMind+1","floor":18.0},{"not_picked":["FlurryOfBlows+1","CarveReality"],"picked":"Evaluate+1","floor":24.0},{"not_picked":["FlurryOfBlows","Halt"],"picked":"Prostrate","floor":25.0},{"not_picked":["JustLucky","EmptyFist"],"picked":"Sanctity","floor":27.0},{"not_picked":["Alpha","Prostrate","ReachHeaven"],"picked":"SKIP","floor":29.0},{"not_picked":["LessonLearned","ConjureBlade"],"picked":"DevaForm+1","floor":33.0},{"not_picked":["EmptyBody+1","Halt+1"],"picked":"MentalFortress+1","floor":35.0},{"not_picked":["CutThroughFate","BowlingBash"],"picked":"WheelKick","floor":38.0},{"not_picked":["Sanctity","DeceiveReality","FollowUp"],"picked":"SKIP","floor":41.0},{"not_picked":["FlyingSleeves","Evaluate"],"picked":"Worship","floor":44.0},{"not_picked":["Crescendo","Nirvana+1","EmptyMind"],"picked":"SKIP","floor":46.0}],"player_experience":1367975,"relics_obtained":[{"floor":6.0,"key":"Yang"},{"floor":8.0,"key":"Mango"},{"floor":9.0,"key":"Frozen Egg 2"},{"floor":27.0,"key":"Blood Vial"},{"floor":29.0,"key":"Dream Catcher"},{"floor":43.0,"key":"Meat on the Bone"},{"floor":44.0,"key":"Oddly Smooth Stone"},{"floor":46.0,"key":"Bottled Lightning"},{"floor":47.0,"key":"Akabeko"},{"floor":48,"key":"GoldenEye"}],"event_choices":[{"damage_healed":0.0,"max_hp_gain":0.0,"max_hp_loss":0.0,"gold_gain":0.0,"event_name":"Accursed Blacksmith","player_choice":"Rummage","floor":2.0,"gold_loss":0.0,"damage_taken":0.0,"relics_obtained":["WarpedTongs"],"cards_obtained":["Pain"]},{"damage_healed":0.0,"max_hp_gain":0.0,"max_hp_loss":0.0,"gold_gain":0.0,"event_name":"Addict","player_choice":"Obtained Relic","floor":19.0,"gold_loss":85.0,"damage_taken":0.0,"relics_obtained":["Mummified Hand"]},{"damage_healed":0.0,"max_hp_gain":0.0,"max_hp_loss":25.0,"gold_gain":0.0,"event_name":"Vampires","player_choice":"Became a vampire","floor":21.0,"gold_loss":0.0,"damage_taken":0.0,"cards_obtained":["Bite","Bite","Bite","Bite","Bite"]},{"damage_healed":0.0,"max_hp_gain":0.0,"max_hp_loss":0.0,"gold_gain":0.0,"event_name":"The Library","player_choice":"Read","floor":22.0,"gold_loss":0.0,"damage_taken":0.0,"cards_obtained":["Fasting2"]},{"damage_healed":0.0,"max_hp_gain":0.0,"max_hp_loss":0.0,"gold_gain":0.0,"event_name":"The Mausoleum","player_choice":"Ignored","floor":31.0,"gold_loss":0.0,"damage_taken":0.0},{"damage_healed":0.0,"max_hp_gain":0.0,"max_hp_loss":0.0,"gold_gain":0.0,"event_name":"Tomb of Lord Red Mask","player_choice":"Paid","floor":37.0,"gold_loss":4.0,"damage_taken":0.0,"relics_obtained":["Red Mask"]},{"damage_healed":0.0,"max_hp_gain":0.0,"max_hp_loss":0.0,"gold_gain":0.0,"event_name":"Mysterious Sphere","player_choice":"Ignored","floor":45.0,"gold_loss":0.0,"damage_taken":0.0},{"damage_healed":0,"gold_gain":0,"player_choice":"Fight","damage_taken":0,"max_hp_gain":0,"max_hp_loss":0,"event_name":"MindBloom","floor":48,"gold_loss":0}],"is_beta":false,"boss_relics":[{"not_picked":["Black Star","Sozu"],"picked":"Coffee Dripper"},{"not_picked":["Tiny House","Empty Cage"],"picked":"VioletLotus"}],"items_purged_floors":[4,36],"is_endless":false,"potions_floor_spawned":[1,7,14,16,18,25,33,38,44,46],"killed_by":"Donu and Deca","ascension_level":20}}