{"host":"8s7r99mpv862ws6o","time":1611849320,"event":{"mods":["AchievementEnabler","Act Like it!","BaseMod","Chen","Gensokyo","GifTheSpireLib","Minty Spire (QoL Compilation)","Quick Restart","StSLib","The Administrix","The Servant 0.9.4","Youmu£®ªÍ∆«—˝√Œ£©","Yuyuko"],"gold_per_floor":[111,138,425,425,438,454,483,483,514,514,527,527,527,558,226,236,236,338,338,348,348,365,381,381,142,156,181,181,56,56,56,56,71,71,96,346,359,359,455,455,473,473,490,265,284,300,250,262,275,301,97,97,132,205,232,172,185,211,222,234,234,234,234,234,234,111,140,140],"floor_reached":69,"language":"ZHS","playtime":13347,"items_purged":["AdministrixMod:Defend_Administrix","AdministrixMod:Strike_Administrix","AdministrixMod:Strike_Administrix","AdministrixMod:Defend_Administrix","AdministrixMod:Defend_Administrix","AdministrixMod:Strike_Administrix","Writhe"],"score":1743,"play_id":"3081e441-9b19-4e58-ba73-e60cda8fb2aa","local_time":"20210128235520","is_ascension_mode":true,"campfire_choices":[{"data":"AdministrixMod:Convergence","floor":8.0,"key":"SMITH"},{"data":"AdministrixMod:SealAway","floor":13.0,"key":"SMITH"},{"data":"AdministrixMod:LightOfYourLife","floor":17,"key":"SMITH"},{"data":"AdministrixMod:Transition","floor":30,"key":"SMITH"},{"data":"AdministrixMod:BishamonBlessing","floor":32,"key":"SMITH"},{"data":"AdministrixMod:NoblePath","floor":38,"key":"SMITH"},{"data":"Gensokyo:HouraiInAPot","floor":52,"key":"SMITH"},{"floor":62,"key":"RECALL"},{"data":"AdministrixMod:LuminaryPath","floor":65,"key":"SMITH"}],"circlet_count":0,"master_deck":["AdministrixMod:RedCloak+1","AdministrixMod:BlueCloak","AdministrixMod:Convergence+1","AdministrixMod:LightOfYourLife+1","AdministrixMod:Wuji+1","AdministrixMod:ImmortalPurity","AdministrixMod:BishamonBlessing+1","AdministrixMod:SealAway+1","AdministrixMod:ImmortalGrace","AdministrixMod:Transition+1","AdministrixMod:HarmonicReverence+1","AdministrixMod:NoblePath+1","AdministrixMod:DeathByGlamour+1","AdministrixMod:PassageOfAges+1","AdministrixMod:TouchOfCinnabar+1","AdministrixMod:XianArts+1","AdministrixMod:HarmonicReverence+1","Clumsy","AdministrixMod:CastOffRegrets+1","Gensokyo:LochNessMonster","AdministrixMod:LuminaryPath+1","Gensokyo:HouraiInAPot+1","AdministrixMod:DiversionaryTactic+1","AdministrixMod:ImmortalPurity","AdministrixMod:BishamonBlessing+1","AdministrixMod:BloodBargain+1","AdministrixMod:LightOfYourLife+1","Gensokyo:CustomPotion"],"relics":["AdministrixMod:ConductorRitualBaton","Frozen Egg 2","Gensokyo:Justice","White Beast Statue","Bird Faced Urn","Pocketwatch","Incense Burner","Ancient Tea Set","Cursed Key","Smiling Mask","Membership Card","Oddly Smooth Stone","Pen Nib","InkBottle","Coffee Dripper","Sling","Mango","Bag of Preparation","Nunchaku","PreservedInsect","AdministrixMod:AbandonedRose","Blue Candle","Happy Flower","War Paint","Gambling Chip","AdministrixMod:DragonsEyeCharm","Vajra"],"acts_visited":["Exordium","Gensokyo:Gensokyo","Gensokyo:Gensokyoer","TheEnding"],"potions_floor_usage":[23,26,27,33,39,41,46,50,63,68,68],"damage_taken":[{"damage":0.0,"enemies":"Gensokyo:3_Fairies","floor":1.0,"turns":4.0},{"damage":20.0,"enemies":"Gensokyo:Aya","floor":2.0,"turns":7.0},{"damage":0.0,"enemies":"Gensokyo:2_Kodama","floor":5.0,"turns":5.0},{"damage":4.0,"enemies":"Gensokyo:Gryphon","floor":6.0,"turns":4.0},{"damage":7.0,"enemies":"Gensokyo:Aya","floor":7.0,"turns":6.0},{"damage":0.0,"enemies":"Gensokyo:Mamizou","floor":9.0,"turns":8.0},{"damage":6.0,"enemies":"Gensokyo:VengefulSpirit","floor":11.0,"turns":5.0},{"damage":0,"enemies":"Gensokyo:Cirno","floor":14,"turns":8},{"damage":1,"enemies":"Gensokyo:3_Kodama","floor":16,"turns":5},{"damage":0,"enemies":"Gensokyo:Reimu","floor":18,"turns":8},{"damage":13,"enemies":"Gensokyo:AngelMirror","floor":20,"turns":3},{"damage":0,"enemies":"Gensokyo:Chomper","floor":22,"turns":4},{"damage":12,"enemies":"Gensokyo:Wraith","floor":23,"turns":5},{"damage":17,"enemies":"Gensokyo:Swordslinger","floor":26,"turns":7},{"damage":12,"enemies":"Gensokyo:Reisen","floor":27,"turns":8},{"damage":6,"enemies":"Gensokyo:Monolith_and_Dog","floor":33,"turns":6},{"damage":15,"enemies":"Gensokyo:Koishi","floor":35,"turns":10},{"damage":11,"enemies":"Gensokyo:Slime_Group","floor":37,"turns":6},{"damage":5,"enemies":"Gensokyo:Eiki","floor":39,"turns":8},{"damage":0,"enemies":"Gensokyo:AncientGuardian","floor":41,"turns":5},{"damage":28,"enemies":"Gensokyo:AncientGuardian","floor":42,"turns":9},{"damage":17,"enemies":"Gensokyo:3_Bats","floor":43,"turns":5},{"damage":27,"enemies":"Gensokyo:Rafflesia","floor":45,"turns":7},{"damage":10,"enemies":"Gensokyo:SeedOfUnknown","floor":46,"turns":5},{"damage":34,"enemies":"Gensokyo:AtlasGolem","floor":48,"turns":5},{"damage":16,"enemies":"Gensokyo:Sharpion","floor":49,"turns":4},{"damage":27,"enemies":"Gensokyo:Marisa","floor":50,"turns":6},{"damage":0,"enemies":"Gensokyo:Kasen","floor":53,"turns":3},{"damage":0,"enemies":"Gensokyo:Doremy","floor":55,"turns":6},{"damage":1,"enemies":"Gensokyo:SeedOfUnknown","floor":57,"turns":3},{"damage":5,"enemies":"Gensokyo:Kasen","floor":58,"turns":7},{"damage":0,"enemies":"Gensokyo:AtlasGolem","floor":59,"turns":4},{"damage":0,"enemies":"Gensokyo:4_Bats","floor":60,"turns":4},{"damage":0,"enemies":"Gensokyo:Shinki","floor":63,"turns":4},{"damage":0,"enemies":"Shield and Spear","floor":67,"turns":2},{"damage":3,"enemies":"The Heart","floor":68,"turns":6}],"seed_played":"-7279240682325694647","potions_obtained":[{"floor":2.0,"key":"BlessingOfTheForge"},{"floor":9.0,"key":"FearPotion"},{"floor":11.0,"key":"CultistPotion"},{"floor":23,"key":"SteroidPotion"},{"floor":26,"key":"Energy Potion"},{"floor":27,"key":"SkillPotion"},{"floor":39,"key":"Energy Potion"},{"floor":41,"key":"AdministrixMod:AttunementTonic"},{"floor":45,"key":"PowerPotion"},{"floor":48,"key":"SteroidPotion"},{"floor":50,"key":"SkillPotion"}],"is_trial":false,"path_per_floor":["M","?","$","?","M","M","E","R","E","T","M","?","R","E","$","M","R","B",null,"M","?","M","M","?","$","M","E","R","$","R","T","R","M","?","E","?","M","R","B",null,"M","?","M","COS","M","M","$","M","M","E","$","R","E","T","E","?","M","E","M","M","?","R","B",null,"R","$","E","B",null],"character_chosen":"TheAdministrix","items_purchased":["AdministrixMod:Wuji+1","AdministrixMod:FeastOfDew","AdministrixMod:HarmonicReverence+1","Ancient Tea Set","Membership Card","AdministrixMod:XianArts+1","Pen Nib","Nunchaku","PreservedInsect","AdministrixMod:DragonsEyeCharm"],"campfire_rested":0,"item_purchase_floors":[3,3,15,15,25,25,29,51,51,66],"current_hp_per_floor":[59,39,39,39,39,35,28,28,28,28,24,9,9,11,11,16,16,22,77,66,66,71,67,67,67,59,61,61,61,61,61,61,65,64,51,51,52,52,61,61,61,61,54,54,37,41,41,19,29,20,20,20,28,28,44,44,57,72,75,75,45,45,59,75,75,75,75,75],"gold":140,"neow_bonus":"TWENTY_PERCENT_HP_BONUS","is_daily":false,"chose_seed":false,"campfire_upgraded":8,"win_rate":0.0,"timestamp":1611849320,"path_taken":["M","?","$","?","M","?","E","R","E","T","M","?","R","E","$","M","R","BOSS","M","?","M","M","?","$","M","E","R","$","R","T","R","M","?","E","?","M","R","BOSS","M","?","M","COS","M","M","?","?","M","E","$","R","E","T","E","?","M","E","M","M","?","R","BOSS","R","$","E","BOSS"],"items_purchased_type":["Card","Card","Card","Relic","Relic","Card","Relic","Relic","Relic","Relic"],"build_version":"2020-12-22","purchased_purges":7,"victory":true,"max_hp_per_floor":[77,77,77,77,77,77,77,77,77,77,77,77,77,77,77,77,77,77,77,77,71,71,71,71,71,71,71,71,71,71,71,71,71,64,64,61,61,61,61,61,61,61,61,61,61,61,61,61,75,75,75,75,75,75,75,75,75,75,75,75,75,75,75,75,75,75,75,75],"card_choices":[{"not_picked":["AdministrixMod:CrackingPangu","AdministrixMod:HiddenPower"],"picked":"AdministrixMod:Convergence","floor":1.0},{"not_picked":["AdministrixMod:Metempsychosis","AdministrixMod:ImmortalGrace"],"picked":"AdministrixMod:LightOfYourLife","floor":2.0},{"not_picked":["AdministrixMod:QuietConspiracy","AdministrixMod:PlateOfAntiquity"],"picked":"AdministrixMod:ImmortalPurity","floor":5.0},{"not_picked":["AdministrixMod:Wuji+1","AdministrixMod:TouchOfCinnabar"],"picked":"AdministrixMod:BishamonBlessing","floor":6.0},{"not_picked":["AdministrixMod:Untouchable","AdministrixMod:CosmosControl"],"picked":"AdministrixMod:SealAway","floor":7.0},{"not_picked":["AdministrixMod:DreamsMausoleum","AdministrixMod:QuietConspiracy","AdministrixMod:TouchOfCinnabar"],"picked":"SKIP","floor":9.0},{"not_picked":["AdministrixMod:QuietConspiracy","AdministrixMod:WickedPunishment"],"picked":"AdministrixMod:ImmortalGrace","floor":11.0},{"not_picked":["AdministrixMod:LightOfYourLife","AdministrixMod:Untouchable"],"picked":"AdministrixMod:Transition","floor":14},{"not_picked":["AdministrixMod:TrickOfTheLight","AdministrixMod:Transition"],"picked":"AdministrixMod:NoblePath","floor":16},{"not_picked":["AdministrixMod:CosmosControl","AdministrixMod:WifeLightning+1"],"picked":"AdministrixMod:DeathByGlamour+1","floor":18},{"not_picked":["AdministrixMod:DiversionaryTactic","AdministrixMod:Untouchable","AdministrixMod:Convergence+1"],"picked":"SKIP","floor":20},{"not_picked":["AdministrixMod:Overdrive","AdministrixMod:PlateOfAntiquity+1"],"picked":"AdministrixMod:PassageOfAges+1","floor":22},{"not_picked":["AdministrixMod:SealAway+1","AdministrixMod:FiendishCrimson"],"picked":"AdministrixMod:TouchOfCinnabar+1","floor":23},{"not_picked":["AdministrixMod:BrewingCloister","AdministrixMod:NoblePath","AdministrixMod:TrickOfTheLight"],"picked":"SKIP","floor":26},{"not_picked":["AdministrixMod:PassageOfAges","AdministrixMod:WickedPunishment"],"picked":"AdministrixMod:HarmonicReverence+1","floor":27},{"not_picked":["AdministrixMod:QuietConspiracy+1","AdministrixMod:TouchOfCinnabar+1"],"picked":"AdministrixMod:CastOffRegrets+1","floor":33},{"not_picked":["Gensokyo:GapWoman","Gensokyo:MonkeysPaw"],"picked":"Gensokyo:LochNessMonster","floor":34},{"not_picked":["AdministrixMod:ShadowPlay","AdministrixMod:Untouchable","AdministrixMod:QuietConspiracy"],"picked":"SKIP","floor":35},{"not_picked":["AdministrixMod:SyncreticSurge","AdministrixMod:Transcension"],"picked":"AdministrixMod:WifeLightning+1","floor":37},{"not_picked":["AdministrixMod:GirlsDoItBetter","AdministrixMod:TenDesires"],"picked":"AdministrixMod:LuminaryPath","floor":39},{"not_picked":["AdministrixMod:PassageOfAges","AdministrixMod:Transition","AdministrixMod:BloodlessSapphire+1"],"picked":"SKIP","floor":41},{"not_picked":["Gensokyo:UnhurriedMind","Gensokyo:MorningStar"],"picked":"Gensokyo:HouraiInAPot","floor":42},{"not_picked":["AdministrixMod:SipOfSparks+1","AdministrixMod:WickedPunishment","AdministrixMod:Schism"],"picked":"SKIP","floor":43},{"not_picked":["AdministrixMod:RebukeDesires+1","AdministrixMod:Untouchable+1"],"picked":"AdministrixMod:DiversionaryTactic+1","floor":45},{"not_picked":["AdministrixMod:RebukeDesires+1","AdministrixMod:FiendishCrimson","AdministrixMod:FuneraryRites"],"picked":"SKIP","floor":46},{"not_picked":["AdministrixMod:TrickOfTheLight","AdministrixMod:ShadowPlay"],"picked":"AdministrixMod:ImmortalPurity","floor":48},{"not_picked":["AdministrixMod:TouchOfCinnabar","AdministrixMod:Transition+1"],"picked":"AdministrixMod:BishamonBlessing+1","floor":49},{"not_picked":["AdministrixMod:Convergence+1","AdministrixMod:TrickOfTheLight"],"picked":"AdministrixMod:BloodBargain+1","floor":50},{"not_picked":["AdministrixMod:FiendishCrimson+1","AdministrixMod:SipOfSparks+1"],"picked":"AdministrixMod:LightOfYourLife","floor":53},{"not_picked":["AdministrixMod:TrickOfTheLight+1","AdministrixMod:SipOfSparks+1","AdministrixMod:Transition+1"],"picked":"SKIP","floor":55},{"not_picked":["AdministrixMod:TrickOfTheLight+1","AdministrixMod:SipOfSparks+1","AdministrixMod:Transition+1"],"picked":"SKIP","floor":55},{"not_picked":["AdministrixMod:FaithfulFlames+1","AdministrixMod:TrickOfTheLight+1","AdministrixMod:RegentEdict"],"picked":"SKIP","floor":57},{"not_picked":["AdministrixMod:BloodlessSapphire+1","AdministrixMod:ExtolVirtue+1","AdministrixMod:LightOfYourLife"],"picked":"SKIP","floor":58},{"not_picked":["AdministrixMod:MixOfMercury+1","AdministrixMod:PassageOfAges+1","AdministrixMod:UnstableVigor+1"],"picked":"SKIP","floor":59},{"not_picked":["AdministrixMod:ImmortalPurity","AdministrixMod:Metempsychosis+1","AdministrixMod:QuietConspiracy+1"],"picked":"SKIP","floor":60},{"not_picked":["AdministrixMod:RegentEdict+1","AdministrixMod:PlateOfAntiquity+1","AdministrixMod:TrickOfTheLight"],"picked":"SKIP","floor":67}],"player_experience":658326,"relics_obtained":[{"floor":2.0,"key":"Frozen Egg 2"},{"floor":7.0,"key":"White Beast Statue"},{"floor":9.0,"key":"Bird Faced Urn"},{"floor":10.0,"key":"Pocketwatch"},{"floor":14,"key":"Incense Burner"},{"floor":27,"key":"Oddly Smooth Stone"},{"floor":35,"key":"InkBottle"},{"floor":50,"key":"Bag of Preparation"},{"floor":53,"key":"AdministrixMod:AbandonedRose"},{"floor":54,"key":"Blue Candle"},{"floor":55,"key":"Happy Flower"},{"floor":58,"key":"War Paint"},{"floor":67,"key":"Vajra"}],"event_choices":[],"is_beta":false,"boss_relics":[{"not_picked":["Runic Dome","Snecko Eye"],"picked":"Cursed Key"},{"not_picked":["Calling Bell","Philosopher\u0027s Stone"],"picked":"Coffee Dripper"}],"items_purged_floors":[3,15,25,29,47,51,66],"is_endless":false,"potions_floor_spawned":[2,9,11,14,16,18,20,22,23,26,27,33,35,37,39,41,43,45,46,48,49,50,53,55,57,58,59,60,67],"ascension_level":1}}