{"host":"50qwps766cbz6ukm","time":1611858541,"event":{"mods":["BaseMod","Colored Map","Colored Powertips","DeckTracker","Highlight Path","Minty Spire (QoL Compilation)","Quick Restart","Remove Card Discount Mod","StSLib","SuperFastMode","Synergy Search"],"gold_per_floor":[118,118,118,118,139,139,172,172,172,29,43,56,56,81,81,202,202,217,217,217,217,242,267,267,290,590,242,262,280,280,127,127,247,247,266,1265,1284,806,806,806,824,824,824,840,840,840,713,746,746,746,746],"floor_reached":50,"language":"ENG","playtime":1616,"items_purged":["Defend_P","Strike_P","Defend_P","Defend_P","Strike_P","Strike_P","Strike_P","Injury","Normality","Normality","Clumsy"],"score":761,"play_id":"2959d199-9c2d-411b-9d41-5f58d14018e2","local_time":"20210128202901","is_ascension_mode":true,"campfire_choices":[{"data":"Eruption","floor":6,"key":"SMITH"},{"data":"EmptyBody","floor":8,"key":"SMITH"},{"data":"LikeWater","floor":15,"key":"SMITH"},{"data":"FlurryOfBlows","floor":24,"key":"SMITH"},{"floor":32,"key":"REST"},{"data":"Alpha","floor":40,"key":"SMITH"},{"floor":42,"key":"DIG"},{"floor":46,"key":"REST"},{"floor":49,"key":"REST"}],"circlet_count":0,"master_deck":["Defend_P+1","Eruption+1","Vigilance+1","EmptyBody+1","Evaluate","Consecrate+1","LikeWater+1","FlurryOfBlows+1","Alpha+1","Adaptation","Prostrate+1","Dramatic Entrance","Consecrate+1"],"relics":["HolyWater","NeowsBlessing","Golden Idol","Gambling Chip","Meat on the Bone","Vajra","Cursed Key","Incense Burner","Old Coin","TheAbacus","Lantern","Shovel","MealTicket","Shuriken","Membership Card","Whetstone","Bronze Scales","Toxic Egg 2","Gremlin Horn","Juzu Bracelet"],"acts_visited":["Exordium","TheCity","TheBeyond"],"potions_floor_usage":[33,44,50],"damage_taken":[{"damage":0,"enemies":"2 Louse","floor":1,"turns":1},{"damage":0,"enemies":"Small Slimes","floor":5,"turns":1},{"damage":0,"enemies":"Gremlin Nob","floor":7,"turns":1},{"damage":0,"enemies":"Jaw Worm","floor":11,"turns":5},{"damage":0,"enemies":"Looter","floor":12,"turns":4},{"damage":4,"enemies":"Gremlin Gang","floor":14,"turns":4},{"damage":15,"enemies":"The Guardian","floor":16,"turns":13},{"damage":15,"enemies":"2 Thieves","floor":18,"turns":3},{"damage":0,"enemies":"Chosen","floor":22,"turns":4},{"damage":8,"enemies":"Snake Plant","floor":23,"turns":4},{"damage":0,"enemies":"Snecko","floor":25,"turns":4},{"damage":0,"enemies":"Cultist and Chosen","floor":28,"turns":4},{"damage":0,"enemies":"Snake Plant","floor":29,"turns":3},{"damage":0,"enemies":"Automaton","floor":33,"turns":6},{"damage":18,"enemies":"3 Darklings","floor":35,"turns":4},{"damage":8,"enemies":"3 Shapes","floor":37,"turns":3},{"damage":6,"enemies":"Writhing Mass","floor":41,"turns":5},{"damage":38,"enemies":"Transient","floor":44,"turns":5},{"damage":49,"enemies":"Reptomancer","floor":48,"turns":6},{"damage":51,"enemies":"Awakened One","floor":50,"turns":3}],"seed_played":"-7840443504908000352","potions_obtained":[{"floor":5,"key":"FearPotion"},{"floor":14,"key":"SteroidPotion"},{"floor":22,"key":"AttackPotion"},{"floor":28,"key":"PowerPotion"},{"floor":35,"key":"Ancient Potion"},{"floor":37,"key":"BlessingOfTheForge"}],"is_trial":false,"path_per_floor":["M","?","?","?","M","R","E","R","T","$","M","M","$","M","R","B",null,"M","?","?","?","M","M","R","M","T","$","M","M","?","$","R","B",null,"M","?","M","$","?","R","M","R","T","M","?","R","$","E","R","B"],"character_chosen":"WATCHER","items_purchased":["Consecrate","LikeWater","Adaptation","TheAbacus","Lantern","MealTicket","Shuriken","Membership Card","Whetstone","Gremlin Horn"],"campfire_rested":3,"item_purchase_floors":[10,10,27,27,27,31,38,38,38,47],"current_hp_per_floor":[65,51,51,48,48,48,48,48,48,48,48,48,48,44,44,41,61,46,46,46,46,46,38,38,38,38,38,38,38,38,38,58,58,65,47,47,39,54,54,54,48,48,48,22,22,42,57,20,40,0,0],"gold":746,"neow_bonus":"THREE_ENEMY_KILL","is_daily":false,"chose_seed":false,"campfire_upgraded":5,"win_rate":0.0,"timestamp":1611858541,"path_taken":["M","?","?","?","M","R","E","R","T","$","M","M","$","M","R","BOSS","M","?","?","?","M","M","R","M","T","$","M","M","?","$","R","BOSS","M","?","M","$","?","R","M","R","T","M","?","R","$","E","R","BOSS"],"items_purchased_type":["Card","Card","Card","Relic","Relic","Relic","Relic","Relic","Relic","Relic"],"build_version":"2020-12-22","purchased_purges":11,"victory":false,"max_hp_per_floor":[72,72,67,67,67,67,67,67,67,67,67,67,67,67,67,67,67,67,67,67,67,67,67,67,67,67,67,67,67,67,67,67,67,67,67,67,67,67,67,67,67,67,67,67,67,67,67,67,67,67,67],"card_choices":[{"not_picked":["CrushJoints","FlyingSleeves"],"picked":"EmptyBody","floor":1},{"not_picked":["WaveOfTheHand","Protect"],"picked":"Evaluate","floor":5},{"not_picked":["Crescendo","BattleHymn"],"picked":"EmptyBody","floor":7},{"not_picked":["Collect","Evaluate","InnerPeace"],"picked":"SKIP","floor":11},{"not_picked":["EmptyMind","Evaluate","BowlingBash"],"picked":"SKIP","floor":12},{"not_picked":["Swivel","BowlingBash"],"picked":"FlurryOfBlows","floor":14},{"not_picked":["Ragnarok","ConjureBlade"],"picked":"Alpha","floor":16},{"not_picked":["SashWhip","InnerPeace","CarveReality+1"],"picked":"SKIP","floor":18},{"not_picked":["CutThroughFate+1","InnerPeace","EmptyBody"],"picked":"SKIP","floor":22},{"not_picked":["CarveReality","SandsOfTime","Halt"],"picked":"SKIP","floor":23},{"not_picked":["SashWhip","Crescendo","Weave+1"],"picked":"SKIP","floor":25},{"not_picked":["Pray","JustLucky","Perseverance+1"],"picked":"SKIP","floor":28},{"not_picked":["Nirvana+1","Indignation","PathToVictory+1"],"picked":"SKIP","floor":29},{"not_picked":["FollowUp","BattleHymn+1","Vengeance+1"],"picked":"SKIP","floor":35},{"not_picked":["BowlingBash","SandsOfTime+1","JustLucky"],"picked":"SKIP","floor":37},{"not_picked":["Evaluate","Protect+1","Halt+1"],"picked":"SKIP","floor":41},{"not_picked":["BowlingBash+1","BattleHymn"],"picked":"Prostrate+1","floor":44},{"not_picked":["Finesse+1","Trip+1"],"picked":"Dramatic Entrance","floor":45},{"not_picked":["Indignation+1","Prostrate+1"],"picked":"Consecrate+1","floor":48}],"player_experience":574627,"relics_obtained":[{"floor":7,"key":"Meat on the Bone"},{"floor":9,"key":"Vajra"},{"floor":26,"key":"Old Coin"},{"floor":42,"key":"Bronze Scales"},{"floor":43,"key":"Toxic Egg 2"},{"floor":48,"key":"Juzu Bracelet"}],"event_choices":[{"damage_healed":0,"gold_gain":0,"player_choice":"Entered Light","damage_taken":14,"max_hp_gain":0,"max_hp_loss":0,"event_name":"Shining Light","floor":2,"gold_loss":0,"cards_upgraded":["Defend_P","Vigilance"]},{"damage_healed":0,"gold_gain":0,"player_choice":"Lose Max HP","damage_taken":0,"relics_obtained":["Golden Idol"],"max_hp_gain":0,"max_hp_loss":5,"event_name":"Golden Idol","floor":3,"gold_loss":0},{"damage_healed":0,"gold_gain":0,"player_choice":"Success","damage_taken":3,"relics_obtained":["Gambling Chip"],"max_hp_gain":0,"max_hp_loss":0,"event_name":"Scrap Ooze","floor":4,"gold_loss":0},{"damage_healed":0,"gold_gain":0,"player_choice":"Ignored","damage_taken":0,"max_hp_gain":0,"max_hp_loss":0,"event_name":"Vampires","floor":19,"gold_loss":0},{"damage_healed":0,"gold_gain":0,"player_choice":"Stole Relic","damage_taken":0,"relics_obtained":["Incense Burner"],"max_hp_gain":0,"max_hp_loss":0,"event_name":"Addict","floor":20,"gold_loss":0,"cards_obtained":["Shame"]},{"cards_removed":["Shame"],"damage_healed":0,"gold_gain":0,"player_choice":"Elegance","damage_taken":0,"max_hp_gain":0,"max_hp_loss":0,"event_name":"Back to Basics","floor":21,"gold_loss":0},{"damage_healed":0,"gold_gain":0,"player_choice":"Opened","damage_taken":0,"relics_obtained":["Shovel"],"max_hp_gain":0,"max_hp_loss":0,"event_name":"The Mausoleum","floor":30,"gold_loss":0},{"damage_healed":0,"gold_gain":999,"player_choice":"Gold","damage_taken":0,"max_hp_gain":0,"max_hp_loss":0,"event_name":"MindBloom","floor":36,"gold_loss":0,"cards_obtained":["Normality","Normality"]},{"cards_removed":["EmptyBody"],"damage_healed":0,"gold_gain":0,"player_choice":"Removed Skill","damage_taken":0,"max_hp_gain":0,"max_hp_loss":0,"event_name":"Falling","floor":39,"gold_loss":0},{"damage_healed":0,"gold_gain":0,"player_choice":"Memory 1","damage_taken":0,"max_hp_gain":0,"max_hp_loss":0,"event_name":"SensoryStone","floor":45,"gold_loss":0}],"is_beta":false,"boss_relics":[{"not_picked":["SacredBark","Philosopher\u0027s Stone"],"picked":"Cursed Key"},{"not_picked":["Velvet Choker","Empty Cage"],"picked":"HolyWater"}],"items_purged_floors":[10,10,10,10,10,10,10,27,38,38,47],"is_endless":false,"potions_floor_spawned":[5,14,22,28,35,37],"killed_by":"Awakened One","ascension_level":7}}