{"host":"8pcehwtvb3b6plng","time":1611820969,"event":{"mods":["BaseMod","Minty Spire (QoL Compilation)","Replay The Spire","StSLib"],"gold_per_floor":[17,32,51,63,138,138,167,180,206,240,240,267,282,282,282,387,387,398,398,414,414],"floor_reached":20,"language":"ZHS","playtime":696,"items_purged":[],"score":290,"play_id":"a0173a3c-c955-44a3-aca4-462f9b841fc6","local_time":"20210128160249","is_ascension_mode":true,"campfire_choices":[{"data":"Bash","floor":6,"key":"SMITH"},{"data":"ReplayTheSpireMod:Limb From Limb","floor":11,"key":"SMITH"},{"data":"Eclipse","floor":15,"key":"SMITH"}],"circlet_count":0,"master_deck":["Defend_R","Defend_R","Defend_R","Bash+1","ReplayTheSpireMod:Limb From Limb+1","Ghostly Armor","Pommel Strike","Clash","Pommel Strike","Headbutt","Eclipse+1","ReplayTheSpireMod:Limb From Limb","Offering","Replay:Undeath\u0027s Touch+1","Bite","Bite","Bite","Bite","Bite","Feel No Pain"],"relics":["Burning Blood","Bronze Scales","Regal Pillow","Pet Ghost","Anchor","ReplayTheSpireMod:DimensionalGlitch"],"acts_visited":["Exordium","TheCity"],"potions_floor_usage":[16],"damage_taken":[{"damage":11,"enemies":"2 Louse","floor":1,"turns":3},{"damage":5,"enemies":"Small Slimes","floor":2,"turns":3},{"damage":12,"enemies":"Jaw Worm","floor":3,"turns":3},{"damage":11,"enemies":"Blue Slaver","floor":4,"turns":4},{"damage":25,"enemies":"Lagavulin","floor":7,"turns":5},{"damage":0,"enemies":"Exordium Wildlife","floor":8,"turns":3},{"damage":2,"enemies":"Gremlin Nob","floor":10,"turns":3},{"damage":25,"enemies":"Lagavulin","floor":12,"turns":4},{"damage":0,"enemies":"Looter","floor":13,"turns":2},{"damage":20,"enemies":"Slime Boss","floor":16,"turns":8},{"damage":9,"enemies":"2 Thieves","floor":18,"turns":2},{"damage":26,"enemies":"3 Byrds","floor":20,"turns":4}],"seed_played":"1411547634716463805","potions_obtained":[{"floor":2,"key":"SkillPotion"},{"floor":3,"key":"SteroidPotion"},{"floor":8,"key":"Toxic Potion"},{"floor":18,"key":"Ancient Potion"}],"is_trial":false,"path_per_floor":["M","M","M","M","?","R","E","M","T","E","R","E","M","?","R","B",null,"M","?","M"],"character_chosen":"IRONCLAD","items_purchased":[],"campfire_rested":0,"item_purchase_floors":[],"current_hp_per_floor":[67,68,62,57,46,46,27,33,33,37,37,18,24,24,24,10,63,57,56,38,38],"gold":414,"neow_bonus":"REMOVE_TWO","is_daily":false,"chose_seed":false,"campfire_upgraded":3,"win_rate":0.0,"timestamp":1611820969,"path_taken":["M","M","M","M","?","R","E","M","T","E","R","E","M","?","R","BOSS","M","?","M"],"items_purchased_type":[],"build_version":"2020-12-22","purchased_purges":0,"victory":false,"max_hp_per_floor":[80,80,80,80,80,80,80,80,80,80,80,80,80,80,80,80,80,80,56,56,56],"card_choices":[{"not_picked":["Clothesline","Pummel"],"picked":"ReplayTheSpireMod:Limb From Limb","floor":1},{"not_picked":["Heavy Blade","Clash"],"picked":"Ghostly Armor","floor":2},{"not_picked":["Body Slam","Massacre"],"picked":"Pommel Strike","floor":3},{"not_picked":["Exhume","Hemokinesis","Perfected Strike"],"picked":"SKIP","floor":4},{"not_picked":["Combust","Exhume"],"picked":"Clash","floor":7},{"not_picked":["ReplayTheSpireMod:Strike From Hell","Warcry"],"picked":"Pommel Strike","floor":8},{"not_picked":["ReplayTheSpireMod:Strike From Hell","Run Through"],"picked":"Headbutt","floor":10},{"not_picked":["Cleave","Body Slam"],"picked":"Eclipse","floor":12},{"not_picked":["True Grit","Clash"],"picked":"ReplayTheSpireMod:Limb From Limb","floor":13},{"not_picked":["Immolate","Exhume"],"picked":"Offering","floor":16},{"not_picked":["True Grit","Infernal Blade+1"],"picked":"Replay:Undeath\u0027s Touch+1","floor":18},{"not_picked":["Clothesline","ReplayTheSpireMod:Strike From Hell"],"picked":"Feel No Pain","floor":20}],"player_experience":156769,"relics_obtained":[{"floor":7,"key":"Bronze Scales"},{"floor":9,"key":"Regal Pillow"},{"floor":10,"key":"Pet Ghost"},{"floor":12,"key":"Anchor"}],"event_choices":[{"damage_healed":0,"gold_gain":75,"player_choice":"Gather Gold","damage_taken":11,"max_hp_gain":0,"max_hp_loss":0,"event_name":"World of Goop","floor":5,"gold_loss":0},{"damage_healed":0,"gold_gain":0,"player_choice":"Ignored","damage_taken":0,"max_hp_gain":0,"max_hp_loss":0,"event_name":"Liars Game","floor":14,"gold_loss":0},{"damage_healed":0,"gold_gain":0,"player_choice":"Became a vampire","damage_taken":0,"max_hp_gain":0,"max_hp_loss":24,"event_name":"Vampires","floor":19,"gold_loss":0,"cards_obtained":["Bite","Bite","Bite","Bite","Bite"]}],"is_beta":false,"boss_relics":[{"not_picked":["Coffee Dripper","Painkiller Herb"],"picked":"ReplayTheSpireMod:DimensionalGlitch"}],"items_purged_floors":[],"is_endless":false,"potions_floor_spawned":[2,3,8,12,18,20],"killed_by":"3 Byrds","ascension_level":7}}