{"host":"lzlnscgb2n0l5w2m","time":1611794665,"event":{"mods":["AchievementEnabler","BaseMod","Block Reminder","Colored Powertips","Googly Eyes","Highlight Path","Minty Spire (QoL Compilation)","Permanent Neow","Relic Stats","StSLib"],"gold_per_floor":[364,364,101,122,136,136,469,469,469,469,469],"floor_reached":10,"language":"ZHT","playtime":635,"items_purged":["Strike_G"],"score":83,"play_id":"6cf73bdc-34c1-4ab4-8a31-20d15c0c7d1d","local_time":"20210128084425","is_ascension_mode":true,"campfire_choices":[{"data":"Neutralize","floor":8,"key":"SMITH"}],"circlet_count":0,"master_deck":["Strike_G","Strike_G","Strike_G","Strike_G","Defend_G","Defend_G","Defend_G","Defend_G","Defend_G","Survivor","Neutralize+1","Choke","Footwork","Backflip","Cloak And Dagger","Burst"],"relics":["Ring of the Snake","Golden Idol","Omamori","Old Coin","Singing Bowl"],"acts_visited":["Exordium"],"potions_floor_usage":[7,10],"damage_taken":[{"damage":0,"enemies":"Small Slimes","floor":1,"turns":4},{"damage":7,"enemies":"Jaw Worm","floor":4,"turns":4},{"damage":0,"enemies":"2 Louse","floor":5,"turns":2},{"damage":19,"enemies":"3 Sentries","floor":7,"turns":12},{"damage":46,"enemies":"Gremlin Nob","floor":10,"turns":4}],"seed_played":"-564336124704729869","potions_obtained":[{"floor":4,"key":"DistilledChaos"},{"floor":5,"key":"SpeedPotion"},{"floor":7,"key":"Swift Potion"}],"is_trial":false,"path_per_floor":["M","?","$","M","M","?","E","R","T","E"],"character_chosen":"THE_SILENT","items_purchased":["Footwork","Omamori"],"campfire_rested":0,"item_purchase_floors":[3,3],"current_hp_per_floor":[63,48,48,41,41,46,27,27,27,0,0],"gold":469,"neow_bonus":"TWO_FIFTY_GOLD","is_daily":false,"chose_seed":false,"campfire_upgraded":1,"win_rate":0.0,"timestamp":1611794665,"path_taken":["M","?","$","M","M","?","E","R","T","E"],"items_purchased_type":["Card","Relic"],"build_version":"2020-12-22","purchased_purges":1,"victory":false,"max_hp_per_floor":[63,63,63,63,63,68,68,68,68,68,68],"relic_stats":{"Singing Bowl":0,"counters":[5,26],"Golden Idol":14,"obtain_stats":[{"Singing Bowl":9,"Golden Idol":2,"Omamori":3,"Ring of the Snake":0,"Old Coin":7},{"Singing Bowl":4,"Golden Idol":1,"Omamori":1,"Ring of the Snake":0,"Old Coin":4},{"Singing Bowl":22,"Golden Idol":4,"Omamori":4,"Ring of the Snake":0,"Old Coin":22}],"Ring of the Snake":[10]},"card_choices":[{"not_picked":["Flying Knee","Quick Slash"],"picked":"Choke","floor":1},{"not_picked":["Blade Dance","Distraction"],"picked":"Backflip","floor":4},{"not_picked":["Prepared","Expertise"],"picked":"Cloak And Dagger","floor":5},{"not_picked":["Cloak And Dagger","Dagger Throw"],"picked":"Burst","floor":7}],"player_experience":256950,"relics_obtained":[{"floor":7,"key":"Old Coin"},{"floor":9,"key":"Singing Bowl"}],"event_choices":[{"damage_healed":0,"gold_gain":0,"player_choice":"Take Damage","damage_taken":15,"relics_obtained":["Golden Idol"],"max_hp_gain":0,"max_hp_loss":0,"event_name":"Golden Idol","floor":2,"gold_loss":0},{"damage_healed":0,"gold_gain":0,"player_choice":"Donut","damage_taken":0,"max_hp_gain":5,"max_hp_loss":0,"event_name":"Big Fish","floor":6,"gold_loss":0}],"is_beta":false,"boss_relics":[],"items_purged_floors":[3],"is_endless":false,"potions_floor_spawned":[4,5,7],"killed_by":"Gremlin Nob","ascension_level":5}}