{"host":"9slw7l0ws16384qq","time":1611866371,"event":{"mods":["A Penny For Your Troubles","BaseMod","Colored Map","Downfall","Evolution","Hubris","Lobotomy","Minty Spire (QoL Compilation)","Replay The Spire","StS++","StSLib"],"gold_per_floor":[99,113,126,126,126,126,126,126,157,157,167,183,202,215,227,330,330,330,244,244,244,257,273,298,311,338,338,366,386,216,230,248,348,348,348,359,241,241,291,291,291,291,301,40,60,77,77,77,88,88,88,88],"floor_reached":50,"language":"FRA","playtime":2949,"items_purged":[],"score":543,"play_id":"57fa8507-269a-47c1-802b-1d33fa7e9608","local_time":"20210128213931","is_ascension_mode":false,"campfire_choices":[{"data":"Slimebound:Defend_Slimebound","floor":1.0,"key":"PURGE"},{"data":"Slimebound:Split","floor":6.0,"key":"SMITH"},{"data":"Slimebound:CorrosiveSpit","floor":8.0,"key":"SMITH"},{"data":"Slimebound:SplitLeeching","floor":10.0,"key":"SMITH"},{"data":"Slimebound:DuplicatedForm","floor":18.0,"key":"SMITH"},{"data":"Slimebound:SplitLeeching","floor":27,"key":"SMITH"},{"data":"Slimebound:Schlurp","floor":35,"key":"SMITH"},{"data":"Slimebound:Defend_Slimebound","floor":40,"key":"SMITH"},{"data":"Slimebound:Defend_Slimebound","floor":40,"key":"SMITH"},{"data":"Slimebound:LeechingTouch","floor":42,"key":"SMITH"},{"data":"Slimebound:LeechingTouch","floor":42,"key":"SMITH"},{"data":"Slimebound:Tackle","floor":47,"key":"SMITH"},{"data":"Slimebound:Strike_Slimebound","floor":47,"key":"SMITH"}],"circlet_count":0,"master_deck":["Slimebound:LeechingTouch+1","Slimebound:LeechingTouch+1","Slimebound:Strike_Slimebound+1","Slimebound:Tackle+1","Slimebound:Defend_Slimebound+1","Slimebound:Defend_Slimebound+1","Slimebound:Defend_Slimebound+1","Slimebound:Split+1","Slimebound:CorrosiveSpit+1","Slimebound:DuplicatedForm+1","Slimebound:SplitLeeching+1","Slimebound:SplitLeeching+1","Slimebound:RallyTheTroops+1","Slimebound:Schlurp+1","Slimebound:Repurpose+1","Slimebound:OneTwoCombo+1","Slimebound:SplitLeeching+1","Slimebound:MegaLick+1","Slimebound:LevelUp+1","Slimebound:FormOfPuddle+1","Slimebound:MinionMaster+1","Slimebound:SplitLeeching+1","Slimebound:SamplingLick+1","Slimebound:SplitLeeching+1","Slimebound:SplitLeeching+1","Slimebound:FormOfPuddle+1"],"relics":["Slimebound:AbsorbEndCombat","EVO:Axolotl","Golden Egg","Omamori","Replay:Ancient Bell","Bag of Marbles","Kunai","FossilizedHelix","War Paint","Replay:Rubber Ducky","Toxic Egg 2","Medical Kit","Replay:Arrowhead","hubris:TinFlute","Shuriken","hubris:Towel"],"acts_visited":["Exordium","TheCity","TheBeyond"],"potions_floor_usage":[22,33,50,50,50],"damage_taken":[{"damage":8.0,"enemies":"2 Louse","floor":2.0,"turns":3.0},{"damage":5.0,"enemies":"Jaw Worm","floor":3.0,"turns":3.0},{"damage":7.0,"enemies":"3 Sentries","floor":9.0,"turns":12.0},{"damage":0.0,"enemies":"Cultist","floor":11.0,"turns":3.0},{"damage":7.0,"enemies":"Gremlin Gang","floor":12.0,"turns":5.0},{"damage":0.0,"enemies":"Blue Slaver","floor":13.0,"turns":4.0},{"damage":0.0,"enemies":"Red Slaver","floor":14.0,"turns":4.0},{"damage":7.0,"enemies":"Exordium Thugs","floor":15.0,"turns":5.0},{"damage":40.0,"enemies":"SI_SHIV_ARCHETYPE","floor":16.0,"turns":8.0},{"damage":0.0,"enemies":"Shell Parasite","floor":19.0,"turns":4.0},{"damage":6,"enemies":"Snake Plant","floor":22,"turns":5},{"damage":2,"enemies":"Sentry and Sphere","floor":23,"turns":6},{"damage":0,"enemies":"Shelled Parasite and Fungi","floor":25,"turns":4},{"damage":7,"enemies":"Book of Stabbing","floor":28,"turns":6},{"damage":0,"enemies":"Snake Plant","floor":29,"turns":3},{"damage":0,"enemies":"downfall:FleeingMerchant","floor":30,"turns":4},{"damage":10,"enemies":"Chosen and Byrds","floor":31,"turns":6},{"damage":0,"enemies":"Centurion and Healer","floor":32,"turns":5},{"damage":0,"enemies":"WA_ARCHETYPE_CALM","floor":33,"turns":8},{"damage":0,"enemies":"Orb Walker","floor":36,"turns":5},{"damage":0,"enemies":"downfall:FleeingMerchant","floor":37,"turns":4},{"damage":0,"enemies":"downfall:FleeingMerchant","floor":39,"turns":5},{"damage":0,"enemies":"3 Shapes","floor":43,"turns":5},{"damage":0,"enemies":"downfall:FleeingMerchant","floor":44,"turns":4},{"damage":0,"enemies":"Sphere and 2 Shapes","floor":45,"turns":7},{"damage":0,"enemies":"Spire Growth","floor":46,"turns":5},{"damage":0,"enemies":"Writhing Mass","floor":49,"turns":7},{"damage":67,"enemies":"DF_ARCHETYPE_ORBS","floor":50,"turns":8}],"seed_played":"478426338295648754","potions_obtained":[{"floor":2.0,"key":"hexamod:SoulburnPotion"},{"floor":3.0,"key":"SteroidPotion"},{"floor":13.0,"key":"ColorlessPotion"},{"floor":15.0,"key":"Fire Potion"},{"floor":21.0,"key":"Block Potion"},{"floor":31,"key":"StSpp:SecondWindPotion"},{"floor":33,"key":"SteroidPotion"}],"is_trial":false,"path_per_floor":["R_BF","M","M","?","?","R","T","R","E","R","M","M","M","M","M","B",null,"R_BF","M","?","?","M","M","T","M","T","R","E","M","$","M","M","B",null,"R","M","$","?","?","R","T","R","M","$","M","M","R","?","M","B"],"character_chosen":"SLIMEBOUND","items_purchased":["Medical Kit","Slimebound:SplitLeeching+1","SteroidPotion","Shuriken"],"campfire_rested":0,"item_purchase_floors":[30,37,37,44],"current_hp_per_floor":[65,59,58,58,58,58,58,58,55,55,59,58,64,65,64,44,65,65,65,54,54,54,58,58,62,62,62,61,63,67,61,69,70,70,70,70,70,70,70,70,70,70,70,70,70,70,70,70,70,0,0,0],"gold":88,"neow_bonus":"ONE_RANDOM_RARE_CARD","is_daily":false,"chose_seed":false,"campfire_upgraded":12,"win_rate":0.0,"timestamp":1611866371,"path_taken":["R_BF","M","M","?","?","R","T","R","E","R","?","M","M","?","M","BOSS","R_BF","M","?","?","?","M","T","M","?","R","E","M","?","M","M","BOSS","R","M","?","?","?","R","T","R","M","?","M","M","R","?","M","BOSS"],"items_purchased_type":["Relic","Card","Potion","Relic"],"build_version":"2020-12-22","purchased_purges":0,"victory":false,"max_hp_per_floor":[65,65,65,65,65,65,65,65,65,65,65,65,65,65,65,65,65,65,65,70,70,70,70,70,70,70,70,70,70,70,70,70,70,70,70,70,70,70,70,70,70,70,70,70,70,70,70,70,70,70,70,70],"card_choices":[{"not_picked":["Slimebound:Dissolve","Slimebound:FinishingTackle","Slimebound:RollThrough"],"picked":"SKIP","floor":2.0},{"not_picked":["Slimebound:GoopTackle","Slimebound:ForwardTackle"],"picked":"Slimebound:SplitLeeching","floor":3.0},{"not_picked":["Slimebound:FirmFortitude","Slimebound:GoopSpray","Slimebound:ItLooksTasty"],"picked":"SKIP","floor":9.0},{"not_picked":["Slimebound:SplitMire","Slimebound:Equalize","Slimebound:GoopTackle"],"picked":"SKIP","floor":11.0},{"not_picked":["Slimebound:SplitMire","Slimebound:Equalize","Slimebound:GoopTackle"],"picked":"SKIP","floor":11.0},{"not_picked":["Slimebound:LeechEnergy","Slimebound:GrowthPunch","Slimebound:Grow"],"picked":"SKIP","floor":12.0},{"not_picked":["Slimebound:DivideAndConquer","Slimebound:HauntingLick"],"picked":"Slimebound:RallyTheTroops","floor":13.0},{"not_picked":["Slimebound:Gluttony","Slimebound:HungryTackle"],"picked":"Slimebound:Schlurp","floor":14.0},{"not_picked":["Slimebound:SplitBruiser","Slimebound:PressTheAttack"],"picked":"Slimebound:Repurpose","floor":15.0},{"not_picked":["Slimebound:TagTeam","Slimebound:DouseInSlime"],"picked":"Slimebound:OneTwoCombo","floor":16.0},{"not_picked":["hubris:Greed","Hallucinations"],"picked":"ReplayTheSpireMod:IOU","floor":17.0},{"not_picked":["hubris:Greed","hubris:Compulsion"],"picked":"downfall:Malfunctioning","floor":17.0},{"not_picked":["ReplayTheSpireMod:Doomed","Delirium"],"picked":"ReplayTheSpireMod:IOU","floor":17.0},{"not_picked":["Slimebound:Replication","Slimebound:SplitMire"],"picked":"Slimebound:SplitLeeching","floor":19.0},{"not_picked":["Slimebound:Replication","Slimebound:SplitMire","Slimebound:Chomp+1"],"picked":"SKIP","floor":22},{"not_picked":["Slimebound:HauntingLick","Slimebound:SplitMire+1","Slimebound:FinishingTackle"],"picked":"SKIP","floor":23},{"not_picked":["Slimebound:SlimeBrawl","Slimebound:ViciousTackle","Slimebound:FinishingTackle"],"picked":"SKIP","floor":25},{"not_picked":["Slimebound:GrowthPunch","Slimebound:LeechEnergy+1"],"picked":"Slimebound:MegaLick+1","floor":28},{"not_picked":["Slimebound:GoopTackle","Slimebound:RejuvenatingLick+1","Slimebound:Prepare+1"],"picked":"SKIP","floor":29},{"not_picked":["Slimebound:DuplicatedForm","Slimebound:ProtectTheBoss+1"],"picked":"Slimebound:LevelUp","floor":30},{"not_picked":["Slimebound:ComboTackle","Slimebound:PressTheAttack","Slimebound:SplitBruiser+1"],"picked":"SKIP","floor":31},{"not_picked":["Slimebound:FormOfPuddle+1","Slimebound:GrowthPunch","Slimebound:ComboTackle"],"picked":"SKIP","floor":32},{"not_picked":["Slimebound:GrowthPunch","Slimebound:ComboTackle"],"picked":"Slimebound:FormOfPuddle+1","floor":32},{"not_picked":["Slimebound:Recycling","Slimebound:SelfFormingGoo"],"picked":"Slimebound:MinionMaster","floor":33},{"not_picked":["Slimebound:DivideAndConquer+1","Slimebound:SplitMire+1"],"picked":"Slimebound:SplitLeeching+1","floor":36},{"not_picked":["Slimebound:ItLooksTasty+1","Slimebound:SlimeBarrage"],"picked":"Slimebound:SamplingLick+1","floor":37},{"not_picked":["Slimebound:SlimeBrawl+1","Slimebound:SplitAcid+1"],"picked":"Slimebound:SplitLeeching+1","floor":43},{"not_picked":["Slimebound:RollThrough+1","Slimebound:ViciousTackle+1","Slimebound:HungryTackle"],"picked":"SKIP","floor":44},{"not_picked":["Slimebound:GoopTackle","Slimebound:Chomp","Slimebound:SlimeBarrage+1"],"picked":"SKIP","floor":45},{"not_picked":["Slimebound:PressTheAttack+1","Slimebound:LeechingTouch+1","Slimebound:SlimeBrawl+1"],"picked":"SKIP","floor":46},{"not_picked":["Slimebound:RainOfGoop+1","Slimebound:PressTheAttack"],"picked":"Slimebound:FormOfPuddle+1","floor":49}],"player_experience":1514714,"relics_obtained":[{"floor":7.0,"key":"Golden Egg"},{"floor":9.0,"key":"Omamori"},{"floor":24,"key":"War Paint"},{"floor":26,"key":"Replay:Rubber Ducky"},{"floor":28,"key":"Toxic Egg 2"},{"floor":39,"key":"Replay:Arrowhead"},{"floor":41,"key":"hubris:TinFlute"}],"event_choices":[{"damage_healed":0.0,"max_hp_gain":0.0,"max_hp_loss":0.0,"gold_gain":0.0,"event_name":"Lab","player_choice":"Got Potions","floor":21.0,"gold_loss":0.0,"damage_taken":0.0}],"is_beta":false,"boss_relics":[{"not_picked":["Velvet Choker","SacredBark"],"picked":"Replay:Ancient Bell"},{"not_picked":["Oddly Smooth Stone","hubris:OldNail"],"picked":"Bag of Marbles"},{"not_picked":["hubris:Reverence","Eternal Feather"],"picked":"Kunai"},{"not_picked":["Torii","StoneCalendar"],"picked":"FossilizedHelix"},{"not_picked":["StSpp:PileOfSugar","hubris:GrandSneckoEye","Pandora\u0027s Box"]}],"items_purged_floors":[],"is_endless":false,"potions_floor_spawned":[2,3,13,15,19,29,31,33,39,43,49],"killed_by":"DF_ARCHETYPE_ORBS","ascension_level":0}}