{"host":"ijtzdp8x8o2bpzki","time":1611862122,"event":{"mods":["AchievementEnabler","BaseMod","Colored Map","Colored Powertips","DeckTracker","Lobotomy","LobotomyExtend","Minty Spire (QoL Compilation)"],"gold_per_floor":[110,110,110,110,121,121,121],"floor_reached":6,"language":"ENG","playtime":441,"items_purged":[],"score":34,"play_id":"f68dfe46-c58c-4a36-9088-6433d8fbc826","local_time":"20210128222842","is_ascension_mode":false,"campfire_choices":[],"circlet_count":0,"master_deck":["Strike_R","Strike_R","Strike_R","Strike_R","Strike_R","Defend_R","Defend_R","Defend_R","Defend_R","Bash","Rampage","CrumblingArmor","Cleave","Bloodbath","Twin Strike","DespairKnight","Rage"],"relics":["Burning Blood","CogitoBucket","LetterFromLob"],"acts_visited":["Exordium"],"potions_floor_usage":[6],"damage_taken":[{"damage":6,"enemies":"Jaw Worm","floor":1,"turns":4},{"damage":6,"enemies":"Small Slimes","floor":3,"turns":4},{"damage":11,"enemies":"2 Louse","floor":4,"turns":3},{"damage":54,"enemies":"Gremlin Gang","floor":5,"turns":7},{"damage":31,"enemies":"Gremlin Nob","floor":6,"turns":3}],"seed_played":"-1709317453509659057","potions_obtained":[{"floor":5,"key":"BlessingOfTheForge"}],"is_trial":false,"path_per_floor":["M","?","M","M","M","E"],"character_chosen":"IRONCLAD","items_purchased":[],"campfire_rested":0,"item_purchase_floors":[],"current_hp_per_floor":[80,80,80,75,30,0,0],"gold":121,"neow_bonus":"","is_daily":false,"chose_seed":false,"campfire_upgraded":0,"win_rate":0.0,"timestamp":1611862122,"path_taken":["M","?","M","M","M","E"],"items_purchased_type":[],"build_version":"2020-12-22","purchased_purges":0,"victory":false,"max_hp_per_floor":[80,80,80,80,80,80,80],"card_choices":[{"not_picked":["MeatLantern","Wellcheers"],"picked":"BodiesMountain","floor":1},{"not_picked":["Havoc","Clothesline"],"picked":"Rampage","floor":1},{"not_picked":["MHz","FairyFestival"],"picked":"CrumblingArmor","floor":3},{"not_picked":["Sword Boomerang","Flex"],"picked":"Cleave","floor":3},{"not_picked":["Rudolta","Murderer"],"picked":"Bloodbath","floor":4},{"not_picked":["Perfected Strike","Headbutt"],"picked":"Twin Strike","floor":4},{"not_picked":["Wellcheers","Scarecrow"],"picked":"DespairKnight","floor":5},{"not_picked":["Cleave","Thunderclap"],"picked":"Rage","floor":5}],"player_experience":90453,"relics_obtained":[{"floor":1,"key":"LetterFromLob"}],"event_choices":[],"is_beta":false,"boss_relics":[],"items_purged_floors":[],"is_endless":false,"potions_floor_spawned":[5],"killed_by":"Gremlin Nob","ascension_level":0}}