{"host":"o7j6aatxjwpw1421","time":1611846222,"event":{"mods":["2.2 Compatiblity","AchievementEnabler","BaseMod","Colored Map","DeckTracker","Highlight Path","Keyboard Shortcuts","Minty Spire (QoL Compilation)","Permanent Neow","Quick Restart","StSLib","SuperFastMode","everything is the same but u backflip on backflip"],"gold_per_floor":[118,118,134,145,145,145,220,248,302,316,316,148,168,118,118,213,213,224,240,111,130,42,42,42],"floor_reached":23,"language":"KOR","playtime":1141,"items_purged":["Strike_B","Defend_B","Strike_B","Strike_B"],"score":229,"play_id":"c010afc9-22f4-4af1-bd7e-d1f65eff89c1","local_time":"20210129000342","is_ascension_mode":true,"campfire_choices":[{"data":"Sweeping Beam","floor":6,"key":"SMITH"},{"data":"Zap","floor":11,"key":"SMITH"},{"data":"Thunder Strike","floor":15,"key":"SMITH"}],"circlet_count":0,"master_deck":["Defend_B","Defend_B","Defend_B","Zap+1","Dualcast","Double Energy","Sweeping Beam+1","Chill","Thunder Strike+1","Tempest","Capacitor","Glacier","Creative AI","Ball Lightning","Undo+1","Defragment","Rainbow","Self Repair"],"relics":["Cracked Core","Omamori","Smiling Mask","Cursed Key"],"acts_visited":["Exordium","TheCity"],"potions_floor_usage":[16,18,18,23,23,23],"damage_taken":[{"damage":1,"enemies":"2 Louse","floor":1,"turns":3},{"damage":0,"enemies":"Jaw Worm","floor":3,"turns":3},{"damage":0,"enemies":"Small Slimes","floor":4,"turns":2},{"damage":24,"enemies":"3 Sentries","floor":8,"turns":8},{"damage":1,"enemies":"3 Louse","floor":10,"turns":2},{"damage":3,"enemies":"2 Fungi Beasts","floor":13,"turns":3},{"damage":11,"enemies":"The Guardian","floor":16,"turns":9},{"damage":14,"enemies":"2 Thieves","floor":18,"turns":3},{"damage":22,"enemies":"3 Byrds","floor":19,"turns":5},{"damage":14,"enemies":"Snecko","floor":21,"turns":6},{"damage":21,"enemies":"Slavers","floor":23,"turns":4}],"seed_played":"8706887220340511686","potions_obtained":[{"floor":1,"key":"AttackPotion"},{"floor":8,"key":"AttackPotion"},{"floor":10,"key":"DistilledChaos"},{"floor":16,"key":"AttackPotion"},{"floor":19,"key":"Dexterity Potion"},{"floor":21,"key":"Fire Potion"}],"is_trial":false,"path_per_floor":["M","?","M","M","?","R","?","E","T","M","R","$","M","$","R","B",null,"M","M","$","M","$","E"],"character_chosen":"DEFECT","items_purchased":["Tempest","Capacitor","Defragment","Self Repair"],"campfire_rested":0,"item_purchase_floors":[12,12,20,22],"current_hp_per_floor":[74,79,79,79,79,79,68,44,44,43,43,43,40,40,40,29,80,66,44,44,30,30,9,9],"gold":42,"neow_bonus":"REMOVE_CARD","is_daily":false,"chose_seed":false,"campfire_upgraded":3,"win_rate":0.0,"timestamp":1611846222,"path_taken":["M","?","M","M","?","R","?","E","T","M","R","$","?","$","R","BOSS","M","M","$","M","$","E"],"items_purchased_type":["Card","Card","Card","Card"],"build_version":"2020-12-22","purchased_purges":4,"victory":false,"max_hp_per_floor":[75,80,80,80,80,80,80,80,80,80,80,80,80,80,80,80,80,80,80,80,80,80,80,80],"card_choices":[{"not_picked":["Coolheaded","Redo"],"picked":"Double Energy","floor":1},{"not_picked":["Chaos","Stack"],"picked":"Sweeping Beam","floor":3},{"not_picked":["Rebound","Gash"],"picked":"Chill","floor":4},{"not_picked":["Go for the Eyes","Coolheaded"],"picked":"Thunder Strike","floor":8},{"not_picked":["Chill","Reprogram","Leap"],"picked":"SKIP","floor":10},{"not_picked":["Sweeping Beam","Hologram"],"picked":"Glacier","floor":13},{"not_picked":["Reboot","Core Surge"],"picked":"Creative AI","floor":16},{"not_picked":["Beam Cell","Cold Snap"],"picked":"Ball Lightning","floor":18},{"not_picked":["Sweeping Beam+1","Rebound"],"picked":"Undo+1","floor":19},{"not_picked":["Gash","Sweeping Beam"],"picked":"Rainbow","floor":21}],"player_experience":637499,"relics_obtained":[{"floor":8,"key":"Omamori"},{"floor":9,"key":"Smiling Mask"}],"event_choices":[{"damage_healed":0,"gold_gain":0,"player_choice":"Donut","damage_taken":0,"max_hp_gain":5,"max_hp_loss":0,"event_name":"Big Fish","floor":2,"gold_loss":0},{"damage_healed":0,"gold_gain":0,"player_choice":"Ignored","damage_taken":0,"max_hp_gain":0,"max_hp_loss":0,"event_name":"Liars Game","floor":5,"gold_loss":0},{"damage_healed":0,"gold_gain":75,"player_choice":"Gather Gold","damage_taken":11,"max_hp_gain":0,"max_hp_loss":0,"event_name":"World of Goop","floor":7,"gold_loss":0}],"is_beta":false,"boss_relics":[{"not_picked":["Black Star","Philosopher\u0027s Stone"],"picked":"Cursed Key"}],"items_purged_floors":[12,14,20,22],"is_endless":false,"potions_floor_spawned":[1,8,10,16,19,21],"killed_by":"Slavers","ascension_level":4}}