{"host":"0ueeacaatm8t6jyh","time":1611821754,"event":{"mods":["AchievementEnabler","BaseMod","Colored Powertips","Minty Spire (QoL Compilation)","Quick Restart","Rare Cards Sparkle","Shop Mod","StSLib"],"gold_per_floor":[118,118,137,62,79,79,79,79,120,120,120,135,135,4,27,57,96,96,111,111,111,206,206,224,224,274,289,304,304,340,12,12,36,60,109,156,156,187,112,58,94,109,109,205,205,223,247,580,309,328,328,328,360,407,407,0,0,0,0,18,18,18],"floor_reached":63,"language":"ZHS","playtime":2095,"items_purged":["Defend_P","Writhe","Strike_P+1"],"score":1619,"play_id":"731c15c0-225c-4bac-8e54-d29138053d07","local_time":"20210128161554","is_ascension_mode":true,"campfire_choices":[{"floor":8.0,"key":"REST"},{"floor":10.0,"key":"REST"},{"floor":18.0,"key":"REST"},{"floor":20.0,"key":"REST"},{"data":"Eruption","floor":21.0,"key":"SMITH"},{"floor":32.0,"key":"REST"},{"floor":43,"key":"REST"},{"floor":51,"key":"REST"},{"floor":57,"key":"REST"},{"floor":59,"key":"REST"},{"floor":61,"key":"REST"}],"circlet_count":0,"master_deck":["AscendersBane","Strike_P+1","Defend_P+1","Defend_P+1","Eruption+1","Vigilance+1","LessonLearned+1","Prostrate+1","InnerPeace+1","Adaptation+1","Ragnarok+1","FearNoEvil+1","Prostrate+1","Wallop+1","Tantrum+1","Clumsy","Clumsy","CutThroughFate+1","Indignation+1","Vault+1","Halt+1","Clumsy","Clumsy","WheelKick+1","Adaptation+1"],"relics":["PureWater","Letter Opener","Matryoshka","Singing Bowl","Whetstone","Gremlin Horn","Cursed Key","Centennial Puzzle","Dream Catcher","PreservedInsect","Mercury Hourglass","War Paint","Akabeko","Molten Egg 2","Bottled Lightning","Bottled Flame","VioletLotus","Bag of Marbles","Happy Flower","Toy Ornithopter","TeardropLocket","Red Mask"],"acts_visited":["Exordium","TheCity","TheBeyond"],"potions_floor_usage":[34,41,41,44,62,62],"damage_taken":[{"damage":0.0,"enemies":"Small Slimes","floor":1.0,"turns":3.0},{"damage":0.0,"enemies":"2 Louse","floor":3.0,"turns":3.0},{"damage":4.0,"enemies":"Jaw Worm","floor":5.0,"turns":4.0},{"damage":26.0,"enemies":"Gremlin Nob","floor":9.0,"turns":5.0},{"damage":3.0,"enemies":"Looter","floor":12.0,"turns":4.0},{"damage":4.0,"enemies":"Lots of Slimes","floor":15.0,"turns":4.0},{"damage":4.0,"enemies":"Lagavulin","floor":17.0,"turns":5.0},{"damage":0.0,"enemies":"Exordium Wildlife","floor":19.0,"turns":1.0},{"damage":22.0,"enemies":"Hexaghost","floor":22.0,"turns":9.0},{"damage":0.0,"enemies":"Chosen","floor":24.0,"turns":4.0},{"damage":6.0,"enemies":"3 Byrds","floor":27.0,"turns":2.0},{"damage":12.0,"enemies":"Cultist and Chosen","floor":28.0,"turns":4.0},{"damage":1.0,"enemies":"Book of Stabbing","floor":30.0,"turns":3.0},{"damage":8.0,"enemies":"Centurion and Healer","floor":33.0,"turns":4.0},{"damage":2,"enemies":"Snecko","floor":34,"turns":3},{"damage":30,"enemies":"Gremlin Leader","floor":38,"turns":4},{"damage":4,"enemies":"Slavers","floor":41,"turns":2},{"damage":0,"enemies":"Shelled Parasite and Fungi","floor":42,"turns":2},{"damage":8,"enemies":"Automaton","floor":44,"turns":6},{"damage":0,"enemies":"3 Shapes","floor":46,"turns":1},{"damage":4,"enemies":"3 Darklings","floor":47,"turns":3},{"damage":0,"enemies":"Maw","floor":50,"turns":4},{"damage":0,"enemies":"Nemesis","floor":53,"turns":1},{"damage":0,"enemies":"Transient","floor":60,"turns":6},{"damage":88,"enemies":"Awakened One","floor":62,"turns":6}],"seed_played":"7600042926047645339","potions_obtained":[{"floor":1.0,"key":"Fire Potion"},{"floor":15.0,"key":"CultistPotion"},{"floor":22.0,"key":"DuplicationPotion"},{"floor":28.0,"key":"SpeedPotion"},{"floor":29.0,"key":"EntropicBrew"},{"floor":29.0,"key":"LiquidMemories"},{"floor":34,"key":"Energy Potion"},{"floor":44,"key":"AttackPotion"}],"is_trial":false,"path_per_floor":["M","?","M","$","M","?","$","R","E","R","?","M","T","$","M","?","E","R","M","R","R","B",null,"M","?","?","M","M","?","E","$","R","M","M","T","T","T","E","?","$","E","M","R","B",null,"M","M","?","$","M","R","?","E","T","T","?","R","?","R","M","R","B",null],"character_chosen":"WATCHER","items_purchased":["Adaptation","BottledMiracle","Wallop","PreservedInsect","CutThroughFate+1","Bag of Marbles"],"campfire_rested":10,"item_purchase_floors":[14,14,31,31,40,49],"current_hp_per_floor":[61,16,16,16,12,12,12,30,4,22,15,12,12,12,10,10,8,27,29,49,49,27,58,60,60,60,54,42,42,43,43,66,60,58,58,58,58,30,30,30,28,30,54,46,73,75,73,73,73,73,88,88,90,90,90,90,92,92,92,94,96,8],"gold":18,"neow_bonus":"ONE_RANDOM_RARE_CARD","is_daily":false,"chose_seed":false,"campfire_upgraded":1,"win_rate":0.0,"timestamp":1611821754,"path_taken":["M","?","M","$","M","?","$","R","E","R","?","M","T","$","M","?","E","R","M","R","R","BOSS","M","?","?","M","?","?","E","$","R","M","?","T","T","?","E","?","$","E","M","R","BOSS","M","M","?","$","M","R","?","E","T","T","?","R","?","R","M","R","BOSS"],"items_purchased_type":["Card","Potion","Card","Relic","Card","Relic"],"build_version":"2020-12-22","purchased_purges":3,"victory":true,"max_hp_per_floor":[68,68,68,68,68,62,62,62,62,62,62,62,62,62,64,64,66,66,68,68,68,68,68,70,70,70,70,70,70,72,72,74,76,76,76,76,76,78,78,78,80,82,82,82,82,84,86,86,86,86,88,88,90,90,90,90,92,92,92,94,96,96],"card_choices":[{"not_picked":["Conclude","Crescendo"],"picked":"Prostrate","floor":1.0},{"not_picked":["Vengeance","Evaluate","EmptyBody"],"picked":"SKIP","floor":3.0},{"not_picked":["Conclude","WaveOfTheHand","CutThroughFate"],"picked":"SKIP","floor":5.0},{"not_picked":["ThirdEye","CrushJoints","Consecrate"],"picked":"SKIP","floor":9.0},{"not_picked":["SpiritShield","Sanctity"],"picked":"InnerPeace","floor":12.0},{"not_picked":["FlurryOfBlows","Halt","FlyingSleeves"],"picked":"Singing Bowl","floor":15.0},{"not_picked":["SignatureMove","SashWhip","Halt"],"picked":"Singing Bowl","floor":17.0},{"not_picked":["FlurryOfBlows","PathToVictory","Protect"],"picked":"Singing Bowl","floor":19.0},{"not_picked":["Blasphemy","DeusExMachina"],"picked":"Ragnarok","floor":22.0},{"not_picked":["Halt","EmptyBody","ThirdEye+1"],"picked":"Singing Bowl","floor":24.0},{"not_picked":["CrushJoints","FlurryOfBlows"],"picked":"FearNoEvil","floor":27.0},{"not_picked":["ThirdEye","BattleHymn"],"picked":"Prostrate","floor":28.0},{"not_picked":["WindmillStrike","EmptyFist","CrushJoints"],"picked":"Singing Bowl","floor":30.0},{"not_picked":["WindmillStrike","ClearTheMind","JustLucky"],"picked":"Singing Bowl","floor":32.0},{"not_picked":["Crescendo","FlurryOfBlows","Prostrate"],"picked":"Singing Bowl","floor":33.0},{"not_picked":["BowlingBash","LikeWater+1"],"picked":"Tantrum","floor":34},{"not_picked":["LikeWater","Evaluate","Establishment"],"picked":"Singing Bowl","floor":38},{"not_picked":["ClearTheMind","Wish","FollowUp+1"],"picked":"Singing Bowl","floor":41},{"not_picked":["SashWhip+1","Tantrum+1","Protect"],"picked":"Singing Bowl","floor":42},{"not_picked":["CrushJoints+1","SashWhip+1"],"picked":"Indignation","floor":43},{"not_picked":["Ragnarok+1","SpiritShield"],"picked":"Vault","floor":44},{"not_picked":["Consecrate+1","JustLucky+1","Crescendo"],"picked":"Singing Bowl","floor":46},{"not_picked":["Protect","Fasting2","Halt"],"picked":"Singing Bowl","floor":47},{"not_picked":["CutThroughFate+1","JustLucky+1"],"picked":"Halt+1","floor":50},{"not_picked":["Worship","Evaluate","EmptyFist+1"],"picked":"Singing Bowl","floor":51},{"not_picked":["Adaptation","Perseverance+1","ConjureBlade"],"picked":"Singing Bowl","floor":53},{"not_picked":["FlyingSleeves+1","Consecrate+1","FollowUp+1"],"picked":"Singing Bowl","floor":57},{"not_picked":["CrushJoints+1","Evaluate"],"picked":"Adaptation+1","floor":59},{"not_picked":["FollowUp+1","Crescendo","JustLucky+1"],"picked":"Singing Bowl","floor":60},{"not_picked":["JustLucky+1","CrushJoints+1","WindmillStrike+1"],"picked":"Singing Bowl","floor":61}],"player_experience":479787,"relics_obtained":[{"floor":9.0,"key":"Matryoshka"},{"floor":13.0,"key":"Singing Bowl"},{"floor":13.0,"key":"Whetstone"},{"floor":17.0,"key":"Gremlin Horn"},{"floor":30.0,"key":"Dream Catcher"},{"floor":35,"key":"Mercury Hourglass"},{"floor":35,"key":"War Paint"},{"floor":36,"key":"Akabeko"},{"floor":37,"key":"Molten Egg 2"},{"floor":38,"key":"Bottled Lightning"},{"floor":41,"key":"Bottled Flame"},{"floor":53,"key":"Happy Flower"},{"floor":54,"key":"Toy Ornithopter"},{"floor":55,"key":"TeardropLocket"}],"event_choices":[{"damage_healed":0.0,"max_hp_gain":0.0,"max_hp_loss":0.0,"gold_gain":0.0,"event_name":"Scrap Ooze","player_choice":"Success","floor":2.0,"gold_loss":0.0,"damage_taken":45.0,"relics_obtained":["Letter Opener"]},{"damage_healed":0.0,"max_hp_gain":0.0,"max_hp_loss":6.0,"gold_gain":0.0,"event_name":"Golden Idol","player_choice":"Lose Max HP","floor":6.0,"gold_loss":0.0,"damage_taken":0.0,"relics_obtained":["Golden Idol"]},{"cards_removed":["Defend_P"],"damage_healed":0.0,"max_hp_gain":0.0,"max_hp_loss":0.0,"gold_gain":0.0,"event_name":"Golden Wing","player_choice":"Card Removal","floor":11.0,"gold_loss":0.0,"damage_taken":7.0},{"damage_healed":0.0,"max_hp_gain":0.0,"max_hp_loss":0.0,"gold_gain":30.0,"event_name":"Dead Adventurer","player_choice":"Searched \u00272\u0027 times","floor":16.0,"gold_loss":0.0,"damage_taken":0.0},{"damage_healed":0.0,"max_hp_gain":0.0,"max_hp_loss":0.0,"gold_gain":0.0,"event_name":"The Mausoleum","player_choice":"Opened","floor":25.0,"gold_loss":0.0,"damage_taken":0.0,"relics_obtained":["Centennial Puzzle"],"cards_obtained":["Writhe"]},{"damage_healed":0.0,"max_hp_gain":0.0,"max_hp_loss":0.0,"gold_gain":50.0,"event_name":"Nest","player_choice":"Stole From Cult","floor":26.0,"gold_loss":0.0,"damage_taken":0.0},{"damage_healed":0.0,"max_hp_gain":0.0,"max_hp_loss":0.0,"gold_gain":0.0,"event_name":"Lab","player_choice":"Got Potions","floor":29.0,"gold_loss":0.0,"damage_taken":0.0},{"cards_removed":["Normality"],"damage_healed":0,"gold_gain":0,"player_choice":"Gave Gold","damage_taken":0,"max_hp_gain":0,"max_hp_loss":0,"event_name":"Beggar","floor":39,"gold_loss":75},{"damage_healed":0,"gold_gain":333,"player_choice":"Gave Idol","damage_taken":0,"max_hp_gain":0,"max_hp_loss":0,"event_name":"The Moai Head","floor":48,"relics_lost":["Golden Idol"],"gold_loss":0},{"cards_removed":["Strike_P"],"damage_healed":0,"gold_gain":0,"player_choice":"Removed Attack","damage_taken":0,"max_hp_gain":0,"max_hp_loss":0,"event_name":"Falling","floor":52,"gold_loss":0},{"damage_healed":0,"gold_gain":0,"player_choice":"Paid","damage_taken":0,"relics_obtained":["Red Mask"],"max_hp_gain":0,"max_hp_loss":0,"event_name":"Tomb of Lord Red Mask","floor":56,"gold_loss":407},{"damage_healed":0,"gold_gain":0,"cards_transformed":["Strike_P"],"player_choice":"Transformed","damage_taken":0,"max_hp_gain":0,"max_hp_loss":0,"event_name":"Transmorgrifier","floor":58,"gold_loss":0,"cards_obtained":["WheelKick"]}],"is_beta":false,"boss_relics":[{"not_picked":["Coffee Dripper","Astrolabe"],"picked":"Cursed Key"},{"not_picked":["Busted Crown","SacredBark"],"picked":"VioletLotus"}],"items_purged_floors":[4,31,49],"is_endless":false,"potions_floor_spawned":[1,15,22,28,33,34,41,42,44,46,53,60],"ascension_level":15}}