{"host":"lsq35p0sdkx2xifo","time":1611821750,"event":{"mods":["AchievementEnabler","BaseMod","Highlight Path","Minty Spire (QoL Compilation)","StSLib"],"gold_per_floor":[110,20,20,38,57,92,92,107,130,143,143,163,182,210,210,210,210],"floor_reached":16,"language":"ENG","playtime":694,"items_purged":[],"score":228,"play_id":"275c2478-4358-4d66-b8fb-1949262e9739","local_time":"20210128001550","is_ascension_mode":true,"campfire_choices":[{"floor":7,"key":"REST"},{"floor":11,"key":"REST"},{"floor":15,"key":"REST"}],"circlet_count":0,"master_deck":["AscendersBane","Strike_R","Strike_R","Strike_R","Strike_R","Strike_R","Defend_R","Defend_R","Defend_R","Defend_R","Bash+1","Evolve","Flash of Steel","Rupture","Clash","Brutality","Heavy Blade","Clothesline","Anger","Cleave"],"relics":["Burning Blood","Orichalcum","MealTicket","Happy Flower"],"acts_visited":["Exordium"],"potions_floor_usage":[8,12,14],"damage_taken":[{"damage":9,"enemies":"Small Slimes","floor":1,"turns":4},{"damage":7,"enemies":"Cultist","floor":4,"turns":4},{"damage":6,"enemies":"Jaw Worm","floor":5,"turns":5},{"damage":55,"enemies":"Gremlin Nob","floor":6,"turns":5},{"damage":13,"enemies":"Gremlin Gang","floor":8,"turns":3},{"damage":20,"enemies":"Blue Slaver","floor":10,"turns":5},{"damage":6,"enemies":"Large Slime","floor":12,"turns":3},{"damage":15,"enemies":"Looter","floor":13,"turns":4},{"damage":27,"enemies":"3 Sentries","floor":14,"turns":7},{"damage":32,"enemies":"Hexaghost","floor":16,"turns":7}],"seed_played":"-7370044168203062042","potions_obtained":[{"floor":3,"key":"Block Potion"},{"floor":3,"key":"LiquidBronze"},{"floor":5,"key":"PowerPotion"},{"floor":8,"key":"Dexterity Potion"},{"floor":10,"key":"BlessingOfTheForge"}],"is_trial":false,"path_per_floor":["M","$","?","M","M","E","R","M","T","M","R","M","M","E","R","B"],"character_chosen":"IRONCLAD","items_purchased":["Flash of Steel"],"campfire_rested":3,"item_purchase_floors":[2],"current_hp_per_floor":[65,65,65,64,64,15,37,30,30,16,38,38,29,8,30,0,0],"gold":210,"neow_bonus":"UPGRADE_CARD","is_daily":false,"chose_seed":false,"campfire_upgraded":0,"win_rate":0.0,"timestamp":1611821750,"path_taken":["M","$","?","M","M","E","R","M","T","M","R","?","M","E","R","BOSS"],"items_purchased_type":["Card"],"build_version":"2020-12-22","purchased_purges":0,"victory":false,"max_hp_per_floor":[75,75,75,75,75,75,75,75,75,75,75,75,75,75,75,75,75],"card_choices":[{"not_picked":["Shrug It Off","Sword Boomerang"],"picked":"Evolve","floor":1},{"not_picked":["Anger","Blood for Blood"],"picked":"Rupture","floor":4},{"not_picked":["Twin Strike","Armaments"],"picked":"Clash","floor":5},{"not_picked":["Whirlwind","Ghostly Armor"],"picked":"Brutality","floor":6},{"not_picked":["Anger","Second Wind"],"picked":"Heavy Blade","floor":8},{"not_picked":["Sword Boomerang","Intimidate","Wild Strike"],"picked":"SKIP","floor":10},{"not_picked":["Headbutt","Entrench"],"picked":"Clothesline","floor":12},{"not_picked":["Combust","Iron Wave"],"picked":"Anger","floor":13},{"not_picked":["Brutality","Body Slam"],"picked":"Cleave","floor":14}],"player_experience":1260017,"relics_obtained":[{"floor":6,"key":"Orichalcum"},{"floor":9,"key":"MealTicket"},{"floor":14,"key":"Happy Flower"}],"event_choices":[{"damage_healed":0,"gold_gain":0,"player_choice":"Got Potions","damage_taken":0,"max_hp_gain":0,"max_hp_loss":0,"event_name":"Lab","floor":3,"gold_loss":0}],"is_beta":false,"boss_relics":[],"items_purged_floors":[],"is_endless":false,"potions_floor_spawned":[4,5,8,10],"killed_by":"Hexaghost","ascension_level":20}}