{"host":"kw4o7b3ro2ktmmbe","time":1611819688,"event":{"mods":["BaseMod","Evolution","Minty Spire (QoL Compilation)","Robot Space Explorer","StSLib"],"gold_per_floor":[114,126,301,71,85,119,129,204,249,266,276,287,287,287,287,384,384,396,396,106,106,205,205,236,249,297,297,76,76,76,94,94,94,94],"floor_reached":33,"language":"ENG","playtime":2136,"items_purged":["Doubt"],"score":409,"play_id":"a2e91ab7-f411-43bf-a071-22619681517c","local_time":"20210128204128","is_ascension_mode":true,"campfire_choices":[{"data":"RobotSpaceExplorer:StarDust","floor":13,"key":"SMITH"},{"floor":15,"key":"REST"},{"data":"RobotSpaceExplorer:StarDust","floor":23,"key":"SMITH"},{"floor":27,"key":"REST"},{"data":"RobotSpaceExplorer:RigExplosive","floor":29,"key":"SMITH"},{"data":"RobotSpaceExplorer:ShockMissile","floor":32,"key":"SMITH"}],"circlet_count":0,"master_deck":["RobotSpaceExplorer:MetalStrike","RobotSpaceExplorer:Strike","RobotSpaceExplorer:Strike","RobotSpaceExplorer:Strike","RobotSpaceExplorer:Defend","RobotSpaceExplorer:Defend","RobotSpaceExplorer:Defend","RobotSpaceExplorer:Defend","RobotSpaceExplorer:Scan","RobotSpaceExplorer:MiniLasers","RobotSpaceExplorer:StarDust+1","RobotSpaceExplorer:FreezeRay","RobotSpaceExplorer:GearShield","RobotSpaceExplorer:StarDust+1","RobotSpaceExplorer:Discharger","RobotSpaceExplorer:Pulsar","RobotSpaceExplorer:GearShield","RobotSpaceExplorer:ShockMissile+1","RobotSpaceExplorer:RigExplosive+1","RobotSpaceExplorer:ShovelStrike+1","RobotSpaceExplorer:ChargingLaser","Pain","RobotSpaceExplorer:ExhaustFan+1"],"relics":["RobotSpaceExplorer:RoboCore","EVO:Axolotl","Nunchaku","Gremlin Horn","Potion Belt","FaceOfCleric","SlaversCollar","MutagenicStrength","Blood Vial","Bag of Marbles","Centennial Puzzle","Bag of Preparation","Membership Card","Art of War","WarpedTongs"],"acts_visited":["Exordium","TheCity"],"potions_floor_usage":[12,12,24,25,33,33,33,33],"damage_taken":[{"damage":0.0,"enemies":"Cultist","floor":1.0,"turns":4.0},{"damage":1.0,"enemies":"2 Louse","floor":2.0,"turns":3.0},{"damage":2.0,"enemies":"Small Slimes","floor":5.0,"turns":4.0},{"damage":14.0,"enemies":"Gremlin Nob","floor":6.0,"turns":4.0},{"damage":10.0,"enemies":"Exordium Thugs","floor":7.0,"turns":5.0},{"damage":8.0,"enemies":"Large Slime","floor":10.0,"turns":5.0},{"damage":8.0,"enemies":"3 Louse","floor":11.0,"turns":3.0},{"damage":10,"enemies":"Gremlin Gang","floor":12,"turns":5},{"damage":8,"enemies":"Hexaghost","floor":16,"turns":8},{"damage":10,"enemies":"Chosen","floor":18,"turns":6},{"damage":29,"enemies":"Slavers","floor":24,"turns":5},{"damage":6,"enemies":"3 Byrds","floor":25,"turns":5},{"damage":13,"enemies":"Sentry and Sphere","floor":31,"turns":5},{"damage":39,"enemies":"Collector","floor":33,"turns":6}],"seed_played":"-6010977775441096821","potions_obtained":[{"floor":2.0,"key":"AttackPotion"},{"floor":5.0,"key":"SpeedPotion"},{"floor":7.0,"key":"AttackPotion"},{"floor":11.0,"key":"Explosive Potion"},{"floor":18,"key":"CultistPotion"},{"floor":31,"key":"LiquidMemories"}],"is_trial":false,"path_per_floor":["M","M","?","$","M","E","M","?","T","M","M","M","R","?","R","B",null,"M","?","$","?","?","R","E","M","T","R","$","R","?","M","R","B"],"character_chosen":"RobotSpaceExplorer","items_purchased":["Nunchaku","Blood Vial","Bag of Marbles","Membership Card","Art of War"],"campfire_rested":2,"item_purchase_floors":[4,20,20,28,28],"current_hp_per_floor":[75,74,74,74,72,58,48,37,37,29,21,11,11,11,35,28,69,60,60,60,44,44,44,18,15,15,42,42,42,42,32,32,0,0],"gold":94,"neow_bonus":"TEN_PERCENT_HP_BONUS","is_daily":false,"chose_seed":false,"campfire_upgraded":4,"win_rate":0.0,"timestamp":1611819688,"path_taken":["M","M","?","$","M","E","M","?","T","M","M","M","R","?","R","BOSS","M","?","$","?","?","R","E","M","T","R","$","R","?","M","R","BOSS"],"items_purchased_type":["Relic","Relic","Relic","Relic","Relic"],"build_version":"2020-12-22","purchased_purges":1,"victory":false,"max_hp_per_floor":[82,82,82,82,82,82,82,82,82,82,82,82,82,82,82,83,83,84,84,84,89,89,89,90,91,91,91,91,91,91,92,92,92,92],"card_choices":[{"not_picked":["RobotSpaceExplorer:FrostMissile","RobotSpaceExplorer:Ammunition","RobotSpaceExplorer:DoubleFind"],"picked":"SKIP","floor":1.0},{"not_picked":["RobotSpaceExplorer:ShockKick","RobotSpaceExplorer:SwiftStep"],"picked":"RobotSpaceExplorer:StarDust","floor":2.0},{"not_picked":["RobotSpaceExplorer:MakeshiftVolley","RobotSpaceExplorer:ImprovisedAttack"],"picked":"RobotSpaceExplorer:FreezeRay","floor":5.0},{"not_picked":["RobotSpaceExplorer:MakeshiftVolley","RobotSpaceExplorer:MetalStrike"],"picked":"RobotSpaceExplorer:GearShield","floor":6.0},{"not_picked":["RobotSpaceExplorer:MiniDrones","RobotSpaceExplorer:ScrapMissile"],"picked":"RobotSpaceExplorer:StarDust","floor":7.0},{"not_picked":["RobotSpaceExplorer:Pulsar","RobotSpaceExplorer:DoubleFind"],"picked":"RobotSpaceExplorer:Discharger","floor":10.0},{"not_picked":["RobotSpaceExplorer:MetalStrike","RobotSpaceExplorer:ScrapMissile"],"picked":"RobotSpaceExplorer:Pulsar","floor":11.0},{"not_picked":["RobotSpaceExplorer:MetalStrike","RobotSpaceExplorer:Counterblock"],"picked":"RobotSpaceExplorer:GearShield","floor":12},{"not_picked":["RobotSpaceExplorer:HighVoltage","RobotSpaceExplorer:Asteroid"],"picked":"RobotSpaceExplorer:ShockMissile","floor":16},{"not_picked":["RobotSpaceExplorer:SlimeMissile","RobotSpaceExplorer:Pulsar"],"picked":"RobotSpaceExplorer:RigExplosive","floor":18},{"not_picked":["RobotSpaceExplorer:ScrapToss","RobotSpaceExplorer:FranticSearch+1"],"picked":"RobotSpaceExplorer:ShovelStrike+1","floor":24},{"not_picked":["RobotSpaceExplorer:ImprovisedAttack+1","RobotSpaceExplorer:Probe"],"picked":"RobotSpaceExplorer:ChargingLaser","floor":25},{"not_picked":["RobotSpaceExplorer:FranticSearch","RobotSpaceExplorer:PlasmaMissile"],"picked":"RobotSpaceExplorer:ExhaustFan+1","floor":31}],"player_experience":1900479,"relics_obtained":[{"floor":6.0,"key":"Gremlin Horn"},{"floor":9.0,"key":"Potion Belt"},{"floor":24,"key":"Centennial Puzzle"},{"floor":26,"key":"Bag of Preparation"}],"event_choices":[{"damage_healed":0.0,"max_hp_gain":0.0,"max_hp_loss":0.0,"gold_gain":175.0,"event_name":"Liars Game","player_choice":"AGREE","floor":3.0,"gold_loss":0.0,"damage_taken":0.0,"cards_obtained":["Doubt"]},{"damage_healed":0.0,"max_hp_gain":0.0,"max_hp_loss":0.0,"gold_gain":75.0,"event_name":"World of Goop","player_choice":"Gather Gold","floor":8.0,"gold_loss":0.0,"damage_taken":11.0},{"damage_healed":0,"gold_gain":0,"player_choice":"Trade","damage_taken":0,"relics_obtained":["FaceOfCleric"],"max_hp_gain":0,"max_hp_loss":0,"event_name":"FaceTrader","floor":14,"gold_loss":0},{"damage_healed":0,"gold_gain":0,"player_choice":"Inject Mutagens","damage_taken":0,"relics_obtained":["MutagenicStrength"],"max_hp_gain":0,"max_hp_loss":0,"event_name":"Drug Dealer","floor":19,"gold_loss":0},{"damage_healed":0,"gold_gain":0,"player_choice":"Shed Blood","damage_taken":21,"max_hp_gain":5,"max_hp_loss":0,"event_name":"Forgotten Altar","floor":21,"gold_loss":0},{"damage_healed":0,"gold_gain":99,"player_choice":"Stole From Cult","damage_taken":0,"max_hp_gain":0,"max_hp_loss":0,"event_name":"Nest","floor":22,"gold_loss":0},{"damage_healed":0,"gold_gain":0,"player_choice":"Rummage","damage_taken":0,"relics_obtained":["WarpedTongs"],"max_hp_gain":0,"max_hp_loss":0,"event_name":"Accursed Blacksmith","floor":30,"gold_loss":0,"cards_obtained":["Pain"]}],"is_beta":false,"boss_relics":[{"not_picked":["RobotSpaceExplorer:TurboCore","Cursed Key"],"picked":"SlaversCollar"}],"items_purged_floors":[4],"is_endless":false,"potions_floor_spawned":[2,5,7,11,18,31],"killed_by":"Collector","ascension_level":9}}