{"host":"9j472d1lqxyi8fmj","time":1611859473,"event":{"mods":["AchievementEnabler","Aspiration","BaseMod","Better Note","BetterRewards","Block Reminder","Colored Powertips","Downfall","Hermit","Hubris","Minty Spire (QoL Compilation)","Potion Indicator Mod","Rare Cards Sparkle","Relic Filter","Spicy Shops","StSLib","The Runesmith","Virulent Crown"],"gold_per_floor":[349,362,375,395,395,410,483,500,41,59,59,75,86,86,102,102,102,102],"floor_reached":16,"language":"ENG","playtime":1138,"items_purged":[],"score":98,"play_id":"6db3210a-fc27-4937-9d0f-f6af8b586c62","local_time":"20210128134433","is_ascension_mode":false,"campfire_choices":[{"floor":1,"key":"REST"}],"circlet_count":0,"master_deck":["Guardian:Strike_Guardian","Guardian:Strike_Guardian","Guardian:Strike_Guardian","Guardian:Strike_Guardian","Guardian:Defend_Guardian","Guardian:Defend_Guardian","Guardian:Defend_Guardian","Guardian:Defend_Guardian","Guardian:CurlUp","Guardian:TwinSlam","Guardian:EvasiveProtocol","Guardian:ChargeCore","Guardian:Recover","Guardian:PrimingBeam","Guardian:Suspension","Guardian:ArmoredProtocol","expansioncontent:Hexaburn","Guardian:TemporalStrike","Guardian:ShieldCharger","Guardian:DonusPower","Guardian:Gem_Red","Guardian:TemporalShield","Guardian:Planning","Guardian:RollAttack"],"relics":["Guardian:ModeShifter","Blue Candle","aspiration:HummingbirdHeart","Gremlin Horn"],"acts_visited":["Exordium"],"potions_floor_usage":[],"damage_taken":[{"damage":1,"enemies":"Jaw Worm","floor":2,"turns":5},{"damage":1,"enemies":"Cultist","floor":3,"turns":5},{"damage":0,"enemies":"Small Slimes","floor":4,"turns":4},{"damage":13,"enemies":"Exordium Wildlife","floor":6,"turns":7},{"damage":2,"enemies":"Blue Slaver","floor":8,"turns":4},{"damage":0,"enemies":"downfall:FleeingMerchant","floor":9,"turns":4},{"damage":8,"enemies":"Large Slime","floor":10,"turns":10},{"damage":10,"enemies":"Gremlin Gang","floor":12,"turns":8},{"damage":0,"enemies":"Lots of Slimes","floor":13,"turns":5},{"damage":3,"enemies":"Large Slime","floor":15,"turns":8},{"damage":50,"enemies":"DF_ARCHETYPE_STREAMLINE","floor":16,"turns":12}],"seed_played":"7928282454198339150","potions_obtained":[{"floor":3,"key":"Weak Potion"},{"floor":4,"key":"SneckoOil"},{"floor":6,"key":"Fire Potion"},{"floor":10,"key":"champ:CounterPotion"},{"floor":14,"key":"Energy Potion"}],"is_trial":false,"path_per_floor":["R","M","M","M","?","M","T","M","$","M","?","M","M","?","M","B"],"character_chosen":"GUARDIAN","items_purchased":["expansioncontent:Hexaburn","Guardian:TemporalStrike","Gremlin Horn","Guardian:ShieldCharger"],"campfire_rested":1,"item_purchase_floors":[9,9,9,9],"current_hp_per_floor":[80,79,78,78,73,60,60,58,58,50,50,40,40,40,37,0,0,0],"gold":102,"neow_bonus":"TWO_FIFTY_GOLD","is_daily":false,"chose_seed":false,"campfire_upgraded":0,"win_rate":0.0,"timestamp":1611859473,"path_taken":["R","M","M","M","?","M","T","M","$","M","?","?","M","?","M","BOSS"],"items_purchased_type":["Card","Card","Relic","Card"],"build_version":"2020-12-22","purchased_purges":0,"victory":false,"max_hp_per_floor":[80,80,80,80,80,80,80,80,80,80,80,80,80,80,80,80,80,80],"card_choices":[{"not_picked":["Guardian:Incinerate","Guardian:Gem_Cyan"],"picked":"Guardian:EvasiveProtocol","floor":2},{"not_picked":["Guardian:FloatingOrbs","Guardian:BronzeArmor"],"picked":"Guardian:ChargeCore","floor":3},{"not_picked":["Guardian:TemporalShield","Guardian:Gem_White"],"picked":"Guardian:Recover","floor":4},{"not_picked":["Guardian:Gem_Synthetic","Guardian:Gem_Blue"],"picked":"Guardian:PrimingBeam","floor":6},{"not_picked":["Guardian:ChargeCore","Guardian:CrystalBeam"],"picked":"Guardian:Suspension","floor":8},{"not_picked":["Guardian:TemporalShield","Guardian:WalkerClaw"],"picked":"Guardian:ArmoredProtocol","floor":9},{"not_picked":["Guardian:TemporalShield","Guardian:PrismaticBarrier"],"picked":"Guardian:DonusPower","floor":10},{"not_picked":["Guardian:Gem_Fragmented","Guardian:Gem_Cyan"],"picked":"Guardian:TemporalShield","floor":12},{"not_picked":["Guardian:PiercingHide","Guardian:RefractedBeam"],"picked":"Guardian:Planning","floor":13},{"not_picked":["Guardian:DecasProtection","Guardian:VentSteam"],"picked":"Guardian:RollAttack","floor":15}],"player_experience":352029,"relics_obtained":[{"floor":7,"key":"aspiration:HummingbirdHeart"}],"event_choices":[{"damage_healed":0,"gold_gain":0,"player_choice":"Got Potions","damage_taken":0,"max_hp_gain":0,"max_hp_loss":0,"event_name":"Lab","floor":14,"gold_loss":0}],"is_beta":false,"boss_relics":[],"items_purged_floors":[],"is_endless":false,"potions_floor_spawned":[3,4,6,10],"killed_by":"DF_ARCHETYPE_STREAMLINE","ascension_level":0}}