{"host":"edc6wmn2qug8wnvl","time":1611818953,"event":{"mods":["AchievementEnabler","BaseMod","Colored Map","Colored Powertips","Minty Spire (QoL Compilation)","StSLib"],"gold_per_floor":[112,125,135,209,225,259,273,308,332,332,360,360,378,394,394,497,497,507,507,525,551,561,561,561,589,671,671,703,264,339,349,349,447,447,464,478,160,170,170,170,195,195,222,222,236,236,236],"floor_reached":46,"language":"ENG","playtime":2721,"items_purged":[],"score":515,"play_id":"7206f322-d0d9-4cd0-8964-178ac5ba9ab3","local_time":"20210127232913","is_ascension_mode":false,"campfire_choices":[{"floor":10,"key":"REST"},{"data":"Double Tap","floor":15,"key":"SMITH"},{"floor":23,"key":"REST"},{"floor":32,"key":"REST"},{"data":"Whirlwind","floor":40,"key":"SMITH"},{"floor":42,"key":"REST"}],"circlet_count":0,"master_deck":["Strike_R+1","Strike_R+1","Strike_R+1","Strike_R+1","Strike_R+1","Defend_R+1","Defend_R+1","Defend_R+1","Defend_R+1","Bash","Bloodletting","Blood for Blood","Flame Barrier+1","Flex","Perfected Strike","Anger","Combust","Parasite","Anger","Double Tap+1","Offering+1","Heavy Blade","Ghostly Armor+1","Rupture+1","Heavy Blade","Perfected Strike","Whirlwind+1","Spot Weakness","Bloodletting","Panache","Offering","Warcry","Immolate","Warcry+1","Flex","Battle Trance","Shrug It Off+1","Writhe","Decay","Parasite"],"relics":["Burning Blood","NeowsBlessing","Torii","Dream Catcher","Ancient Tea Set","Orichalcum","Velvet Choker","War Paint","Red Mask","Self Forming Clay","Meat on the Bone","Juzu Bracelet","Membership Card","Red Skull","Busted Crown","Eternal Feather","Blood Vial","Centennial Puzzle","Nunchaku"],"acts_visited":["Exordium","TheCity","TheBeyond"],"potions_floor_usage":[6,6,8,8,16,20,25,28,33,33,33,38,38,38],"damage_taken":[{"damage":0,"enemies":"Cultist","floor":1,"turns":1},{"damage":0,"enemies":"2 Louse","floor":2,"turns":1},{"damage":0,"enemies":"Jaw Worm","floor":3,"turns":1},{"damage":10,"enemies":"Blue Slaver","floor":5,"turns":3},{"damage":38,"enemies":"Gremlin Nob","floor":6,"turns":4},{"damage":5,"enemies":"Exordium Wildlife","floor":7,"turns":4},{"damage":13,"enemies":"Lagavulin","floor":8,"turns":5},{"damage":23,"enemies":"3 Sentries","floor":11,"turns":6},{"damage":4,"enemies":"2 Fungi Beasts","floor":13,"turns":3},{"damage":10,"enemies":"3 Louse","floor":14,"turns":3},{"damage":38,"enemies":"Hexaghost","floor":16,"turns":8},{"damage":8,"enemies":"Spheric Guardian","floor":18,"turns":4},{"damage":5,"enemies":"Chosen","floor":20,"turns":4},{"damage":20,"enemies":"Centurion and Healer","floor":22,"turns":5},{"damage":11,"enemies":"Masked Bandits","floor":25,"turns":4},{"damage":52,"enemies":"Slavers","floor":28,"turns":6},{"damage":6,"enemies":"Cultist and Chosen","floor":31,"turns":2},{"damage":33,"enemies":"Automaton","floor":33,"turns":5},{"damage":10,"enemies":"Orb Walker","floor":35,"turns":3},{"damage":15,"enemies":"3 Darklings","floor":36,"turns":3},{"damage":23,"enemies":"Transient","floor":38,"turns":5},{"damage":56,"enemies":"Giant Head","floor":41,"turns":8},{"damage":50,"enemies":"Writhing Mass","floor":45,"turns":5},{"damage":60,"enemies":"Reptomancer","floor":46,"turns":2}],"seed_played":"551835313109368123","potions_obtained":[{"floor":1,"key":"FearPotion"},{"floor":3,"key":"CultistPotion"},{"floor":5,"key":"Strength Potion"},{"floor":7,"key":"Block Potion"},{"floor":13,"key":"EssenceOfSteel"},{"floor":18,"key":"Fire Potion"},{"floor":22,"key":"LiquidMemories"},{"floor":25,"key":"SkillPotion"},{"floor":28,"key":"Ancient Potion"},{"floor":36,"key":"ColorlessPotion"}],"is_trial":false,"path_per_floor":["M","M","M","?","M","E","M","E","T","R","E","?","M","M","R","B",null,"M","?","M","T","M","R","?","?","T","T","E","$","?","M","R","B",null,"M","M","$","M","?","R","E","R","T","?","M","E"],"character_chosen":"IRONCLAD","items_purchased":["Membership Card","Spot Weakness","Bloodletting","Strength Potion","Strength Potion","Red Skull","Panache","Flex","Battle Trance","Eternal Feather","Blood Vial","Fire Potion","DistilledChaos"],"campfire_rested":4,"item_purchase_floors":[29,29,29,29,29,29,29,37,37,37,37,37,37],"current_hp_per_floor":[80,80,80,80,76,44,45,38,38,62,45,65,67,63,63,31,80,78,78,79,79,65,80,80,75,75,75,41,41,33,45,69,54,80,76,67,67,52,72,80,42,80,80,80,48,0,0],"gold":236,"neow_bonus":"THREE_ENEMY_KILL","is_daily":false,"chose_seed":false,"campfire_upgraded":2,"win_rate":0.0,"timestamp":1611818953,"path_taken":["M","?","M","?","M","E","M","E","T","R","E","?","M","M","R","BOSS","M","?","M","?","M","R","?","?","T","?","E","$","?","M","R","BOSS","M","M","$","M","?","R","E","R","T","?","M","E"],"items_purchased_type":["Relic","Card","Card","Potion","Potion","Relic","Card","Card","Card","Relic","Relic","Potion","Potion"],"build_version":"2020-12-22","purchased_purges":0,"victory":false,"max_hp_per_floor":[80,80,80,80,80,80,80,80,80,80,80,80,80,80,80,80,80,80,80,80,80,80,80,80,80,80,80,80,80,80,80,80,80,80,80,80,80,80,80,80,80,80,80,80,80,80,80],"card_choices":[{"not_picked":["Carnage","Evolve"],"picked":"Bloodletting","floor":1},{"not_picked":["True Grit","Burning Pact"],"picked":"Blood for Blood","floor":2},{"not_picked":["Second Wind","Cleave"],"picked":"Flame Barrier","floor":3},{"not_picked":["Clash","Pommel Strike","Rampage"],"picked":"SKIP","floor":5},{"not_picked":["Carnage","Uppercut"],"picked":"Flex","floor":6},{"not_picked":["Dual Wield","Twin Strike","Disarm"],"picked":"SKIP","floor":7},{"not_picked":["Power Through","Searing Blow"],"picked":"Perfected Strike","floor":8},{"not_picked":["Intimidate","Clothesline"],"picked":"Anger","floor":10},{"not_picked":["Clash","Metallicize"],"picked":"Combust","floor":11},{"not_picked":["Iron Wave","True Grit"],"picked":"Anger","floor":13},{"not_picked":["Dual Wield","Flex"],"picked":"Double Tap","floor":14},{"not_picked":["Bludgeon","Impervious"],"picked":"Offering","floor":16},{"not_picked":["Clothesline","Ghostly Armor"],"picked":"Heavy Blade","floor":18},{"not_picked":["Pommel Strike+1","Body Slam"],"picked":"Ghostly Armor+1","floor":20},{"not_picked":["True Grit","Twin Strike"],"picked":"Rupture+1","floor":22},{"not_picked":["Clash","Twin Strike+1"],"picked":"Heavy Blade","floor":23},{"not_picked":["Reckless Charge","Armaments"],"picked":"Perfected Strike","floor":25},{"not_picked":["Heavy Blade","Iron Wave+1"],"picked":"Whirlwind","floor":28},{"not_picked":["Sword Boomerang","Iron Wave"],"picked":"Offering","floor":31},{"not_picked":["Wild Strike","Entrench+1"],"picked":"Warcry","floor":32},{"not_picked":["Feed","Corruption"],"picked":"Immolate","floor":33},{"not_picked":[],"picked":"Warcry+1","floor":35},{"not_picked":["Iron Wave+1"],"picked":"SKIP","floor":36},{"not_picked":[],"picked":"Shrug It Off+1","floor":38},{"not_picked":["Armaments+1"],"picked":"SKIP","floor":41},{"not_picked":["Sever Soul+1"],"picked":"SKIP","floor":45}],"player_experience":67048,"relics_obtained":[{"floor":6,"key":"Torii"},{"floor":8,"key":"Dream Catcher"},{"floor":9,"key":"Ancient Tea Set"},{"floor":11,"key":"Orichalcum"},{"floor":21,"key":"War Paint"},{"floor":25,"key":"Red Mask"},{"floor":26,"key":"Self Forming Clay"},{"floor":27,"key":"Meat on the Bone"},{"floor":28,"key":"Juzu Bracelet"},{"floor":41,"key":"Centennial Puzzle"},{"floor":43,"key":"Nunchaku"}],"event_choices":[{"damage_healed":0,"gold_gain":74,"player_choice":"Gained Gold","damage_taken":0,"max_hp_gain":0,"max_hp_loss":0,"event_name":"Golden Wing","floor":4,"gold_loss":0},{"damage_healed":20,"gold_gain":0,"player_choice":"Healed and dodged fight","damage_taken":0,"max_hp_gain":0,"max_hp_loss":0,"event_name":"Mushrooms","floor":12,"gold_loss":0,"cards_obtained":["Parasite"]},{"damage_healed":0,"gold_gain":0,"player_choice":"Ignored","damage_taken":0,"max_hp_gain":0,"max_hp_loss":0,"event_name":"Beggar","floor":19,"gold_loss":0},{"damage_healed":0,"gold_gain":0,"player_choice":"Simplicity","damage_taken":0,"max_hp_gain":0,"max_hp_loss":0,"event_name":"Back to Basics","floor":24,"gold_loss":0,"cards_upgraded":["Strike_R","Strike_R","Strike_R","Strike_R","Strike_R","Defend_R","Defend_R","Defend_R","Defend_R"]},{"damage_healed":0,"gold_gain":0,"player_choice":"Fought Bandits","damage_taken":0,"max_hp_gain":0,"max_hp_loss":0,"event_name":"Masked Bandits","floor":25,"gold_loss":0},{"damage_healed":0,"gold_gain":75,"player_choice":"Touch","damage_taken":8,"max_hp_gain":0,"max_hp_loss":0,"event_name":"FaceTrader","floor":30,"gold_loss":0},{"damage_healed":20,"gold_gain":0,"player_choice":"Writhe","damage_taken":0,"max_hp_gain":0,"max_hp_loss":0,"event_name":"Winding Halls","floor":39,"gold_loss":0,"cards_obtained":["Writhe"]},{"damage_healed":0,"gold_gain":0,"player_choice":"Cursed","damage_taken":0,"max_hp_gain":0,"max_hp_loss":0,"event_name":"Wheel of Change","floor":44,"gold_loss":0,"cards_obtained":["Decay"]}],"is_beta":false,"boss_relics":[{"not_picked":["Astrolabe","Runic Dome"],"picked":"Velvet Choker"},{"not_picked":["SacredBark","Fusion Hammer"],"picked":"Busted Crown"}],"items_purged_floors":[],"is_endless":false,"potions_floor_spawned":[1,3,5,7,13,18,22,25,28,36],"killed_by":"Reptomancer","ascension_level":0}}