{"host":"exhp4inpfmbngj23","time":1611822962,"event":{"mods":["Abigail Mod","BaseMod","Beaked The Cultist","Downfall","Friendly Minions","Kiyohime????","Minty Spire (QoL Compilation)","StSLib","The Alterego"],"gold_per_floor":[99,99,99,99,84,84,84,69,95,195,212,225,25,37,49,153,153,53,69,87,87,87,97,142,142,176,195,210,210,239,239,257,355,355,355,369,384,403,416,744,744,844,844,396,396,412,412,427,445,445,445,445,445,445],"floor_reached":52,"language":"ENG","playtime":4258,"items_purged":[],"score":914,"play_id":"789cad0d-cb05-4f01-9a0f-b32b79039e88","local_time":"20210128003602","is_ascension_mode":true,"campfire_choices":[{"data":"bronze:Replicate","floor":1,"key":"SMITH"},{"floor":6,"key":"RECALL"},{"data":"bronze:Boost","floor":13,"key":"SMITH"},{"data":"bronze:SpaghettiCode","floor":18,"key":"SMITH"},{"data":"bronze:Separator","floor":25,"key":"SMITH"},{"data":"bronze:SpaghettiCode","floor":35,"key":"SMITH"},{"floor":43,"key":"REST"},{"floor":45,"key":"REST"}],"circlet_count":0,"master_deck":["bronze:Strike+1","bronze:Strike+1","bronze:Strike+1","bronze:Defend+1","bronze:Defend+1","bronze:Defend+1","bronze:Defend+1","bronze:Replicate+1","bronze:Goto+1","bronze:Boost+1","bronze:FineTuning","bronze:Overload","bronze:Format","bronze:CutThrough","bronze:DelayedSlice","bronze:Separator+1","bronze:Constructor+1","bronze:SpaghettiCode+1","bronze:ForceShield","bronze:Separator","bronze:ChildClass","bronze:FineTuning","bronze:Optimize","bronze:FineTuning+1","bronze:Iterate+1","bronze:Boost+1","bronze:SpaghettiCode+1","bronze:Separator+1","bronze:Branch+1","bronze:Repair+1","bronze:OilSpill+1","bronze:Flail","bronze:BronzeOrb","bronze:Repair","bronze:Optimize","bronze:Shell","bronze:InfiniteBeams+1","bronze:Shell+1"],"relics":["bronze:BronzeCore","Ice Cream","Bag of Preparation","downfall:HeartBlessingRed","downfall:HeartBlessingGreen","bronze:ElectromagneticCoil","downfall:HeartBlessingBlue","Akabeko","bronze:ProtectiveGoggles","PreservedInsect","Black Star","Question Card","Old Coin","Ginger","White Beast Statue"],"acts_visited":["Exordium","TheCity","TheBeyond","TheEnding"],"potions_floor_usage":[44,50,50,50],"damage_taken":[{"damage":0,"enemies":"downfall:FleeingMerchant","floor":5,"turns":4},{"damage":0,"enemies":"downfall:FleeingMerchant","floor":8,"turns":4},{"damage":26,"enemies":"Lagavulin","floor":9,"turns":7},{"damage":0,"enemies":"2 Louse","floor":11,"turns":2},{"damage":0,"enemies":"Jaw Worm","floor":12,"turns":3},{"damage":2,"enemies":"Small Slimes","floor":14,"turns":2},{"damage":0,"enemies":"Blue Slaver","floor":15,"turns":3},{"damage":0,"enemies":"IC_STATUS_ARCHETYPE","floor":16,"turns":8},{"damage":0,"enemies":"3 Byrds","floor":19,"turns":2},{"damage":0,"enemies":"Shell Parasite","floor":20,"turns":3},{"damage":2,"enemies":"Centurion and Healer","floor":23,"turns":6},{"damage":10,"enemies":"Slavers","floor":26,"turns":5},{"damage":3,"enemies":"Snecko","floor":27,"turns":5},{"damage":15,"enemies":"Snake Plant","floor":28,"turns":2},{"damage":0,"enemies":"Gremlin Leader","floor":30,"turns":5},{"damage":0,"enemies":"Chosen and Byrds","floor":32,"turns":5},{"damage":0,"enemies":"WA_ARCHETYPE_CALM","floor":33,"turns":4},{"damage":16,"enemies":"3 Darklings","floor":36,"turns":5},{"damage":0,"enemies":"Orb Walker","floor":37,"turns":3},{"damage":0,"enemies":"Sphere and 2 Shapes","floor":38,"turns":2},{"damage":36,"enemies":"Maw","floor":39,"turns":9},{"damage":73,"enemies":"Nemesis","floor":40,"turns":8},{"damage":0,"enemies":"downfall:FleeingMerchant","floor":44,"turns":4},{"damage":3,"enemies":"3 Darklings","floor":46,"turns":2},{"damage":16,"enemies":"Sphere and 2 Shapes","floor":48,"turns":2},{"damage":47,"enemies":"4 Shapes","floor":49,"turns":5},{"damage":40,"enemies":"SI_POISON_ARCHETYPE","floor":50,"turns":31},{"damage":120,"enemies":"downfall:CharBossMerchant","floor":52,"turns":8}],"seed_played":"-8724422047153969736","potions_obtained":[{"floor":9,"key":"sneckomod:MuddlingPotion"},{"floor":14,"key":"Fire Potion"},{"floor":16,"key":"BlessingOfTheForge"},{"floor":22,"key":"LiquidMemories"},{"floor":29,"key":"CultistPotion"},{"floor":38,"key":"FairyPotion"},{"floor":46,"key":"Dexterity Potion"},{"floor":48,"key":"hexamod:SoulburnPotion"}],"is_trial":false,"path_per_floor":["R","?","T","?","$","R","T","$","E","?","M","M","R","M","M","B",null,"R","M","M","?","?","M","T","R","E","M","M","?","E","?","M","B",null,"R","M","M","M","M","E","T","?","R","$","R","M","?","M","M","B",null,"E"],"character_chosen":"THE_AUTOMATON","items_purchased":["White Beast Statue","bronze:BronzeOrb","bronze:Repair","bronze:Optimize"],"campfire_rested":2,"item_purchase_floors":[44,44,44,44],"current_hp_per_floor":[77,77,77,82,82,82,82,82,56,56,56,56,56,54,54,54,82,92,92,92,92,92,90,90,90,80,77,62,62,62,62,62,62,92,92,76,76,76,48,13,13,13,40,48,75,72,72,56,31,9,92,0,0,0],"gold":445,"neow_bonus":"TEN_PERCENT_HP_BONUS","is_daily":false,"chose_seed":false,"campfire_upgraded":5,"win_rate":0.0,"timestamp":1611822962,"path_taken":["R","?","?","?","$","R","T","$","E","?","M","M","R","M","M","BOSS","R","M","M","?","?","?","T","R","E","M","M","?","E","?","M","BOSS","R","M","M","M","M","E","T","?","R","$","R","?","?","M","M","BOSS","E"],"items_purchased_type":["Relic","Card","Card","Card"],"build_version":"2020-12-22","purchased_purges":0,"victory":false,"max_hp_per_floor":[77,77,77,82,82,82,82,82,82,82,82,82,82,82,82,82,82,92,92,92,92,92,92,92,92,92,92,92,92,92,92,92,92,92,92,92,92,92,92,92,92,92,92,92,92,92,92,92,92,92,92,92,92,92],"card_choices":[{"not_picked":["bronze:Deprecate","bronze:Shell"],"picked":"bronze:FineTuning","floor":5},{"not_picked":["bronze:CleanCode","bronze:Turbo"],"picked":"bronze:Overload","floor":8},{"not_picked":["bronze:Overheat","bronze:WhirlingStrike"],"picked":"bronze:Format","floor":9},{"not_picked":["bronze:Philosophize","bronze:Deprecate"],"picked":"bronze:CutThrough","floor":11},{"not_picked":["bronze:Frontload","bronze:ChildClass"],"picked":"bronze:DelayedSlice","floor":12},{"not_picked":["bronze:Overheat","bronze:Turbo"],"picked":"bronze:Separator","floor":14},{"not_picked":["bronze:CutThrough","bronze:WildBeam"],"picked":"bronze:Constructor","floor":15},{"not_picked":["bronze:HardenedForm","bronze:BurnOut"],"picked":"bronze:SpaghettiCode","floor":16},{"not_picked":["bronze:Deprecate","bronze:ClassDefault"],"picked":"bronze:ForceShield","floor":19},{"not_picked":["bronze:WildBeam+1","bronze:OilSpill+1"],"picked":"bronze:Separator","floor":20},{"not_picked":["bronze:Shield+1","bronze:Constructor"],"picked":"bronze:ChildClass","floor":23},{"not_picked":["bronze:Iterate","bronze:CutThrough"],"picked":"bronze:FineTuning","floor":26},{"not_picked":["bronze:OilSpill","bronze:Constructor"],"picked":"bronze:Optimize","floor":27},{"not_picked":["bronze:Frontload","bronze:Refactor+1"],"picked":"bronze:FineTuning+1","floor":28},{"not_picked":["bronze:ShipIt","bronze:Philosophize"],"picked":"bronze:Iterate+1","floor":30},{"not_picked":["bronze:Return","bronze:Refactor"],"picked":"bronze:Boost+1","floor":32},{"not_picked":["bronze:Library","bronze:BurnOut"],"picked":"bronze:SpaghettiCode","floor":33},{"not_picked":["bronze:Invalidate+1","bronze:CutThrough"],"picked":"bronze:Separator+1","floor":36},{"not_picked":["bronze:BuggyMess","bronze:Refactor"],"picked":"bronze:Branch+1","floor":37},{"not_picked":["bronze:Constructor","bronze:NullPointer+1"],"picked":"bronze:Repair","floor":38},{"not_picked":["bronze:Shield","bronze:Deprecate"],"picked":"bronze:OilSpill+1","floor":39},{"not_picked":["bronze:Deprecate+1","bronze:Repulsor"],"picked":"bronze:Flail","floor":40},{"not_picked":["bronze:Optimize","bronze:DelayedSlice","bronze:BuggyMess+1","bronze:Overload+1"],"picked":"SKIP","floor":44},{"not_picked":["bronze:BitShift+1","bronze:Overheat","bronze:Separator+1"],"picked":"bronze:Shell","floor":46},{"not_picked":["bronze:BitShift","bronze:ItsAFeature+1","bronze:Branch"],"picked":"bronze:InfiniteBeams+1","floor":48},{"not_picked":["bronze:Branch+1","bronze:Separator","bronze:HyperBeam"],"picked":"bronze:Shell+1","floor":49}],"player_experience":2064968,"relics_obtained":[{"floor":3,"key":"Ice Cream"},{"floor":9,"key":"Bag of Preparation"},{"floor":24,"key":"Akabeko"},{"floor":26,"key":"bronze:ProtectiveGoggles"},{"floor":30,"key":"PreservedInsect"},{"floor":40,"key":"Question Card"},{"floor":40,"key":"Old Coin"},{"floor":41,"key":"Ginger"}],"event_choices":[{"damage_healed":0,"gold_gain":0,"player_choice":"Donut","damage_taken":0,"max_hp_gain":5,"max_hp_loss":0,"event_name":"Big Fish","floor":4,"gold_loss":0},{"damage_healed":0,"gold_gain":0,"player_choice":"Got Potions","damage_taken":0,"max_hp_gain":0,"max_hp_loss":0,"event_name":"Lab","floor":22,"gold_loss":0},{"damage_healed":0,"gold_gain":0,"player_choice":"Ignored","damage_taken":0,"max_hp_gain":0,"max_hp_loss":0,"event_name":"Ghosts","floor":31,"gold_loss":0}],"is_beta":false,"boss_relics":[{"not_picked":["Fusion Hammer","Cursed Key"],"picked":"bronze:ElectromagneticCoil"},{"not_picked":["Philosopher\u0027s Stone","bronze:MakeshiftBattery"],"picked":"Black Star"}],"items_purged_floors":[],"is_endless":false,"potions_floor_spawned":[9,14,16,19,26,30,33,38,39,46,48,49],"killed_by":"downfall:CharBossMerchant","ascension_level":1}}