{"host":"4rvakrj1idbgia3f","time":1611861474,"event":{"mods":["BaseMod","Colored Map","Colored Powertips","DeckTracker","Highlight Path","Minty Spire (QoL Compilation)","Random Character Button","StSLib"],"gold_per_floor":[109,5,23,41,53,53,84,84,133,163,163,198,59,123,123,123,123],"floor_reached":16,"language":"JPN","playtime":479,"items_purged":["Defend_G","Parasite"],"score":236,"play_id":"608ba1ac-bef3-4053-aa2e-0c296995e2dc","local_time":"20210129041754","is_ascension_mode":true,"campfire_choices":[{"data":"Dagger Spray","floor":6.0,"key":"SMITH"},{"data":"Bane","floor":8.0,"key":"SMITH"},{"floor":15,"key":"REST"}],"circlet_count":0,"master_deck":["AscendersBane","Strike_G","Strike_G","Strike_G","Strike_G","Strike_G","Defend_G","Defend_G","Defend_G","Defend_G","Survivor","Neutralize","Bouncing Flask","Poisoned Stab","Bane+1","Backstab","Dagger Spray+1","PiercingWail","Dodge and Roll","Blur","Bullet Time"],"relics":["Ring of the Snake","NeowsBlessing","InkBottle","Tiny Chest","Juzu Bracelet","Dream Catcher","Boot"],"acts_visited":["Exordium"],"potions_floor_usage":[10,14],"damage_taken":[{"damage":0.0,"enemies":"Small Slimes","floor":1.0,"turns":1.0},{"damage":0.0,"enemies":"Cultist","floor":3.0,"turns":1.0},{"damage":0.0,"enemies":"Jaw Worm","floor":4.0,"turns":1.0},{"damage":0.0,"enemies":"3 Louse","floor":5.0,"turns":2.0},{"damage":24.0,"enemies":"3 Sentries","floor":7.0,"turns":8.0},{"damage":19,"enemies":"Gremlin Nob","floor":10,"turns":4},{"damage":16,"enemies":"Lagavulin","floor":12,"turns":5},{"damage":0,"enemies":"Gremlin Nob","floor":14,"turns":2},{"damage":38,"enemies":"Slime Boss","floor":16,"turns":7}],"seed_played":"4622094882705807046","potions_obtained":[{"floor":1.0,"key":"SpeedPotion"},{"floor":3.0,"key":"SkillPotion"},{"floor":4.0,"key":"BlessingOfTheForge"},{"floor":7.0,"key":"SpeedPotion"},{"floor":12,"key":"Strength Potion"}],"is_trial":false,"path_per_floor":["M","$","M","M","M","R","E","R","T","E","?","E","$","?","R","B"],"character_chosen":"THE_SILENT","items_purchased":["Poisoned Stab","Blur"],"campfire_rested":1,"item_purchase_floors":[2,13],"current_hp_per_floor":[59,59,59,59,59,59,35,35,35,16,32,16,16,16,34,0,0],"gold":123,"neow_bonus":"THREE_ENEMY_KILL","is_daily":false,"chose_seed":false,"campfire_upgraded":2,"win_rate":0.0,"timestamp":1611861474,"path_taken":["M","$","M","M","M","R","E","R","T","E","?","E","$","?","R","BOSS"],"items_purchased_type":["Card","Card"],"build_version":"2020-12-22","purchased_purges":2,"victory":false,"max_hp_per_floor":[66,66,66,66,66,66,66,66,66,66,66,66,63,63,63,63,63],"card_choices":[{"not_picked":["Distraction","Prepared"],"picked":"Bouncing Flask","floor":1.0},{"not_picked":["PiercingWail","Flechettes"],"picked":"Bane","floor":3.0},{"not_picked":["Setup","Flechettes"],"picked":"Backstab","floor":4.0},{"not_picked":["Riddle With Holes","PiercingWail"],"picked":"Dagger Spray","floor":5.0},{"not_picked":["All Out Attack","Endless Agony"],"picked":"PiercingWail","floor":7.0},{"not_picked":["Reflex","Eviscerate","Distraction"],"picked":"SKIP","floor":10},{"not_picked":["Tactician","Riddle With Holes"],"picked":"Dodge and Roll","floor":12},{"not_picked":["Sucker Punch","Underhanded Strike"],"picked":"Bullet Time","floor":15}],"player_experience":2128402,"relics_obtained":[{"floor":7.0,"key":"InkBottle"},{"floor":9.0,"key":"Tiny Chest"},{"floor":10,"key":"Juzu Bracelet"},{"floor":12,"key":"Dream Catcher"},{"floor":14,"key":"Boot"}],"event_choices":[{"damage_healed":16,"gold_gain":0,"player_choice":"Healed and dodged fight","damage_taken":0,"max_hp_gain":0,"max_hp_loss":0,"event_name":"Mushrooms","floor":11,"gold_loss":0,"cards_obtained":["Parasite"]},{"damage_healed":0,"gold_gain":0,"player_choice":"Searched \u00271\u0027 times","damage_taken":0,"max_hp_gain":0,"max_hp_loss":0,"event_name":"Dead Adventurer","floor":14,"gold_loss":0}],"is_beta":false,"boss_relics":[],"items_purged_floors":[2,13],"is_endless":false,"potions_floor_spawned":[1,3,4,7,12],"killed_by":"Slime Boss","ascension_level":20}}