{"host":"ml2ro5l6hu6y0pll","time":1611852663,"event":{"mods":["AchievementEnabler","BaseMod","Colored Map","Colored Powertips","Custom Start","Googly Eyes","Minty Spire (QoL Compilation)","Quick Restart","Rare Cards Sparkle","Relic Stats","Reliquary","StSLib","everything is the same but u backflip on backflip"],"gold_per_floor":[114,114,195,218,231,275,315,349,419,458,371,406,447,447,447,540,540,563,290,313,333,351,394,429,447,471,384,428,459,459,497,497,588,588,602,477,255,278,298,331,364,389,389,420,451,486,517,553,553,553,553,553,553,241,285,285],"floor_reached":57,"language":"ENG","playtime":3334,"items_purged":[],"score":4173,"play_id":"bad9c1e3-1437-4c6b-80c5-504ec836bc36","local_time":"20210128165103","daily_mods":["Flight","Elite Swarm"],"is_ascension_mode":true,"campfire_choices":[{"data":"Limit Break","floor":15,"key":"SMITH"},{"floor":30,"key":"RECALL"},{"floor":32,"key":"REST"},{"floor":49,"key":"REST"},{"floor":53,"key":"REST"}],"circlet_count":0,"master_deck":["Pommel Strike","Sword Boomerang","Uppercut","Uppercut","Uppercut","Whirlwind","Ghostly Armor","Shrug It Off+1","Shrug It Off","Spot Weakness+1","Shockwave","Flame Barrier","Flame Barrier","Flame Barrier","Demon Form+1","Impervious","Barricade+1","Demon Form+1","Limit Break+1","Reaper","Bludgeon","Feel No Pain+1","Reaper","Corruption+1","Exhume","Feed","Exhume","Feel No Pain+1","Entrench","Feed","Impervious","Impervious","Exhume","Exhume"],"relics":["Burning Blood","Membership Card","Vajra","Snecko Eye","Golden Idol","Frozen Egg 2","Bottled Flame","Pocketwatch","reliquary:TuningFork","Kunai","Meat on the Bone","DollysMirror","Torii","reliquary:PartyBalloon","Fusion Hammer","Question Card","Eternal Feather","Paper Frog","Incense Burner","War Paint","reliquary:SharkskinSheath","reliquary:PorcupineQuills","Lizard Tail","SlaversCollar","Chemical X","Shuriken","ClockworkSouvenir","reliquary:Aerogel","StoneCalendar","Unceasing Top","reliquary:ExpiredCoupon","Champion Belt","Calipers","InkBottle","Self Forming Clay","CaptainsWheel","Bottled Tornado","Happy Flower"],"acts_visited":["Exordium","TheCity","TheBeyond","TheEnding"],"potions_floor_usage":[21,23,33,38,42,44,56],"damage_taken":[{"damage":0,"enemies":"Small Slimes","floor":1,"turns":2},{"damage":0,"enemies":"Jaw Worm","floor":4,"turns":2},{"damage":0,"enemies":"2 Louse","floor":5,"turns":1},{"damage":0,"enemies":"Gremlin Nob","floor":6,"turns":2},{"damage":0,"enemies":"3 Sentries","floor":7,"turns":4},{"damage":0,"enemies":"Gremlin Nob","floor":8,"turns":3},{"damage":0,"enemies":"Lagavulin","floor":10,"turns":4},{"damage":0,"enemies":"3 Sentries","floor":12,"turns":4},{"damage":0,"enemies":"Gremlin Nob","floor":13,"turns":2},{"damage":1,"enemies":"Hexaghost","floor":16,"turns":4},{"damage":0,"enemies":"Spheric Guardian","floor":18,"turns":3},{"damage":1,"enemies":"Shell Parasite","floor":20,"turns":3},{"damage":0,"enemies":"3 Cultists","floor":21,"turns":3},{"damage":17,"enemies":"Shelled Parasite and Fungi","floor":22,"turns":4},{"damage":7,"enemies":"Gremlin Leader","floor":23,"turns":3},{"damage":0,"enemies":"Book of Stabbing","floor":24,"turns":3},{"damage":0,"enemies":"Snake Plant","floor":25,"turns":3},{"damage":1,"enemies":"Slavers","floor":28,"turns":8},{"damage":0,"enemies":"Book of Stabbing","floor":29,"turns":6},{"damage":3,"enemies":"Slavers","floor":31,"turns":6},{"damage":0,"enemies":"Automaton","floor":33,"turns":4},{"damage":0,"enemies":"3 Shapes","floor":35,"turns":6},{"damage":1,"enemies":"3 Darklings","floor":38,"turns":2},{"damage":0,"enemies":"Sphere and 2 Shapes","floor":39,"turns":8},{"damage":0,"enemies":"Giant Head","floor":40,"turns":10},{"damage":0,"enemies":"Nemesis","floor":41,"turns":11},{"damage":21,"enemies":"Jaw Worm Horde","floor":42,"turns":2},{"damage":0,"enemies":"Reptomancer","floor":44,"turns":5},{"damage":0,"enemies":"Mind Bloom Boss Battle","floor":45,"turns":4},{"damage":13,"enemies":"Giant Head","floor":46,"turns":8},{"damage":0,"enemies":"Reptomancer","floor":47,"turns":6},{"damage":0,"enemies":"Giant Head","floor":48,"turns":6},{"damage":0,"enemies":"Donu and Deca","floor":50,"turns":7},{"damage":32,"enemies":"Time Eater","floor":51,"turns":10},{"damage":0,"enemies":"Shield and Spear","floor":55,"turns":4},{"damage":4,"enemies":"The Heart","floor":56,"turns":10}],"seed_played":"334052929090545394","potions_obtained":[{"floor":1,"key":"FairyPotion"},{"floor":6,"key":"Block Potion"},{"floor":10,"key":"Strength Potion"},{"floor":22,"key":"ColorlessPotion"},{"floor":23,"key":"Dexterity Potion"},{"floor":33,"key":"LiquidMemories"},{"floor":41,"key":"Swift Potion"},{"floor":42,"key":"SneckoOil"},{"floor":45,"key":"LiquidMemories"}],"is_trial":true,"path_per_floor":["M","?","T","M","M","E","E","E","T","E","$","E","E","?","R","B",null,"M","$","M","M","M","E","E","M","T","$","E","E","R","E","R","B",null,"M","$","$","M","M","E","E","M","T","E","?","E","E","E","R","B","B",null,"R","$","E","B",null],"character_chosen":"IRONCLAD","items_purchased":["DollysMirror","Question Card","Eternal Feather","War Paint","Chemical X","Feel No Pain+1","Shuriken","ClockworkSouvenir","CaptainsWheel","Bottled Tornado"],"campfire_rested":3,"item_purchase_floors":[11,19,19,27,36,36,37,37,54,54],"current_hp_per_floor":[74,48,48,54,60,66,72,75,75,75,75,75,75,75,75,75,75,75,75,75,75,75,74,75,75,75,75,75,75,75,75,75,78,78,84,84,84,84,87,90,93,81,81,99,102,102,105,108,108,114,117,117,117,117,123,123],"gold":285,"neow_bonus":"","is_daily":false,"chose_seed":false,"campfire_upgraded":1,"win_rate":0.0,"timestamp":1611852663,"path_taken":["M","?","?","M","M","E","E","E","T","E","$","E","E","?","R","BOSS","M","$","M","M","M","E","E","M","T","$","E","E","R","E","R","BOSS","M","$","$","M","M","E","E","M","T","E","?","E","E","E","R","BOSS","BOSS","R","$","E","BOSS"],"items_purchased_type":["Relic","Relic","Relic","Relic","Relic","Card","Relic","Relic","Relic","Relic"],"build_version":"2020-12-22","purchased_purges":0,"victory":true,"max_hp_per_floor":[75,75,75,75,75,75,75,75,75,75,75,75,75,75,75,75,75,75,75,75,75,75,75,75,75,75,75,75,75,75,75,75,78,78,84,84,84,84,87,90,93,96,96,99,102,102,105,108,108,114,117,117,117,117,123,123],"relic_stats":{"Torii":7,"Happy Flower":[3],"counters":[36,173],"Golden Idol":282,"Self Forming Clay":[9],"Eternal Feather":0,"StoneCalendar":[156],"War Paint":["Spot Weakness","Shrug It Off"],"Question Card":22,"Burning Blood":48,"Lizard Tail":0,"Shuriken":[8],"Snecko Eye":[328,307,337,344],"Kunai":[14],"Chemical X":[19],"Champion Belt":[19],"obtain_stats":[{"Calipers":46,"Torii":12,"reliquary:PartyBalloon":13,"reliquary:Aerogel":40,"Vajra":0,"StoneCalendar":41,"Incense Burner":24,"Bottled Tornado":54,"Burning Blood":0,"ClockworkSouvenir":37,"Lizard Tail":31,"DollysMirror":11,"Fusion Hammer":17,"Kunai":9,"Chemical X":36,"InkBottle":47,"Paper Frog":23,"reliquary:SharkskinSheath":28,"Happy Flower":55,"Golden Idol":2,"Self Forming Clay":48,"Eternal Feather":19,"Frozen Egg 2":3,"War Paint":27,"Question Card":19,"SlaversCollar":34,"reliquary:ExpiredCoupon":44,"Bottled Flame":6,"CaptainsWheel":54,"reliquary:PorcupineQuills":29,"Shuriken":37,"Snecko Eye":0,"reliquary:TuningFork":8,"Membership Card":0,"Champion Belt":45,"Unceasing Top":43,"Pocketwatch":7,"Meat on the Bone":10},{"Calipers":30,"Torii":8,"reliquary:PartyBalloon":9,"reliquary:Aerogel":25,"Vajra":0,"StoneCalendar":26,"Incense Burner":16,"Bottled Tornado":34,"Burning Blood":0,"ClockworkSouvenir":22,"Lizard Tail":20,"DollysMirror":7,"Fusion Hammer":10,"Kunai":6,"Chemical X":22,"InkBottle":31,"Paper Frog":15,"reliquary:SharkskinSheath":18,"Happy Flower":35,"Golden Idol":1,"Self Forming Clay":32,"Eternal Feather":11,"Frozen Egg 2":1,"War Paint":17,"Question Card":11,"SlaversCollar":21,"reliquary:ExpiredCoupon":28,"Bottled Flame":4,"CaptainsWheel":34,"reliquary:PorcupineQuills":19,"Shuriken":22,"Snecko Eye":0,"reliquary:TuningFork":6,"Membership Card":0,"Champion Belt":29,"Unceasing Top":27,"Pocketwatch":5,"Meat on the Bone":7},{"Calipers":130,"Torii":22,"reliquary:PartyBalloon":24,"reliquary:Aerogel":100,"Vajra":0,"StoneCalendar":111,"Incense Burner":47,"Bottled Tornado":159,"Burning Blood":0,"ClockworkSouvenir":80,"Lizard Tail":70,"DollysMirror":18,"Fusion Hammer":28,"Kunai":14,"Chemical X":80,"InkBottle":136,"Paper Frog":44,"reliquary:SharkskinSheath":58,"Happy Flower":163,"Golden Idol":2,"Self Forming Clay":142,"Eternal Feather":31,"Frozen Egg 2":2,"War Paint":50,"Question Card":31,"SlaversCollar":74,"reliquary:ExpiredCoupon":118,"Bottled Flame":7,"CaptainsWheel":159,"reliquary:PorcupineQuills":64,"Shuriken":80,"Snecko Eye":0,"reliquary:TuningFork":14,"Membership Card":0,"Champion Belt":122,"Unceasing Top":113,"Pocketwatch":11,"Meat on the Bone":18}],"Unceasing Top":[1],"InkBottle":[14],"Pocketwatch":[189],"Meat on the Bone":0},"card_choices":[{"not_picked":["Dropkick","Fire Breathing","Wild Strike"],"picked":"SKIP","floor":1},{"not_picked":["Twin Strike","Bloodletting","True Grit"],"picked":"SKIP","floor":4},{"not_picked":["Armaments","Dropkick","Warcry"],"picked":"SKIP","floor":5},{"not_picked":["Barricade+1","Berserk+1"],"picked":"Demon Form+1","floor":6},{"not_picked":["Double Tap","Brutality+1"],"picked":"Impervious","floor":7},{"not_picked":["Limit Break","Impervious"],"picked":"Barricade+1","floor":8},{"not_picked":["Demon Form+1","Immolate","Brutality+1"],"picked":"SKIP","floor":10},{"not_picked":["Offering","Bludgeon"],"picked":"Limit Break","floor":12},{"not_picked":["Double Tap","Exhume"],"picked":"Reaper","floor":13},{"not_picked":["Immolate","Fiend Fire"],"picked":"Bludgeon","floor":16},{"not_picked":["Body Slam","Twin Strike","Pommel Strike"],"picked":"SKIP","floor":18},{"not_picked":["Sentinel","Sword Boomerang","Wild Strike"],"picked":"Feel No Pain+1","floor":20},{"not_picked":["Havoc","Evolve+1","True Grit","Disarm"],"picked":"SKIP","floor":21},{"not_picked":["Armaments","Infernal Blade","Havoc","Body Slam"],"picked":"SKIP","floor":22},{"not_picked":["Brutality+1","Bludgeon","Immolate"],"picked":"Reaper","floor":23},{"not_picked":["Bludgeon","Berserk+1","Fiend Fire"],"picked":"Corruption+1","floor":24},{"not_picked":["Sword Boomerang","Evolve+1","Flame Barrier","Clothesline"],"picked":"SKIP","floor":25},{"not_picked":["Exhume","Brutality+1","Fiend Fire","Bludgeon"],"picked":"SKIP","floor":28},{"not_picked":["Brutality+1","Fiend Fire","Bludgeon"],"picked":"Exhume","floor":28},{"not_picked":["Double Tap","Corruption+1","Juggernaut+1","Fiend Fire"],"picked":"SKIP","floor":29},{"not_picked":["Barricade+1","Double Tap","Bludgeon"],"picked":"Feed","floor":31},{"not_picked":["Limit Break","Fiend Fire","Juggernaut+1"],"picked":"Exhume","floor":33},{"not_picked":["Rupture+1","True Grit","Whirlwind","Cleave"],"picked":"SKIP","floor":35},{"not_picked":["Pummel","Sentinel+1","Fire Breathing+1"],"picked":"Entrench","floor":38},{"not_picked":["Carnage","Shrug It Off","Clash"],"picked":"Feed","floor":39},{"not_picked":["Reaper","Double Tap","Bludgeon"],"picked":"Impervious","floor":40},{"not_picked":["Offering","Barricade+1","Reaper","Feed"],"picked":"SKIP","floor":41},{"not_picked":["Seeing Red+1","Iron Wave","Body Slam","Perfected Strike"],"picked":"SKIP","floor":42},{"not_picked":["Double Tap","Reaper","Limit Break","Feed"],"picked":"SKIP","floor":44},{"not_picked":["Limit Break","Berserk+1","Feed","Brutality+1"],"picked":"SKIP","floor":46},{"not_picked":["Juggernaut+1","Reaper","Berserk+1"],"picked":"Impervious","floor":47},{"not_picked":["Double Tap","Exhume","Impervious","Offering"],"picked":"SKIP","floor":48},{"not_picked":["Double Tap","Impervious","Offering"],"picked":"Exhume","floor":48},{"not_picked":["Corruption+1","Berserk+1","Barricade+1"],"picked":"Exhume","floor":55}],"player_experience":858164,"relics_obtained":[{"floor":3,"key":"Frozen Egg 2"},{"floor":6,"key":"Bottled Flame"},{"floor":7,"key":"Pocketwatch"},{"floor":8,"key":"reliquary:TuningFork"},{"floor":9,"key":"Kunai"},{"floor":10,"key":"Meat on the Bone"},{"floor":12,"key":"Torii"},{"floor":13,"key":"reliquary:PartyBalloon"},{"floor":23,"key":"Paper Frog"},{"floor":24,"key":"Incense Burner"},{"floor":28,"key":"reliquary:SharkskinSheath"},{"floor":29,"key":"reliquary:PorcupineQuills"},{"floor":31,"key":"Lizard Tail"},{"floor":40,"key":"reliquary:Aerogel"},{"floor":41,"key":"StoneCalendar"},{"floor":43,"key":"Unceasing Top"},{"floor":44,"key":"reliquary:ExpiredCoupon"},{"floor":45,"key":"Champion Belt"},{"floor":46,"key":"Calipers"},{"floor":47,"key":"InkBottle"},{"floor":48,"key":"Self Forming Clay"},{"floor":55,"key":"Happy Flower"}],"event_choices":[{"damage_healed":0,"gold_gain":0,"player_choice":"Take Damage","damage_taken":26,"relics_obtained":["Golden Idol"],"max_hp_gain":0,"max_hp_loss":0,"event_name":"Golden Idol","floor":2,"gold_loss":0},{"damage_healed":0,"gold_gain":0,"player_choice":"Ignored","damage_taken":0,"max_hp_gain":0,"max_hp_loss":0,"event_name":"Liars Game","floor":14,"gold_loss":0},{"damage_healed":0,"gold_gain":0,"player_choice":"Fight","damage_taken":0,"max_hp_gain":0,"max_hp_loss":0,"event_name":"MindBloom","floor":45,"gold_loss":0}],"is_beta":false,"boss_relics":[{"not_picked":["Runic Dome","Mark of Pain"],"picked":"Fusion Hammer"},{"not_picked":["Calling Bell","reliquary:Ember"],"picked":"SlaversCollar"}],"items_purged_floors":[],"is_endless":false,"potions_floor_spawned":[1,6,10,22,23,24,33,41,42,45,46,48],"ascension_level":20}}