{"host":"qxg8jw17mi4k9uod","time":1611797682,"event":{"mods":["AchievementEnabler","BaseMod","BetterRewards","Colored Map","Custom Start","Downfall","Gold Saver","Grow up Mod","Hero for Fun","Highlight Path","Marisa????????","Minty Spire (QoL Compilation)","Remove Card Discount Mod","Replay The Spire","Shop Mod","StSLib","The Construct","Transform Curses"],"gold_per_floor":[116,116,37,98,118,118,188,250,250,313,278,30,30,86,86,182,182,198,46,46,46,104,104,184,243,290,290,27,97,85,110,110,270,270,341,113,141,169,198,198,247,325,325,353,434,505,574,670,670,721,721,721,333,363,379],"floor_reached":56,"language":"ENG","playtime":8666,"items_purged":["construct:Defend_Gold","construct:Strike_Gold","construct:Defend_Gold","construct:Defend_Gold","construct:Strike_Gold","construct:Strike_Gold","construct:Strike_Gold","construct:Strike_Gold","construct:PowerUp+1","construct:Multistage+1"],"score":1713,"play_id":"e3d49847-1266-4cbd-8a28-0416c6ad80b1","local_time":"20210127173442","is_ascension_mode":false,"campfire_choices":[{"floor":6,"key":"RECALL"},{"data":"construct:Enhance","floor":13,"key":"SMITH"},{"data":"construct:Enhance+1","floor":15,"key":"SMITH"},{"data":"construct:Analyze+1","floor":23,"key":"SMITH"},{"data":"Specialist","floor":27,"key":"SMITH"},{"data":"construct:PointDefense","floor":32,"key":"SMITH"},{"data":"DevaForm","floor":40,"key":"SMITH"},{"data":"construct:PointDefense+1","floor":49,"key":"SMITH"},{"data":"construct:Failsafe","floor":52,"key":"SMITH"}],"circlet_count":0,"master_deck":["construct:Autoturret+1","construct:Synchronize","construct:Autoturret+1","construct:Autoturret+1","Specialist+1","construct:Zapper","construct:Boost+1","construct:LaserCore","construct:QuickAttack+1","construct:Autoturret+1","construct:Boost+1","construct:LaserCore","construct:Enhance+2","construct:Failsafe+1","construct:BatteryCore+2","construct:Autoturret+1","construct:BatteryCore+1","construct:QuickAttack+2","Mayhem","Mayhem","construct:Analyze+2","construct:ScopeCore+1","construct:Autoturret+1","construct:Autoturret+1","Beam Cell+1","construct:PointDefense+2","Electrodynamics","construct:LaserCore+1","construct:SuppressiveFire+2","Guardian:Gem_Crimson","construct:ForceCore+1","DevaForm+1","construct:ElectricArmor+1","Demon Form","Storm","construct:ReactiveShield","Specialist","construct:Reserves+1","Go for the Eyes+1"],"relics":["construct:ClockworkPhoenix","Molten Egg 2","MerchantsRug","construct:MasterCore","Replay:Multitool","Unceasing Top","Ice Cream","Mummified Hand","Eternal Feather","Pondfish Scales","ReplayTheSpireMod:Ring of Challenge","Ring of Panic","Question Card","Toxic Egg 2","Ancient Tea Set","Membership Card","Replay:Rubber Ducky","SlaversCollar","DollysMirror","Nilry\u0027s Codex","Replay:Bottled Eggs","Chameleon Ring","Replay:Bandana","PrismaticShard","PreservedInsect","Bottled Flame","Astrolabe","Bird Faced Urn","Boot","ReplayTheSpireMod:TigerMarble","Singing Bowl","Art of War","Bottled Tornado","Bronze Scales","TheAbacus","Whetstone","Nunchaku","Blood Vial"],"acts_visited":["Exordium","TheCity","TheBeyond","TheEnding"],"potions_floor_usage":[],"damage_taken":[{"damage":0,"enemies":"Cultist","floor":1,"turns":2},{"damage":3,"enemies":"Small Slimes","floor":4,"turns":2},{"damage":1,"enemies":"Jaw Worm","floor":5,"turns":2},{"damage":25,"enemies":"Lagavulin","floor":7,"turns":5},{"damage":0,"enemies":"Large Slime","floor":8,"turns":5},{"damage":12,"enemies":"Blue Slaver","floor":10,"turns":4},{"damage":6,"enemies":"Exordium Thugs","floor":14,"turns":4},{"damage":0,"enemies":"The Guardian","floor":16,"turns":5},{"damage":0,"enemies":"Shell Parasite","floor":18,"turns":4},{"damage":13,"enemies":"2 Thieves","floor":22,"turns":4},{"damage":4,"enemies":"Replay:Snechameleon","floor":24,"turns":3},{"damage":22,"enemies":"Snake Plant","floor":25,"turns":2},{"damage":3,"enemies":"Shelled Parasite and Fungi","floor":29,"turns":3},{"damage":0,"enemies":"Snecko","floor":31,"turns":2},{"damage":0,"enemies":"Collector","floor":33,"turns":4},{"damage":59,"enemies":"3 Darklings","floor":35,"turns":4},{"damage":20,"enemies":"Orb Walker","floor":37,"turns":4},{"damage":0,"enemies":"3 Darklings","floor":38,"turns":4},{"damage":29,"enemies":"Jaw Worm Horde","floor":39,"turns":3},{"damage":9,"enemies":"R_Hoarder","floor":41,"turns":4},{"damage":4,"enemies":"Writhing Mass","floor":42,"turns":4},{"damage":0,"enemies":"Maw","floor":44,"turns":5},{"damage":22,"enemies":"Giant Head","floor":45,"turns":4},{"damage":10,"enemies":"Spire Growth","floor":46,"turns":4},{"damage":10,"enemies":"3 Darklings","floor":47,"turns":3},{"damage":40,"enemies":"R_Hoarder","floor":48,"turns":5},{"damage":26,"enemies":"Time Eater","floor":50,"turns":6},{"damage":15,"enemies":"Shield and Spear","floor":54,"turns":3},{"damage":40,"enemies":"The Heart","floor":55,"turns":6}],"seed_played":"6334083464734075456","potions_obtained":[{"floor":1,"key":"Dexterity Potion"},{"floor":5,"key":"Toxic Potion"},{"floor":7,"key":"AttackPotion"},{"floor":16,"key":"Adrenaline Potion"},{"floor":18,"key":"Weak Potion"},{"floor":29,"key":"bronze:BurnAndBuffPotion"},{"floor":33,"key":"Swift Potion"},{"floor":38,"key":"Dexterity Potion"},{"floor":39,"key":"Explosive Potion"},{"floor":42,"key":"champ:CounterPotion"}],"is_trial":false,"path_per_floor":["M","?","$","M","M","R","E","M","T","M","?","$","R","M","R","B",null,"M","$","?","?","M","R","E","M","T","R","$","M","$","M","R_BF","B",null,"M","$","M","M","M","R","E","M","T","M","E","M","M","E","R","B",null,"R","$","E","B",null],"character_chosen":"THE_CONSTRUCT_MOD","items_purchased":["construct:Autoturret","Molten Egg 2","MerchantsRug","construct:Synchronize","construct:MasterCore","construct:Autoturret","Unceasing Top","construct:Autoturret","Mummified Hand","Eternal Feather","Specialist","construct:Zapper","construct:Boost+1","construct:Autoturret","construct:Boost+1","Membership Card","Replay:Rubber Ducky","construct:BatteryCore+2","construct:Autoturret","Mayhem","construct:Autoturret","DollysMirror","Replay:Bandana","PrismaticShard","PreservedInsect","construct:Autoturret","construct:PointDefense","Bird Faced Urn","Boot","construct:ReactiveShield","Specialist","TheAbacus","Whetstone","Nunchaku","construct:Reserves+1"],"campfire_rested":0,"item_purchase_floors":[0,0,0,0,0,0,0,0,0,0,0,0,0,3,3,12,12,12,12,19,19,19,28,28,28,28,30,36,36,53,53,53,53,53,53],"current_hp_per_floor":[105,115,125,132,141,155,140,150,160,158,205,215,225,229,245,255,265,275,285,279,289,286,314,320,308,318,346,356,363,373,383,408,418,435,386,396,410,454,466,494,505,515,525,537,533,559,568,575,591,601,611,621,631,640,638],"gold":379,"neow_bonus":"","is_daily":false,"chose_seed":false,"campfire_upgraded":8,"win_rate":0.0,"timestamp":1611797682,"path_taken":["M","?","$","M","M","R","E","M","T","M","?","?","R","M","R","BOSS","M","$","?","?","M","R","E","M","T","R","$","?","$","M","R_BF","BOSS","M","?","M","M","M","R","E","M","T","M","E","?","M","E","R","BOSS","R","$","E","BOSS"],"items_purchased_type":["Card","Relic","Relic","Card","Relic","Card","Relic","Card","Relic","Relic","Card","Card","Card","Card","Card","Relic","Relic","Card","Card","Card","Card","Relic","Relic","Relic","Relic","Card","Card","Relic","Relic","Card","Card","Relic","Relic","Relic","Card"],"build_version":"2020-12-22","purchased_purges":10,"victory":true,"max_hp_per_floor":[105,115,125,135,145,155,165,175,185,195,205,215,225,235,245,255,265,275,285,295,305,315,325,335,345,355,365,375,385,395,405,415,425,435,445,455,465,475,485,495,505,515,525,537,547,559,571,581,591,601,611,621,631,641,651],"card_choices":[{"not_picked":["construct:ChargeShot+1","construct:FierceBash+1"],"picked":"construct:QuickAttack+1","floor":1},{"not_picked":["construct:HeavyBolt+1","construct:Backfire+1"],"picked":"construct:LaserCore","floor":4},{"not_picked":["construct:Boost+1","construct:Autoturret"],"picked":"construct:Enhance","floor":5},{"not_picked":["construct:ClusterMines+1","construct:VentSteam"],"picked":"construct:PowerUp+1","floor":7},{"not_picked":["construct:GatlingGun+1","construct:FlakBarrage+1","construct:Versatility+1","construct:ElectricArmor"],"picked":"SKIP","floor":8},{"not_picked":["construct:Autoturret","construct:Backfire+1","construct:SyphonStrike+1"],"picked":"construct:Failsafe","floor":10},{"not_picked":["construct:HeavyBolt+1","construct:SuppressiveFire+1","construct:Anticipate+1"],"picked":"construct:BatteryCore+1","floor":14},{"not_picked":["construct:SyphonStrike+1","construct:SaveState+1","construct:VentSteam+1"],"picked":"construct:QuickAttack+1","floor":18},{"not_picked":["construct:Electrocute+1","construct:ClusterMines+1","construct:ScrapCannon+1"],"picked":"construct:Analyze+1","floor":22},{"not_picked":["construct:Forcefield+1","construct:ModeShift+1","construct:SuppressiveFire+1"],"picked":"construct:ScopeCore+1","floor":24},{"not_picked":["construct:BatteryAcid+1","construct:SyphonStrike+1","construct:Analyze+1"],"picked":"construct:Autoturret","floor":25},{"not_picked":["Replay:ManipulateFuture+1","Coolheaded+1","Quick Slash+1"],"picked":"Beam Cell+1","floor":29},{"not_picked":["hexamod:NightmareStrike+1","Uppercut+1","Replay:AllIn+1","Slimebound:SplitLeeching+1"],"picked":"SKIP","floor":31},{"not_picked":["construct:ShieldGenerator","Chrysalis+1","construct:GoldenBullet+1"],"picked":"Electrodynamics","floor":33},{"not_picked":["Gash+1","sneckomod:SerpentIdol+1","construct:ClusterMines+1"],"picked":"Guardian:Gem_Crimson","floor":35},{"not_picked":["Coolheaded+1","bronze:Shield+1","Cleave+1","hexamod:NightmareGuise+1"],"picked":"SKIP","floor":37},{"not_picked":["ShootTheMoon+1","Prostrate+1","Cloak And Dagger+1"],"picked":"construct:ForceCore+1","floor":38},{"not_picked":["bronze:Overheat+1","Orbital+1","Seeing Red+1"],"picked":"DevaForm","floor":39},{"not_picked":["FairyDestructionRay+1","Chrysalis+1","Chill+1"],"picked":"construct:ElectricArmor+1","floor":41},{"not_picked":["Replay:ManipulateFuture+1","Nirvana+1","sneckomod:SlitherStrike+1","Slap+1"],"picked":"SKIP","floor":42},{"not_picked":["Replay:ManipulateFuture+1","Whirlwind+1","ReplaySolidLightProjector+1","bronze:Turbo+1"],"picked":"Singing Bowl","floor":44},{"not_picked":["Slimebound:SamplingLick+1","FTL+1","construct:Boost+1"],"picked":"Demon Form","floor":45},{"not_picked":["Slimebound:ItLooksTasty+1","Hologram+1","Guardian:RollAttack+1","Prepared+1"],"picked":"Singing Bowl","floor":46},{"not_picked":["Replay:Undeath\u0027s Touch+1","Acrobatics+1","sneckomod:UnknownDraw+1","Deadly Poison+1"],"picked":"Singing Bowl","floor":47},{"not_picked":["bronze:ShipIt+1","DC+1","Backflip+1"],"picked":"Storm","floor":48},{"not_picked":["champ:TornadoPunch+1","construct:ModeShift+1","hexamod:InspiringFlames+1"],"picked":"Go for the Eyes+1","floor":54}],"player_experience":265690,"relics_obtained":[{"floor":2,"key":"ReplayTheSpireMod:Ring of Challenge"},{"floor":2,"key":"Ring of Panic"},{"floor":7,"key":"Question Card"},{"floor":9,"key":"Toxic Egg 2"},{"floor":10,"key":"Ancient Tea Set"},{"floor":20,"key":"Nilry\u0027s Codex"},{"floor":24,"key":"Replay:Bottled Eggs"},{"floor":24,"key":"Chameleon Ring"},{"floor":33,"key":"Bottled Flame"},{"floor":41,"key":"ReplayTheSpireMod:TigerMarble"},{"floor":43,"key":"Singing Bowl"},{"floor":45,"key":"Art of War"},{"floor":46,"key":"Bottled Tornado"},{"floor":48,"key":"Bronze Scales"},{"floor":54,"key":"Blood Vial"}],"event_choices":[{"damage_healed":48,"gold_gain":0,"player_choice":"Healed","damage_taken":0,"max_hp_gain":0,"max_hp_loss":0,"event_name":"The Cleric","floor":11,"gold_loss":35},{"damage_healed":0,"gold_gain":0,"player_choice":"Obtained Book","damage_taken":16,"max_hp_gain":0,"max_hp_loss":0,"event_name":"Cursed Tome","floor":20,"gold_loss":0},{"cards_removed":["construct:Defend_Gold"],"damage_healed":0,"gold_gain":0,"player_choice":"Purged","damage_taken":0,"max_hp_gain":0,"max_hp_loss":0,"event_name":"Purifier","floor":21,"gold_loss":0}],"is_beta":false,"boss_relics":[{"not_picked":["Velvet Choker","Calling Bell"],"picked":"SlaversCollar"},{"not_picked":["SacredBark","Pandora\u0027s Box"],"picked":"Astrolabe"}],"items_purged_floors":[0,0,28,28,28,28,28,28,28,53],"is_endless":false,"potions_floor_spawned":[1,5,7,8,16,18,29,33,38,39,42,45,47],"ascension_level":0}}