{"host":"tq99ucv8ezzqzioe","time":1611799722,"event":{"mods":["BaseMod","Colored Map","Downfall","Highlight Path","Minty Spire (QoL Compilation)","StSLib"],"gold_per_floor":[115,40,40,40,55,55,87,87,87,101,101,101,132,132,132,236,236,252,267,267,283,283,283,308,308,308,337,337,366,403,421,421,421,421],"floor_reached":33,"language":"ENG","playtime":1099,"items_purged":["Strike_R"],"score":381,"play_id":"ae4958d1-fd61-4519-8748-705e67929d06","local_time":"20210127210842","is_ascension_mode":true,"campfire_choices":[{"data":"Bash","floor":6,"key":"SMITH"},{"floor":8,"key":"RECALL"},{"data":"Double Tap","floor":15,"key":"SMITH"},{"floor":23,"key":"REST"},{"data":"Bludgeon","floor":25,"key":"SMITH"},{"floor":32,"key":"REST"}],"circlet_count":0,"master_deck":["Strike_R","Strike_R","Strike_R","Defend_R","Defend_R","Defend_R","Defend_R","Bash+1","Headbutt","Dropkick+1","Double Tap+1","Headbutt+1","Thunderclap","Thunderclap","Bludgeon+1","Uppercut","Flame Barrier","Whirlwind","Writhe","Dropkick","Fire Breathing","Headbutt","Double Tap"],"relics":["Burning Blood","Bird Faced Urn","Self Forming Clay","Shuriken","Lantern","Velvet Choker","Gambling Chip","Pen Nib","CeramicFish","Mercury Hourglass"],"acts_visited":["Exordium","TheCity"],"potions_floor_usage":[13,16,24,33,33],"damage_taken":[{"damage":1,"enemies":"Cultist","floor":1,"turns":3},{"damage":7,"enemies":"Small Slimes","floor":5,"turns":3},{"damage":20,"enemies":"Gremlin Nob","floor":7,"turns":4},{"damage":7,"enemies":"2 Louse","floor":10,"turns":2},{"damage":27,"enemies":"Lagavulin","floor":13,"turns":5},{"damage":17,"enemies":"Hexaghost","floor":16,"turns":5},{"damage":11,"enemies":"Spheric Guardian","floor":18,"turns":3},{"damage":7,"enemies":"3 Byrds","floor":19,"turns":3},{"damage":20,"enemies":"Snecko","floor":21,"turns":4},{"damage":23,"enemies":"Gremlin Leader","floor":24,"turns":5},{"damage":7,"enemies":"Cultist and Chosen","floor":27,"turns":4},{"damage":0,"enemies":"3 Cultists","floor":29,"turns":3},{"damage":35,"enemies":"Book of Stabbing","floor":30,"turns":4},{"damage":13,"enemies":"Centurion and Healer","floor":31,"turns":4},{"damage":82,"enemies":"Collector","floor":33,"turns":6}],"seed_played":"7690523079416379999","potions_obtained":[{"floor":1,"key":"SkillPotion"},{"floor":10,"key":"Slimebound:ThreeZeroPotion"},{"floor":13,"key":"Strength Potion"},{"floor":21,"key":"Dexterity Potion"},{"floor":27,"key":"Swift Potion"},{"floor":31,"key":"BloodPotion"}],"is_trial":false,"path_per_floor":["M","$","?","?","M","R","E","R","T","M","?","T","E","?","R","B",null,"M","M","?","M","?","R","E","R","T","M","?","M","E","M","R","B"],"character_chosen":"IRONCLAD","items_purchased":[],"campfire_rested":2,"item_purchase_floors":[],"current_hp_per_floor":[72,72,72,72,71,71,57,57,57,56,42,42,21,21,21,10,57,52,51,51,37,37,58,41,41,41,40,40,46,19,12,33,0,0],"gold":421,"neow_bonus":"ONE_RARE_RELIC","is_daily":false,"chose_seed":false,"campfire_upgraded":3,"win_rate":0.0,"timestamp":1611799722,"path_taken":["M","?","?","?","M","R","E","R","T","?","?","?","E","?","R","BOSS","M","M","?","M","?","R","E","R","T","M","?","M","E","M","R","BOSS"],"items_purchased_type":[],"build_version":"2020-12-22","purchased_purges":1,"victory":false,"max_hp_per_floor":[72,72,72,72,72,72,72,72,72,72,72,72,72,72,72,72,72,72,72,72,72,72,72,72,72,72,72,72,72,72,72,72,72,72],"card_choices":[{"not_picked":["Seeing Red","Heavy Blade"],"picked":"Headbutt","floor":1},{"not_picked":["Bloodletting","Wild Strike"],"picked":"Dropkick","floor":5},{"not_picked":["Pommel Strike","Perfected Strike"],"picked":"Double Tap","floor":7},{"not_picked":["Body Slam","Intimidate"],"picked":"Headbutt","floor":10},{"not_picked":["Exhume","Body Slam"],"picked":"Thunderclap","floor":13},{"not_picked":["Limit Break","Berserk"],"picked":"Bludgeon","floor":16},{"not_picked":["Clash","Seeing Red"],"picked":"Uppercut","floor":18},{"not_picked":["True Grit","Power Through"],"picked":"Flame Barrier","floor":19},{"not_picked":["Burning Pact","Metallicize","Cleave"],"picked":"SKIP","floor":21},{"not_picked":["Heavy Blade","Whirlwind"],"picked":"Dropkick","floor":24},{"not_picked":["Armaments+1","Headbutt"],"picked":"Fire Breathing","floor":27},{"not_picked":["Sword Boomerang+1","Anger+1"],"picked":"Headbutt","floor":29},{"not_picked":["Pommel Strike","Twin Strike+1"],"picked":"Double Tap","floor":30},{"not_picked":["Burning Pact","Headbutt","True Grit"],"picked":"SKIP","floor":31}],"player_experience":792278,"relics_obtained":[{"floor":7,"key":"Self Forming Clay"},{"floor":9,"key":"Shuriken"},{"floor":13,"key":"Lantern"},{"floor":24,"key":"Pen Nib"},{"floor":26,"key":"CeramicFish"},{"floor":30,"key":"Mercury Hourglass"}],"event_choices":[{"damage_healed":0,"gold_gain":0,"player_choice":"Ignored","damage_taken":0,"max_hp_gain":0,"max_hp_loss":0,"event_name":"Liars Game","floor":3,"gold_loss":0},{"damage_healed":0,"gold_gain":0,"player_choice":"Leave","damage_taken":0,"max_hp_gain":0,"max_hp_loss":0,"event_name":"The Cleric","floor":4,"gold_loss":0},{"damage_healed":0,"gold_gain":0,"player_choice":"Entered Light","damage_taken":14,"max_hp_gain":0,"max_hp_loss":0,"event_name":"Shining Light","floor":11,"gold_loss":0,"cards_upgraded":["Dropkick","Headbutt"]},{"damage_healed":0,"gold_gain":0,"cards_transformed":["Strike_R"],"player_choice":"Change","damage_taken":0,"max_hp_gain":0,"max_hp_loss":0,"event_name":"Living Wall","floor":14,"gold_loss":0,"cards_obtained":["Thunderclap"]},{"damage_healed":0,"gold_gain":0,"player_choice":"Read","damage_taken":0,"max_hp_gain":0,"max_hp_loss":0,"event_name":"The Library","floor":20,"gold_loss":0,"cards_obtained":["Whirlwind"]},{"damage_healed":0,"gold_gain":0,"player_choice":"Opened","damage_taken":0,"relics_obtained":["Gambling Chip"],"max_hp_gain":0,"max_hp_loss":0,"event_name":"The Mausoleum","floor":22,"gold_loss":0,"cards_obtained":["Writhe"]},{"damage_healed":0,"gold_gain":0,"player_choice":"Ignored","damage_taken":0,"max_hp_gain":0,"max_hp_loss":0,"event_name":"Ghosts","floor":28,"gold_loss":0}],"is_beta":false,"boss_relics":[{"not_picked":["Tiny House","Mark of Pain"],"picked":"Velvet Choker"}],"items_purged_floors":[2],"is_endless":false,"potions_floor_spawned":[1,10,13,21,27,31],"killed_by":"Collector","ascension_level":6}}