{"host":"vumwfieg2b2mnrfl","time":1611798692,"event":{"mods":["AchievementEnabler","BaseMod","Minty Spire (QoL Compilation)","Rare Cards Sparkle","Relic Stats"],"gold_per_floor":[112,112,112,37,37,67,67,99,125,157,169,192,220,267,279,365,377,377,377,377,221,221,221,221,221],"floor_reached":24,"language":"ENG","playtime":717,"items_purged":["Strike_G"],"score":572,"play_id":"a5aa8582-bed6-4a3b-9dc3-bff190859d81","local_time":"20210127195132","is_ascension_mode":true,"campfire_choices":[{"data":"Dash","floor":7.0,"key":"SMITH"},{"data":"Adrenaline","floor":11.0,"key":"SMITH"},{"data":"Neutralize","floor":15.0,"key":"SMITH"}],"circlet_count":0,"master_deck":["AscendersBane","Strike_G","Strike_G","Strike_G","Strike_G","Defend_G","Defend_G","Defend_G","Defend_G","Survivor","Neutralize+1","Poisoned Stab","Dash+1","Adrenaline+1","PiercingWail","Quick Slash","Skewer","Corpse Explosion","All Out Attack+1","Burst","Deflect+1","Terror"],"relics":["Ring of the Snake","NeowsBlessing","MealTicket","InkBottle","Boot","Toy Ornithopter","MawBank","Ancient Tea Set","Ectoplasm","Bag of Marbles"],"acts_visited":["Exordium","TheCity"],"potions_floor_usage":[23,23],"damage_taken":[{"damage":0.0,"enemies":"Jaw Worm","floor":1.0,"turns":1.0},{"damage":0.0,"enemies":"3 Sentries","floor":6.0,"turns":1.0},{"damage":0.0,"enemies":"Gremlin Nob","floor":8.0,"turns":1.0},{"damage":0.0,"enemies":"2 Louse","floor":10.0,"turns":2.0},{"damage":0.0,"enemies":"Cultist","floor":12.0,"turns":3.0},{"damage":0.0,"enemies":"Exordium Wildlife","floor":13.0,"turns":4.0},{"damage":20.0,"enemies":"3 Sentries","floor":14.0,"turns":10.0},{"damage":19.0,"enemies":"The Guardian","floor":16.0,"turns":10.0},{"damage":18.0,"enemies":"Chosen","floor":18.0,"turns":5.0},{"damage":0.0,"enemies":"Spheric Guardian","floor":19.0,"turns":3.0},{"damage":6.0,"enemies":"Snake Plant","floor":20.0,"turns":4.0},{"damage":6.0,"enemies":"Snecko","floor":22.0,"turns":5.0},{"damage":47,"enemies":"Book of Stabbing","floor":23,"turns":7},{"damage":16,"enemies":"Sentry and Sphere","floor":24,"turns":3}],"seed_played":"-8656839725556297267","potions_obtained":[{"floor":6.0,"key":"FearPotion"},{"floor":8.0,"key":"DistilledChaos"},{"floor":10.0,"key":"PowerPotion"},{"floor":18.0,"key":"Strength Potion"},{"floor":22.0,"key":"SpeedPotion"},{"floor":23,"key":"Fire Potion"}],"is_trial":false,"path_per_floor":["M","?","T","$","?","E","R","E","T","M","R","M","M","E","R","B",null,"M","M","M","$","M","E","M"],"character_chosen":"THE_SILENT","items_purchased":["Burst"],"campfire_rested":0,"item_purchase_floors":[21],"current_hp_per_floor":[59,54,54,66,66,66,66,66,66,66,66,66,66,46,46,32,58,40,45,39,54,48,11,0,0],"gold":221,"neow_bonus":"THREE_ENEMY_KILL","is_daily":false,"chose_seed":false,"campfire_upgraded":3,"win_rate":0.0,"timestamp":1611798692,"path_taken":["M","?","?","$","?","E","R","E","T","M","R","M","M","E","R","BOSS","M","?","M","$","M","E","M"],"items_purchased_type":["Card"],"build_version":"2020-12-22","purchased_purges":1,"victory":false,"max_hp_per_floor":[66,66,66,66,66,66,66,66,66,66,66,66,66,66,66,66,66,66,66,66,66,66,66,66,66],"relic_stats":{"counters":[14,59],"MealTicket":27,"Ectoplasm":133,"Boot":[37],"MawBank":96,"obtain_stats":[{"NeowsBlessing":0,"MealTicket":2,"Ectoplasm":17,"Bag of Marbles":23,"Boot":6,"MawBank":9,"Ancient Tea Set":14,"InkBottle":3,"Toy Ornithopter":8,"Ring of the Snake":0},{"NeowsBlessing":0,"MealTicket":1,"Ectoplasm":8,"Bag of Marbles":13,"Boot":2,"MawBank":3,"Ancient Tea Set":7,"InkBottle":1,"Toy Ornithopter":3,"Ring of the Snake":0},{"NeowsBlessing":0,"MealTicket":1,"Ectoplasm":32,"Bag of Marbles":56,"Boot":2,"MawBank":3,"Ancient Tea Set":22,"InkBottle":1,"Toy Ornithopter":3,"Ring of the Snake":0}],"InkBottle":[16],"Toy Ornithopter":20,"Ring of the Snake":[28]},"card_choices":[{"not_picked":["Cloak And Dagger","Deadly Poison"],"picked":"Poisoned Stab","floor":1.0},{"not_picked":["Acrobatics","Poisoned Stab"],"picked":"Dash","floor":6.0},{"not_picked":["Deflect","Masterful Stab"],"picked":"Adrenaline","floor":8.0},{"not_picked":["Acrobatics","Dodge and Roll"],"picked":"PiercingWail","floor":10.0},{"not_picked":["Deflect","Dagger Throw","Accuracy"],"picked":"SKIP","floor":12.0},{"not_picked":["Bullet Time","Acrobatics"],"picked":"Quick Slash","floor":13.0},{"not_picked":["Accuracy","Deflect"],"picked":"Skewer","floor":14.0},{"not_picked":["A Thousand Cuts","Unload"],"picked":"Corpse Explosion","floor":16.0},{"not_picked":["Caltrops","Sucker Punch","Choke"],"picked":"SKIP","floor":18.0},{"not_picked":["Choke+1","Quick Slash","Prepared"],"picked":"SKIP","floor":19.0},{"not_picked":["Dagger Spray","Sucker Punch"],"picked":"All Out Attack+1","floor":20.0},{"not_picked":["Slice","Quick Slash"],"picked":"Deflect+1","floor":22.0},{"not_picked":["Accuracy","Concentrate"],"picked":"Terror","floor":23}],"player_experience":480640,"relics_obtained":[{"floor":3.0,"key":"InkBottle"},{"floor":6.0,"key":"Boot"},{"floor":8.0,"key":"Toy Ornithopter"},{"floor":9.0,"key":"MawBank"},{"floor":14.0,"key":"Ancient Tea Set"},{"floor":23,"key":"Bag of Marbles"}],"event_choices":[{"damage_healed":0.0,"max_hp_gain":0.0,"max_hp_loss":0.0,"gold_gain":0.0,"event_name":"Scrap Ooze","player_choice":"Success","floor":2.0,"gold_loss":0.0,"damage_taken":5.0,"relics_obtained":["MealTicket"]},{"cards_removed":["Defend_G"],"damage_healed":0.0,"max_hp_gain":0.0,"max_hp_loss":0.0,"gold_gain":0.0,"event_name":"Bonfire Elementals","player_choice":"Offered Basic","floor":5.0,"gold_loss":0.0,"damage_taken":0.0}],"is_beta":false,"boss_relics":[{"not_picked":["Runic Dome","Ring of the Serpent"],"picked":"Ectoplasm"}],"items_purged_floors":[4],"is_endless":false,"potions_floor_spawned":[6,8,10,13,14,18,22,23],"killed_by":"Sentry and Sphere","ascension_level":20}}