{"host":"sckme7d1fomdxamv","time":1611845243,"event":{"mods":["Act Like it!","BaseMod","Downfall","Friendly Minions","Gensokyo","Kiyohime（清姬）","Marisa（F雨　魔理沙）","Minty Spire (QoL Compilation)","READ ME - Guardian Mod","Rare Cards Sparkle","Remilia（蕾米莉亚）","Replay The Spire","Shop Mod","StSLib","The Bug Knight","The Hierophant","The Servant 0.9.4"],"gold_per_floor":[116,116,116,136,155,155,155,155,155,155,155,169,188,120,146,146,146,250,250,267,285,285,165,22,22,22,22,22,22,22,48,48,68,68,165,165,181,191,202,202,212,212,58,58,82,98,98,98,113,158,158,158,158,158,47,47,47],"floor_reached":56,"language":"ZHS","playtime":4290,"items_purged":[],"score":713,"play_id":"36d1640c-8601-47ea-ac59-daf023c43707","local_time":"20210128224723","is_ascension_mode":false,"campfire_choices":[{"data":"HollowMod:HuntersJournal","floor":6,"key":"SMITH"},{"data":"HollowMod:PureNailStrike","floor":10,"key":"SMITH"},{"data":"HollowMod:PureNailStrike","floor":17,"key":"SMITH"},{"data":"HollowMod:ZotesMagnificence","floor":25,"key":"SMITH"},{"data":"HollowMod:Weaversong","floor":27,"key":"SMITH"},{"data":"HollowMod:Grubsong","floor":29,"key":"SMITH"},{"floor":34,"key":"REST"},{"data":"HollowMod:theNailsmith","floor":42,"key":"SMITH"},{"floor":44,"key":"RECALL"},{"data":"HollowMod:BaldurShell","floor":47,"key":"SMITH"},{"floor":51,"key":"REST"},{"data":"HollowMod:MantisMark","floor":54,"key":"SMITH"}],"circlet_count":0,"master_deck":["HollowMod:NailStrikeStart","HollowMod:NailStrikeStart","HollowMod:NailStrikeStart","HollowMod:NailStrikeStart","HollowMod:QuickDashStart","HollowMod:QuickDashStart","HollowMod:QuickDashStart","HollowMod:QuickDashStart","HollowMod:PogoStrike","HollowMod:HuntersJournal+1","HollowMod:PureNailStrike+1","HollowMod:Weaversong+1","HollowMod:Grubsong","HollowMod:Grubsong+1","HollowMod:DashSlash","HollowMod:ZotesMagnificence+1","HollowMod:PerfectDash","HollowMod:CloakDash","HollowMod:SoulVessel+1","HollowMod:ChannelNail","HollowMod:HornetsHelp","HollowMod:CloakDash+1","HollowMod:theNailsmith+1","HollowMod:HowlingWraiths+1","HollowMod:BaldurShell+1","HollowMod:MantisMark+1","Clumsy","HollowMod:CrystalDash+1","HollowMod:SoulEater+1","Shame","HollowMod:HeavyBlow","HollowMod:HeavyBlow"],"relics":["HollowMod:VesselMask","Centennial Puzzle","Singing Bowl","Happy Flower","Blue Candle","Gensokyo:LionMask","Chemical X","Replay:Towering Pillar of Hats","White Beast Statue","Cursed Key","Gensokyo:EmptyGrave","ReplayTheSpireMod:Lightbulb","Oddly Smooth Stone"],"acts_visited":["Exordium","Gensokyo:Gensokyo","Gensokyo:Gensokyoer","TheEnding"],"potions_floor_usage":[21,31,31,33,35,41],"damage_taken":[{"damage":4,"enemies":"Gensokyo:Python","floor":1,"turns":4},{"damage":3,"enemies":"Gensokyo:2_Kodama","floor":4,"turns":3},{"damage":0,"enemies":"Gensokyo:3_Fairies","floor":5,"turns":4},{"damage":0,"enemies":"Gensokyo:VengefulSpirit","floor":12,"turns":3},{"damage":4,"enemies":"Gensokyo:2_Rabbits","floor":13,"turns":4},{"damage":11,"enemies":"Gensokyo:Aya","floor":15,"turns":4},{"damage":44,"enemies":"Gensokyo:Reimu","floor":18,"turns":10},{"damage":2,"enemies":"Gensokyo:2_Gloops","floor":20,"turns":3},{"damage":1,"enemies":"Gensokyo:CosmicMonolith","floor":21,"turns":2},{"damage":21,"enemies":"Gensokyo:Reisen","floor":31,"turns":7},{"damage":5,"enemies":"Gensokyo:Chomper_and_Gloop","floor":33,"turns":4},{"damage":66,"enemies":"Gensokyo:Kaguya","floor":35,"turns":11},{"damage":10,"enemies":"Gensokyo:AncientGuardian","floor":37,"turns":4},{"damage":22,"enemies":"Gensokyo:3_Bats","floor":38,"turns":4},{"damage":6,"enemies":"Gensokyo:Dusk_and_Dawn","floor":39,"turns":5},{"damage":14,"enemies":"Gensokyo:Sharpion","floor":41,"turns":5},{"damage":18,"enemies":"Gensokyo:4_Bats","floor":46,"turns":5},{"damage":2,"enemies":"Gensokyo:AtlasGolem","floor":49,"turns":5},{"damage":1,"enemies":"Gensokyo:Yuyuko","floor":52,"turns":11},{"damage":90,"enemies":"Shield and Spear","floor":56,"turns":8}],"seed_played":"4108187237468667873","potions_obtained":[{"floor":1,"key":"Strength Potion"},{"floor":12,"key":"DistilledChaos"},{"floor":15,"key":"Weak Potion"},{"floor":31,"key":"Fire Potion"},{"floor":33,"key":"Energy Potion"},{"floor":35,"key":"bronze:BurnAndBuffPotion"},{"floor":37,"key":"bronze:BurnAndBuffPotion"},{"floor":38,"key":"SneckoOil"},{"floor":41,"key":"Fire Potion"}],"is_trial":false,"path_per_floor":["M","?","COS","M","M","R","PTL","PTL","?","R","T","M","M","$","E","?","R","B",null,"M","M","?","?","$","R","?","R","T","R","?","E","$","M","R","B",null,"M","M","M","?","M","R","$","R","T","M","R","?","M","T","R","B",null,"R","$","E"],"character_chosen":"THE_BUGKNIGHT","items_purchased":["HollowMod:Grubsong","Chemical X","HollowMod:BaldurShell","HollowMod:MantisMark","Venom Potion","HollowMod:HeavyBlow"],"campfire_rested":2,"item_purchase_floors":[14,24,43,43,55,55],"current_hp_per_floor":[75,75,75,72,72,72,72,72,79,79,79,79,75,75,64,64,64,20,82,80,79,74,74,74,74,74,74,74,74,74,53,53,48,72,6,82,74,52,46,46,32,32,71,71,71,53,53,42,40,40,63,63,78,78,78,0,0],"gold":47,"neow_bonus":"RANDOM_COMMON_RELIC","is_daily":false,"chose_seed":false,"campfire_upgraded":9,"win_rate":0.0,"timestamp":1611845243,"path_taken":["M","?","COS","M","?","R","PTL","PTL","?","R","T","M","M","$","E","?","R","BOSS","M","M","?","?","?","R","?","R","T","R","?","E","?","M","R","BOSS","M","M","M","?","?","R","?","R","T","M","R","?","?","?","R","BOSS","R","$","E"],"items_purchased_type":["Card","Relic","Card","Card","Potion","Card"],"build_version":"2020-12-22","purchased_purges":0,"victory":false,"max_hp_per_floor":[75,75,75,75,75,75,75,75,82,82,82,82,82,82,82,82,82,82,82,82,82,82,82,82,82,82,82,82,82,82,82,82,82,82,82,82,84,84,84,78,78,78,78,78,78,78,78,78,78,78,78,78,78,78,78,78,78],"card_choices":[{"not_picked":["HollowMod:NewLittleFool","HollowMod:SharpenedNail"],"picked":"HollowMod:HuntersJournal","floor":1},{"not_picked":["HollowMod:ChannelNail","HollowMod:NewJinnsSoul"],"picked":"HollowMod:PureNailStrike","floor":4},{"not_picked":["HollowMod:CycloneSlash","HollowMod:InfectedAttack"],"picked":"HollowMod:PureNailStrike","floor":5},{"not_picked":["HollowMod:BrokenVessel","HollowMod:CoiledNail"],"picked":"HollowMod:Weaversong","floor":12},{"not_picked":["HollowMod:PureNailStrike","HollowMod:CornifersMapStart"],"picked":"HollowMod:Grubsong","floor":13},{"not_picked":["HollowMod:DoubleDash","HollowMod:CycloneSlash"],"picked":"HollowMod:DashSlash","floor":15},{"not_picked":["HollowMod:LordofShades","HollowMod:NewInfectedGuardian"],"picked":"HollowMod:ZotesMagnificence","floor":18},{"not_picked":["HollowMod:LifebloodCocoon","HollowMod:InfectedCysts"],"picked":"HollowMod:PerfectDash","floor":20},{"not_picked":["HollowMod:PureNailStrike","HollowMod:FallenFury"],"picked":"HollowMod:CloakDash","floor":21},{"not_picked":["HollowMod:InfectedCysts+1","HollowMod:AbyssShriek+1"],"picked":"HollowMod:SoulVessel+1","floor":31},{"not_picked":["HollowMod:TaintedHusks","HollowMod:DesolateDive"],"picked":"HollowMod:ChannelNail","floor":33},{"not_picked":["HollowMod:Weaversong","HollowMod:LifebloodCore"],"picked":"HollowMod:HornetsHelp","floor":35},{"not_picked":["HollowMod:InfectionAssault","HollowMod:SharpenedNail","HollowMod:ShadowDash+1"],"picked":"Singing Bowl","floor":37},{"not_picked":["HollowMod:BrokenVessel","HollowMod:WraithStrike"],"picked":"HollowMod:CloakDash+1","floor":38},{"not_picked":["HollowMod:SiblingsShadow","HollowMod:DescendingDark+1"],"picked":"HollowMod:theNailsmith","floor":39},{"not_picked":["HollowMod:MantisMark","HollowMod:SiblingsShadow"],"picked":"HollowMod:HowlingWraiths+1","floor":41},{"not_picked":["HollowMod:RecoilStrike","HollowMod:ChannelNail+1"],"picked":"HollowMod:CrystalDash+1","floor":46},{"not_picked":["HollowMod:HuntersJournal+1","HollowMod:HeavyBlow+1"],"picked":"HollowMod:SoulEater+1","floor":49}],"player_experience":233529,"relics_obtained":[{"floor":15,"key":"Singing Bowl"},{"floor":28,"key":"Replay:Towering Pillar of Hats"},{"floor":31,"key":"White Beast Statue"},{"floor":45,"key":"ReplayTheSpireMod:Lightbulb"},{"floor":50,"key":"Oddly Smooth Stone"}],"event_choices":[],"is_beta":false,"boss_relics":[{"not_picked":["Runic Dome","Kintsugi","Runic Pyramid"]},{"not_picked":["Fusion Hammer","Sozu"],"picked":"Cursed Key"}],"items_purged_floors":[],"is_endless":false,"potions_floor_spawned":[1,12,15,20,31,33,35,37,38,39,41,46,49],"killed_by":"Shield and Spear","ascension_level":0}}