{"host":"zsnmfqgcm92hlreo","time":1611829600,"event":{"mods":["AchievementEnabler","BaseMod","Bestiary","Block Reminder","Colored Powertips","Minty Spire (QoL Compilation)","Permanent Neow","Quick Restart","Relic Stats","Weighted Paths"],"gold_per_floor":[128,287,365,389,75,119,119,147,147,147,190,190,190,212,212,294,294,317,326,143,170,170,212,239,239,321,360,389,411,520,275,275,358,358,382,400,400,449,480,492,536,391,391,445,473,404,432,275,275,275,275,275],"floor_reached":51,"language":"ENG","playtime":1949,"items_purged":["Doubt","Strike_P"],"score":1779,"play_id":"77056c58-6849-43b3-969e-928457936cca","local_time":"20210128042640","is_ascension_mode":true,"campfire_choices":[{"floor":7.0,"key":"REST"},{"floor":10.0,"key":"REST"},{"floor":15.0,"key":"REST"},{"floor":25.0,"key":"REST"},{"floor":32.0,"key":"RECALL"},{"floor":40.0,"key":"REST"},{"floor":49.0,"key":"REST"}],"circlet_count":0,"master_deck":["AscendersBane","Defend_P","Defend_P","Defend_P","Defend_P","Eruption","Vigilance","CurseOfTheBell","SashWhip+1","JustLucky+1","BattleHymn","SashWhip+1","CrushJoints+1","SandsOfTime+1","ThirdEye","BattleHymn","Ragnarok+1","Tantrum+1","CutThroughFate+1","TalkToTheHand+1","BowlingBash+1","Ghostly","Ghostly","Ghostly","Protect","TalkToTheHand+1","Tantrum+1","Conclude+1","LikeWater","Wallop+1","Brilliance+1","LikeWater","SashWhip+1","Ragnarok+1"],"relics":["Calling Bell","CeramicFish","Molten Egg 2","CaptainsWheel","Anchor","Mummified Hand","White Beast Statue","Tiny Chest","Blue Candle","Darkstone Periapt","Fusion Hammer","Sling","Shuriken","StrikeDummy","Sundial","Pen Nib","WingedGreaves","Kunai","Empty Cage","MawBank","Happy Flower","Bronze Scales","Ancient Tea Set","Regal Pillow","Eternal Feather","Vajra"],"acts_visited":["Exordium","TheCity","TheBeyond"],"potions_floor_usage":[50],"damage_taken":[{"damage":7.0,"enemies":"Jaw Worm","floor":1.0,"turns":3.0},{"damage":13.0,"enemies":"2 Louse","floor":4.0,"turns":3.0},{"damage":24.0,"enemies":"3 Sentries","floor":6.0,"turns":7.0},{"damage":2.0,"enemies":"Small Slimes","floor":8.0,"turns":4.0},{"damage":6.0,"enemies":"Gremlin Nob","floor":11.0,"turns":4.0},{"damage":9.0,"enemies":"Blue Slaver","floor":14.0,"turns":3.0},{"damage":19.0,"enemies":"Hexaghost","floor":16.0,"turns":7.0},{"damage":3.0,"enemies":"Shell Parasite","floor":18.0,"turns":4.0},{"damage":4.0,"enemies":"Spheric Guardian","floor":21.0,"turns":3.0},{"damage":24.0,"enemies":"Slavers","floor":23.0,"turns":4.0},{"damage":0.0,"enemies":"Gremlin Leader","floor":27.0,"turns":3.0},{"damage":0.0,"enemies":"Centurion and Healer","floor":28.0,"turns":4.0},{"damage":0.0,"enemies":"Shelled Parasite and Fungi","floor":29.0,"turns":3.0},{"damage":0.0,"enemies":"Colosseum Slavers","floor":30.0,"turns":2.0},{"damage":0.0,"enemies":"Colosseum Nobs","floor":30.0,"turns":3.0},{"damage":0.0,"enemies":"Automaton","floor":33.0,"turns":6.0},{"damage":8.0,"enemies":"3 Shapes","floor":35.0,"turns":3.0},{"damage":0.0,"enemies":"Orb Walker","floor":36.0,"turns":2.0},{"damage":5.0,"enemies":"Spire Growth","floor":39.0,"turns":4.0},{"damage":0.0,"enemies":"Giant Head","floor":41.0,"turns":5.0},{"damage":0.0,"enemies":"Reptomancer","floor":45.0,"turns":4.0},{"damage":8.0,"enemies":"Nemesis","floor":47.0,"turns":5.0},{"damage":30,"enemies":"Time Eater","floor":50,"turns":4},{"damage":5,"enemies":"Donu and Deca","floor":51,"turns":2}],"seed_played":"-7838190177659295980","potions_obtained":[{"floor":1.0,"key":"Swift Potion"},{"floor":11.0,"key":"BottledMiracle"},{"floor":14.0,"key":"Swift Potion"},{"floor":18.0,"key":"LiquidMemories"},{"floor":27.0,"key":"EssenceOfSteel"},{"floor":30.0,"key":"Weak Potion"},{"floor":33.0,"key":"SpeedPotion"},{"floor":35.0,"key":"DuplicationPotion"},{"floor":36.0,"key":"StancePotion"},{"floor":45.0,"key":"Ambrosia"}],"is_trial":false,"path_per_floor":["M","?","?","M","$","E","R","M","T","R","E","T","?","M","R","B",null,"M","?","$","M","T","E","?","R","T","E","M","M","?","$","R","B",null,"M","M","?","T","M","R","E","$","T","T","E","$","E","$","R","B","B"],"character_chosen":"WATCHER","items_purchased":["BattleHymn","Anchor","SashWhip+1","Sling","CutThroughFate+1","LikeWater","Wallop+1","Bronze Scales","Ragnarok+1","Vajra"],"campfire_rested":6,"item_purchase_floors":[5,5,5,20,20,31,31,42,46,48],"current_hp_per_floor":[54,54,54,41,41,17,37,35,35,55,49,49,31,22,42,23,57,54,54,54,50,50,26,26,34,34,34,34,34,34,34,34,34,34,26,26,26,26,21,31,31,31,31,31,31,31,23,23,34,4,0,0],"gold":275,"neow_bonus":"BOSS_RELIC","is_daily":false,"chose_seed":false,"campfire_upgraded":0,"win_rate":0.0,"timestamp":1611829600,"path_taken":["M","?","?","M","$","E","R","M","T","R","E","?","?","M","R","BOSS","M","?","$","M","?","E","?","R","T","E","M","M","?","$","R","BOSS","M","M","?","?","?","R","E","?","T","?","E","$","E","$","R","BOSS","BOSS"],"items_purchased_type":["Card","Relic","Card","Relic","Card","Card","Card","Relic","Card","Relic"],"build_version":"2020-12-22","purchased_purges":2,"victory":false,"max_hp_per_floor":[68,68,68,68,68,68,68,68,68,68,68,68,68,68,68,68,68,68,68,68,68,68,68,34,34,34,34,34,34,34,34,34,34,34,34,34,34,34,34,34,34,34,34,34,34,34,34,34,34,34,34,34],"relic_stats":{"Darkstone Periapt":0,"Regal Pillow":0,"Happy Flower":[5],"counters":[24,92],"CeramicFish":252,"Blue Candle":[0],"Eternal Feather":11,"Pen Nib":[10],"MawBank":48,"Mummified Hand":[34],"Shuriken":[21],"Sundial":[0],"Bronze Scales":[78],"Tiny Chest":2,"Kunai":[14],"obtain_stats":[{"Darkstone Periapt":13,"Regal Pillow":45,"CeramicFish":0,"Vajra":48,"Sling":20,"Empty Cage":34,"Ancient Tea Set":44,"Mummified Hand":6,"Sundial":26,"Tiny Chest":11,"Fusion Hammer":17,"WingedGreaves":30,"Kunai":30,"Happy Flower":41,"Blue Candle":12,"Eternal Feather":47,"Pen Nib":27,"MawBank":38,"White Beast Statue":9,"Calling Bell":0,"CaptainsWheel":0,"Anchor":5,"Shuriken":22,"Bronze Scales":42,"Molten Egg 2":0,"PureWater":0,"StrikeDummy":23},{"Darkstone Periapt":5,"Regal Pillow":21,"CeramicFish":0,"Vajra":22,"Sling":8,"Empty Cage":16,"Ancient Tea Set":20,"Mummified Hand":3,"Sundial":10,"Tiny Chest":5,"Fusion Hammer":7,"WingedGreaves":15,"Kunai":15,"Happy Flower":20,"Blue Candle":5,"Eternal Feather":22,"Pen Nib":11,"MawBank":18,"White Beast Statue":4,"Calling Bell":0,"CaptainsWheel":0,"Anchor":2,"Shuriken":9,"Bronze Scales":20,"Molten Egg 2":0,"PureWater":0,"StrikeDummy":10},{"Darkstone Periapt":21,"Regal Pillow":81,"CeramicFish":0,"Vajra":86,"Sling":35,"Empty Cage":63,"Ancient Tea Set":77,"Mummified Hand":13,"Sundial":42,"Tiny Chest":21,"Fusion Hammer":31,"WingedGreaves":57,"Kunai":57,"Happy Flower":77,"Blue Candle":21,"Eternal Feather":86,"Pen Nib":45,"MawBank":68,"White Beast Statue":17,"Calling Bell":0,"CaptainsWheel":0,"Anchor":6,"Shuriken":38,"Bronze Scales":77,"Molten Egg 2":0,"PureWater":0,"StrikeDummy":42}]},"card_choices":[{"not_picked":["WaveOfTheHand","Halt"],"picked":"SashWhip+1","floor":1.0},{"not_picked":["Protect","PathToVictory"],"picked":"JustLucky+1","floor":4.0},{"not_picked":["WheelKick+1","Scrawl"],"picked":"CrushJoints+1","floor":6.0},{"not_picked":["Crescendo","Perseverance"],"picked":"SandsOfTime+1","floor":8.0},{"not_picked":["Collect","EmptyBody"],"picked":"ThirdEye","floor":11.0},{"not_picked":["ThirdEye","EmptyBody"],"picked":"BattleHymn","floor":14.0},{"not_picked":["Brilliance+1","SpiritShield"],"picked":"Ragnarok+1","floor":16.0},{"not_picked":["Worship+1","JustLucky+1"],"picked":"MentalFortress","floor":18.0},{"not_picked":["BowlingBash+1","CrushJoints+1"],"picked":"TalkToTheHand+1","floor":21.0},{"not_picked":["FearNoEvil+1","EmptyBody"],"picked":"BowlingBash+1","floor":23.0},{"not_picked":["WreathOfFlame+1","Crescendo+1"],"picked":"Protect","floor":27.0},{"not_picked":["FlyingSleeves+1","LikeWater+1"],"picked":"TalkToTheHand+1","floor":28.0},{"not_picked":["CutThroughFate+1","EmptyBody+1"],"picked":"Tantrum+1","floor":29.0},{"not_picked":["Wallop+1","EmptyBody"],"picked":"Conclude+1","floor":30.0},{"not_picked":["LessonLearned+1","DeusExMachina"],"picked":"Brilliance+1","floor":33.0},{"not_picked":["EmptyFist+1","SashWhip+1"],"picked":"LikeWater","floor":35.0},{"not_picked":["FollowUp+1","EmptyBody","Halt"],"picked":"SKIP","floor":36.0},{"not_picked":["EmptyFist+1","Tantrum+1"],"picked":"SashWhip+1","floor":39.0},{"not_picked":["FlyingSleeves+1","Swivel+1","Nirvana"],"picked":"SKIP","floor":41.0},{"not_picked":["Halt","Blasphemy","Protect"],"picked":"SKIP","floor":45.0},{"not_picked":["CutThroughFate+1","Collect","EmptyFist+1"],"picked":"SKIP","floor":47.0}],"player_experience":914458,"relics_obtained":[{"floor":0.0,"key":"CeramicFish"},{"floor":0.0,"key":"Molten Egg 2"},{"floor":0.0,"key":"CaptainsWheel"},{"floor":6.0,"key":"Mummified Hand"},{"floor":9.0,"key":"White Beast Statue"},{"floor":11.0,"key":"Tiny Chest"},{"floor":12.0,"key":"Blue Candle"},{"floor":22.0,"key":"Shuriken"},{"floor":23.0,"key":"StrikeDummy"},{"floor":26.0,"key":"Sundial"},{"floor":27.0,"key":"Pen Nib"},{"floor":30.0,"key":"WingedGreaves"},{"floor":30.0,"key":"Kunai"},{"floor":38.0,"key":"MawBank"},{"floor":41.0,"key":"Happy Flower"},{"floor":44.0,"key":"Ancient Tea Set"},{"floor":45.0,"key":"Regal Pillow"},{"floor":47.0,"key":"Eternal Feather"}],"event_choices":[{"damage_healed":0.0,"max_hp_gain":0.0,"max_hp_loss":0.0,"gold_gain":150.0,"event_name":"Liars Game","player_choice":"AGREE","floor":2.0,"gold_loss":0.0,"damage_taken":0.0,"cards_obtained":["Doubt"]},{"damage_healed":0.0,"max_hp_gain":0.0,"max_hp_loss":0.0,"gold_gain":78.0,"event_name":"Golden Wing","player_choice":"Gained Gold","floor":3.0,"gold_loss":0.0,"damage_taken":0.0},{"damage_healed":0.0,"max_hp_gain":0.0,"max_hp_loss":0.0,"gold_gain":0.0,"event_name":"Scrap Ooze","player_choice":"Success","floor":13.0,"gold_loss":0.0,"damage_taken":18.0,"relics_obtained":["Darkstone Periapt"]},{"damage_healed":0.0,"max_hp_gain":0.0,"max_hp_loss":0.0,"gold_gain":0.0,"cards_transformed":["Strike_P"],"event_name":"Transmorgrifier","player_choice":"Transformed","floor":19.0,"gold_loss":0.0,"damage_taken":0.0,"cards_obtained":["Tantrum"]},{"damage_healed":0.0,"max_hp_gain":0.0,"max_hp_loss":34.0,"gold_gain":0.0,"event_name":"Ghosts","player_choice":"Became a Ghost","floor":24.0,"gold_loss":0.0,"damage_taken":0.0,"cards_obtained":["Ghostly","Ghostly","Ghostly"]},{"damage_healed":0.0,"max_hp_gain":0.0,"max_hp_loss":0.0,"gold_gain":0.0,"event_name":"Colosseum","player_choice":"Fight","floor":30.0,"gold_loss":0.0,"damage_taken":0.0},{"damage_healed":0.0,"max_hp_gain":0.0,"max_hp_loss":0.0,"gold_gain":0.0,"event_name":"Colosseum","player_choice":"Fought Nobs","floor":30.0,"gold_loss":0.0,"damage_taken":0.0},{"cards_removed":["MentalFortress"],"damage_healed":0.0,"max_hp_gain":0.0,"max_hp_loss":0.0,"gold_gain":0.0,"event_name":"Falling","player_choice":"Removed Power","floor":37.0,"gold_loss":0.0,"damage_taken":0.0}],"is_beta":false,"boss_relics":[{"not_picked":["Runic Dome","SlaversCollar"],"picked":"Fusion Hammer"},{"not_picked":["VioletLotus","Velvet Choker"],"picked":"Empty Cage"}],"items_purged_floors":[5,31],"is_endless":false,"potions_floor_spawned":[1,11,14,16,18,21,23,27,28,29,30,30,33,35,36,39,41,45,47],"killed_by":"Donu and Deca","ascension_level":20}}