{"host":"kdt6w7ix8lwe69i9","time":1611806419,"event":{"mods":["100% Spire Juice","BaseMod","ChefMod","Evolution","Minty Spire (QoL Compilation)","Reimu（博丽灵梦）","Robot Space Explorer","Shade Mod","StSLib","The Gatherer","TheSurvivalist"],"gold_per_floor":[113,132,143,143,155,188,188,188,238,238,266,283,303,322,322,423,423,438,36,36,36,36,36,68,81,81,106,129,129,173,198,198,305,368,396,405,464,473,497,497,497,497,497],"floor_reached":42,"language":"ENG","playtime":4175,"items_purged":["Decay"],"score":446,"play_id":"9d7a9644-16f2-4a4e-be4f-eb99321b5cd7","local_time":"20210127230019","is_ascension_mode":false,"campfire_choices":[{"floor":7,"key":"RECALL"},{"floor":10,"key":"REST"},{"floor":15,"key":"REST"},{"floor":23,"key":"REST"},{"floor":29,"key":"REST"},{"floor":32,"key":"REST"},{"floor":40,"key":"REST"}],"circlet_count":0,"master_deck":["survmod:TwinShot","survmod:VersatileOffense","survmod:Sprint","survmod:HailOfArrows","survmod:GoForFace","survmod:QuickDash","survmod:AcidArrow","survmod:SwiftKick","survmod:FocusedFire","survmod:AimForTheLiver","survmod:GoForFace+1","survmod:GoForFace+1","survmod:EscapeMechanism+1","CurseOfTheBell","survmod:AcidTrap","survmod:FlareQuiver+1","survmod:FenceTrap","survmod:FlashbangTrap+1","survmod:BearTrap+1","survmod:Marksmanship+1","survmod:NockAnArrow","survmod:WalledOffTraps+1","survmod:RobFromTheRich","survmod:ExplosiveTrap","survmod:WalledOffTraps+1","survmod:EmptyQuiver","survmod:AimForTheLiver","survmod:CloseCombat+1","survmod:TacticalManeuver","survmod:BendAndBow","survmod:FocusedFire","survmod:SwiftKick","survmod:DesperateAmbush"],"relics":["EVO:Axolotl","Fusion Hammer","Frozen Egg 2","Happy Flower","Pen Nib","Ancient Tea Set","Calling Bell","survmod:RunningShoes","Ornamental Fan","Pocketwatch","Mummified Hand","Nilry\u0027s Codex","Pantograph","CeramicFish","Art of War","Pandora\u0027s Box","survmod:SharpenedDagger","WarpedTongs"],"acts_visited":["Exordium","TheCity","TheBeyond"],"potions_floor_usage":[6,6,16,24,28,30,39],"damage_taken":[{"damage":7,"enemies":"Jaw Worm","floor":1,"turns":2},{"damage":0,"enemies":"Small Slimes","floor":2,"turns":2},{"damage":0,"enemies":"Cultist","floor":3,"turns":2},{"damage":1,"enemies":"Lots of Slimes","floor":5,"turns":4},{"damage":5,"enemies":"Lagavulin","floor":6,"turns":5},{"damage":15,"enemies":"3 Sentries","floor":11,"turns":7},{"damage":4,"enemies":"Exordium Thugs","floor":12,"turns":3},{"damage":6,"enemies":"2 Fungi Beasts","floor":13,"turns":2},{"damage":2,"enemies":"Looter","floor":14,"turns":2},{"damage":8,"enemies":"The Guardian","floor":16,"turns":7},{"damage":14,"enemies":"2 Thieves","floor":18,"turns":4},{"damage":5,"enemies":"Book of Stabbing","floor":24,"turns":3},{"damage":2,"enemies":"Chosen","floor":25,"turns":4},{"damage":5,"enemies":"Snecko","floor":28,"turns":4},{"damage":16,"enemies":"Slavers","floor":30,"turns":7},{"damage":9,"enemies":"Shelled Parasite and Fungi","floor":31,"turns":5},{"damage":16,"enemies":"Automaton","floor":33,"turns":9},{"damage":19,"enemies":"3 Darklings","floor":35,"turns":6},{"damage":11,"enemies":"Mind Bloom Boss Battle","floor":37,"turns":8},{"damage":7,"enemies":"3 Shapes","floor":39,"turns":3},{"damage":47,"enemies":"Reptomancer","floor":42,"turns":7}],"seed_played":"-7701664400498502282","potions_obtained":[{"floor":1,"key":"CultistPotion"},{"floor":5,"key":"Weak Potion"},{"floor":13,"key":"Fire Potion"},{"floor":18,"key":"SkillPotion"},{"floor":24,"key":"MagicPotion:ReiMu"},{"floor":28,"key":"EssenceOfSteel"},{"floor":37,"key":"PowerPotion"}],"is_trial":false,"path_per_floor":["M","M","M","?","M","E","R","?","T","R","E","M","M","M","R","B",null,"M","$","?","?","?","R","E","M","T","T","M","R","E","M","R","B",null,"M","?","?","?","M","R","?","E"],"character_chosen":"THE_SURVIVOR","items_purchased":["Mummified Hand","survmod:FlareQuiver+1"],"campfire_rested":6,"item_purchase_floors":[19,19],"current_hp_per_floor":[43,43,43,40,39,34,34,34,34,49,34,30,24,22,37,29,50,36,36,36,36,20,35,30,28,28,28,23,38,22,13,28,34,50,31,44,39,39,32,47,47,0,0],"gold":497,"neow_bonus":"BOSS_RELIC","is_daily":false,"chose_seed":false,"campfire_upgraded":0,"win_rate":0.0,"timestamp":1611806419,"path_taken":["M","M","M","?","M","E","R","?","T","R","E","M","?","?","R","BOSS","M","$","?","?","?","R","E","M","T","?","M","R","E","M","R","BOSS","M","?","?","?","?","R","?","E"],"items_purchased_type":["Relic","Card"],"build_version":"2020-12-22","purchased_purges":1,"victory":false,"max_hp_per_floor":[50,50,50,50,50,50,50,50,50,50,50,50,50,50,50,50,50,50,50,50,50,50,50,50,50,50,50,50,50,50,50,50,50,50,50,50,50,50,50,50,50,50,50],"card_choices":[{"not_picked":["survmod:TrickShot","survmod:AcidTrap"],"picked":"survmod:HailOfArrows","floor":1},{"not_picked":["survmod:TakeAim","survmod:OverexertingShot"],"picked":"survmod:GoForFace","floor":2},{"not_picked":["survmod:PinningSnipe","survmod:DuckAndFlare"],"picked":"survmod:QuickDash","floor":3},{"not_picked":["survmod:UnfortunateEscape","survmod:Marksmanship+1"],"picked":"survmod:AcidArrow","floor":5},{"not_picked":["survmod:Heartseeker","survmod:FlashbangTrap"],"picked":"survmod:SwiftKick","floor":6},{"not_picked":["survmod:OverexertingShot","survmod:QuickDash"],"picked":"survmod:FocusedFire","floor":11},{"not_picked":["survmod:PenetratingShot","survmod:MarkedFromAfar"],"picked":"survmod:AimForTheLiver","floor":12},{"not_picked":["survmod:FenceTrap","survmod:HiddenTactic"],"picked":"survmod:GoForFace+1","floor":13},{"not_picked":["survmod:AcidTrap","survmod:PenetratingShot"],"picked":"survmod:GoForFace+1","floor":14},{"not_picked":["survmod:CloseCombat+1","survmod:DeadlyAim"],"picked":"survmod:EscapeMechanism+1","floor":16},{"not_picked":["survmod:PenetratingShot","survmod:FlashbangTrap"],"picked":"survmod:AcidTrap","floor":18},{"not_picked":["survmod:DuckAndFlare+1","survmod:SwiftKick+1"],"picked":"survmod:FlashbangTrap+1","floor":24},{"not_picked":["survmod:AcidArrow","survmod:SimpleMutation"],"picked":"survmod:BearTrap+1","floor":25},{"not_picked":["survmod:VersatileDefense","survmod:PenetratingShot+1"],"picked":"survmod:Marksmanship+1","floor":28},{"not_picked":["survmod:ExpertSniper+1","survmod:AcidTrap"],"picked":"survmod:NockAnArrow","floor":30},{"not_picked":["survmod:FenceTrap","survmod:BearTrap"],"picked":"survmod:WalledOffTraps+1","floor":31},{"not_picked":["survmod:Decoy","survmod:BatteringStrike"],"picked":"survmod:RobFromTheRich","floor":33},{"not_picked":["survmod:PinningSnipe+1","survmod:LongShot+1"],"picked":"survmod:FocusedFire","floor":35},{"not_picked":["survmod:PinningSnipe","survmod:Adaptability+1"],"picked":"survmod:SwiftKick","floor":37},{"not_picked":["survmod:SimpleMutation","survmod:LongShot+1"],"picked":"survmod:DesperateAmbush","floor":39}],"player_experience":1090569,"relics_obtained":[{"floor":6,"key":"Happy Flower"},{"floor":9,"key":"Pen Nib"},{"floor":11,"key":"Ancient Tea Set"},{"floor":17,"key":"survmod:RunningShoes"},{"floor":17,"key":"Ornamental Fan"},{"floor":17,"key":"Pocketwatch"},{"floor":22,"key":"Nilry\u0027s Codex"},{"floor":24,"key":"Pantograph"},{"floor":27,"key":"CeramicFish"},{"floor":30,"key":"Art of War"},{"floor":37,"key":"survmod:SharpenedDagger"}],"event_choices":[{"damage_healed":0,"gold_gain":0,"player_choice":"Success","damage_taken":3,"relics_obtained":["Frozen Egg 2"],"max_hp_gain":0,"max_hp_loss":0,"event_name":"Scrap Ooze","floor":4,"gold_loss":0},{"damage_healed":0,"gold_gain":0,"player_choice":"Cursed","damage_taken":0,"max_hp_gain":0,"max_hp_loss":0,"event_name":"Wheel of Change","floor":8,"gold_loss":0,"cards_obtained":["Decay"]},{"damage_healed":0,"gold_gain":0,"player_choice":"Read","damage_taken":0,"max_hp_gain":0,"max_hp_loss":0,"event_name":"The Library","floor":20,"gold_loss":0,"cards_obtained":["survmod:FenceTrap"]},{"damage_healed":0,"gold_gain":0,"player_choice":"Ignored","damage_taken":0,"max_hp_gain":0,"max_hp_loss":0,"event_name":"Ghosts","floor":21,"gold_loss":0},{"damage_healed":0,"gold_gain":0,"player_choice":"Obtained Book","damage_taken":16,"max_hp_gain":0,"max_hp_loss":0,"event_name":"Cursed Tome","floor":22,"gold_loss":0},{"damage_healed":13,"gold_gain":0,"player_choice":"Writhe","damage_taken":0,"max_hp_gain":0,"max_hp_loss":0,"event_name":"Winding Halls","floor":36,"gold_loss":0,"cards_obtained":["Writhe"]},{"damage_healed":0,"gold_gain":0,"player_choice":"Fight","damage_taken":0,"max_hp_gain":0,"max_hp_loss":0,"event_name":"MindBloom","floor":37,"gold_loss":0},{"damage_healed":0,"gold_gain":0,"player_choice":"Rummage","damage_taken":0,"relics_obtained":["WarpedTongs"],"max_hp_gain":0,"max_hp_loss":0,"event_name":"Accursed Blacksmith","floor":38,"gold_loss":0,"cards_obtained":["Pain"]},{"cards_removed":["Pain","Writhe"],"damage_healed":0,"gold_gain":0,"player_choice":"Removed Curses","damage_taken":0,"max_hp_gain":0,"max_hp_loss":0,"event_name":"Fountain of Cleansing","floor":41,"gold_loss":0}],"is_beta":false,"boss_relics":[{"not_picked":["Sozu","SacredBark"],"picked":"Calling Bell"},{"not_picked":["Velvet Choker","Busted Crown"],"picked":"Pandora\u0027s Box"}],"items_purged_floors":[19],"is_endless":false,"potions_floor_spawned":[1,5,13,18,24,28,37],"killed_by":"Reptomancer","ascension_level":0}}