{"host":"cziotie8mnsl18m5","time":1611868190,"event":{"mods":["BaseMod","Minty Spire (QoL Compilation)","StSLib","The Animator"],"gold_per_floor":[117,117,143,162,87,87,121,121,147,147,31,31,56,66,66,143,143,154,69,69,88,88,114,114,144,226,239,21,47,59,59,59,135,135,145,145,162,162,172,172,172],"floor_reached":40,"language":"ENG","playtime":3566,"items_purged":["Strike_B","Strike_B"],"score":1100,"play_id":"e3b7695c-690c-43f6-9fc5-3030670599f6","local_time":"20210128160950","is_ascension_mode":true,"campfire_choices":[{"data":"Zap","floor":6.0,"key":"SMITH"},{"data":"Capacitor","floor":8.0,"key":"SMITH"},{"data":"Consume","floor":10.0,"key":"SMITH"},{"data":"Tempest","floor":15.0,"key":"SMITH"},{"floor":24.0,"key":"REST"},{"data":"Seek","floor":32.0,"key":"SMITH"}],"circlet_count":0,"master_deck":["AscendersBane","Defend_B","Defend_B","Defend_B","Zap+1","Dualcast","Loop","Consume+1","Capacitor+1","Capacitor+1","Tempest+1","Leap","Seek+1","Loop","Loop","Rainbow","Self Repair","Turbo","Barrage","Hologram","Double Energy","Electrodynamics+1","Capacitor+1","Madness","Madness"],"relics":["Cracked Core","NeowsBlessing","Vajra","Lizard Tail","Happy Flower","Akabeko","Black Star","Toy Ornithopter","Enchiridion","Centennial Puzzle","Bag of Marbles","Bag of Preparation","Art of War","Frozen Egg 2","Question Card","Philosopher\u0027s Stone"],"acts_visited":[],"potions_floor_usage":[],"damage_taken":[{"damage":0.0,"enemies":"2 Louse","floor":1.0,"turns":1.0},{"damage":0.0,"enemies":"Jaw Worm","floor":4.0,"turns":1.0},{"damage":0.0,"enemies":"Lagavulin","floor":7.0,"turns":1.0},{"damage":25.0,"enemies":"3 Sentries","floor":13.0,"turns":4.0},{"damage":1.0,"enemies":"Cultist","floor":14.0,"turns":3.0},{"damage":0.0,"enemies":"The Guardian","floor":16.0,"turns":7.0},{"damage":18.0,"enemies":"Chosen","floor":18.0,"turns":4.0},{"damage":14.0,"enemies":"Spheric Guardian","floor":21.0,"turns":4.0},{"damage":45.0,"enemies":"Book of Stabbing","floor":23.0,"turns":4.0},{"damage":32.0,"enemies":"Slavers","floor":25.0,"turns":3.0},{"damage":6.0,"enemies":"Cultist and Chosen","floor":27.0,"turns":5.0},{"damage":0.0,"enemies":"Gremlin Leader","floor":29.0,"turns":4.0},{"damage":9.0,"enemies":"Sentry and Sphere","floor":30.0,"turns":4.0},{"damage":10.0,"enemies":"Automaton","floor":33.0,"turns":6.0},{"damage":0.0,"enemies":"3 Shapes","floor":35.0,"turns":1.0},{"damage":12.0,"enemies":"Orb Walker","floor":37.0,"turns":2.0},{"damage":29.0,"enemies":"Writhing Mass","floor":39.0,"turns":3.0},{"damage":0,"enemies":"Reptomancer","floor":40,"turns":1}],"seed_played":"5337272927231172244","potions_obtained":[{"floor":4.0,"key":"ColorlessPotion"},{"floor":7.0,"key":"FocusPotion"},{"floor":13.0,"key":"Fruit Juice"},{"floor":25.0,"key":"Regen Potion"},{"floor":30.0,"key":"ColorlessPotion"},{"floor":33.0,"key":"FocusPotion"}],"is_trial":false,"path_per_floor":["M","?","T","M","?","R","E","R","T","R","$","?","E","M","R","B",null,"M","?","?","M","?","E","R","E","T","M","$","E","M","$","R","B",null,"M","?","M","?","M","E"],"character_chosen":"DEFECT","items_purchased":["Capacitor","Barrage","Hologram"],"campfire_rested":1,"item_purchase_floors":[11,28,28],"current_hp_per_floor":[64,64,64,64,64,64,64,64,64,64,64,64,39,43,43,43,68,50,50,29,15,15,14,36,4,4,24,24,31,29,29,29,26,64,64,64,52,38,16,16,16],"gold":172,"neow_bonus":"THREE_ENEMY_KILL","is_daily":false,"chose_seed":false,"campfire_upgraded":5,"win_rate":0.0,"timestamp":1611868190,"path_taken":["M","?","?","?","?","R","E","R","T","R","$","?","E","M","R","BOSS","M","?","?","?","?","E","R","E","T","M","$","E","M","?","R","BOSS","M","?","?","?","M","E"],"items_purchased_type":["Card","Card","Card"],"build_version":"2020-12-22","purchased_purges":2,"victory":false,"max_hp_per_floor":[71,71,71,71,71,71,71,71,71,71,71,71,71,76,76,76,76,76,76,76,76,76,76,76,76,76,76,76,76,76,76,76,76,76,76,76,76,76,76,76,76],"card_choices":[{"not_picked":["Compile Driver","Ball Lightning"],"picked":"Loop","floor":1.0},{"not_picked":["Static Discharge","Steam"],"picked":"Consume","floor":4.0},{"not_picked":["Reprogram","Compile Driver"],"picked":"Capacitor","floor":7.0},{"not_picked":["Melter","Genetic Algorithm"],"picked":"Tempest","floor":13.0},{"not_picked":["Stack","Gash"],"picked":"Leap","floor":14.0},{"not_picked":["Creative AI","Fission"],"picked":"Seek","floor":16.0},{"not_picked":["Redo","Fusion","Streamline"],"picked":"SKIP","floor":18.0},{"not_picked":["Steam Power","Coolheaded","Auto Shields"],"picked":"SKIP","floor":21.0},{"not_picked":["Stack","Aggregate"],"picked":"Rainbow","floor":23.0},{"not_picked":["Doom and Gloom","Sweeping Beam"],"picked":"Self Repair","floor":25.0},{"not_picked":["Static Discharge","Leap"],"picked":"Turbo","floor":27.0},{"not_picked":["Auto Shields","Conserve Battery"],"picked":"Double Energy","floor":29.0},{"not_picked":["Stack","Turbo","Sweeping Beam","Steam"],"picked":"SKIP","floor":30.0},{"not_picked":["Buffer+1","Multi-Cast","Machine Learning+1"],"picked":"Electrodynamics+1","floor":33.0},{"not_picked":["Cold Snap","Turbo","Compile Driver","Hyperbeam"],"picked":"SKIP","floor":35.0},{"not_picked":["Redo","Melter","Gash","Coolheaded+1"],"picked":"SKIP","floor":37.0},{"not_picked":["Hologram","Coolheaded+1","Lockon","Aggregate"],"picked":"SKIP","floor":39.0}],"player_experience":2617103,"relics_obtained":[{"floor":3.0,"key":"Vajra"},{"floor":7.0,"key":"Lizard Tail"},{"floor":9.0,"key":"Happy Flower"},{"floor":13.0,"key":"Akabeko"},{"floor":20.0,"key":"Enchiridion"},{"floor":23.0,"key":"Centennial Puzzle"},{"floor":23.0,"key":"Bag of Marbles"},{"floor":25.0,"key":"Bag of Preparation"},{"floor":25.0,"key":"Art of War"},{"floor":29.0,"key":"Frozen Egg 2"},{"floor":29.0,"key":"Question Card"}],"event_choices":[{"damage_healed":0.0,"max_hp_gain":0.0,"max_hp_loss":0.0,"gold_gain":0.0,"event_name":"Liars Game","player_choice":"Ignored","floor":2.0,"gold_loss":0.0,"damage_taken":0.0},{"cards_removed":["Strike_B"],"damage_healed":0.0,"max_hp_gain":0.0,"max_hp_loss":0.0,"gold_gain":0.0,"event_name":"The Cleric","player_choice":"Card Removal","floor":5.0,"gold_loss":75.0,"damage_taken":0.0},{"damage_healed":0.0,"max_hp_gain":0.0,"max_hp_loss":0.0,"gold_gain":0.0,"event_name":"Upgrade Shrine","player_choice":"Upgraded","floor":12.0,"gold_loss":0.0,"damage_taken":0.0,"cards_upgraded":["Capacitor"]},{"damage_healed":0.0,"max_hp_gain":0.0,"max_hp_loss":0.0,"gold_gain":0.0,"event_name":"Addict","player_choice":"Obtained Relic","floor":19.0,"gold_loss":85.0,"damage_taken":0.0,"relics_obtained":["Toy Ornithopter"]},{"damage_healed":0.0,"max_hp_gain":0.0,"max_hp_loss":0.0,"gold_gain":0.0,"event_name":"Cursed Tome","player_choice":"Obtained Book","floor":20.0,"gold_loss":0.0,"damage_taken":21.0},{"damage_healed":0.0,"max_hp_gain":0.0,"max_hp_loss":0.0,"gold_gain":0.0,"cards_transformed":["Strike_B","Defend_B"],"event_name":"Drug Dealer","player_choice":"Became Test Subject","floor":22.0,"gold_loss":0.0,"damage_taken":0.0,"cards_obtained":["Loop","Loop"]},{"damage_healed":0.0,"max_hp_gain":0.0,"max_hp_loss":0.0,"gold_gain":0.0,"event_name":"Match and Keep!","player_choice":"1 cards matched","floor":36.0,"gold_loss":0.0,"damage_taken":0.0,"cards_obtained":["Capacitor"]},{"damage_healed":0.0,"max_hp_gain":0.0,"max_hp_loss":0.0,"gold_gain":0.0,"event_name":"Winding Halls","player_choice":"Embrace Madness","floor":38.0,"gold_loss":0.0,"damage_taken":14.0,"cards_obtained":["Madness","Madness"]}],"is_beta":false,"boss_relics":[{"not_picked":["Snecko Eye","Coffee Dripper"],"picked":"Black Star"},{"not_picked":["Inserter","Busted Crown"],"picked":"Philosopher\u0027s Stone"}],"items_purged_floors":[11,28],"is_endless":false,"potions_floor_spawned":[4,7,13,25,30,33,37,39],"killed_by":"Reptomancer","ascension_level":20}}