{"host":"92mno2xmlx851umg","time":1611867692,"event":{"mods":["BaseMod","Colored Map","Minty Spire (QoL Compilation)","Relic Stats","everything is the same but u backflip on backflip"],"gold_per_floor":[116,129,129,140,209,240,250,250,250,250,276,276,303,303,303,408,408,434,446,473,485,515,527,317,329,352,385,385,300,300,326,326,431,431,445,465,465,299,349,349,379,379,379,186,204,52,62,80,80,80,80,80,30,61,61,61],"floor_reached":55,"language":"ENG","playtime":2654,"items_purged":["Defend_P","Writhe","Strike_P+1"],"score":789,"play_id":"31b676ad-ca4e-4c80-8f89-aa0bd2cd2dd1","local_time":"20210128130132","is_ascension_mode":true,"campfire_choices":[{"data":"LessonLearned","floor":8.0,"key":"SMITH"},{"data":"SandsOfTime","floor":10.0,"key":"SMITH"},{"data":"CutThroughFate","floor":12.0,"key":"SMITH"},{"data":"EmptyFist","floor":15.0,"key":"SMITH"},{"data":"RitualDagger","floor":23.0,"key":"SMITH"},{"data":"Vengeance","floor":28.0,"key":"SMITH"},{"data":"Establishment","floor":30.0,"key":"SMITH"},{"data":"BowlingBash","floor":32.0,"key":"SMITH"},{"floor":40.0,"key":"RECALL"},{"floor":49,"key":"REST"},{"data":"SpiritShield","floor":52,"key":"SMITH"}],"circlet_count":0,"master_deck":["Strike_P+1","Strike_P+1","Defend_P+1","Defend_P+1","Defend_P+1","Eruption+1","Vigilance+1","LessonLearned+1","Vengeance+1","CrushJoints+1","FlurryOfBlows+1","SandsOfTime+1","CutThroughFate+1","ThirdEye+1","EmptyFist+1","Establishment+1","CurseOfTheBell","MentalFortress+1","RitualDagger+1","Protect+1","ThirdEye+1","Fasting2+1","BowlingBash+1","SpiritShield+1","Protect+1","FearNoEvil","Sanctity","CrushJoints+1","InnerPeace","SandsOfTime","Wallop+1"],"relics":["PureWater","Gambling Chip","Unceasing Top","CloakClasp","War Paint","Calling Bell","MawBank","Eternal Feather","TungstenRod","OrangePellets","Whetstone","Orichalcum","Vajra","Smiling Mask","SlaversCollar","FossilizedHelix","Darkstone Periapt","Art of War","Bag of Preparation","Blood Vial"],"acts_visited":["Exordium","TheCity","TheBeyond","TheEnding"],"potions_floor_usage":[55],"damage_taken":[{"damage":0.0,"enemies":"Small Slimes","floor":1.0,"turns":4.0},{"damage":1.0,"enemies":"Jaw Worm","floor":2.0,"turns":6.0},{"damage":0.0,"enemies":"2 Louse","floor":4.0,"turns":3.0},{"damage":10.0,"enemies":"Lagavulin","floor":6.0,"turns":3.0},{"damage":0.0,"enemies":"Looter","floor":7.0,"turns":3.0},{"damage":0.0,"enemies":"Gremlin Nob","floor":11.0,"turns":2.0},{"damage":3.0,"enemies":"3 Sentries","floor":13.0,"turns":5.0},{"damage":29.0,"enemies":"The Guardian","floor":16.0,"turns":9.0},{"damage":14.0,"enemies":"Shell Parasite","floor":18.0,"turns":4.0},{"damage":0.0,"enemies":"Chosen","floor":20.0,"turns":4.0},{"damage":11.0,"enemies":"Sentry and Sphere","floor":22.0,"turns":4.0},{"damage":5.0,"enemies":"Snake Plant","floor":25.0,"turns":3.0},{"damage":21.0,"enemies":"Gremlin Leader","floor":27.0,"turns":6.0},{"damage":20.0,"enemies":"Slavers","floor":31.0,"turns":6.0},{"damage":39.0,"enemies":"Champ","floor":33.0,"turns":10.0},{"damage":27.0,"enemies":"3 Darklings","floor":35.0,"turns":6.0},{"damage":1.0,"enemies":"Orb Walker","floor":36.0,"turns":7.0},{"damage":22.0,"enemies":"Mind Bloom Boss Battle","floor":39.0,"turns":7.0},{"damage":1.0,"enemies":"Giant Head","floor":41.0,"turns":7.0},{"damage":8.0,"enemies":"4 Shapes","floor":45.0,"turns":5.0},{"damage":0,"enemies":"Transient","floor":47,"turns":5},{"damage":13,"enemies":"Jaw Worm Horde","floor":48,"turns":6},{"damage":11,"enemies":"Time Eater","floor":50,"turns":8},{"damage":31,"enemies":"Shield and Spear","floor":54,"turns":7},{"damage":61,"enemies":"The Heart","floor":55,"turns":5}],"seed_played":"-8686806109734756714","potions_obtained":[{"floor":1.0,"key":"GamblersBrew"},{"floor":6.0,"key":"Energy Potion"},{"floor":11.0,"key":"Swift Potion"},{"floor":18.0,"key":"Regen Potion"},{"floor":45.0,"key":"LiquidMemories"}],"is_trial":false,"path_per_floor":["M","M","?","M","?","E","M","R","T","R","E","R","E","?","R","B",null,"M","?","M","?","M","R","$","M","T","E","R","?","R","E","R","B",null,"M","M","?","$","?","R","E","?","T","$","M","$","M","M","R","B",null,"R","$","E","B"],"character_chosen":"WATCHER","items_purchased":["OrangePellets","FearNoEvil","Sanctity","Art of War","Strength Potion","Bag of Preparation"],"campfire_rested":1,"item_purchase_floors":[24,38,38,44,44,46],"current_hp_per_floor":[72,71,76,76,76,66,66,66,66,66,66,66,63,63,63,34,77,63,58,58,58,47,59,59,54,54,33,45,45,57,52,64,25,77,50,49,68,68,46,61,60,60,60,60,52,52,52,39,77,66,77,77,77,46,0,0],"gold":61,"neow_bonus":"ONE_RANDOM_RARE_CARD","is_daily":false,"chose_seed":false,"campfire_upgraded":9,"win_rate":0.0,"timestamp":1611867692,"path_taken":["M","M","?","M","?","E","M","R","T","R","E","R","E","?","R","BOSS","M","?","M","?","M","R","$","?","T","E","R","?","R","E","R","BOSS","M","M","?","$","?","R","E","?","T","?","M","$","M","?","R","BOSS","R","$","E","BOSS"],"items_purchased_type":["Relic","Card","Card","Relic","Potion","Relic"],"build_version":"2020-12-22","purchased_purges":3,"victory":false,"max_hp_per_floor":[72,72,77,77,77,77,77,77,77,77,77,77,77,77,77,77,77,77,77,77,77,77,77,77,77,77,77,77,77,77,77,77,77,77,77,77,77,77,77,77,77,77,77,77,77,77,77,77,77,77,77,77,77,77,77,77],"relic_stats":{"Darkstone Periapt":0,"counters":[25,135],"Eternal Feather":81,"CloakClasp":[382],"Bag of Preparation":[10],"Whetstone":["FlurryOfBlows"],"War Paint":["Defend_P","Vigilance"],"Orichalcum":[114],"MawBank":84,"Smiling Mask":125,"Blood Vial":2,"OrangePellets":[12],"Gambling Chip":[39],"Art of War":[8],"obtain_stats":[{"Darkstone Periapt":41,"Vajra":29,"Eternal Feather":17,"CloakClasp":11,"Bag of Preparation":46,"Whetstone":26,"War Paint":13,"Orichalcum":27,"MawBank":17,"Smiling Mask":31,"Calling Bell":17,"Blood Vial":54,"OrangePellets":24,"SlaversCollar":34,"Gambling Chip":6,"Art of War":44,"PureWater":0,"Unceasing Top":9,"TungstenRod":17,"FossilizedHelix":39},{"Darkstone Periapt":19,"Vajra":13,"Eternal Feather":8,"CloakClasp":6,"Bag of Preparation":20,"Whetstone":12,"War Paint":7,"Orichalcum":13,"MawBank":8,"Smiling Mask":14,"Calling Bell":8,"Blood Vial":24,"OrangePellets":11,"SlaversCollar":15,"Gambling Chip":4,"Art of War":19,"PureWater":0,"Unceasing Top":5,"TungstenRod":8,"FossilizedHelix":18},{"Darkstone Periapt":99,"Vajra":56,"Eternal Feather":35,"CloakClasp":21,"Bag of Preparation":104,"Whetstone":50,"War Paint":26,"Orichalcum":56,"MawBank":35,"Smiling Mask":62,"Calling Bell":35,"Blood Vial":130,"OrangePellets":47,"SlaversCollar":72,"Gambling Chip":16,"Art of War":99,"PureWater":0,"Unceasing Top":19,"TungstenRod":35,"FossilizedHelix":92}],"Unceasing Top":[0],"TungstenRod":45},"card_choices":[{"not_picked":["Wireheading","JustLucky"],"picked":"Vengeance","floor":1.0},{"not_picked":["EmptyMind","MentalFortress"],"picked":"CrushJoints","floor":2.0},{"not_picked":["FlyingSleeves","ClearTheMind"],"picked":"FlurryOfBlows","floor":4.0},{"not_picked":["WaveOfTheHand","Nirvana"],"picked":"SandsOfTime","floor":6.0},{"not_picked":["Collect","Study"],"picked":"CutThroughFate","floor":7.0},{"not_picked":["Perseverance","EmptyBody"],"picked":"ThirdEye","floor":11.0},{"not_picked":["WindmillStrike","SandsOfTime"],"picked":"EmptyFist","floor":13.0},{"not_picked":["MasterReality","Judgement"],"picked":"Establishment","floor":16.0},{"not_picked":["Study","CutThroughFate+1"],"picked":"MentalFortress+1","floor":18.0},{"not_picked":["Prostrate+1","JustLucky+1","Study"],"picked":"SKIP","floor":20.0},{"not_picked":["EmptyBody","WindmillStrike"],"picked":"Protect+1","floor":22.0},{"not_picked":["FlyingSleeves","Judgement"],"picked":"ThirdEye","floor":25.0},{"not_picked":["Adaptation","TalkToTheHand"],"picked":"Fasting2+1","floor":27.0},{"not_picked":["LikeWater+1","PathToVictory+1"],"picked":"BowlingBash","floor":31.0},{"not_picked":["Judgement","Establishment"],"picked":"SpiritShield","floor":33.0},{"not_picked":["Consecrate","WheelKick"],"picked":"Protect","floor":35.0},{"not_picked":["Prostrate+1","JustLucky+1","Swivel+1"],"picked":"SKIP","floor":36.0},{"not_picked":["SashWhip","Perseverance"],"picked":"CrushJoints+1","floor":39.0},{"not_picked":["Crescendo","Collect"],"picked":"InnerPeace","floor":41.0},{"not_picked":["PathToVictory+1","Collect"],"picked":"SandsOfTime","floor":45.0},{"not_picked":["Adaptation","BowlingBash","Alpha"],"picked":"SKIP","floor":47},{"not_picked":["FollowUp+1","Adaptation"],"picked":"Wallop+1","floor":48},{"not_picked":["JustLucky+1","Protect","SashWhip"],"picked":"SKIP","floor":54}],"player_experience":523559,"relics_obtained":[{"floor":6.0,"key":"Gambling Chip"},{"floor":9.0,"key":"Unceasing Top"},{"floor":11.0,"key":"CloakClasp"},{"floor":13.0,"key":"War Paint"},{"floor":17.0,"key":"MawBank"},{"floor":17.0,"key":"Eternal Feather"},{"floor":17.0,"key":"TungstenRod"},{"floor":26.0,"key":"Whetstone"},{"floor":27.0,"key":"Orichalcum"},{"floor":31.0,"key":"Smiling Mask"},{"floor":39.0,"key":"FossilizedHelix"},{"floor":41.0,"key":"Darkstone Periapt"},{"floor":54,"key":"Blood Vial"}],"event_choices":[{"damage_healed":0.0,"max_hp_gain":5.0,"max_hp_loss":0.0,"gold_gain":0.0,"event_name":"Big Fish","player_choice":"Donut","floor":3.0,"gold_loss":0.0,"damage_taken":0.0},{"damage_healed":0.0,"max_hp_gain":0.0,"max_hp_loss":0.0,"gold_gain":69.0,"event_name":"Golden Wing","player_choice":"Gained Gold","floor":5.0,"gold_loss":0.0,"damage_taken":0.0},{"damage_healed":0.0,"max_hp_gain":0.0,"max_hp_loss":0.0,"gold_gain":0.0,"event_name":"Liars Game","player_choice":"Ignored","floor":14.0,"gold_loss":0.0,"damage_taken":0.0},{"damage_healed":0.0,"max_hp_gain":0.0,"max_hp_loss":0.0,"gold_gain":0.0,"event_name":"Nest","player_choice":"Joined the Cult","floor":19.0,"gold_loss":0.0,"damage_taken":6.0,"cards_obtained":["RitualDagger"]},{"cards_removed":["Strike_P"],"damage_healed":0.0,"max_hp_gain":0.0,"max_hp_loss":0.0,"gold_gain":0.0,"event_name":"Wheel of Change","player_choice":"Card Removal","floor":21.0,"gold_loss":0.0,"damage_taken":0.0},{"damage_healed":0.0,"max_hp_gain":0.0,"max_hp_loss":0.0,"gold_gain":0.0,"event_name":"Addict","player_choice":"Obtained Relic","floor":29.0,"gold_loss":85.0,"damage_taken":0.0,"relics_obtained":["Vajra"]},{"damage_healed":19.0,"max_hp_gain":0.0,"max_hp_loss":0.0,"gold_gain":0.0,"event_name":"Winding Halls","player_choice":"Writhe","floor":37.0,"gold_loss":0.0,"damage_taken":0.0,"cards_obtained":["Writhe"]},{"damage_healed":0.0,"max_hp_gain":0.0,"max_hp_loss":0.0,"gold_gain":0.0,"event_name":"MindBloom","player_choice":"Fight","floor":39.0,"gold_loss":0.0,"damage_taken":0.0},{"damage_healed":0.0,"max_hp_gain":0.0,"max_hp_loss":0.0,"gold_gain":0.0,"event_name":"Mysterious Sphere","player_choice":"Ignored","floor":42.0,"gold_loss":0.0,"damage_taken":0.0}],"is_beta":false,"boss_relics":[{"not_picked":["Astrolabe","SacredBark"],"picked":"Calling Bell"},{"not_picked":["Runic Dome","VioletLotus"],"picked":"SlaversCollar"}],"items_purged_floors":[24,38,53],"is_endless":false,"potions_floor_spawned":[1,6,11,13,18,25,27,45,48],"killed_by":"The Heart","ascension_level":1}}