{"host":"na09lpbrez4gbfiz","time":1611850163,"event":{"mods":["Act Like it!","BaseMod","BetterRewards","Colored Map","Colored Powertips","DeckTracker","Googly Eyes","Highlight Path","Minty Spire (QoL Compilation)","Quick Restart","Spicy Shops","StSLib","SuperFastMode","Synergy Search"],"gold_per_floor":[112,187,137,62,79,79,99,131,203,203,234,63,88,88,88,184,184,124,124,124,124,136,136,136],"floor_reached":23,"language":"ENG","playtime":514,"items_purged":["Strike_R","Strike_R"],"score":315,"play_id":"3de88124-d788-4527-bfb3-db2673907057","local_time":"20210128170923","is_ascension_mode":true,"campfire_choices":[{"data":"Juggernaut","floor":6.0,"key":"SMITH"},{"data":"True Grit","floor":10.0,"key":"SMITH"},{"floor":15,"key":"REST"}],"circlet_count":0,"master_deck":["AscendersBane","Strike_R+1","Strike_R","Defend_R+1","Defend_R+1","Defend_R","Defend_R+1","Bash","True Grit+1","Juggernaut+1","Ghostly Armor","Juggernaut","Metallicize","Impervious","Writhe","Entrench+1"],"relics":["Burning Blood","NeowsBlessing","War Paint","Pear","Bottled Lightning","Orrery","Paper Frog","Black Star","Toxic Egg 2"],"acts_visited":["Exordium","TheCity"],"potions_floor_usage":[13,22],"damage_taken":[{"damage":0.0,"enemies":"Jaw Worm","floor":1.0,"turns":1.0},{"damage":0.0,"enemies":"2 Louse","floor":5.0,"turns":1.0},{"damage":0.0,"enemies":"Small Slimes","floor":7.0,"turns":2.0},{"damage":28.0,"enemies":"3 Sentries","floor":8.0,"turns":9.0},{"damage":12.0,"enemies":"Lagavulin","floor":11.0,"turns":8.0},{"damage":31,"enemies":"Gremlin Nob","floor":13,"turns":5},{"damage":15,"enemies":"Slime Boss","floor":16,"turns":9},{"damage":12,"enemies":"2 Thieves","floor":18,"turns":4},{"damage":38,"enemies":"3 Byrds","floor":22,"turns":5},{"damage":43,"enemies":"Slavers","floor":23,"turns":4}],"seed_played":"8869204877528370777","potions_obtained":[{"floor":5.0,"key":"FearPotion"},{"floor":16,"key":"Weak Potion"},{"floor":22,"key":"Explosive Potion"}],"is_trial":false,"path_per_floor":["M","?","?","$","M","R","M","E","T","R","E","$","E","?","R","B",null,"M","?","?","$","M","E"],"character_chosen":"IRONCLAD","items_purchased":["Orrery"],"campfire_rested":1,"item_purchase_floors":[12],"current_hp_per_floor":[78,67,67,67,73,73,79,57,67,67,61,61,36,18,45,36,77,71,71,71,71,39,0,0],"gold":136,"neow_bonus":"THREE_ENEMY_KILL","is_daily":false,"chose_seed":false,"campfire_upgraded":2,"win_rate":0.0,"timestamp":1611850163,"path_taken":["M","?","?","$","M","R","?","E","T","R","E","$","E","?","R","BOSS","M","?","?","?","M","E"],"items_purchased_type":["Relic"],"build_version":"2020-12-22","purchased_purges":2,"victory":false,"max_hp_per_floor":[80,80,80,80,80,80,80,80,90,90,90,90,90,90,90,90,90,90,90,90,90,90,90,90],"card_choices":[{"not_picked":["Anger","Heavy Blade"],"picked":"True Grit","floor":1.0},{"not_picked":["Anger","Shockwave"],"picked":"Juggernaut","floor":5.0},{"not_picked":["Rage","Seeing Red","Thunderclap"],"picked":"SKIP","floor":7.0},{"not_picked":["Armaments","Inflame","Thunderclap"],"picked":"SKIP","floor":8.0},{"not_picked":["Whirlwind","Flex","Power Through"],"picked":"SKIP","floor":11.0},{"not_picked":["Iron Wave","Armaments"],"picked":"Ghostly Armor","floor":12.0},{"not_picked":["Havoc","Body Slam"],"picked":"Juggernaut","floor":12.0},{"not_picked":["Havoc","Flex"],"picked":"Metallicize","floor":12.0},{"not_picked":["Cleave","Burning Pact","Heavy Blade"],"picked":"SKIP","floor":13},{"not_picked":["Demon Form","Limit Break"],"picked":"Impervious","floor":16},{"not_picked":["Sword Boomerang+1","Headbutt","Blood for Blood+1"],"picked":"SKIP","floor":18},{"not_picked":["Wild Strike","Bludgeon"],"picked":"Entrench+1","floor":22}],"player_experience":184007,"relics_obtained":[{"floor":8.0,"key":"War Paint"},{"floor":9.0,"key":"Pear"},{"floor":11.0,"key":"Bottled Lightning"},{"floor":13,"key":"Paper Frog"}],"event_choices":[{"damage_healed":0.0,"max_hp_gain":0.0,"max_hp_loss":0.0,"gold_gain":75.0,"event_name":"World of Goop","player_choice":"Gather Gold","floor":2.0,"gold_loss":0.0,"damage_taken":11.0},{"cards_removed":["Strike_R"],"damage_healed":0.0,"max_hp_gain":0.0,"max_hp_loss":0.0,"gold_gain":0.0,"event_name":"The Cleric","player_choice":"Card Removal","floor":3.0,"gold_loss":50.0,"damage_taken":0.0},{"damage_healed":0,"gold_gain":0,"player_choice":"Entered Light","damage_taken":18,"max_hp_gain":0,"max_hp_loss":0,"event_name":"Shining Light","floor":14,"gold_loss":0,"cards_upgraded":["Defend_R","Strike_R"]},{"damage_healed":0,"gold_gain":0,"player_choice":"Opened","damage_taken":0,"relics_obtained":["Toxic Egg 2"],"max_hp_gain":0,"max_hp_loss":0,"event_name":"The Mausoleum","floor":19,"gold_loss":0,"cards_obtained":["Writhe"]},{"damage_healed":0,"gold_gain":0,"player_choice":"Ignored","damage_taken":0,"max_hp_gain":0,"max_hp_loss":0,"event_name":"Ghosts","floor":20,"gold_loss":0}],"is_beta":false,"boss_relics":[{"not_picked":["Coffee Dripper","Runic Pyramid"],"picked":"Black Star"}],"items_purged_floors":[4,12],"is_endless":false,"potions_floor_spawned":[5,16,22],"killed_by":"Slavers","ascension_level":11}}