{"host":"hjajo0rafoe1e6c4","time":1611835622,"event":{"mods":["AchievementEnabler","BaseMod","Bestiary","Colored Map","Colored Powertips","Highlight Path","Minty Spire (QoL Compilation)","Relic Stats"],"gold_per_floor":[360,57,72,84,101,129,129,156,156,156,77,22,22,49,49,146,146,157,157,169,169,183,209,209,237,237,249,249,269,269,66,66,167,167,182,194,207,217,235,235,54,54,54,106,106,136,136,168,168,168,168,168,5,33,33,33],"floor_reached":55,"language":"ENG","playtime":3459,"items_purged":[],"score":1035,"play_id":"5b9b447c-5a09-443b-8b0a-64e0677f8945","local_time":"20210128070702","is_ascension_mode":true,"campfire_choices":[{"data":"Bouncing Flask","floor":7,"key":"SMITH"},{"data":"Crippling Poison","floor":15,"key":"SMITH"},{"data":"Footwork","floor":24,"key":"SMITH"},{"data":"Leg Sweep","floor":28,"key":"SMITH"},{"floor":32,"key":"REST"},{"data":"Malaise","floor":40,"key":"SMITH"},{"floor":45,"key":"RECALL"},{"floor":47,"key":"REST"},{"data":"Catalyst","floor":49,"key":"SMITH"},{"data":"Leg Sweep","floor":52,"key":"SMITH"}],"circlet_count":0,"master_deck":["Strike_G+1","Strike_G+1","Defend_G","Defend_G","Defend_G","Survivor","Neutralize","Footwork+1","Leg Sweep+1","Predator","Bane","Bouncing Flask+1","Infinite Blades+1","Crippling Poison+1","Deflect","Malaise+1","Venomology+1","Crippling Poison+1","Outmaneuver+1","RitualDagger","Slice+1","Infinite Blades+1","Sucker Punch","Skewer+1","Backflip+1","Deadly Poison","PiercingWail","Slice","Parasite","Deflect+1","Footwork+1","Leg Sweep+1","Catalyst+1","Escape Plan+1","Dash+1","Night Terror"],"relics":["Ring of the Snake","TwistedFunnel","PreservedInsect","Frozen Egg 2","Bag of Marbles","Toy Ornithopter","The Courier","HornCleat","Whetstone","Astrolabe","StoneCalendar","Lantern","Eternal Feather","Matryoshka","Empty Cage","Lee\u0027s Waffle","Bronze Scales","CaptainsWheel","Regal Pillow","InkBottle","Chemical X","Art of War"],"acts_visited":["Exordium","TheCity","TheBeyond","TheEnding"],"potions_floor_usage":[8,16,18,20,22,23,23,23,25,25,27,29,33,33,35,36,37,38,39,39,44,46,46,48,50,50,54,54,54],"damage_taken":[{"damage":2,"enemies":"Cultist","floor":1,"turns":6},{"damage":2,"enemies":"Jaw Worm","floor":3,"turns":4},{"damage":0,"enemies":"2 Louse","floor":4,"turns":2},{"damage":0,"enemies":"2 Fungi Beasts","floor":5,"turns":2},{"damage":6,"enemies":"Gremlin Nob","floor":6,"turns":3},{"damage":12,"enemies":"Lagavulin","floor":8,"turns":5},{"damage":0,"enemies":"Gremlin Nob","floor":14,"turns":3},{"damage":10,"enemies":"Hexaghost","floor":16,"turns":6},{"damage":10,"enemies":"Shell Parasite","floor":18,"turns":5},{"damage":0,"enemies":"Spheric Guardian","floor":20,"turns":3},{"damage":9,"enemies":"Snake Plant","floor":22,"turns":5},{"damage":33,"enemies":"Book of Stabbing","floor":23,"turns":6},{"damage":18,"enemies":"Gremlin Leader","floor":25,"turns":5},{"damage":4,"enemies":"Chosen and Byrds","floor":27,"turns":4},{"damage":21,"enemies":"Sentry and Sphere","floor":29,"turns":6},{"damage":52,"enemies":"Collector","floor":33,"turns":10},{"damage":14,"enemies":"3 Darklings","floor":35,"turns":6},{"damage":0,"enemies":"Orb Walker","floor":36,"turns":3},{"damage":33,"enemies":"Writhing Mass","floor":37,"turns":7},{"damage":40,"enemies":"Jaw Worm Horde","floor":38,"turns":5},{"damage":0,"enemies":"Maw","floor":39,"turns":7},{"damage":39,"enemies":"2 Orb Walkers","floor":44,"turns":4},{"damage":47,"enemies":"Reptomancer","floor":46,"turns":6},{"damage":0,"enemies":"Nemesis","floor":48,"turns":7},{"damage":38,"enemies":"Time Eater","floor":50,"turns":7},{"damage":48,"enemies":"Shield and Spear","floor":54,"turns":7},{"damage":76,"enemies":"The Heart","floor":55,"turns":6}],"seed_played":"2955588523797960507","potions_obtained":[{"floor":4,"key":"DuplicationPotion"},{"floor":5,"key":"PowerPotion"},{"floor":6,"key":"EntropicBrew"},{"floor":8,"key":"Energy Potion"},{"floor":16,"key":"Weak Potion"},{"floor":27,"key":"SpeedPotion"},{"floor":33,"key":"SteroidPotion"},{"floor":37,"key":"Regen Potion"},{"floor":38,"key":"ColorlessPotion"},{"floor":39,"key":"Energy Potion"},{"floor":44,"key":"Regen Potion"},{"floor":46,"key":"BlessingOfTheForge"}],"is_trial":false,"path_per_floor":["M","$","M","M","M","E","R","E","T","?","$","$","T","E","R","B",null,"M","?","M","?","M","E","R","E","T","M","R","M","?","$","R","B",null,"M","M","M","M","M","R","$","?","T","?","R","E","R","E","R","B",null,"R","$","E","B"],"character_chosen":"THE_SILENT","items_purchased":["TwistedFunnel","PreservedInsect","FairyPotion","Crippling Poison","Matryoshka","Catalyst","Lee\u0027s Waffle","Chemical X","FearPotion"],"campfire_rested":2,"item_purchase_floors":[2,2,11,12,31,41,41,53,53],"current_hp_per_floor":[47,47,45,45,45,39,39,27,27,27,27,27,27,27,27,22,58,53,47,52,52,48,30,30,22,22,23,38,22,22,22,58,16,57,48,53,25,26,36,54,77,77,77,43,61,39,77,77,77,49,70,77,77,39,0,0],"gold":33,"neow_bonus":"TWO_FIFTY_GOLD","is_daily":false,"chose_seed":false,"campfire_upgraded":7,"win_rate":0.0,"timestamp":1611835622,"path_taken":["M","$","M","M","M","E","R","E","T","?","?","$","?","E","R","BOSS","M","?","M","?","M","E","R","E","T","M","R","M","?","$","R","BOSS","M","?","M","M","M","R","$","?","T","?","R","E","R","E","R","BOSS","R","$","E","BOSS"],"items_purchased_type":["Relic","Relic","Potion","Card","Relic","Card","Relic","Relic","Potion"],"build_version":"2020-12-22","purchased_purges":0,"victory":false,"max_hp_per_floor":[70,70,70,70,70,70,70,70,70,70,70,70,70,70,70,70,70,70,70,70,70,70,70,70,70,70,70,70,70,70,70,70,70,70,70,70,70,70,70,70,77,77,77,77,77,77,77,77,77,77,77,77,77,77,77,77],"relic_stats":{"Lee\u0027s Waffle":23,"Regal Pillow":0,"counters":[27,140],"Astrolabe":["Venomology","Crippling Poison","All Out Attack"],"StoneCalendar":[286],"Eternal Feather":94,"PreservedInsect":343,"Whetstone":["Strike_G","Strike_G"],"Bronze Scales":[178],"Art of War":[1],"Chemical X":[5],"obtain_stats":[{"TwistedFunnel":2,"Lantern":25,"Lee\u0027s Waffle":41,"Regal Pillow":46,"Astrolabe":17,"StoneCalendar":23,"Eternal Feather":26,"PreservedInsect":2,"The Courier":10,"Whetstone":14,"Frozen Egg 2":6,"Empty Cage":34,"CaptainsWheel":44,"HornCleat":13,"Matryoshka":31,"Bronze Scales":43,"Bag of Marbles":8,"Art of War":54,"Chemical X":53,"Toy Ornithopter":9,"InkBottle":48,"Ring of the Snake":0},{"TwistedFunnel":1,"Lantern":13,"Lee\u0027s Waffle":21,"Regal Pillow":23,"Astrolabe":8,"StoneCalendar":12,"Eternal Feather":13,"PreservedInsect":1,"The Courier":6,"Whetstone":7,"Frozen Egg 2":5,"Empty Cage":16,"CaptainsWheel":22,"HornCleat":6,"Matryoshka":15,"Bronze Scales":21,"Bag of Marbles":6,"Art of War":26,"Chemical X":25,"Toy Ornithopter":6,"InkBottle":24,"Ring of the Snake":0},{"TwistedFunnel":6,"Lantern":55,"Lee\u0027s Waffle":103,"Regal Pillow":113,"Astrolabe":31,"StoneCalendar":50,"Eternal Feather":55,"PreservedInsect":6,"The Courier":22,"Whetstone":25,"Frozen Egg 2":17,"Empty Cage":75,"CaptainsWheel":107,"HornCleat":22,"Matryoshka":65,"Bronze Scales":103,"Bag of Marbles":22,"Art of War":134,"Chemical X":127,"Toy Ornithopter":22,"InkBottle":120,"Ring of the Snake":0}],"Toy Ornithopter":130,"InkBottle":[9],"Ring of the Snake":[54]},"card_choices":[{"not_picked":["Prepared","PiercingWail"],"picked":"Footwork","floor":1},{"not_picked":["Acrobatics","Setup"],"picked":"Leg Sweep","floor":3},{"not_picked":["Setup","Expertise"],"picked":"Predator","floor":4},{"not_picked":["Finisher","Setup"],"picked":"Bane","floor":5},{"not_picked":["Phantasmal Killer","Poisoned Stab"],"picked":"Bouncing Flask","floor":6},{"not_picked":["Deflect","Expertise"],"picked":"Infinite Blades+1","floor":8},{"not_picked":["Tactician","Dagger Throw"],"picked":"Deflect","floor":14},{"not_picked":["A Thousand Cuts+1","Glass Knife"],"picked":"Malaise","floor":16},{"not_picked":["Quick Slash","Footwork+1"],"picked":"Outmaneuver+1","floor":18},{"not_picked":["Poisoned Stab","Expertise"],"picked":"Slice+1","floor":20},{"not_picked":["Dodge and Roll","Acrobatics","Flying Knee"],"picked":"SKIP","floor":22},{"not_picked":["Poisoned Stab","Concentrate"],"picked":"Sucker Punch","floor":23},{"not_picked":["Setup","Underhanded Strike+1"],"picked":"Skewer+1","floor":25},{"not_picked":["Poisoned Stab","Doppelganger"],"picked":"Backflip+1","floor":27},{"not_picked":["Dagger Throw","Backstab"],"picked":"Deadly Poison","floor":29},{"not_picked":["PiercingWail","Bane","Flechettes+1"],"picked":"SKIP","floor":35},{"not_picked":["Bane","Flechettes+1"],"picked":"PiercingWail","floor":35},{"not_picked":["Flying Knee","Sucker Punch"],"picked":"Slice","floor":36},{"not_picked":["Caltrops+1","Bane+1"],"picked":"Deflect+1","floor":37},{"not_picked":["Poisoned Stab","Blade Dance"],"picked":"Footwork+1","floor":38},{"not_picked":["Burst","Outmaneuver+1"],"picked":"Leg Sweep","floor":39},{"not_picked":["All Out Attack","PiercingWail+1"],"picked":"Escape Plan+1","floor":44},{"not_picked":["Tactician+1","Bullet Time"],"picked":"Dash+1","floor":46},{"not_picked":["Distraction+1","Calculated Gamble","Tactician"],"picked":"SKIP","floor":48},{"not_picked":["Finisher","Grand Finale"],"picked":"Night Terror","floor":54}],"player_experience":188825,"relics_obtained":[{"floor":6,"key":"Frozen Egg 2"},{"floor":8,"key":"Bag of Marbles"},{"floor":9,"key":"Toy Ornithopter"},{"floor":13,"key":"HornCleat"},{"floor":14,"key":"Whetstone"},{"floor":23,"key":"StoneCalendar"},{"floor":25,"key":"Lantern"},{"floor":26,"key":"Eternal Feather"},{"floor":43,"key":"Bronze Scales"},{"floor":44,"key":"CaptainsWheel"},{"floor":46,"key":"Regal Pillow"},{"floor":48,"key":"InkBottle"},{"floor":54,"key":"Art of War"}],"event_choices":[{"damage_healed":0,"gold_gain":0,"player_choice":"Searched \u00271\u0027 times","damage_taken":0,"relics_obtained":["The Courier"],"max_hp_gain":0,"max_hp_loss":0,"event_name":"Dead Adventurer","floor":10,"gold_loss":0},{"damage_healed":0,"gold_gain":0,"player_choice":"Joined the Cult","damage_taken":6,"max_hp_gain":0,"max_hp_loss":0,"event_name":"Nest","floor":19,"gold_loss":0,"cards_obtained":["RitualDagger"]},{"damage_healed":0,"gold_gain":0,"player_choice":"Read","damage_taken":0,"max_hp_gain":0,"max_hp_loss":0,"event_name":"The Library","floor":21,"gold_loss":0,"cards_obtained":["Infinite Blades"]},{"damage_healed":0,"gold_gain":0,"player_choice":"Bought 0 Potions","damage_taken":0,"max_hp_gain":0,"max_hp_loss":0,"event_name":"The Woman in Blue","floor":30,"gold_loss":0},{"cards_removed":["All Out Attack"],"damage_healed":0,"gold_gain":0,"player_choice":"Removed Attack","damage_taken":0,"max_hp_gain":0,"max_hp_loss":0,"event_name":"Falling","floor":42,"gold_loss":0},{"damage_healed":0,"gold_gain":0,"player_choice":"Fight","damage_taken":0,"max_hp_gain":0,"max_hp_loss":0,"event_name":"Mysterious Sphere","floor":44,"gold_loss":0}],"is_beta":false,"boss_relics":[{"not_picked":["Busted Crown","Velvet Choker"],"picked":"Astrolabe"},{"not_picked":["Runic Dome","Coffee Dripper"],"picked":"Empty Cage"}],"items_purged_floors":[],"is_endless":false,"potions_floor_spawned":[4,5,6,8,16,20,27,33,37,38,39,44,46],"killed_by":"The Heart","ascension_level":5}}