{"host":"350rh84kbmtekt58","time":1611829766,"event":{"mods":["AchievementEnabler","Act Like it!","BaseMod","Better Synergies","Block Reminder","CapriCore","Challenge The Spire","Colored Map","Colored Powertips","Communication Mod","Downfall","Energized Spire","Friendly Minions","GifTheSpireLib","Highlight Path","Minty Spire (QoL Compilation)","Quick Restart","Replay The Spire","Shop Mod","StSLib","The Animator","The Disciple","The Immortal","The Marked","The Runesmith","The Servant 0.9.4","The Wild Card","Transform Curses","yUi"],"gold_per_floor":[480,19,61,100,100,100],"floor_reached":5,"language":"ENG","playtime":417,"items_purged":[],"score":68,"play_id":"d45de0e8-0877-46b8-834b-abd2713013a1","local_time":"20210128042926","daily_mods":["challengethespire:Silver Difficulty","challengethespire:Elite Rush","Uncertain Future"],"is_ascension_mode":true,"campfire_choices":[],"circlet_count":0,"master_deck":["AscendersBane","Strike_P","Strike_P","Strike_P","Strike_P","Defend_P","Defend_P","Defend_P","Defend_P","Eruption","Vigilance","Crow Ritual","Replay:BasicMightCard","Fasting2","DeusExMachina"],"relics":["PureWater","Black Star","Sling","PreservedInsect","Letter Opener","bronze:DonusWashers","Incense Burner","Mango","CeramicFish","bronze:DecasWashers","Nunchaku"],"acts_visited":["Exordium"],"potions_floor_usage":[4],"damage_taken":[{"damage":47,"enemies":"Lagavulin","floor":3,"turns":4},{"damage":24,"enemies":"3 Sentries","floor":4,"turns":8},{"damage":22,"enemies":"Gremlin Nob","floor":5,"turns":3}],"seed_played":"-4245025507585347901","potions_obtained":[{"floor":3,"key":"Venom Potion"}],"is_trial":true,"path_per_floor":["$","$","E","E","E"],"character_chosen":"WATCHER","items_purchased":["Letter Opener","Crow Ritual","Replay:BasicMightCard","bronze:DonusWashers","Incense Burner"],"campfire_rested":0,"item_purchase_floors":[1,1,1,2,2],"current_hp_per_floor":[65,65,32,8,0,0],"gold":100,"neow_bonus":"","is_daily":false,"chose_seed":false,"campfire_upgraded":0,"win_rate":0.0,"timestamp":1611829766,"path_taken":["$","$","E","E","E"],"items_purchased_type":["Relic","Card","Card","Relic","Relic"],"build_version":"2020-12-22","purchased_purges":0,"victory":false,"max_hp_per_floor":[72,72,86,86,86,86],"card_choices":[],"player_experience":199617,"relics_obtained":[{"floor":3,"key":"Mango"},{"floor":3,"key":"CeramicFish"},{"floor":4,"key":"bronze:DecasWashers"},{"floor":4,"key":"Nunchaku"}],"event_choices":[],"is_beta":false,"boss_relics":[],"items_purged_floors":[],"is_endless":false,"potions_floor_spawned":[3],"killed_by":"Gremlin Nob","ascension_level":10}}