{"host":"99l0i25nwwr6z99u","time":1611797873,"event":{"mods":["Act Like it!","BaseMod","Colored Map","Colored Powertips","Downfall","Googly Eyes","Minty Spire (QoL Compilation)","Quick Restart","StSLib"],"gold_per_floor":[99,114,214,227,227,227,227,243,277,42,72,85,70,70,86,184,184,84,99,112,122,122,140,140,153,153,167,9,40,25,25,43,43,43,43],"floor_reached":33,"language":"ENG","playtime":1555,"items_purged":[],"score":304,"play_id":"cf2273f2-4ebc-4f45-a249-32b78314f780","local_time":"20210127203753","is_ascension_mode":false,"campfire_choices":[{"data":"champ:DancingMaster","floor":1.0,"key":"SMITH"},{"data":"champ:PerfectedStrike","floor":6,"key":"SMITH"},{"data":"champ:UltimateStance","floor":18,"key":"SMITH"},{"data":"champ:ShieldSlam","floor":26,"key":"SMITH"}],"circlet_count":0,"master_deck":["champ:Strike","champ:Strike","champ:Strike","champ:Strike","champ:Defend","champ:Defend","champ:Defend","champ:Defend","champ:Execute","champ:Taunt","champ:DancingMaster+1","champ:CrownThrow","champ:PerfectedStrike+1","champ:TornadoPunch","champ:UltimateStance+1","champ:CalledShot","champ:ShieldWall","champ:FocusedDefense","champ:PreciseThrust","champ:HoldFirm","champ:IronFortress","Decay","champ:ShieldSlam+1","champ:Shatter+1","champ:UltimateStance+1","champ:GladiatorStyle+1","Writhe"],"relics":["champ:ChampionCrown","Du-Vu Doll","Potion Belt","Bronze Scales","Vajra","Cursed Key","downfall:HeartBlessingGreen","champ:GladiatorsBookOfMartialProwess","DollysMirror","Pantograph","Art of War"],"acts_visited":["TheCity"],"potions_floor_usage":[16,21,27,28,29,29,30,30],"damage_taken":[{"damage":10.0,"enemies":"Cultist","floor":2.0,"turns":4.0},{"damage":6.0,"enemies":"Small Slimes","floor":4.0,"turns":4.0},{"damage":0,"enemies":"2 Louse","floor":8,"turns":3},{"damage":38,"enemies":"Gremlin Nob","floor":9,"turns":4},{"damage":30,"enemies":"downfall:FleeingMerchant","floor":10,"turns":4},{"damage":34,"enemies":"Lagavulin","floor":11,"turns":6},{"damage":10,"enemies":"Exordium Thugs","floor":12,"turns":5},{"damage":11,"enemies":"downfall:FleeingMerchant","floor":13,"turns":4},{"damage":0,"enemies":"Gremlin Gang","floor":15,"turns":3},{"damage":39,"enemies":"WA_ARCHETYPE_RETAIN","floor":16,"turns":8},{"damage":16,"enemies":"Spheric Guardian","floor":19,"turns":4},{"damage":14,"enemies":"3 Byrds","floor":20,"turns":3},{"damage":24,"enemies":"Shelled Parasite and Fungi","floor":21,"turns":5},{"damage":5,"enemies":"Chosen and Byrds","floor":23,"turns":4},{"damage":37,"enemies":"3 Cultists","floor":25,"turns":5},{"damage":5,"enemies":"Snake Plant","floor":27,"turns":3},{"damage":14,"enemies":"downfall:FleeingMerchant","floor":28,"turns":4},{"damage":24,"enemies":"Book of Stabbing","floor":29,"turns":4},{"damage":30,"enemies":"downfall:FleeingMerchant","floor":30,"turns":4},{"damage":30,"enemies":"Centurion and Healer","floor":32,"turns":5},{"damage":46,"enemies":"SI_MIRROR_ARCHETYPE","floor":33,"turns":7}],"seed_played":"-4372431610740591394","potions_obtained":[{"floor":2.0,"key":"Swift Potion"},{"floor":9,"key":"hexamod:SoulburnPotion"},{"floor":12,"key":"ColorlessPotion"},{"floor":15,"key":"SpeedPotion"},{"floor":16,"key":"SneckoOil"},{"floor":19,"key":"Weak Potion"},{"floor":22,"key":"champ:OpenerPotion"},{"floor":22,"key":"EssenceOfSteel"},{"floor":23,"key":"DistilledChaos"},{"floor":27,"key":"Guardian:BlockOnCardUsePotion"}],"is_trial":false,"path_per_floor":["R","M","?","M","?","R","T","M","E","$","E","M","$","?","M","B",null,"R","M","M","M","?","M","T","M","R","M","$","E","$","?","M","B"],"character_chosen":"THE_CHAMP","items_purchased":["Bronze Scales","champ:ShieldWall","DollysMirror"],"campfire_rested":0,"item_purchase_floors":[10,10,28],"current_hp_per_floor":[90,90,90,84,84,84,84,84,56,46,22,12,2,100,100,66,100,100,94,90,76,76,71,71,49,49,49,45,45,35,35,20,0,0,0],"gold":43,"neow_bonus":"ONE_RANDOM_RARE_CARD","is_daily":false,"chose_seed":false,"campfire_upgraded":4,"win_rate":0.0,"timestamp":1611797873,"path_taken":["R","M","?","M","?","R","T","M","E","$","E","?","$","?","M","BOSS","R","M","M","M","?","M","T","?","R","M","?","E","$","?","M","BOSS"],"items_purchased_type":["Relic","Card","Relic"],"build_version":"2020-12-22","purchased_purges":0,"victory":false,"max_hp_per_floor":[90,90,90,90,90,90,90,90,90,90,90,90,90,100,100,100,100,100,100,100,100,100,100,100,100,100,100,100,100,100,100,100,100,100,100],"card_choices":[{"not_picked":["champ:StanceDance","champ:AdrenalArmor"],"picked":"champ:CrownThrow","floor":2.0},{"not_picked":["champ:BladeFlurry","champ:StanceDance"],"picked":"champ:PerfectedStrike","floor":4.0},{"not_picked":["champ:BringItOn","champ:Parry"],"picked":"champ:TornadoPunch","floor":8},{"not_picked":["champ:SwordThrow","champ:StanceDance"],"picked":"champ:UltimateStance","floor":9},{"not_picked":["champ:DeathBlow","champ:BerserkersShout"],"picked":"champ:CalledShot","floor":10},{"not_picked":["champ:FlashCut","champ:Shatter"],"picked":"champ:FocusedDefense","floor":11},{"not_picked":["champ:SetATrap","champ:BringItOn"],"picked":"champ:PreciseThrust","floor":12},{"not_picked":["champ:FalseCounter","champ:CrownThrow","champ:FanOfKnives"],"picked":"SKIP","floor":13},{"not_picked":["champ:DefensiveShout","champ:RisingSlash","champ:Shatter"],"picked":"SKIP","floor":15},{"not_picked":["champ:TripleStrike","champ:SwordThrow"],"picked":"champ:HoldFirm","floor":16},{"not_picked":["champ:Encircle","champ:GutPunch","champ:BladeFlurry+1"],"picked":"SKIP","floor":19},{"not_picked":["champ:Haymaker+1","champ:HeartStrike"],"picked":"champ:IronFortress","floor":20},{"not_picked":["champ:TornadoPunch","champ:Encircle+1","champ:FanOfKnives"],"picked":"SKIP","floor":21},{"not_picked":["champ:Encircle+1","champ:FlashCut+1","champ:Haymaker"],"picked":"SKIP","floor":23},{"not_picked":["champ:TornadoPunch","champ:BerserkersShout"],"picked":"champ:ShieldSlam","floor":25},{"not_picked":["champ:BringItOn","champ:PerfectedStrike+1"],"picked":"champ:Shatter+1","floor":27},{"not_picked":["champ:DeathBlow","champ:FanOfKnives+1","champ:Shatter"],"picked":"SKIP","floor":28},{"not_picked":["champ:ShieldWall","champ:CrownThrow"],"picked":"champ:GladiatorStyle+1","floor":29},{"not_picked":["champ:RisingSlash","champ:GladiatorStyle","champ:FanOfKnives"],"picked":"SKIP","floor":30},{"not_picked":["champ:IronFortress+1","champ:SetATrap","champ:DancingMaster"],"picked":"SKIP","floor":32}],"player_experience":941818,"relics_obtained":[{"floor":7,"key":"Du-Vu Doll"},{"floor":9,"key":"Potion Belt"},{"floor":11,"key":"Vajra"},{"floor":24,"key":"champ:GladiatorsBookOfMartialProwess"},{"floor":29,"key":"Pantograph"}],"event_choices":[{"cards_removed":["champ:DancingMaster"],"damage_healed":88,"gold_gain":0,"player_choice":"Offered Rare","damage_taken":0,"max_hp_gain":10,"max_hp_loss":0,"event_name":"Bonfire Elementals","floor":14,"gold_loss":0},{"damage_healed":0,"gold_gain":0,"player_choice":"Got Potions","damage_taken":0,"max_hp_gain":0,"max_hp_loss":0,"event_name":"Lab","floor":22,"gold_loss":0}],"is_beta":false,"boss_relics":[{"not_picked":["Black Star","Sozu"],"picked":"Cursed Key"}],"items_purged_floors":[],"is_endless":false,"potions_floor_spawned":[2,9,12,15,16,19,23,25,27],"killed_by":"SI_MIRROR_ARCHETYPE","ascension_level":0}}