{"host":"w2kjv12xyhtt0cv2","time":1611811370,"event":{"mods":["Act Like it!","BaseMod","Colored Map","Friendly Minions","Gensokyo","GifTheSpireLib","Highlight Path","Hubris","Kiyohime（清姬）","Marisa（F雨　魔理沙）","Minty Spire (QoL Compilation)","Quick Restart","Reimu（博丽灵梦）","Relic Stats","Replay The Spire","RumiaBox-露米娅的神秘盒子","Shop Mod","Spicy Shops","StSLib","The Cursed","The Servant 0.9.4","UnlockEverythingMod","Waifu the Spire","[功能]功能增强和修复MOD","vexMod","【功能Mod】Neow奖励","【遗物卡牌】REMEMod","没有小屋子和绿帽子啦"],"gold_per_floor":[116,116,91,111,211,246,246,279,302,337,354,381,381,411,411,411,411],"floor_reached":16,"language":"ZHS","playtime":650,"items_purged":[],"score":211,"play_id":"f4835215-32c0-4177-969d-ee7237aaaf92","local_time":"20210128132250","is_ascension_mode":true,"campfire_choices":[{"data":"ReplayTheSpireMod:Uncanny Aura","floor":7.0,"key":"SMITH"},{"data":"TheCursedMod:HellsGateOpen","floor":15.0,"key":"SMITH"}],"circlet_count":0,"master_deck":["TheCursedMod:Strike_TheCursed","TheCursedMod:Strike_TheCursed","TheCursedMod:Strike_TheCursed","TheCursedMod:Strike_TheCursed","TheCursedMod:Defend_TheCursed","TheCursedMod:Defend_TheCursed","TheCursedMod:Defend_TheCursed","TheCursedMod:Defend_TheCursed","TheCursedMod:CursedWand","TheCursedMod:CleanUpWorkshop","TheCursedMod:Dregs","ReplayTheSpireMod:Uncanny Aura+1","TheCursedMod:CircleOfCorruption","TheCursedMod:CursedRelics","TheCursedMod:CursedStaff","TheCursedMod:SpitefulPlan","TheCursedMod:SurpriseAttack","TheCursedMod:HellsGateOpen+1"],"relics":["REME_ComplimentaryCards","EasyGame_NEW","Tiny Chest","HornCleat","StrikeDummy","ZombieArmy","Blue Doll","Garlic","Quantum Egg","Letter Opener"],"acts_visited":["Gensokyo:Gensokyo"],"potions_floor_usage":[],"damage_taken":[{"damage":2.0,"enemies":"Gensokyo:3_Fairies","floor":1.0,"turns":5.0},{"damage":6.0,"enemies":"Gensokyo:2_Kodama","floor":4.0,"turns":5.0},{"damage":9.0,"enemies":"Gensokyo:Aya","floor":6.0,"turns":6.0},{"damage":14.0,"enemies":"Gensokyo:Cirno","floor":8.0,"turns":6.0},{"damage":20.0,"enemies":"Gensokyo:Mamizou","floor":10.0,"turns":7.0},{"damage":0.0,"enemies":"Gensokyo:Python","floor":11.0,"turns":2.0},{"damage":3.0,"enemies":"Gensokyo:Aya","floor":12.0,"turns":4.0},{"damage":0.0,"enemies":"Gensokyo:Mamizou","floor":14.0,"turns":6.0},{"damage":0,"enemies":"Gensokyo:Reimu","floor":16,"turns":4}],"seed_played":"-7289823390943025502","potions_obtained":[{"floor":4.0,"key":"Weak Potion"},{"floor":8.0,"key":"Explosive Potion"},{"floor":10.0,"key":"Adrenaline Potion"},{"floor":12.0,"key":"Explosive Potion"}],"is_trial":false,"path_per_floor":["M","?","?","M","?","E","R","E","T","E","M","E","T","E","R","B"],"character_chosen":"THE_CURSED","items_purchased":[],"campfire_rested":0,"item_purchase_floors":[],"current_hp_per_floor":[66,66,66,60,60,51,51,37,37,17,17,14,14,14,14,14,14],"gold":411,"neow_bonus":"BOSS_RELIC","is_daily":false,"chose_seed":false,"campfire_upgraded":2,"win_rate":0.0,"timestamp":1611811370,"path_taken":["M","?","?","?","?","E","R","E","T","E","?","E","?","E","R","BOSS"],"items_purchased_type":[],"build_version":"2020-12-22","purchased_purges":0,"victory":false,"max_hp_per_floor":[75,75,75,75,75,75,75,75,75,75,75,75,75,75,75,75,75],"relic_stats":{"counters":[9,45],"Tiny Chest":1,"Letter Opener":[0],"obtain_stats":[{"TheCursedMod:BlackMagic101":0,"HornCleat":6,"Quantum Egg":13,"Tiny Chest":3,"Blue Doll":10,"Garlic":12,"Letter Opener":14,"StrikeDummy":8,"EasyGame_NEW":0,"REME_ComplimentaryCards":0,"ZombieArmy":9},{"TheCursedMod:BlackMagic101":0,"HornCleat":3,"Quantum Egg":7,"Tiny Chest":1,"Blue Doll":5,"Garlic":7,"Letter Opener":8,"StrikeDummy":4,"EasyGame_NEW":0,"REME_ComplimentaryCards":0,"ZombieArmy":4},{"TheCursedMod:BlackMagic101":0,"HornCleat":16,"Quantum Egg":35,"Tiny Chest":5,"Blue Doll":29,"Garlic":35,"Letter Opener":41,"StrikeDummy":22,"EasyGame_NEW":0,"REME_ComplimentaryCards":0,"ZombieArmy":22}]},"card_choices":[{"not_picked":["TheCursedMod:Stigma","TheCursedMod:Obscuration"],"picked":"TheCursedMod:CircleOfCorruption","floor":1.0},{"not_picked":["TheCursedMod:CircleOfFocus","TheCursedMod:CircleOfCorruption","TheCursedMod:EmpowerCircles"],"picked":"SKIP","floor":4.0},{"not_picked":["TheCursedMod:RapidMovement","TheCursedMod:PrepareRite"],"picked":"TheCursedMod:CursedRelics","floor":6.0},{"not_picked":["TheCursedMod:CircleOfFlame","TheCursedMod:Grudge","TheCursedMod:CursedArmor"],"picked":"SKIP","floor":8.0},{"not_picked":["TheCursedMod:RavingStaff","TheCursedMod:Torture"],"picked":"TheCursedMod:CursedStaff","floor":10.0},{"not_picked":["TheCursedMod:Wield","TheCursedMod:RavingStaff"],"picked":"TheCursedMod:SpitefulPlan","floor":11.0},{"not_picked":["TheCursedMod:SmokeScreen","TheCursedMod:CircleOfFlame"],"picked":"TheCursedMod:SurpriseAttack","floor":12.0},{"not_picked":["TheCursedMod:Stigma","TheCursedMod:CursedAmulet"],"picked":"TheCursedMod:HellsGateOpen","floor":14.0}],"player_experience":230483,"relics_obtained":[{"floor":6.0,"key":"HornCleat"},{"floor":8.0,"key":"StrikeDummy"},{"floor":9.0,"key":"ZombieArmy"},{"floor":10.0,"key":"Blue Doll"},{"floor":12.0,"key":"Garlic"},{"floor":13.0,"key":"Quantum Egg"},{"floor":14.0,"key":"Letter Opener"}],"event_choices":[],"is_beta":false,"boss_relics":[],"items_purged_floors":[],"is_endless":false,"potions_floor_spawned":[4,8,10,12],"killed_by":"Gensokyo:Reimu","ascension_level":9}}