{"host":"mgjbkrm6zb65cm01","time":1611841778,"event":{"mods":["ATMod(°¢èªMod)","BaseMod","Conspire","Good Game Mod","Marisa£¨ìFÓê¡¡Ä§ÀíÉ³£©","Minty Spire (QoL Compilation)","Quick Restart","Relic Stats","Replay The Spire","Spicy Shops","StSLib","The Bladedancer","The Servant 0.9.4","UnlockEverythingMod","noobMod"],"gold_per_floor":[118,181,195,208,208,249,0,0,51,72,113,113,145,173,123,232,232,252,6,30,45,70,107,107,107,107,107,206,221,221,232,232,337,337,361,0,20,48,66,66,97,130,130,177,177,534,534,557,557,583,583,583,60,103,121],"floor_reached":56,"language":"ZHS","playtime":4388,"items_purged":["Regret","Strike_B"],"score":1141,"play_id":"4bde4453-2633-4832-a44d-4d43b6cd613a","local_time":"20210128214938","is_ascension_mode":false,"campfire_choices":[{"floor":8.0,"key":"RECALL"},{"data":"Gash","floor":12.0,"key":"SMITH"},{"data":"Creative AI","floor":24.0,"key":"SMITH"},{"data":"AT_ThunderBolt","floor":27.0,"key":"SMITH"},{"floor":32.0,"key":"DIG"},{"data":"Machine Learning","floor":40,"key":"SMITH"},{"data":"Zap","floor":45,"key":"SMITH"},{"data":"FTL","floor":49,"key":"SMITH"},{"data":"Storm","floor":52,"key":"SMITH"}],"circlet_count":0,"master_deck":["Strike_B","Strike_B","Strike_B","Defend_B","Defend_B","Defend_B","Zap+1","Dualcast","Tempest","Rebound","Scrape","Sweeping Beam","AT_WarpDrive","Coolheaded","Coolheaded","Blizzard+1","FTL+1","Gash+1","Creative AI+1","Defend_B","AT_RightCognition","Panic Button+1","AT_ThunderBolt+1","AT_HeatAcrobatics+1","Compile Driver","Redo","Storm+1","Redo","Machine Learning+1","conspire:Rain+1","Rebound","Heatsinks","Go for the Eyes+1","BasicCrystalCard","BasicCrystalCard","Panic Button","AT_DarkMatter","Conserve Battery+1","Glacier+1","White Noise+1","Reboot","Gash","Sweeping Beam","Parasite","ReplayTheSpireMod:Reroute Power","Crystallizer+1"],"relics":["Cracked Core","REME:ComplimentaryCards","ice","AT_ATBox","Blue Doll","Iron Hammer","Replay:Bandana","conspire:InfiniteJournal","PreservedInsect","Replay:Rubber Ducky","conspire:SpecialSausage","Vajra","Counterbalance","conspire:RunicOctahedron","AT_ArcaneBoots","Frozen Egg 2","CaptainsWheel","Dream Catcher","Old Coin","Mirror","ReplayFunnel"],"acts_visited":["Exordium","TheCity","TheBeyond","TheEnding"],"potions_floor_usage":[50,50,50,55,55,55],"damage_taken":[{"damage":7.0,"enemies":"2 Louse","floor":1.0,"turns":2.0},{"damage":7.0,"enemies":"Small Slimes","floor":3.0,"turns":2.0},{"damage":3.0,"enemies":"Jaw Worm","floor":4.0,"turns":3.0},{"damage":40.0,"enemies":"3 Sentries","floor":6.0,"turns":5.0},{"damage":5.0,"enemies":"3 Louse","floor":10.0,"turns":2.0},{"damage":0.0,"enemies":"Lagavulin","floor":11.0,"turns":3.0},{"damage":0.0,"enemies":"Gremlin Gang","floor":13.0,"turns":2.0},{"damage":14.0,"enemies":"Large Slime","floor":14.0,"turns":3.0},{"damage":20.0,"enemies":"Hexaghost","floor":16.0,"turns":6.0},{"damage":11.0,"enemies":"Shell Parasite","floor":18.0,"turns":6.0},{"damage":12.0,"enemies":"Spheric Guardian","floor":20.0,"turns":6.0},{"damage":55.0,"enemies":"Cultist and Chosen","floor":21.0,"turns":7.0},{"damage":3.0,"enemies":"Snecko","floor":22.0,"turns":5.0},{"damage":30.0,"enemies":"Gremlin Leader","floor":23.0,"turns":6.0},{"damage":0.0,"enemies":"Centurion and Healer","floor":29.0,"turns":7.0},{"damage":10.0,"enemies":"Cultist and Chosen","floor":31.0,"turns":4.0},{"damage":7.0,"enemies":"Champ","floor":33.0,"turns":6.0},{"damage":12.0,"enemies":"Orb Walker","floor":35.0,"turns":3.0},{"damage":34.0,"enemies":"3 Darklings","floor":37.0,"turns":5.0},{"damage":28.0,"enemies":"Spire Growth","floor":38.0,"turns":5.0},{"damage":57.0,"enemies":"Sphere and 2 Shapes","floor":39.0,"turns":4.0},{"damage":0,"enemies":"R_Hoarder","floor":41,"turns":8},{"damage":4,"enemies":"4 Shapes","floor":42,"turns":5},{"damage":31,"enemies":"Reptomancer","floor":44,"turns":4},{"damage":11,"enemies":"2 Orb Walkers","floor":46,"turns":5},{"damage":0,"enemies":"Writhing Mass","floor":48,"turns":7},{"damage":30,"enemies":"Replay:Hell Engine","floor":50,"turns":6},{"damage":33,"enemies":"Shield and Spear","floor":54,"turns":5},{"damage":88,"enemies":"The Heart","floor":55,"turns":8}],"seed_played":"-5694623776486541704","potions_obtained":[{"floor":1.0,"key":"PowerPotion"},{"floor":2.0,"key":"Regen Potion"},{"floor":3.0,"key":"Cursed Concoction"},{"floor":4.0,"key":"Energy Potion"},{"floor":13.0,"key":"FearPotion"},{"floor":20.0,"key":"Explosive Potion"},{"floor":21.0,"key":"Ancient Potion"},{"floor":31.0,"key":"Block Potion"},{"floor":33.0,"key":"Toxic Potion"},{"floor":38.0,"key":"BlessingOfTheForge"},{"floor":39,"key":"FocusPotion"},{"floor":44,"key":"LiquidMemories"}],"is_trial":false,"path_per_floor":["M","?","M","M","?","E","$","R","T","M","E","R","M","M","R","B",null,"M","$","M","M","M","E","R","?","T","R","?","M","?","M","R","B",null,"M","$","M","M","M","R","E","M","T","E","R","?","?","M","R","B",null,"R","$","E","B",null],"character_chosen":"DEFECT","items_purchased":["Coolheaded","Blizzard+1","AT_ThunderBolt","Rebound","Heatsinks","AT_SpeedBoots","Go for the Eyes+1","BasicCrystalCard","Panic Button","Venom Potion","Mirror","Strength Potion","Toxic Potion"],"campfire_rested":0,"item_purchase_floors":[7,7,19,36,36,36,36,36,36,53,53,53,53],"current_hp_per_floor":[68,50,43,40,40,12,12,12,12,7,75,75,75,61,61,41,86,75,75,63,8,109,79,79,79,79,79,79,79,79,69,69,62,130,118,118,84,56,141,141,141,137,137,106,106,95,95,95,95,65,152,152,152,119,31],"gold":121,"neow_bonus":"RANDOM_COMMON_RELIC","is_daily":false,"chose_seed":false,"campfire_upgraded":7,"win_rate":0.0,"timestamp":1611841778,"path_taken":["M","?","M","M","?","E","?","R","T","M","E","R","M","M","R","BOSS","M","$","M","M","M","E","R","?","T","R","?","M","?","M","R","BOSS","M","$","M","M","M","R","E","M","T","E","R","?","?","M","R","BOSS","R","$","E","BOSS"],"items_purchased_type":["Card","Card","Card","Card","Card","Relic","Card","Card","Card","Potion","Relic","Potion","Potion"],"build_version":"2020-12-22","purchased_purges":2,"victory":true,"max_hp_per_floor":[75,75,75,75,75,75,75,75,75,75,75,75,75,76,76,86,86,93,93,99,109,110,118,118,118,118,118,118,124,124,128,128,130,130,132,132,139,145,152,152,152,152,152,152,152,152,152,152,152,152,152,152,152,152,152],"relic_stats":{"Dream Catcher":0,"counters":[29,140],"PreservedInsect":271,"obtain_stats":[{"ReplayFunnel":54,"AT_ATBox":0,"Counterbalance":32,"Vajra":23,"Blue Doll":0,"conspire:SpecialSausage":17,"conspire:RunicOctahedron":34,"PreservedInsect":9,"AT_ArcaneBoots":42,"ice":0,"Frozen Egg 2":41,"conspire:InfiniteJournal":6,"Replay:Rubber Ducky":11,"Old Coin":46,"REME:ComplimentaryCards":0,"Replay:Bandana":5,"AT_SpeedBoots":36,"CaptainsWheel":43,"Dream Catcher":44,"Iron Hammer":2,"Cracked Core":0,"Mirror":53},{"ReplayFunnel":28,"AT_ATBox":0,"Counterbalance":16,"Vajra":14,"Blue Doll":0,"conspire:SpecialSausage":9,"conspire:RunicOctahedron":17,"PreservedInsect":4,"AT_ArcaneBoots":23,"ice":0,"Frozen Egg 2":22,"conspire:InfiniteJournal":4,"Replay:Rubber Ducky":6,"Old Coin":25,"REME:ComplimentaryCards":0,"Replay:Bandana":3,"AT_SpeedBoots":18,"CaptainsWheel":23,"Dream Catcher":24,"Iron Hammer":1,"Cracked Core":0,"Mirror":27},{"ReplayFunnel":132,"AT_ATBox":0,"Counterbalance":69,"Vajra":58,"Blue Doll":0,"conspire:SpecialSausage":28,"conspire:RunicOctahedron":75,"PreservedInsect":12,"AT_ArcaneBoots":101,"ice":0,"Frozen Egg 2":100,"conspire:InfiniteJournal":12,"Replay:Rubber Ducky":17,"Old Coin":114,"REME:ComplimentaryCards":0,"Replay:Bandana":7,"AT_SpeedBoots":78,"CaptainsWheel":105,"Dream Catcher":109,"Iron Hammer":2,"Cracked Core":0,"Mirror":127}]},"card_choices":[{"not_picked":["Compile Driver","Aggregate"],"picked":"Tempest","floor":1.0},{"not_picked":["Melter","Time Bomb"],"picked":"Rebound","floor":2.0},{"not_picked":["ReplayTheSpireMod:Dual Polarity","ReplayTheSpireMod:GoodbyeWorld"],"picked":"Scrape","floor":3.0},{"not_picked":["Steam","Stack"],"picked":"Sweeping Beam","floor":4.0},{"not_picked":["AT_StudyProgram","Turbo"],"picked":"AT_WarpDrive","floor":6.0},{"not_picked":["Coolheaded","Redo"],"picked":"FTL","floor":10.0},{"not_picked":["Stack","Reinforced Body"],"picked":"Gash","floor":11.0},{"not_picked":["Leap","Sweeping Beam"],"picked":"BasicCrystalCard","floor":13.0},{"not_picked":["Gash","Recycle"],"picked":"Creative AI","floor":14.0},{"not_picked":["AT_WaterDrop","Echo Form"],"picked":"AT_RightCognition","floor":16.0},{"not_picked":["Ball Lightning","ReplayTheSpireMod:Repulse+1"],"picked":"Panic Button+1","floor":18.0},{"not_picked":["Redo+1","Sweeping Beam"],"picked":"AT_HeatAcrobatics+1","floor":20.0},{"not_picked":["Scrape+1","Redo"],"picked":"Compile Driver","floor":21.0},{"not_picked":["Sweeping Beam","Rebound","Steam"],"picked":"SKIP","floor":22.0},{"not_picked":["ReplayTheSpireMod:System Scan","Fusion"],"picked":"Redo","floor":23.0},{"not_picked":["Conserve Battery","Turbo+1"],"picked":"Storm","floor":29.0},{"not_picked":["AT_ThunderBolt","Buffer"],"picked":"Redo","floor":31.0},{"not_picked":["Rainbow","Meteor Strike"],"picked":"Machine Learning","floor":33.0},{"not_picked":["Defragment+1","Chaos"],"picked":"conspire:Rain+1","floor":35.0},{"not_picked":["Sweeping Beam","Ball Lightning+1"],"picked":"AT_DarkMatter","floor":37.0},{"not_picked":["Barrage+1","Go for the Eyes+1"],"picked":"Conserve Battery+1","floor":38.0},{"not_picked":["Conserve Battery+1","conspire:SharedLibrary+1"],"picked":"Glacier+1","floor":39},{"not_picked":["Beam Cell","Panic Button+1"],"picked":"White Noise+1","floor":41},{"not_picked":["Conserve Battery","Coolheaded"],"picked":"Reboot","floor":42},{"not_picked":["BasicCrystalCard","Go for the Eyes+1"],"picked":"Gash","floor":44},{"not_picked":["Coolheaded+1","Rebound+1"],"picked":"Sweeping Beam","floor":46},{"not_picked":["BasicCrystalCard+1","Undo"],"picked":"ReplayTheSpireMod:Reroute Power","floor":48},{"not_picked":["AT_WarpDrive","Turbo"],"picked":"Crystallizer+1","floor":54}],"player_experience":101870,"relics_obtained":[{"floor":2.0,"key":"Iron Hammer"},{"floor":6.0,"key":"conspire:InfiniteJournal"},{"floor":9.0,"key":"PreservedInsect"},{"floor":11.0,"key":"Replay:Rubber Ducky"},{"floor":23.0,"key":"Vajra"},{"floor":32.0,"key":"Counterbalance"},{"floor":41,"key":"Frozen Egg 2"},{"floor":43,"key":"CaptainsWheel"},{"floor":44,"key":"Dream Catcher"},{"floor":46,"key":"Old Coin"},{"floor":54,"key":"ReplayFunnel"}],"event_choices":[{"damage_healed":0.0,"max_hp_gain":0.0,"max_hp_loss":0.0,"gold_gain":0.0,"event_name":"Big Fish","player_choice":"Box","floor":5.0,"gold_loss":0.0,"damage_taken":0.0,"relics_obtained":["Replay:Bandana"],"cards_obtained":["Regret"]},{"damage_healed":0.0,"max_hp_gain":0.0,"max_hp_loss":0.0,"gold_gain":0.0,"event_name":"conspire:Investor","player_choice":"Leave","floor":25.0,"gold_loss":0.0,"damage_taken":0.0},{"damage_healed":0.0,"max_hp_gain":0.0,"max_hp_loss":0.0,"gold_gain":99.0,"event_name":"Nest","player_choice":"Stole From Cult","floor":28.0,"gold_loss":0.0,"damage_taken":0.0},{"cards_removed":["Defend_B"],"damage_healed":0.0,"max_hp_gain":0.0,"max_hp_loss":0.0,"gold_gain":0.0,"event_name":"Back to Basics","player_choice":"Elegance","floor":30.0,"gold_loss":0.0,"damage_taken":0.0},{"damage_healed":0,"gold_gain":0,"player_choice":"Fight","damage_taken":0,"max_hp_gain":0,"max_hp_loss":0,"event_name":"Mysterious Sphere","floor":46,"gold_loss":0},{"cards_removed":["BasicCrystalCard"],"damage_healed":0,"gold_gain":0,"player_choice":"Removed Skill","damage_taken":0,"max_hp_gain":0,"max_hp_loss":0,"event_name":"Falling","floor":47,"gold_loss":0}],"is_beta":false,"boss_relics":[{"not_picked":["Snecko Eye","Runic Dome"],"picked":"conspire:SpecialSausage"},{"not_picked":["ChewingGum","Replay:Wanted Poster"],"picked":"conspire:RunicOctahedron"}],"items_purged_floors":[7,7],"is_endless":false,"potions_floor_spawned":[1,3,4,13,20,21,31,33,38,39,44,48],"ascension_level":0}}