{"host":"rkezzvf6da7mjjsm","time":1611871880,"event":{"mods":["BaseMod","Colored Map","Downfall","Minty Spire (QoL Compilation)","Relic Stats","StSLib"],"gold_per_floor":[99,118,133,133,149,179,233,244,244,244,244],"floor_reached":9,"language":"ENG","playtime":384,"items_purged":[],"score":66,"play_id":"beb154e4-f340-4a99-9072-f7a036c45170","local_time":"20210129091120","is_ascension_mode":true,"campfire_choices":[{"data":"bronze:Goto","floor":1,"key":"SMITH"}],"circlet_count":0,"master_deck":["bronze:Strike","bronze:Strike","bronze:Strike","bronze:Strike","bronze:Defend","bronze:Defend","bronze:Defend","bronze:Defend","bronze:Replicate","bronze:Goto+1","bronze:ShipIt","bronze:BronzeOrb","bronze:Allocate","bronze:Repulsor","bronze:Break","bronze:BuggyMess"],"relics":["bronze:BronzeCore","Blood Vial","bronze:BronzeIdol"],"acts_visited":["Exordium"],"potions_floor_usage":[6,6,9,9,9],"damage_taken":[{"damage":5,"enemies":"Jaw Worm","floor":2,"turns":5},{"damage":1,"enemies":"Cultist","floor":3,"turns":4},{"damage":0,"enemies":"2 Louse","floor":5,"turns":3},{"damage":43,"enemies":"Gremlin Nob","floor":6,"turns":6},{"damage":16,"enemies":"Exordium Thugs","floor":8,"turns":5},{"damage":21,"enemies":"Lagavulin","floor":9,"turns":4}],"seed_played":"524606276200212423","potions_obtained":[{"floor":2,"key":"PowerPotion"},{"floor":4,"key":"Strength Potion"},{"floor":4,"key":"SteroidPotion"},{"floor":4,"key":"Block Potion"},{"floor":6,"key":"Energy Potion"},{"floor":8,"key":"Fruit Juice"}],"is_trial":false,"path_per_floor":["R","M","M","?","M","E","T","M","E"],"character_chosen":"THE_AUTOMATON","items_purchased":[],"campfire_rested":0,"item_purchase_floors":[],"current_hp_per_floor":[70,65,64,64,64,21,21,7,0,0,0],"gold":244,"neow_bonus":"ONE_RANDOM_RARE_CARD","is_daily":false,"chose_seed":false,"campfire_upgraded":1,"win_rate":0.0,"timestamp":1611871880,"path_taken":["R","M","M","?","M","E","T","M","E"],"items_purchased_type":[],"build_version":"2020-12-22","purchased_purges":0,"victory":false,"max_hp_per_floor":[70,70,70,70,70,70,70,70,75,75,75],"relic_stats":{"Blood Vial":4,"counters":[6,27],"obtain_stats":[{"Blood Vial":6,"bronze:BronzeCore":0,"bronze:BronzeIdol":7},{"Blood Vial":4,"bronze:BronzeCore":0,"bronze:BronzeIdol":4},{"Blood Vial":18,"bronze:BronzeCore":0,"bronze:BronzeIdol":18}]},"card_choices":[{"not_picked":["bronze:FollowUp","bronze:Separator"],"picked":"bronze:BronzeOrb","floor":2},{"not_picked":["bronze:Iterate","bronze:FineTuning"],"picked":"bronze:Allocate","floor":3},{"not_picked":["bronze:Separator","bronze:BitShift"],"picked":"bronze:Repulsor","floor":5},{"not_picked":["bronze:Flail","bronze:ChildClass"],"picked":"bronze:Break","floor":6},{"not_picked":["bronze:NullPointer","bronze:CutThrough"],"picked":"bronze:BuggyMess","floor":8}],"player_experience":673381,"relics_obtained":[{"floor":6,"key":"Blood Vial"},{"floor":7,"key":"bronze:BronzeIdol"}],"event_choices":[{"damage_healed":0,"gold_gain":0,"player_choice":"Got Potions","damage_taken":0,"max_hp_gain":0,"max_hp_loss":0,"event_name":"Lab","floor":4,"gold_loss":0}],"is_beta":false,"boss_relics":[],"items_purged_floors":[],"is_endless":false,"potions_floor_spawned":[2,6,8],"killed_by":"Lagavulin","ascension_level":1}}