{"host":"mr1ctipv0dcr6y8g","time":1611852728,"event":{"mods":["BaseMod","DeckTracker","Energized Spire","Minty Spire (QoL Compilation)","Shop Mod","StSLib"],"gold_per_floor":[113,124,124,144,19,44,56,56,106,120,50,80,80,105,105,200,200,216,216,231,6,33,33,33,47,121,21,21,31,31,50,50,150,150,168,218,218,251,37,37,55,67,67,67,67,67,67],"floor_reached":46,"language":"ENG","playtime":3631,"items_purged":["Strike_G","Strike_G"],"score":511,"play_id":"ec482f2c-00ad-4b64-b88f-3af0502c41be","local_time":"20210128095208","daily_mods":["Heirloom","Time Dilation","Flight","DeadlyEvents"],"is_ascension_mode":false,"campfire_choices":[{"data":"Deadly Poison","floor":8,"key":"SMITH"},{"data":"Catalyst","floor":13,"key":"SMITH"},{"data":"Dash","floor":15,"key":"SMITH"},{"floor":23,"key":"REST"},{"data":"Survivor","floor":24,"key":"SMITH"},{"data":"Bouncing Flask","floor":28,"key":"SMITH"},{"floor":30,"key":"REST"},{"floor":32,"key":"REST"},{"floor":40,"key":"REST"},{"data":"Apotheosis","floor":45,"key":"SMITH"}],"circlet_count":0,"master_deck":["Strike_G","Strike_G","Defend_G+1","Defend_G","Defend_G+1","Defend_G","Defend_G","Survivor+1","Neutralize","Dash+1","Bouncing Flask+1","Deadly Poison+1","Blur","Well Laid Plans","Catalyst+1","Acrobatics","Tools of the Trade","Clumsy","Acrobatics+1","Reflex","Flechettes+1","Outmaneuver+1","Deadly Poison+1","Poisoned Stab+1","Malaise","Apotheosis+1","Escape Plan","Crippling Poison","Outmaneuver+1"],"relics":["Ring of the Snake","Oddly Smooth Stone","energizedSpire:HighHeels","MerchantsRug","Calipers","Mercury Hourglass","energizedSpire:PogoStick","Torii","War Paint","Pear","Sundial"],"acts_visited":["Exordium","TheCity","TheBeyond"],"potions_floor_usage":[14,22,33,33,33,38,42],"damage_taken":[{"damage":0,"enemies":"2 Louse","floor":1,"turns":3},{"damage":7,"enemies":"Cultist","floor":2,"turns":5},{"damage":0,"enemies":"Jaw Worm","floor":4,"turns":5},{"damage":21,"enemies":"Gremlin Nob","floor":6,"turns":4},{"damage":0,"enemies":"Blue Slaver","floor":7,"turns":5},{"damage":0,"enemies":"Looter","floor":10,"turns":3},{"damage":8,"enemies":"Lagavulin","floor":12,"turns":4},{"damage":3,"enemies":"3 Sentries","floor":14,"turns":8},{"damage":19,"enemies":"Slime Boss","floor":16,"turns":14},{"damage":0,"enemies":"Spheric Guardian","floor":18,"turns":3},{"damage":17,"enemies":"3 Byrds","floor":20,"turns":6},{"damage":42,"enemies":"Gremlin Leader","floor":22,"turns":9},{"damage":6,"enemies":"Snecko","floor":25,"turns":4},{"damage":13,"enemies":"Shelled Parasite and Fungi","floor":29,"turns":6},{"damage":10,"enemies":"Cultist and Chosen","floor":31,"turns":4},{"damage":51,"enemies":"Collector","floor":33,"turns":8},{"damage":0,"enemies":"3 Shapes","floor":35,"turns":5},{"damage":22,"enemies":"Mind Bloom Boss Battle","floor":36,"turns":5},{"damage":23,"enemies":"Nemesis","floor":38,"turns":7},{"damage":10,"enemies":"3 Darklings","floor":41,"turns":5},{"damage":1,"enemies":"Sphere and 2 Shapes","floor":42,"turns":4},{"damage":54,"enemies":"Reptomancer","floor":46,"turns":6}],"seed_played":"7338474892882746439","potions_obtained":[{"floor":2,"key":"Poison Potion"},{"floor":3,"key":"Dexterity Potion"},{"floor":3,"key":"SkillPotion"},{"floor":16,"key":"CunningPotion"},{"floor":18,"key":"Fire Potion"},{"floor":25,"key":"Regen Potion"},{"floor":36,"key":"SpeedPotion"},{"floor":42,"key":"Fruit Juice"}],"is_trial":true,"path_per_floor":["M","M","?","M","$","E","M","R","T","M","$","E","R","E","R","B",null,"M","?","M","$","E","R","R","M","T","$","R","M","R","M","R","B",null,"M","?","?","E","$","R","M","M","T","T","R","E"],"character_chosen":"THE_SILENT","items_purchased":["Deadly Poison","Catalyst","MerchantsRug","Calipers","Apotheosis","Escape Plan"],"campfire_rested":4,"item_purchase_floors":[5,11,21,21,39,39],"current_hp_per_floor":[70,63,63,63,63,42,42,42,42,42,42,34,34,31,31,12,70,70,70,53,53,11,32,32,26,26,26,26,13,34,24,45,9,70,70,48,48,25,25,46,36,40,50,50,50,0,0],"gold":67,"neow_bonus":"","is_daily":false,"chose_seed":false,"campfire_upgraded":6,"win_rate":0.0,"timestamp":1611852728,"path_taken":["M","M","?","M","?","E","M","R","T","?","$","E","R","E","R","BOSS","M","?","?","$","?","R","R","?","T","?","R","M","R","M","R","BOSS","M","?","?","?","?","R","M","M","T","?","R","E"],"items_purchased_type":["Card","Card","Relic","Relic","Card","Card"],"build_version":"2020-12-22","purchased_purges":2,"victory":false,"max_hp_per_floor":[70,70,70,70,70,70,70,70,70,70,70,70,70,70,70,70,70,70,70,70,70,70,70,70,70,70,70,70,70,70,70,70,70,70,70,70,70,70,70,70,70,75,85,85,85,85,85],"card_choices":[{"not_picked":["Bane","Sucker Punch","All Out Attack"],"picked":"SKIP","floor":1},{"not_picked":["Masterful Stab","Dagger Spray"],"picked":"Dash","floor":2},{"not_picked":["Quick Slash","Distraction"],"picked":"Bouncing Flask","floor":4},{"not_picked":["Deadly Poison","Dodge and Roll"],"picked":"Blur","floor":6},{"not_picked":["Sucker Punch","All Out Attack"],"picked":"Well Laid Plans","floor":7},{"not_picked":["Cloak And Dagger","Backflip","Blade Dance"],"picked":"SKIP","floor":10},{"not_picked":["Caltrops","Flying Knee"],"picked":"Acrobatics","floor":12},{"not_picked":["Deflect","Blade Dance","PiercingWail"],"picked":"SKIP","floor":14},{"not_picked":["Envenom","Doppelganger"],"picked":"Tools of the Trade","floor":16},{"not_picked":["Riddle With Holes","Flying Knee"],"picked":"Acrobatics+1","floor":18},{"not_picked":["Malaise","Underhanded Strike"],"picked":"Reflex","floor":20},{"not_picked":["Acrobatics+1","Backflip","Dagger Spray+1"],"picked":"SKIP","floor":22},{"not_picked":["Bane","Dagger Throw+1"],"picked":"Flechettes+1","floor":25},{"not_picked":["Blade Dance","All Out Attack","Sucker Punch+1"],"picked":"SKIP","floor":29},{"not_picked":["Sucker Punch","Accuracy"],"picked":"Outmaneuver+1","floor":31},{"not_picked":["Crippling Poison","All Out Attack+1"],"picked":"Deadly Poison+1","floor":35},{"not_picked":["Backflip","Setup+1"],"picked":"Poisoned Stab+1","floor":36},{"not_picked":["Die Die Die","Calculated Gamble+1"],"picked":"Malaise","floor":38},{"not_picked":["Cloak And Dagger","Choke+1"],"picked":"Crippling Poison","floor":41},{"not_picked":["Heel Hook","All Out Attack"],"picked":"Outmaneuver+1","floor":42}],"player_experience":1271421,"relics_obtained":[{"floor":6,"key":"Blue Candle"},{"floor":9,"key":"Bag of Preparation"},{"floor":12,"key":"Oddly Smooth Stone"},{"floor":14,"key":"Potion Belt"},{"floor":22,"key":"Mercury Hourglass"},{"floor":36,"key":"Torii"},{"floor":38,"key":"War Paint"},{"floor":43,"key":"Pear"},{"floor":44,"key":"Sundial"}],"event_choices":[{"damage_healed":0,"gold_gain":0,"player_choice":"Got Potions","damage_taken":0,"max_hp_gain":0,"max_hp_loss":0,"event_name":"Lab","floor":3,"gold_loss":0},{"damage_healed":0,"gold_gain":0,"player_choice":"Traded Relic","damage_taken":0,"relics_obtained":["Nloth\u0027s Gift"],"max_hp_gain":0,"max_hp_loss":0,"event_name":"N\u0027loth","floor":19,"relics_lost":["Bag of Preparation"],"gold_loss":0},{"damage_healed":0,"gold_gain":0,"player_choice":"Fight","damage_taken":0,"max_hp_gain":0,"max_hp_loss":0,"event_name":"MindBloom","floor":36,"gold_loss":0},{"cards_removed":["Strike_G"],"damage_healed":0,"gold_gain":0,"player_choice":"Purged","damage_taken":0,"max_hp_gain":0,"max_hp_loss":0,"event_name":"Purifier","floor":37,"gold_loss":0}],"is_beta":false,"boss_relics":[{"not_picked":["Tiny House","energizedSpire:StickyHand"],"picked":"energizedSpire:HighHeels"},{"not_picked":["Runic Pyramid","energizedSpire:OgreHead"],"picked":"energizedSpire:PogoStick"}],"items_purged_floors":[5,27],"is_endless":false,"potions_floor_spawned":[2,4,16,18,25,36,42],"killed_by":"Reptomancer","ascension_level":0}}