{"host":"ucx3368bquyf080x","time":1611811794,"event":{"mods":["BaseMod","Minty Spire (QoL Compilation)","Replay The Spire","StSLib","[IsaacMod]ÒÔÈö¼âËþ"],"gold_per_floor":[112,212,212,212,226,236,254,281,281,281,342,367,367,393,393,497,497,514,526,526,538,556,556,584,584,663,663,676,527,546,572,572,670,670,685,785,801,851,870,870,898,898,925,448,448,448,448,170,170,170],"floor_reached":51,"language":"ZHS","playtime":1717,"items_purged":["Defend_B","Strike_B","Defend_B"],"score":1174,"play_id":"b4863282-b06e-4617-8472-d24753c4ddc9","local_time":"20210128132954","is_ascension_mode":true,"campfire_choices":[{"data":"Buffer","floor":10.0,"key":"SMITH"},{"data":"Genetic Algorithm","floor":13.0,"key":"SMITH"},{"data":"EpicFetus","floor":15.0,"key":"SMITH"},{"floor":23.0,"key":"REST"},{"floor":25.0,"key":"REST"},{"floor":27.0,"key":"REST"},{"floor":32.0,"key":"RECALL"},{"floor":40.0,"key":"REST"},{"floor":46.0,"key":"REST"},{"floor":49.0,"key":"REST"}],"circlet_count":0,"master_deck":["Defend_B","Defend_B","Zap","Dualcast","Barrage","Beam Cell","Buffer+1","Pot Of Greed","Pot Of Greed","Genetic Algorithm+1","Echo Form","Time Bomb+1","Leap+1","Rainbow","Panic Button","Electrodynamics","Chaos+1","BasicCrystalCard+1","Melter","Pot Of Greed","Panic Button+1","Self Repair","Fission","Sweeping Beam+1","Rainbow","Storm+1","FTL","Seek","Panic Button+1","Beam Cell+1","Rip and Tear+1","Magnetism","Pot Of Greed","Electrodynamics","Tempest","Tempest"],"relics":["Cracked Core","HushsDoor","NeowsBlessing","SatanicBible","PreservedInsect","Replay:WaspNest","Grinning Jar","ReplayTheSpireMod:Lightbulb","DeathBook","Fusion Hammer","GuppysHead","Prayer Wheel","Mummified Hand","TheBible","Bronze Scales","MagicMushroom","GuppysPaw","GuppysCollar","Mango","Juzu Bracelet","PillsDrop","Replay:Frozen Program","Replay:PocketPolymizer","Replay:Kaleidoscope","Runic Capacitor"],"acts_visited":["Exordium","TheCity","TheBeyond"],"potions_floor_usage":[],"damage_taken":[{"damage":0.0,"enemies":"2 Louse","floor":1.0,"turns":1.0},{"damage":0.0,"enemies":"Cultist","floor":5.0,"turns":1.0},{"damage":0.0,"enemies":"Small Slimes","floor":6.0,"turns":1.0},{"damage":6.0,"enemies":"3 Louse","floor":7.0,"turns":3.0},{"damage":0.0,"enemies":"3 Sentries","floor":8.0,"turns":3.0},{"damage":15.0,"enemies":"Gremlin Nob","floor":11.0,"turns":4.0},{"damage":0.0,"enemies":"Gremlin Nob","floor":14.0,"turns":4.0},{"damage":0.0,"enemies":"Fading Forest","floor":16.0,"turns":11.0},{"damage":17.0,"enemies":"3 Byrds","floor":18.0,"turns":3.0},{"damage":17.0,"enemies":"2 Thieves","floor":19.0,"turns":4.0},{"damage":0.0,"enemies":"Snecko","floor":21.0,"turns":5.0},{"damage":8.0,"enemies":"Snake Plant","floor":22.0,"turns":1.0},{"damage":17.0,"enemies":"Replay:Snechameleon","floor":24.0,"turns":4.0},{"damage":0.0,"enemies":"Chosen and Byrds","floor":28.0,"turns":4.0},{"damage":0.0,"enemies":"Centurion and Healer","floor":30.0,"turns":3.0},{"damage":5.0,"enemies":"Book of Stabbing","floor":31.0,"turns":4.0},{"damage":0.0,"enemies":"Automaton","floor":33.0,"turns":7.0},{"damage":0.0,"enemies":"Orb Walker","floor":35.0,"turns":1.0},{"damage":0.0,"enemies":"3 Shapes","floor":37.0,"turns":2.0},{"damage":0.0,"enemies":"Mind Bloom Boss Battle","floor":38.0,"turns":2.0},{"damage":0.0,"enemies":"Spire Growth","floor":39.0,"turns":2.0},{"damage":0.0,"enemies":"R_Hoarder","floor":41.0,"turns":2.0},{"damage":0,"enemies":"Replay:Hell Engine","floor":50,"turns":3}],"seed_played":"756842422632321391","potions_obtained":[{"floor":1.0,"key":"Energy Potion"},{"floor":6.0,"key":"GamblersBrew"},{"floor":7.0,"key":"Explosive Potion"},{"floor":21.0,"key":"FocusPotion"},{"floor":24.0,"key":"DistilledChaos"},{"floor":37.0,"key":"FearPotion"},{"floor":39.0,"key":"Languid Potion"}],"is_trial":false,"path_per_floor":["M","?","?","?","M","M","M","E","T","R","?","T","R","E","R","B",null,"M","M","?","M","M","R","E","R","T","R","M","$","M","E","R","B",null,"M","?","M","?","M","R","E","?","T","$","T","R","?","$","R","B",null],"character_chosen":"DEFECT","items_purchased":["ReplayTheSpireMod:Fabricate Wheel","GuppysHead","Self Repair","GuppysPaw","GuppysCollar","Electrodynamics","ReplayTheSpireMod:Fabricate Wheel","Replay:Frozen Program","Runic Capacitor"],"campfire_rested":6,"item_purchase_floors":[17,17,29,34,34,44,44,44,48],"current_hp_per_floor":[68,68,61,61,61,61,55,55,55,55,40,40,40,40,40,48,58,41,24,44,44,36,54,37,55,55,61,61,61,61,61,61,61,45,45,45,45,59,59,59,59,59,59,59,59,59,59,59,59,59],"gold":170,"neow_bonus":"THREE_ENEMY_KILL","is_daily":false,"chose_seed":false,"campfire_upgraded":3,"win_rate":0.0,"timestamp":1611811794,"path_taken":["M","?","?","?","M","M","?","E","T","R","?","?","R","E","R","BOSS","M","M","?","M","M","R","E","R","T","R","M","?","M","E","R","BOSS","M","?","?","?","M","R","E","?","T","?","?","R","?","$","R","BOSS"],"items_purchased_type":["Card","Relic","Card","Relic","Relic","Card","Card","Relic","Relic"],"build_version":"2020-12-22","purchased_purges":3,"victory":true,"max_hp_per_floor":[75,75,75,75,75,75,75,75,75,75,75,75,75,75,75,75,61,61,61,61,61,61,61,61,61,61,61,61,61,61,61,61,61,45,45,45,45,59,59,59,59,59,59,59,59,59,59,59,59,59],"card_choices":[{"not_picked":[],"picked":"EpicFetus","floor":0.0},{"not_picked":["Capacitor","Reprogram","ReplaySort"],"picked":"SKIP","floor":1.0},{"not_picked":["BasicCrystalCard","Streamline"],"picked":"Barrage","floor":5.0},{"not_picked":["Redo","Steam"],"picked":"Beam Cell","floor":6.0},{"not_picked":["Go for the Eyes","Gash"],"picked":"Buffer","floor":7.0},{"not_picked":["Cold Snap","FIFO Queue","Redo"],"picked":"SKIP","floor":8.0},{"not_picked":["Time Bomb","Compile Driver"],"picked":"Genetic Algorithm","floor":11.0},{"not_picked":["Hologram","Conserve Battery","Compile Driver"],"picked":"SKIP","floor":14.0},{"not_picked":["Multi-Cast","All For One"],"picked":"Echo Form","floor":16.0},{"not_picked":["ReplayTheSpireMod:System Scan","Leap"],"picked":"Time Bomb+1","floor":18.0},{"not_picked":["Gash","Beam Cell"],"picked":"Leap+1","floor":18.0},{"not_picked":["Rebound","Leap"],"picked":"Rainbow","floor":19.0},{"not_picked":["Gash","Chill"],"picked":"Panic Button","floor":19.0},{"not_picked":["Rip and Tear","Redo"],"picked":"Electrodynamics","floor":21.0},{"not_picked":["Doom and Gloom","Barrage"],"picked":"Chaos+1","floor":21.0},{"not_picked":["Conserve Battery+1","Sunder"],"picked":"BasicCrystalCard+1","floor":22.0},{"not_picked":["Loop","Stack+1","Steam Power"],"picked":"SKIP","floor":22.0},{"not_picked":["ReplayTheSpireMod:GoodbyeWorld","BootSequence"],"picked":"Melter","floor":24.0},{"not_picked":["Turbo","Steam"],"picked":"Panic Button+1","floor":28.0},{"not_picked":["Compile Driver","Sunder+1","Gash"],"picked":"SKIP","floor":28.0},{"not_picked":["Turbo","White Noise"],"picked":"Fission","floor":30.0},{"not_picked":["Streamline","Double Energy","Steam"],"picked":"SKIP","floor":30.0},{"not_picked":["Turbo","Compile Driver"],"picked":"Sweeping Beam+1","floor":31.0},{"not_picked":["Meteor Strike","Machine Learning"],"picked":"Rainbow","floor":33.0},{"not_picked":["Cold Snap","Conserve Battery","Stack"],"picked":"SKIP","floor":35.0},{"not_picked":["Cold Snap+1","Redo+1","Blizzard+1"],"picked":"SKIP","floor":35.0},{"not_picked":["Ball Lightning","FIFO Queue+1"],"picked":"Storm+1","floor":36.0},{"not_picked":["Gash","Rebound"],"picked":"FTL","floor":37.0},{"not_picked":["Streamline+1","Go for the Eyes"],"picked":"Seek","floor":37.0},{"not_picked":["Darkness+1","Streamline"],"picked":"Panic Button+1","floor":38.0},{"not_picked":["ReplayGash+1","Steam"],"picked":"Beam Cell+1","floor":39.0},{"not_picked":["Fusion","Reinforced Body+1","Cold Snap"],"picked":"SKIP","floor":39.0},{"not_picked":["White Noise","Turbo"],"picked":"Rip and Tear+1","floor":41.0}],"player_experience":618987,"relics_obtained":[{"floor":8.0,"key":"PreservedInsect"},{"floor":9.0,"key":"Replay:WaspNest"},{"floor":11.0,"key":"Grinning Jar"},{"floor":12.0,"key":"ReplayTheSpireMod:Lightbulb"},{"floor":14.0,"key":"DeathBook"},{"floor":24.0,"key":"Mummified Hand"},{"floor":26.0,"key":"TheBible"},{"floor":31.0,"key":"Bronze Scales"},{"floor":38.0,"key":"Mango"},{"floor":41.0,"key":"Juzu Bracelet"},{"floor":43.0,"key":"PillsDrop"},{"floor":45.0,"key":"Replay:PocketPolymizer"}],"event_choices":[{"cards_removed":["Strike_B"],"damage_healed":0.0,"max_hp_gain":0.0,"max_hp_loss":0.0,"gold_gain":0.0,"event_name":"Golden Wing","player_choice":"Card Removal","floor":3.0,"gold_loss":0.0,"damage_taken":7.0},{"damage_healed":0.0,"max_hp_gain":0.0,"max_hp_loss":0.0,"gold_gain":0.0,"event_name":"Liars Game","player_choice":"Ignored","floor":4.0,"gold_loss":0.0,"damage_taken":0.0},{"damage_healed":0.0,"max_hp_gain":0.0,"max_hp_loss":0.0,"gold_gain":0.0,"event_name":"Dead Adventurer","player_choice":"Searched \u00272\u0027 times","floor":11.0,"gold_loss":0.0,"damage_taken":0.0},{"damage_healed":20.0,"max_hp_gain":0.0,"max_hp_loss":0.0,"gold_gain":0.0,"event_name":"The Library","player_choice":"Heal","floor":20.0,"gold_loss":0.0,"damage_taken":0.0},{"damage_healed":0.0,"max_hp_gain":0.0,"max_hp_loss":0.0,"gold_gain":0.0,"event_name":"MindBloom","player_choice":"Fight","floor":38.0,"gold_loss":0.0,"damage_taken":0.0},{"damage_healed":0.0,"max_hp_gain":0.0,"max_hp_loss":0.0,"gold_gain":0.0,"cards_transformed":["EpicFetus"],"event_name":"Transmorgrifier","player_choice":"Transformed","floor":42.0,"gold_loss":0.0,"damage_taken":0.0,"cards_obtained":["Magnetism"]},{"cards_removed":["ReplayTheSpireMod:Fabricate Wheel"],"damage_healed":0.0,"max_hp_gain":0.0,"max_hp_loss":0.0,"gold_gain":0.0,"event_name":"WeMeetAgain","player_choice":"Gave Card","floor":47.0,"gold_loss":0.0,"damage_taken":0.0,"relics_obtained":["Replay:Kaleidoscope"]}],"is_beta":false,"boss_relics":[{"not_picked":["Pandora\u0027s Box","Ring of Chaos"],"picked":"Fusion Hammer"},{"not_picked":[]},{"not_picked":["Black Star","Nuclear Battery"],"picked":"MagicMushroom"},{"not_picked":[]}],"items_purged_floors":[29,44,48],"is_endless":false,"potions_floor_spawned":[1,6,7,21,24,37,39],"ascension_level":8}}