{"host":"4pckc3u5mqcilakq","time":1611836167,"event":{"mods":["AchievementEnabler","BaseMod","Colored Map","Colored Powertips","Highlight Path","Minty Spire (QoL Compilation)"],"gold_per_floor":[17,17,27,27,102,132,132,132,132],"floor_reached":8,"language":"ENG","playtime":453,"items_purged":[],"score":68,"play_id":"56017ef0-08da-49f5-88ec-0a7a86dae911","local_time":"20210128151607","is_ascension_mode":true,"campfire_choices":[{"floor":7,"key":"REST"}],"circlet_count":0,"master_deck":["Strike_B","Strike_B","Strike_B","Strike_B","Defend_B","Defend_B","Defend_B","Defend_B","Zap","Dualcast","Creative AI+1","Turbo","Turbo","White Noise"],"relics":["Cracked Core","Juzu Bracelet"],"acts_visited":["Exordium"],"potions_floor_usage":[6],"damage_taken":[{"damage":14,"enemies":"Jaw Worm","floor":1,"turns":6},{"damage":0,"enemies":"2 Louse","floor":3,"turns":2},{"damage":49,"enemies":"Gremlin Nob","floor":6,"turns":6},{"damage":31,"enemies":"3 Sentries","floor":8,"turns":4}],"seed_played":"-5859995845046051852","potions_obtained":[{"floor":1,"key":"BlessingOfTheForge"}],"is_trial":false,"path_per_floor":["M","?","M","$","?","E","R","E"],"character_chosen":"DEFECT","items_purchased":[],"campfire_rested":1,"item_purchase_floors":[],"current_hp_per_floor":[61,61,61,61,50,1,23,0,0],"gold":132,"neow_bonus":"THREE_RARE_CARDS","is_daily":false,"chose_seed":false,"campfire_upgraded":0,"win_rate":0.0,"timestamp":1611836167,"path_taken":["M","?","M","$","?","E","R","E"],"items_purchased_type":[],"build_version":"2020-12-22","purchased_purges":0,"victory":false,"max_hp_per_floor":[75,75,75,75,75,75,75,75,75],"card_choices":[{"not_picked":["Core Surge","Multi-Cast"],"picked":"Creative AI","floor":0},{"not_picked":["Steam Power","Redo"],"picked":"Turbo","floor":1},{"not_picked":["Recycle","Ball Lightning"],"picked":"Turbo","floor":3},{"not_picked":["Double Energy","Steam"],"picked":"White Noise","floor":6}],"player_experience":208299,"relics_obtained":[{"floor":6,"key":"Juzu Bracelet"}],"event_choices":[{"damage_healed":0,"gold_gain":0,"player_choice":"Grow","damage_taken":0,"max_hp_gain":0,"max_hp_loss":0,"event_name":"Living Wall","floor":2,"gold_loss":0,"cards_upgraded":["Creative AI"]},{"damage_healed":0,"gold_gain":75,"player_choice":"Gather Gold","damage_taken":11,"max_hp_gain":0,"max_hp_loss":0,"event_name":"World of Goop","floor":5,"gold_loss":0}],"is_beta":false,"boss_relics":[],"items_purged_floors":[],"is_endless":false,"potions_floor_spawned":[1],"killed_by":"3 Sentries","ascension_level":5}}