{"host":"cziotie8mnsl18m5","time":1611870339,"event":{"mods":["BaseMod","Minty Spire (QoL Compilation)","StSLib","The Animator"],"gold_per_floor":[111,111,111,111,36,36,36,78,103,121,121,131,160,160,160,160,160],"floor_reached":16,"language":"ENG","playtime":622,"items_purged":["animator:Defend"],"score":262,"play_id":"d9eecbf1-8ff6-4502-9471-fe471ac95fd1","local_time":"20210128164539","is_ascension_mode":true,"campfire_choices":[{"floor":6.0,"key":"RECALL"},{"floor":11.0,"key":"REST"},{"floor":15,"key":"REST"}],"circlet_count":0,"master_deck":["AscendersBane","animator:Strike_TenSura","animator:Defend_TenSura","animator:Strike","animator:Strike","animator:Defend+1","animator:Benimaru","animator:Shuna+1","animator:IzunaHatsuse","animator:Arpeggio","animator:Shion","animator:Hakurou","animator:Ainz"],"relics":["animator:LivingPicture","animator:TheMissingPiece","NeowsBlessing","MealTicket","Nunchaku"],"acts_visited":["Exordium"],"potions_floor_usage":[],"damage_taken":[{"damage":0.0,"enemies":"Small Slimes","floor":1.0,"turns":1.0},{"damage":0.0,"enemies":"Lagavulin","floor":8.0,"turns":1.0},{"damage":0.0,"enemies":"Jaw Worm","floor":10.0,"turns":1.0},{"damage":0.0,"enemies":"2 Louse","floor":12.0,"turns":3.0},{"damage":43.0,"enemies":"3 Sentries","floor":13.0,"turns":7.0},{"damage":43,"enemies":"Slime Boss","floor":16,"turns":8}],"seed_played":"7400564637749373877","potions_obtained":[],"is_trial":false,"path_per_floor":["M","?","?","?","$","R","?","E","T","M","R","M","E","?","R","B"],"character_chosen":"THE_ANIMATOR","items_purchased":[],"campfire_rested":2,"item_purchase_floors":[],"current_hp_per_floor":[54,59,39,32,32,32,32,32,32,32,51,52,17,17,36,0,0],"gold":160,"neow_bonus":"THREE_ENEMY_KILL","is_daily":false,"chose_seed":false,"campfire_upgraded":0,"win_rate":0.0,"timestamp":1611870339,"path_taken":["M","?","?","?","$","R","?","E","T","?","R","M","E","?","R","BOSS"],"items_purchased_type":[],"build_version":"2020-12-22","purchased_purges":1,"victory":false,"max_hp_per_floor":[60,65,65,65,65,65,65,65,65,65,65,66,66,66,66,66,66],"card_choices":[{"not_picked":["animator:Hakurou","animator:Tet"],"picked":"animator:IzunaHatsuse","floor":1.0},{"not_picked":["animator:Benimaru","animator:PandorasActor"],"picked":"animator:Shion","floor":8.0},{"not_picked":["animator:Bozes","animator:MamiTomoe","animator:Jibril"],"picked":"SKIP","floor":10.0},{"not_picked":["animator:Shion","animator:Benimaru"],"picked":"animator:Hakurou","floor":12.0},{"not_picked":["animator:OrikoMikuni","animator:Add","animator:YaoHaDucy"],"picked":"SKIP","floor":13.0}],"player_experience":2621930,"relics_obtained":[{"floor":8.0,"key":"MealTicket"},{"floor":13.0,"key":"Nunchaku"}],"event_choices":[{"damage_healed":0.0,"max_hp_gain":5.0,"max_hp_loss":0.0,"gold_gain":0.0,"event_name":"Big Fish","player_choice":"Donut","floor":2.0,"gold_loss":0.0,"damage_taken":0.0},{"damage_healed":0.0,"max_hp_gain":0.0,"max_hp_loss":0.0,"gold_gain":0.0,"event_name":"Shining Light","player_choice":"Entered Light","floor":3.0,"gold_loss":0.0,"damage_taken":20.0,"cards_upgraded":["animator:Defend","animator:Shuna"]},{"cards_removed":["animator:Defend"],"damage_healed":0.0,"max_hp_gain":0.0,"max_hp_loss":0.0,"gold_gain":0.0,"event_name":"Golden Wing","player_choice":"Card Removal","floor":4.0,"gold_loss":0.0,"damage_taken":7.0},{"damage_healed":0.0,"max_hp_gain":0.0,"max_hp_loss":0.0,"gold_gain":0.0,"cards_transformed":["animator:Strike"],"event_name":"Living Wall","player_choice":"Change","floor":7.0,"gold_loss":0.0,"damage_taken":0.0,"cards_obtained":["animator:Arpeggio"]},{"damage_healed":0,"gold_gain":0,"player_choice":"1 cards matched","damage_taken":0,"max_hp_gain":0,"max_hp_loss":0,"event_name":"Match and Keep!","floor":14,"gold_loss":0,"cards_obtained":["animator:Ainz"]}],"is_beta":false,"boss_relics":[],"items_purged_floors":[5],"is_endless":false,"potions_floor_spawned":[8],"killed_by":"Slime Boss","ascension_level":20}}