{"host":"wq0pzln9h9r005f2","time":1611799301,"event":{"mods":["AchievementEnabler","BaseMod","Googly Eyes","Highlight Path","Minty Spire (QoL Compilation)","Quick Restart","Rare Cards Sparkle","Relic Stats","The IronCluck","egg"],"gold_per_floor":[109,109,120,132,59,89,89,124,198,270,288,288,28,28,28,28,28],"floor_reached":16,"language":"ENG","playtime":397,"items_purged":[],"score":178,"play_id":"c4e436b8-2dee-4249-bcce-54e3197270e0","local_time":"20210127190141","is_ascension_mode":true,"campfire_choices":[{"data":"Berserk","floor":7,"key":"SMITH"},{"floor":12,"key":"REST"},{"data":"Flex","floor":15,"key":"SMITH"}],"circlet_count":0,"master_deck":["AscendersBane","Strike_R","Strike_R","Strike_R","Strike_R","Strike_R","Defend_R","Defend_R","Defend_R","Bash","Berserk+1","Flex+1","Flame Barrier","Reaper"],"relics":["Burning Blood","Girya","PreservedInsect","Letter Opener","Frozen Egg 2","Meat on the Bone"],"acts_visited":["Exordium"],"potions_floor_usage":[6,11,16,16],"damage_taken":[{"damage":8,"enemies":"2 Louse","floor":1,"turns":2},{"damage":4,"enemies":"Cultist","floor":3,"turns":3},{"damage":7,"enemies":"Jaw Worm","floor":4,"turns":3},{"damage":26,"enemies":"Lagavulin","floor":6,"turns":7},{"damage":52,"enemies":"Gremlin Nob","floor":8,"turns":6},{"damage":8,"enemies":"Blue Slaver","floor":11,"turns":4},{"damage":47,"enemies":"Hexaghost","floor":16,"turns":9}],"seed_played":"6294518296760936432","potions_obtained":[{"floor":4,"key":"LiquidMemories"},{"floor":8,"key":"AttackPotion"},{"floor":14,"key":"DistilledChaos"},{"floor":14,"key":"LiquidMemories"}],"is_trial":false,"path_per_floor":["M","?","M","M","$","E","R","E","T","T","M","R","$","?","R","B"],"character_chosen":"IRONCLAD","items_purchased":["Flame Barrier","Meat on the Bone"],"campfire_rested":1,"item_purchase_floors":[5,13],"current_hp_per_floor":[70,70,72,71,71,51,51,9,9,9,7,31,31,31,31,0,0],"gold":28,"neow_bonus":"ONE_RANDOM_RARE_CARD","is_daily":false,"chose_seed":false,"campfire_upgraded":2,"win_rate":0.0,"timestamp":1611799301,"path_taken":["M","?","M","M","?","E","R","E","T","?","?","R","$","?","R","BOSS"],"items_purchased_type":["Card","Relic"],"build_version":"2020-12-22","purchased_purges":0,"victory":false,"max_hp_per_floor":[80,80,80,80,80,80,80,80,80,80,80,80,80,80,80,80,80],"relic_stats":{"counters":[7,34],"PreservedInsect":0,"Letter Opener":[5],"obtain_stats":[{"Girya":6,"PreservedInsect":8,"Letter Opener":9,"Frozen Egg 2":10,"Burning Blood":0,"Meat on the Bone":13},{"Girya":4,"PreservedInsect":5,"Letter Opener":5,"Frozen Egg 2":5,"Burning Blood":0,"Meat on the Bone":6},{"Girya":15,"PreservedInsect":21,"Letter Opener":21,"Frozen Egg 2":21,"Burning Blood":0,"Meat on the Bone":25}],"Burning Blood":36,"Meat on the Bone":0},"card_choices":[{"not_picked":["Armaments","Second Wind","Sword Boomerang"],"picked":"SKIP","floor":1},{"not_picked":["Evolve","Power Through","Spot Weakness"],"picked":"SKIP","floor":3},{"not_picked":["Perfected Strike","Heavy Blade"],"picked":"Flex","floor":4},{"not_picked":["Wild Strike","Clash"],"picked":"Reaper","floor":6},{"not_picked":["Exhume","True Grit","Reckless Charge"],"picked":"SKIP","floor":8},{"not_picked":["Headbutt","Cleave","Anger"],"picked":"SKIP","floor":11}],"player_experience":93417,"relics_obtained":[{"floor":6,"key":"Girya"},{"floor":8,"key":"PreservedInsect"},{"floor":9,"key":"Letter Opener"},{"floor":10,"key":"Frozen Egg 2"}],"event_choices":[{"cards_removed":["Defend_R"],"damage_healed":0,"gold_gain":0,"player_choice":"Purged","damage_taken":0,"max_hp_gain":0,"max_hp_loss":0,"event_name":"Purifier","floor":2,"gold_loss":0},{"damage_healed":0,"gold_gain":0,"player_choice":"Got Potions","damage_taken":0,"max_hp_gain":0,"max_hp_loss":0,"event_name":"Lab","floor":14,"gold_loss":0}],"is_beta":false,"boss_relics":[],"items_purged_floors":[],"is_endless":false,"potions_floor_spawned":[4,8],"killed_by":"Hexaghost","ascension_level":13}}