{"host":"7qoz5gmva6til3yp","time":1611840229,"event":{"mods":["AchievementEnabler","BaseMod","Minty Spire (QoL Compilation)","StSLib","SuperFastMode"],"gold_per_floor":[118,134,84,84,97,127,127,154,154,154,194,269,78,97,97,175,175,185,230,258,271,290,290,315,327,339,351,363,475,54,74,74,151,151,163,215,69,80,94,121,133,133,133,168,80,92,123,345,345,345,345,345,6,37,37],"floor_reached":56,"language":"KOR","playtime":2621,"items_purged":["Defend_P","Strike_P","Defend_P","Strike_P+1","Protect+1","Brilliance+1"],"score":2186,"play_id":"5e76b40c-bc65-4a7d-94a9-1183f5d0efa2","local_time":"20210128222349","is_ascension_mode":true,"campfire_choices":[{"data":"Vigilance","floor":7.0,"key":"SMITH"},{"floor":10.0,"key":"REST"},{"data":"Wish","floor":15.0,"key":"SMITH"},{"data":"Adaptation","floor":23.0,"key":"SMITH"},{"data":"Omniscience","floor":27.0,"key":"SMITH"},{"floor":32.0,"key":"REST"},{"floor":42.0,"key":"REST"},{"floor":49.0,"key":"RECALL"},{"data":"Adaptation","floor":52.0,"key":"SMITH"}],"circlet_count":0,"master_deck":["AscendersBane","Eruption+1","Vigilance+1","EmptyFist+1","Wish+1","LessonLearned+1","FollowUp+1","InnerPeace+1","Adaptation+1","Omniscience+1","Madness+1","TalkToTheHand+1","Wallop+1","Vault+1","Adaptation+1","MentalFortress","Ragnarok+1","Swivel+1","SpiritShield","MentalFortress","DeusExMachina"],"relics":["PureWater","NeowsBlessing","Lantern","Ornamental Fan","Nunchaku","Shuriken","Bronze Scales","Astrolabe","Red Mask","Medical Kit","MawBank","Matryoshka","Pen Nib","Lizard Tail","Molten Egg 2","Shovel","Runic Pyramid","GoldenEye","Smiling Mask","Eternal Feather","Akabeko","InkBottle","Toolbox","Anchor"],"acts_visited":["Exordium","TheCity","TheBeyond","TheEnding"],"potions_floor_usage":[55],"damage_taken":[{"damage":0.0,"enemies":"Small Slimes","floor":1.0,"turns":1.0},{"damage":0.0,"enemies":"Jaw Worm","floor":2.0,"turns":1.0},{"damage":0.0,"enemies":"Cultist","floor":5.0,"turns":1.0},{"damage":25.0,"enemies":"3 Sentries","floor":6.0,"turns":8.0},{"damage":16.0,"enemies":"Gremlin Nob","floor":8.0,"turns":4.0},{"damage":25.0,"enemies":"2 Fungi Beasts","floor":11.0,"turns":5.0},{"damage":0.0,"enemies":"Looter","floor":14.0,"turns":2.0},{"damage":27.0,"enemies":"The Guardian","floor":16.0,"turns":9.0},{"damage":29.0,"enemies":"2 Thieves","floor":18.0,"turns":4.0},{"damage":8.0,"enemies":"3 Byrds","floor":19.0,"turns":3.0},{"damage":22.0,"enemies":"Masked Bandits","floor":20.0,"turns":4.0},{"damage":11.0,"enemies":"Centurion and Healer","floor":22.0,"turns":4.0},{"damage":9.0,"enemies":"Slavers","floor":24.0,"turns":4.0},{"damage":12.0,"enemies":"Colosseum Slavers","floor":29.0,"turns":3.0},{"damage":8.0,"enemies":"Colosseum Nobs","floor":29.0,"turns":3.0},{"damage":12.0,"enemies":"Snake Plant","floor":31.0,"turns":3.0},{"damage":0.0,"enemies":"Automaton","floor":33.0,"turns":5.0},{"damage":9.0,"enemies":"Orb Walker","floor":35.0,"turns":3.0},{"damage":0.0,"enemies":"2 Orb Walkers","floor":36.0,"turns":6.0},{"damage":17.0,"enemies":"3 Shapes","floor":38.0,"turns":2.0},{"damage":20.0,"enemies":"3 Darklings","floor":39.0,"turns":3.0},{"damage":0.0,"enemies":"Reptomancer","floor":40.0,"turns":5.0},{"damage":2.0,"enemies":"Jaw Worm Horde","floor":41.0,"turns":3.0},{"damage":0.0,"enemies":"Nemesis","floor":44.0,"turns":4.0},{"damage":29.0,"enemies":"Maw","floor":46.0,"turns":6.0},{"damage":6.0,"enemies":"Reptomancer","floor":47.0,"turns":4.0},{"damage":109.0,"enemies":"Time Eater","floor":50.0,"turns":6.0},{"damage":72,"enemies":"Shield and Spear","floor":54,"turns":5},{"damage":0,"enemies":"The Heart","floor":55,"turns":7}],"seed_played":"-7827055450755723012","potions_obtained":[{"floor":1.0,"key":"SkillPotion"},{"floor":2.0,"key":"Energy Potion"},{"floor":16.0,"key":"LiquidMemories"},{"floor":18.0,"key":"CultistPotion"},{"floor":29.0,"key":"Ambrosia"},{"floor":41.0,"key":"SkillPotion"},{"floor":54,"key":"SpeedPotion"}],"is_trial":false,"path_per_floor":["M","M","?","?","M","E","R","E","T","R","M","?","$","M","R","B",null,"M","M","?","$","M","R","E","?","T","R","?","?","$","M","R","B",null,"M","?","$","M","M","E","M","R","T","E","$","M","E","?","R","B",null,"R","$","E","B",null],"character_chosen":"WATCHER","items_purchased":["Shuriken","Bronze Scales","Adaptation","Medical Kit","Block Potion","Omniscience","Madness","Shovel","MentalFortress","Ragnarok+1","LiquidMemories","MentalFortress","Toolbox","Anchor"],"campfire_rested":3,"item_purchase_floors":[13,13,21,21,21,21,21,30,37,37,37,45,53,53],"current_hp_per_floor":[65,65,65,65,65,40,40,24,24,45,20,9,9,9,9,45,65,36,28,6,6,61,61,52,39,39,39,39,19,19,7,30,30,65,56,56,56,39,19,19,17,40,40,40,40,11,5,5,17,33,66,77,77,5,5],"gold":37,"neow_bonus":"THREE_ENEMY_KILL","is_daily":false,"chose_seed":false,"campfire_upgraded":5,"win_rate":0.0,"timestamp":1611840229,"path_taken":["M","M","?","?","?","E","R","E","T","R","M","?","$","M","R","BOSS","M","M","?","$","M","R","E","?","T","R","?","?","$","M","R","BOSS","M","?","$","M","M","E","M","R","T","E","$","M","E","?","R","BOSS","R","$","E","BOSS"],"items_purchased_type":["Relic","Relic","Card","Relic","Potion","Card","Card","Relic","Card","Card","Potion","Card","Relic","Relic"],"build_version":"2020-12-22","purchased_purges":6,"victory":true,"max_hp_per_floor":[72,72,72,72,72,72,72,72,72,72,72,72,72,72,72,72,72,72,72,72,72,72,72,72,77,77,77,77,77,77,77,77,77,77,77,77,77,77,77,77,77,77,77,77,77,77,77,77,77,77,77,77,77,77,77],"card_choices":[{"not_picked":["FlyingSleeves","Meditate"],"picked":"EmptyFist","floor":1.0},{"not_picked":["WaveOfTheHand","EmptyMind","EmptyFist"],"picked":"SKIP","floor":2.0},{"not_picked":["Crescendo","WaveOfTheHand","SashWhip"],"picked":"SKIP","floor":5.0},{"not_picked":["PathToVictory","Halt","EmptyBody"],"picked":"SKIP","floor":6.0},{"not_picked":["Protect","Prostrate"],"picked":"Wish","floor":8.0},{"not_picked":["Swivel","JustLucky","CutThroughFate"],"picked":"SKIP","floor":11.0},{"not_picked":["CrushJoints","Protect","Wireheading"],"picked":"SKIP","floor":14.0},{"not_picked":["DeusExMachina","Devotion"],"picked":"LessonLearned","floor":16.0},{"not_picked":["BowlingBash","ClearTheMind","JustLucky"],"picked":"SKIP","floor":18.0},{"not_picked":["EmptyMind","SashWhip","ThirdEye"],"picked":"SKIP","floor":19.0},{"not_picked":["PathToVictory+1","ThirdEye"],"picked":"InnerPeace","floor":20.0},{"not_picked":["ThirdEye","Crescendo","ConjureBlade"],"picked":"SKIP","floor":22.0},{"not_picked":["Conclude","Crescendo","CrushJoints"],"picked":"SKIP","floor":24.0},{"not_picked":["SandsOfTime+1","Perseverance"],"picked":"TalkToTheHand+1","floor":29.0},{"not_picked":["CarveReality+1","Halt"],"picked":"Wallop+1","floor":31.0},{"not_picked":["SpiritShield","LessonLearned+1"],"picked":"Vault","floor":33.0},{"not_picked":["ThirdEye+1","Prostrate"],"picked":"Adaptation","floor":35.0},{"not_picked":["Vengeance+1","FlyingSleeves+1"],"picked":"Swivel","floor":38.0},{"not_picked":["Study","EmptyBody","Protect+1"],"picked":"SKIP","floor":39.0},{"not_picked":["FlyingSleeves+1","LessonLearned+1","ThirdEye"],"picked":"SKIP","floor":40.0},{"not_picked":["JustLucky+1","EmptyFist+1","ClearTheMind"],"picked":"SKIP","floor":41.0},{"not_picked":["PathToVictory","ThirdEye"],"picked":"SpiritShield","floor":44.0},{"not_picked":["Conclude+1","EmptyFist+1","FlurryOfBlows+1"],"picked":"SKIP","floor":46.0},{"not_picked":["Prostrate","Protect+1"],"picked":"DeusExMachina","floor":47.0},{"not_picked":["LikeWater","BattleHymn","Conclude+1"],"picked":"SKIP","floor":54}],"player_experience":457902,"relics_obtained":[{"floor":6.0,"key":"Lantern"},{"floor":8.0,"key":"Ornamental Fan"},{"floor":9.0,"key":"Nunchaku"},{"floor":20.0,"key":"Red Mask"},{"floor":24.0,"key":"MawBank"},{"floor":26.0,"key":"Matryoshka"},{"floor":29.0,"key":"Lizard Tail"},{"floor":29.0,"key":"Molten Egg 2"},{"floor":36.0,"key":"GoldenEye"},{"floor":40.0,"key":"Smiling Mask"},{"floor":43.0,"key":"Eternal Feather"},{"floor":44.0,"key":"Akabeko"},{"floor":47.0,"key":"InkBottle"}],"event_choices":[{"cards_removed":["Strike_P"],"damage_healed":0.0,"max_hp_gain":0.0,"max_hp_loss":0.0,"gold_gain":0.0,"event_name":"The Cleric","player_choice":"Card Removal","floor":3.0,"gold_loss":50.0,"damage_taken":0.0},{"damage_healed":0.0,"max_hp_gain":0.0,"max_hp_loss":0.0,"gold_gain":0.0,"event_name":"Accursed Blacksmith","player_choice":"Forge","floor":4.0,"gold_loss":0.0,"damage_taken":0.0,"cards_upgraded":["Eruption"]},{"damage_healed":0.0,"max_hp_gain":0.0,"max_hp_loss":0.0,"gold_gain":75.0,"event_name":"World of Goop","player_choice":"Gather Gold","floor":12.0,"gold_loss":0.0,"damage_taken":11.0},{"damage_healed":0.0,"max_hp_gain":0.0,"max_hp_loss":0.0,"gold_gain":0.0,"event_name":"Masked Bandits","player_choice":"Fought Bandits","floor":20.0,"gold_loss":0.0,"damage_taken":0.0},{"damage_healed":0.0,"max_hp_gain":5.0,"max_hp_loss":0.0,"gold_gain":0.0,"event_name":"Forgotten Altar","player_choice":"Shed Blood","floor":25.0,"gold_loss":0.0,"damage_taken":18.0},{"damage_healed":0.0,"max_hp_gain":0.0,"max_hp_loss":0.0,"gold_gain":0.0,"event_name":"The Mausoleum","player_choice":"Opened","floor":28.0,"gold_loss":0.0,"damage_taken":0.0,"relics_obtained":["Pen Nib"],"cards_obtained":["Writhe"]},{"damage_healed":0.0,"max_hp_gain":0.0,"max_hp_loss":0.0,"gold_gain":0.0,"event_name":"Colosseum","player_choice":"Fight","floor":29.0,"gold_loss":0.0,"damage_taken":0.0},{"damage_healed":0.0,"max_hp_gain":0.0,"max_hp_loss":0.0,"gold_gain":0.0,"event_name":"Colosseum","player_choice":"Fought Nobs","floor":29.0,"gold_loss":0.0,"damage_taken":0.0},{"damage_healed":0.0,"max_hp_gain":0.0,"max_hp_loss":0.0,"gold_gain":0.0,"event_name":"Mysterious Sphere","player_choice":"Fight","floor":36.0,"gold_loss":0.0,"damage_taken":0.0},{"damage_healed":0.0,"max_hp_gain":0.0,"max_hp_loss":0.0,"gold_gain":222.0,"event_name":"Tomb of Lord Red Mask","player_choice":"Wore Mask","floor":48.0,"gold_loss":0.0,"damage_taken":0.0}],"is_beta":false,"boss_relics":[{"not_picked":["Empty Cage","Runic Dome"],"picked":"Astrolabe"},{"not_picked":["Cursed Key","Snecko Eye"],"picked":"Runic Pyramid"}],"items_purged_floors":[13,21,30,37,45,53],"is_endless":false,"potions_floor_spawned":[1,2,16,18,29,29,33,35,36,38,41,54],"ascension_level":13}}