{"host":"fr3ip57hl52y255p","time":1611836419,"event":{"mods":["Act Like it!","Arknights The Spire","BaseMod","Challenge The Spire","Colored Powertips","Downfall","Good Game Mod","Luminous","Mari Mod (Legacy)","Mari\u0027s V1 Patch","Minty Spire (QoL Compilation)","READ ME - Guardian Mod","Relic Filter Mod","Relic Stats","StSLib","The Cursed","The Hierophant"],"gold_per_floor":[117,127,143,154,329,329,358,358,383,383,401,419,419,129,129,225,225,207,207,219,230,330,330,330,330],"floor_reached":24,"language":"ZHS","playtime":1842,"items_purged":[],"score":308,"play_id":"9a0bf2d0-2ac1-46e4-b12c-5ef6cf9e0145","local_time":"20210128202019","is_ascension_mode":true,"campfire_choices":[{"data":"TheCursedMod:DemonicPact","floor":6.0,"key":"SMITH"},{"floor":13.0,"key":"REST"},{"data":"TheCursedMod:CleanUpWorkshop","floor":15.0,"key":"SMITH"},{"data":"TheCursedMod:DemonicPact","floor":23.0,"key":"SMITH"}],"circlet_count":0,"master_deck":["TheCursedMod:Strike_TheCursed","TheCursedMod:Strike_TheCursed","TheCursedMod:Strike_TheCursed","TheCursedMod:Defend_TheCursed","TheCursedMod:Defend_TheCursed","TheCursedMod:Defend_TheCursed","TheCursedMod:CursedWand","TheCursedMod:CleanUpWorkshop+1","TheCursedMod:Dregs","Impatience","TheCursedMod:DemonicPact+1","TheCursedMod:CursedBoomerang","TheCursedMod:CursedShiv","TheCursedMod:BlessingInDisguise","Doubt","TheCursedMod:AshesToAshes","TheCursedMod:OutForBlood","TheCursedMod:DemonicPact+1","TheCursedMod:SpitefulPray","TheCursedMod:SpitefulPray","CurseOfTheBell","CurseOfTheBell","Injury","TheCursedMod:DemonSword","Normality","downfall:Icky"],"relics":["TheCursedMod:BlackMagic101","REME:ComplimentaryCards","Potion Belt","Nunchaku","Ice Cream","Cursed Key","downfall:ExtraCursedBell","Bag of Preparation","Mummified Hand","TungstenRod"],"acts_visited":["Exordium","TheCity"],"potions_floor_usage":[24],"damage_taken":[{"damage":0.0,"enemies":"Small Slimes","floor":1.0,"turns":3.0},{"damage":3.0,"enemies":"2 Louse","floor":2.0,"turns":3.0},{"damage":2.0,"enemies":"Cultist","floor":3.0,"turns":4.0},{"damage":25.0,"enemies":"Gremlin Gang","floor":4.0,"turns":6.0},{"damage":30.0,"enemies":"Gremlin Nob","floor":7.0,"turns":5.0},{"damage":6.0,"enemies":"Exordium Thugs","floor":11.0,"turns":5.0},{"damage":0.0,"enemies":"Looter","floor":12.0,"turns":4.0},{"damage":13.0,"enemies":"Slime Boss","floor":16.0,"turns":13.0},{"damage":21.0,"enemies":"2 Thieves","floor":18.0,"turns":4.0},{"damage":5.0,"enemies":"Chosen","floor":20.0,"turns":4.0},{"damage":0.0,"enemies":"Centurion and Healer","floor":21.0,"turns":7.0},{"damage":58,"enemies":"Slavers","floor":24,"turns":3}],"seed_played":"1893930216869324286","potions_obtained":[{"floor":7.0,"key":"Block Potion"},{"floor":11.0,"key":"EntropicBrew"},{"floor":20.0,"key":"PowerPotion"}],"is_trial":false,"path_per_floor":["M","M","M","M","?","R","E","?","T","?","M","M","R","$","R","B",null,"M","?","M","M","?","R","E"],"character_chosen":"THE_CURSED","items_purchased":["Ice Cream"],"campfire_rested":1,"item_purchase_floors":[14],"current_hp_per_floor":[75,72,70,45,45,45,15,8,8,8,2,2,24,24,24,11,75,54,54,49,49,54,54,0,0],"gold":330,"neow_bonus":"RANDOM_COLORLESS","is_daily":false,"chose_seed":false,"campfire_upgraded":3,"win_rate":0.0,"timestamp":1611836419,"path_taken":["M","M","M","M","?","R","E","?","T","?","?","?","R","?","R","BOSS","M","?","M","M","?","R","E"],"items_purchased_type":["Relic"],"build_version":"2020-12-22","purchased_purges":0,"victory":false,"max_hp_per_floor":[75,75,75,75,75,75,75,75,75,75,75,75,75,75,75,75,75,75,75,75,75,80,80,80,80],"relic_stats":{"Nunchaku":[10],"counters":[12,61],"Mummified Hand":[4],"Bag of Preparation":[2],"Cursed Key":0,"obtain_stats":[{"Potion Belt":7,"Ice Cream":14,"TheCursedMod:BlackMagic101":0,"REME:ComplimentaryCards":0,"Nunchaku":9,"Mummified Hand":22,"Bag of Preparation":22,"downfall:ExtraCursedBell":22,"Cursed Key":17,"TungstenRod":22},{"Potion Belt":5,"Ice Cream":7,"TheCursedMod:BlackMagic101":0,"REME:ComplimentaryCards":0,"Nunchaku":5,"Mummified Hand":11,"Bag of Preparation":11,"downfall:ExtraCursedBell":11,"Cursed Key":8,"TungstenRod":11},{"Potion Belt":21,"Ice Cream":30,"TheCursedMod:BlackMagic101":0,"REME:ComplimentaryCards":0,"Nunchaku":21,"Mummified Hand":58,"Bag of Preparation":58,"downfall:ExtraCursedBell":58,"Cursed Key":43,"TungstenRod":58}],"TungstenRod":7},"card_choices":[{"not_picked":["Good Instincts","Dramatic Entrance"],"picked":"Impatience","floor":0.0},{"not_picked":["TheCursedMod:CircleOfBlood","TheCursedMod:Stigma"],"picked":"TheCursedMod:CursedBoomerang","floor":1.0},{"not_picked":["TheCursedMod:BloodBarrier","TheCursedMod:CircleOfAmplification"],"picked":"TheCursedMod:CursedShiv","floor":2.0},{"not_picked":["TheCursedMod:CursedArmor","TheCursedMod:Stretching"],"picked":"TheCursedMod:BlessingInDisguise","floor":3.0},{"not_picked":["TheCursedMod:EmpowerCircles","TheCursedMod:Obscuration","TheCursedMod:SmokeScreen"],"picked":"SKIP","floor":4.0},{"not_picked":["TheCursedMod:CircleOfFlame","TheCursedMod:CursedMace","TheCursedMod:CircleOfFocus"],"picked":"SKIP","floor":7.0},{"not_picked":["TheCursedMod:CursedArmor","TheCursedMod:CursedBlade"],"picked":"TheCursedMod:AshesToAshes","floor":11.0},{"not_picked":["TheCursedMod:CircleOfFlame","TheCursedMod:Wield"],"picked":"TheCursedMod:OutForBlood","floor":12.0},{"not_picked":["TheCursedMod:AntiAging","TheCursedMod:OutForBlood"],"picked":"TheCursedMod:DemonicPact","floor":16.0},{"not_picked":["TheCursedMod:CircleOfFlame","TheCursedMod:RapidMovement"],"picked":"TheCursedMod:SpitefulPray","floor":18.0},{"not_picked":["TheCursedMod:SmokeScreen","TheCursedMod:CircleOfFlame","TheCursedMod:TacticalStrike"],"picked":"SKIP","floor":20.0},{"not_picked":["TheCursedMod:CircleOfBlood+1","TheCursedMod:TroublousMinions+1"],"picked":"TheCursedMod:SpitefulPray","floor":21.0}],"player_experience":175105,"relics_obtained":[{"floor":7.0,"key":"Potion Belt"},{"floor":9.0,"key":"Nunchaku"},{"floor":22.0,"key":"Bag of Preparation"},{"floor":22.0,"key":"Mummified Hand"},{"floor":22.0,"key":"TungstenRod"}],"event_choices":[{"damage_healed":0.0,"max_hp_gain":0.0,"max_hp_loss":0.0,"gold_gain":175.0,"event_name":"Liars Game","player_choice":"AGREE","floor":5.0,"gold_loss":0.0,"damage_taken":0.0,"cards_obtained":["Doubt"]},{"cards_removed":["TheCursedMod:Strike_TheCursed"],"damage_healed":0.0,"max_hp_gain":0.0,"max_hp_loss":0.0,"gold_gain":0.0,"event_name":"Golden Wing","player_choice":"Card Removal","floor":8.0,"gold_loss":0.0,"damage_taken":7.0},{"cards_removed":["TheCursedMod:Defend_TheCursed"],"damage_healed":0.0,"max_hp_gain":0.0,"max_hp_loss":0.0,"gold_gain":0.0,"event_name":"Purifier","player_choice":"Purged","floor":10.0,"gold_loss":0.0,"damage_taken":0.0},{"damage_healed":0.0,"max_hp_gain":0.0,"max_hp_loss":0.0,"gold_gain":0.0,"event_name":"Vampires","player_choice":"Ignored","floor":19.0,"gold_loss":0.0,"damage_taken":0.0}],"is_beta":false,"boss_relics":[{"not_picked":["Pandora\u0027s Box","Black Star"],"picked":"Cursed Key"}],"items_purged_floors":[],"is_endless":false,"potions_floor_spawned":[7,11,20],"killed_by":"Slavers","ascension_level":1}}