{"host":"l5zfpd2l2htson6l","time":1611860950,"event":{"mods":["AchievementEnabler","BaseMod","Colored Map","Colored Powertips","Minty Spire (QoL Compilation)","Permanent Neow","Quick Restart","Rare Cards Sparkle","Relic Stats","SuperFastMode"],"gold_per_floor":[115,65,83,158,176,176,204,23,23,23,48,48],"floor_reached":11,"language":"ENG","playtime":885,"items_purged":[],"score":114,"play_id":"172ec767-7a55-463b-a3c6-2d5adb27590e","local_time":"20210128110910","is_ascension_mode":true,"campfire_choices":[{"data":"Rage","floor":6,"key":"SMITH"},{"data":"HandOfGreed","floor":10,"key":"SMITH"}],"circlet_count":0,"master_deck":["AscendersBane","Bash","Infernal Blade","Rage+1","Twin Strike","Clash","Power Through","Anger","Seeing Red","Dropkick","Burning Pact","Shrug It Off","Bloodletting","HandOfGreed+1"],"relics":["Pandora\u0027s Box","Shovel","The Courier"],"acts_visited":["Exordium"],"potions_floor_usage":[11],"damage_taken":[{"damage":5,"enemies":"2 Louse","floor":1,"turns":3},{"damage":0,"enemies":"Jaw Worm","floor":3,"turns":2},{"damage":1,"enemies":"Small Slimes","floor":5,"turns":3},{"damage":25,"enemies":"Lagavulin","floor":7,"turns":7},{"damage":32,"enemies":"3 Sentries","floor":11,"turns":7}],"seed_played":"-1092002066030470224","potions_obtained":[{"floor":3,"key":"LiquidBronze"},{"floor":5,"key":"ColorlessPotion"}],"is_trial":false,"path_per_floor":["M","?","M","?","M","R","E","$","T","R","E"],"character_chosen":"IRONCLAD","items_purchased":["HandOfGreed"],"campfire_rested":0,"item_purchase_floors":[8],"current_hp_per_floor":[67,67,67,56,55,55,30,30,30,30,0,0],"gold":48,"neow_bonus":"BOSS_RELIC","is_daily":false,"chose_seed":false,"campfire_upgraded":2,"win_rate":0.0,"timestamp":1611860950,"path_taken":["M","?","M","?","M","R","E","$","T","R","E"],"items_purchased_type":["Card"],"build_version":"2020-12-22","purchased_purges":0,"victory":false,"max_hp_per_floor":[80,80,80,80,80,80,80,80,80,80,80,80],"relic_stats":{"Shovel":0,"counters":[5,22],"Pandora\u0027s Box":["Infernal Blade","Rage","Twin Strike","Clash","Power Through","Clash","Anger","Seeing Red","Dropkick"],"obtain_stats":[{"Shovel":7,"Pandora\u0027s Box":0,"The Courier":9,"Burning Blood":0},{"Shovel":4,"Pandora\u0027s Box":0,"The Courier":4,"Burning Blood":0},{"Shovel":15,"Pandora\u0027s Box":0,"The Courier":15,"Burning Blood":0}]},"card_choices":[{"not_picked":["Wild Strike","Sword Boomerang"],"picked":"Burning Pact","floor":1},{"not_picked":["Heavy Blade","Seeing Red","Reckless Charge"],"picked":"SKIP","floor":3},{"not_picked":["Body Slam","Iron Wave"],"picked":"Shrug It Off","floor":5},{"not_picked":["Thunderclap","Hemokinesis"],"picked":"Bloodletting","floor":7}],"player_experience":758321,"relics_obtained":[{"floor":7,"key":"Shovel"},{"floor":9,"key":"The Courier"}],"event_choices":[{"cards_removed":["Clash"],"damage_healed":0,"gold_gain":0,"player_choice":"Card Removal","damage_taken":0,"max_hp_gain":0,"max_hp_loss":0,"event_name":"The Cleric","floor":2,"gold_loss":50},{"damage_healed":0,"gold_gain":75,"player_choice":"Gather Gold","damage_taken":11,"max_hp_gain":0,"max_hp_loss":0,"event_name":"World of Goop","floor":4,"gold_loss":0}],"is_beta":false,"boss_relics":[],"items_purged_floors":[],"is_endless":false,"potions_floor_spawned":[3,5],"killed_by":"3 Sentries","ascension_level":12}}