{"host":"8d3fefv2347kqkpz","time":1611800265,"event":{"mods":["AchievementEnabler","Act Like it!","Aspiration","BaseMod","Better Vampires","Colored Map","Colored Powertips","Conspire","GifTheSpireLib","Hermit","Highlight Path","Hubris","Marisa£®ÏF”Í°°ƒß¿Ì…≥£©","Mimic Mod","Minty Spire (QoL Compilation)","Quick Restart","Rare Cards Sparkle","Reimu£®≤©¿ˆ¡È√Œ£©","Relic Stats","Remilia£®¿Ÿ√◊¿Ú—«£©","Replay The Spire","Spicy Shops","StSLib","The Cursed","The Jungle","The Servant 0.9.4","Waifu the Spire","Youmu£®ªÍ∆«—˝√Œ£©"],"gold_per_floor":[112,112,130,130,146,146,146],"floor_reached":6,"language":"ZHS","playtime":170,"items_purged":[],"score":36,"play_id":"86af95f1-546a-491e-a572-756ebe3b89c2","local_time":"20210128101745","is_ascension_mode":false,"campfire_choices":[],"circlet_count":0,"master_deck":["Strike_P","Strike_P","Strike_P","Strike_P","Defend_P","Defend_P","Defend_P","Defend_P","Eruption","Vigilance","Decay"],"relics":["PureWater","aspiration:Nostalgia","MiniHakkero","hubris:Towel"],"acts_visited":["Exordium"],"potions_floor_usage":[],"damage_taken":[{"damage":0,"enemies":"Jaw Worm","floor":1,"turns":4},{"damage":5,"enemies":"Cultist","floor":3,"turns":4},{"damage":4,"enemies":"Small Slimes","floor":5,"turns":5},{"damage":0,"enemies":"3 Sentries","floor":6,"turns":1}],"seed_played":"7150648922695856194","potions_obtained":[{"floor":5,"key":"Weak Potion"}],"is_trial":false,"path_per_floor":["M","?","M","?","M","E"],"character_chosen":"WATCHER","items_purchased":[],"campfire_rested":0,"item_purchase_floors":[],"current_hp_per_floor":[72,72,67,67,63,63,63],"gold":146,"neow_bonus":"NOSTALGIA","is_daily":false,"chose_seed":false,"campfire_upgraded":0,"win_rate":0.0,"timestamp":1611800265,"path_taken":["M","?","M","?","?","E"],"items_purchased_type":[],"build_version":"2020-12-22","purchased_purges":0,"victory":false,"max_hp_per_floor":[72,72,72,72,72,72,72],"relic_stats":{"counters":[4,14],"obtain_stats":[{"aspiration:Nostalgia":0,"MiniHakkero":0,"PureWater":0,"hubris:Towel":2},{"aspiration:Nostalgia":0,"MiniHakkero":0,"PureWater":0,"hubris:Towel":1},{"aspiration:Nostalgia":0,"MiniHakkero":0,"PureWater":0,"hubris:Towel":4}]},"card_choices":[{"not_picked":["Replay:BluntJabs","Collect","Wireheading"],"picked":"SKIP","floor":1},{"not_picked":["SashWhip","Replay:Battleflow","Replay:Anticipation"],"picked":"SKIP","floor":3},{"not_picked":["Replay:BluntJabs","Prostrate","Replay:ManipulateFuture"],"picked":"SKIP","floor":5}],"player_experience":221574,"relics_obtained":[],"event_choices":[{"damage_healed":0,"gold_gain":0,"player_choice":"Cursed","damage_taken":0,"max_hp_gain":0,"max_hp_loss":0,"event_name":"Wheel of Change","floor":4,"gold_loss":0,"cards_obtained":["Decay"]}],"is_beta":false,"boss_relics":[],"items_purged_floors":[],"is_endless":false,"potions_floor_spawned":[5],"killed_by":"3 Sentries","ascension_level":0}}