{"host":"sboty77psj7t2cnn","time":1611863310,"event":{"mods":["Aspiration","BaseMod","Beaked The Cultist","Better Match","Better Vampires","ChefMod","Colored Map","Conspire","Dio Mod","Downfall","Hermit","Hubris","Infinite Spire","Jorbs\u0027s Wanderer Trilogy","Minty Spire (QoL Compilation)","StSLib","The Witch"],"gold_per_floor":[99,112,128,128,128,160,160,191,271,286,311,329,229,241,261,359,359,359,379,391,391,391,226,295,195,228,228,240,240,240,266,279,384,384,284,330,330,117,117,143,143,170,190,190,217,217,217,251,267,267,267,299,4,4,4,4],"floor_reached":57,"language":"SPA","playtime":6567,"items_purged":["Injury","Slimebound:Defend_Slimebound","Slimebound:Strike_Slimebound"],"score":1609,"play_id":"b059885a-63da-4b48-b6ae-66e106790a68","local_time":"20210128134830","is_ascension_mode":true,"campfire_choices":[{"data":"Slimebound:Split","floor":1,"key":"SMITH"},{"data":"Slimebound:GrowthPunch","floor":13,"key":"SMITH"},{"data":"Slimebound:HauntingLick","floor":18,"key":"SMITH"},{"data":"Slimebound:AcidTongue","floor":25,"key":"SMITH"},{"floor":30,"key":"RECALL"},{"data":"Slimebound:LeechingTouch","floor":35,"key":"SMITH"},{"data":"Slimebound:LeechLife","floor":44,"key":"SMITH"},{"data":"Slimebound:LeechLife","floor":46,"key":"SMITH"},{"data":"Slimebound:Defend_Slimebound","floor":54,"key":"SMITH"}],"circlet_count":0,"master_deck":["Slimebound:Strike_Slimebound","Slimebound:Defend_Slimebound","Slimebound:Defend_Slimebound","Slimebound:Defend_Slimebound+1","Slimebound:Split+1","Slimebound:HauntingLick+1","Slimebound:GrowthPunch+1","Slimebound:SplitLeeching+1","Slimebound:LeechingTouch+1","Slimebound:Schlurp+1","Slimebound:LeechLife+1","Slimebound:SamplingLick+1","Slimebound:SamplingLick+1","Slimebound:Teamwork+1","Slimebound:LeechLife+1","Slimebound:Schlurp+1","Slimebound:GoopSpray+1","infinitespire:TheBestDefense+1","Slimebound:AcidTongue+1","Slimebound:SamplingLick+1","Slimebound:Schlurp+1","infinitespire:Menacing+1","Slimebound:OozeBath+1","Slimebound:OozeBath+1","Slimebound:SamplingLick+1","Slimebound:SamplingLick+1","Deep Breath+1","Slimebound:SamplingLick+1","Slimebound:Grow+1","Slimebound:LeechingTouch+1","Slimebound:SamplingLick+1"],"relics":["Slimebound:AbsorbEndCombat","Toxic Egg 2","Guardian:PocketSentry","Meat on the Bone","hubris:DeckOfHolding","conspire:Dentures","hubris:CrystalStatue","downfall:HeartBlessingGreen","expansioncontent:StudyCardRelic","Blue Candle","downfall:HeartBlessingBlue","aspiration:ChemicalBlood","hexamod:BolsterEngine","infinitespire:Lucky Rock","hubris:ScarierMask","downfall:HeartBlessingRed","Incense Burner","Sling","Anchor","Ancient Tea Set","White Beast Statue","hubris:GlazedTorus","HornCleat","Kunai","infinitespire:PuzzleCube","Slimebound:SlimedSkullRelic"],"acts_visited":["Exordium","TheCity","TheBeyond","TheEnding"],"potions_floor_usage":[6,16,16,31,31,55,56,56,56,56,56],"damage_taken":[{"damage":5,"enemies":"Small Slimes","floor":2,"turns":4},{"damage":1,"enemies":"Jaw Worm","floor":3,"turns":3},{"damage":16,"enemies":"3 Sentries","floor":6,"turns":7},{"damage":13,"enemies":"Gremlin Nob","floor":8,"turns":4},{"damage":0,"enemies":"Cultist","floor":10,"turns":4},{"damage":5,"enemies":"Lagavulin","floor":11,"turns":7},{"damage":0,"enemies":"Blue Slaver","floor":12,"turns":2},{"damage":0,"enemies":"3 Louse","floor":14,"turns":3},{"damage":2,"enemies":"2 Fungi Beasts","floor":15,"turns":3},{"damage":6,"enemies":"WA_ARCHETYPE_RETAIN","floor":16,"turns":9},{"damage":0,"enemies":"conspire:FuzzyDice","floor":19,"turns":5},{"damage":0,"enemies":"Spheric Guardian","floor":20,"turns":2},{"damage":1,"enemies":"downfall:FleeingMerchant","floor":23,"turns":4},{"damage":0,"enemies":"Gremlin Leader","floor":26,"turns":4},{"damage":0,"enemies":"Centurion and Healer","floor":28,"turns":4},{"damage":0,"enemies":"Slavers","floor":31,"turns":3},{"damage":0,"enemies":"conspire:HollyBat","floor":32,"turns":6},{"damage":5,"enemies":"SI_MIRROR_ARCHETYPE","floor":33,"turns":4},{"damage":0,"enemies":"2 Orb Walkers","floor":36,"turns":3},{"damage":0,"enemies":"downfall:FleeingMerchant","floor":38,"turns":3},{"damage":0,"enemies":"Reptomancer","floor":40,"turns":5},{"damage":0,"enemies":"Nemesis","floor":42,"turns":4},{"damage":0,"enemies":"Orb Walker","floor":43,"turns":2},{"damage":0,"enemies":"Giant Head","floor":45,"turns":6},{"damage":0,"enemies":"Nemesis","floor":48,"turns":5},{"damage":0,"enemies":"3 Shapes","floor":49,"turns":5},{"damage":8,"enemies":"DF_ARCHETYPE_ORBS","floor":50,"turns":7},{"damage":0,"enemies":"downfall:CharBossMerchant","floor":52,"turns":5},{"damage":16,"enemies":"downfall:NeowBoss","floor":55,"turns":21},{"damage":9,"enemies":"downfall:NeowBossFinal","floor":56,"turns":11}],"seed_played":"-2816299224419018579","potions_obtained":[{"floor":3,"key":"LiquidBronze"},{"floor":6,"key":"sneckomod:MuddlingPotion"},{"floor":14,"key":"Regen Potion"},{"floor":15,"key":"Explosive Potion"},{"floor":19,"key":"EssenceOfSteel"},{"floor":26,"key":"Block Potion"},{"floor":31,"key":"EntropicBrew"},{"floor":36,"key":"Guardian:BlockOnCardUsePotion"},{"floor":48,"key":"BlessingOfTheForge"},{"floor":55,"key":"SkillPotion"}],"is_trial":false,"path_per_floor":["R","M","M","?","?","E","T","E","T","M","E","M","R","M","M","B",null,"R","M","M","?","?","$","T","R","E","T","M","AVR","R","E","M","B",null,"R","?","?","$","?","E","T","E","M","R","E","R","?","E","M","B",null,"E","$","R","B","B",null],"character_chosen":"SLIMEBOUND","items_purchased":["Slimebound:AcidTongue","Slimebound:SamplingLick+1","Sling","Anchor","Deep Breath+1","Slimebound:SlimedSkullRelic"],"campfire_rested":0,"item_purchase_floors":[23,38,38,38,38,53],"current_hp_per_floor":[59,54,57,57,57,47,47,40,40,44,47,49,49,53,59,54,59,59,59,59,45,40,51,51,61,69,69,69,69,69,69,69,68,69,69,69,69,69,69,69,69,69,69,69,69,69,69,69,69,67,69,69,69,69,56,62],"gold":4,"neow_bonus":"REMOVE_TWO","is_daily":false,"chose_seed":false,"campfire_upgraded":8,"win_rate":0.0,"timestamp":1611863310,"path_taken":["R","M","M","?","?","E","T","E","?","M","E","?","R","M","M","BOSS","R","M","M","?","?","$","T","R","E","?","M","AVR","R","E","M","BOSS","R","?","?","$","?","E","T","E","M","R","E","R","?","E","M","BOSS","E","$","R","BOSS","BOSS"],"items_purchased_type":["Card","Card","Relic","Relic","Card","Relic"],"build_version":"2020-12-22","purchased_purges":3,"victory":true,"max_hp_per_floor":[59,59,59,59,59,59,59,59,59,59,59,59,59,59,59,59,59,59,59,59,59,59,59,59,69,69,69,69,69,69,69,69,69,69,69,69,69,69,69,69,69,69,69,69,69,69,69,69,69,69,69,69,69,69,69,69],"card_choices":[{"not_picked":["Slimebound:Prepare","Slimebound:LivingWall"],"picked":"Slimebound:HauntingLick","floor":2},{"not_picked":["Slimebound:ComboTackle","Slimebound:AcidTongue"],"picked":"Slimebound:GrowthPunch","floor":3},{"not_picked":["Slimebound:LevelUp","Slimebound:LeadByExample"],"picked":"Slimebound:SplitLeeching+1","floor":6},{"not_picked":["Slimebound:ForwardTackle","Slimebound:MinionMaster"],"picked":"Slimebound:LeechingTouch","floor":8},{"not_picked":["Slimebound:SplitLeeching+1","Slimebound:SlimeTap+1"],"picked":"Slimebound:Schlurp+1","floor":10},{"not_picked":["Slimebound:FinishingTackle","Slimebound:BestDefense"],"picked":"Slimebound:LeechLife","floor":11},{"not_picked":["Slimebound:SlimeSpikes+1","Slimebound:Repurpose+1"],"picked":"Slimebound:SamplingLick+1","floor":12},{"not_picked":["Slimebound:SplitBruiser+1","Slimebound:Prepare+1"],"picked":"Slimebound:SamplingLick+1","floor":14},{"not_picked":["Slimebound:LeechEnergy","Slimebound:FinishingTackle"],"picked":"Slimebound:Teamwork+1","floor":15},{"not_picked":["Slimebound:SelfFormingGoo","Slimebound:FirmFortitude+1"],"picked":"Slimebound:LeechLife","floor":16},{"not_picked":["Slimebound:TongueLash","Slimebound:SlimeSpikes+1"],"picked":"Slimebound:Schlurp+1","floor":19},{"not_picked":["Slimebound:LivingWall+1","Slimebound:SplitBruiser+1"],"picked":"Slimebound:GoopSpray+1","floor":20},{"not_picked":["infinitespire:FinalStrike","infinitespire:SevenWalls"],"picked":"infinitespire:TheBestDefense","floor":21},{"not_picked":["Slimebound:Equalize","Slimebound:ComboTackle","Slimebound:Chomp"],"picked":"SKIP","floor":23},{"not_picked":["Slimebound:ComboTackle","Slimebound:ItLooksTasty"],"picked":"Slimebound:SamplingLick+1","floor":26},{"not_picked":["Slimebound:LeechEnergy+1","Slimebound:PressTheAttack"],"picked":"Slimebound:Schlurp+1","floor":28},{"not_picked":["Slimebound:SplitMire+1","Slimebound:Nibble"],"picked":"Slimebound:OozeBath+1","floor":31},{"not_picked":["Slimebound:ItLooksTasty","Slimebound:SplitBruiser+1","Slimebound:LevelUp"],"picked":"SKIP","floor":32},{"not_picked":["Slimebound:SelfFormingGoo","Slimebound:OneTwoCombo"],"picked":"Slimebound:OozeBath+1","floor":33},{"not_picked":["Slimebound:SlimeTap+1","Slimebound:TongueLash+1"],"picked":"Slimebound:SamplingLick+1","floor":36},{"not_picked":["Slimebound:SpikyOuterGoop","Slimebound:WasteNot+1","Slimebound:LivingWall+1"],"picked":"SKIP","floor":38},{"not_picked":["Slimebound:SlimeBrawl+1","Slimebound:SplitBruiser+1","Slimebound:SplitMire+1"],"picked":"SKIP","floor":40},{"not_picked":["Slimebound:GoopTackle+1","Slimebound:HungryTackle"],"picked":"Slimebound:SamplingLick+1","floor":42},{"not_picked":["Slimebound:AcidTongue","Slimebound:ComboTackle+1","Slimebound:ServeAndProtect+1"],"picked":"SKIP","floor":43},{"not_picked":["Slimebound:LeechEnergy+1","Slimebound:SplitAcid+1","Slimebound:LevelUp"],"picked":"SKIP","floor":45},{"not_picked":["Slimebound:SplitAcid+1","Slimebound:CheckThePlaybook+1"],"picked":"Slimebound:Grow+1","floor":48},{"not_picked":["Slimebound:GoopTackle","Slimebound:FinishingTackle"],"picked":"Slimebound:LeechingTouch+1","floor":49},{"not_picked":["Slimebound:LeechingTouch","Slimebound:FinishingTackle+1"],"picked":"Slimebound:SamplingLick+1","floor":52}],"player_experience":393596,"relics_obtained":[{"floor":6,"key":"Guardian:PocketSentry"},{"floor":7,"key":"Meat on the Bone"},{"floor":8,"key":"hubris:DeckOfHolding"},{"floor":9,"key":"conspire:Dentures"},{"floor":11,"key":"hubris:CrystalStatue"},{"floor":26,"key":"aspiration:ChemicalBlood"},{"floor":27,"key":"hexamod:BolsterEngine"},{"floor":31,"key":"infinitespire:Lucky Rock"},{"floor":36,"key":"Incense Burner"},{"floor":40,"key":"Ancient Tea Set"},{"floor":41,"key":"White Beast Statue"},{"floor":42,"key":"hubris:GlazedTorus"},{"floor":45,"key":"HornCleat"},{"floor":48,"key":"Kunai"},{"floor":52,"key":"infinitespire:PuzzleCube"}],"event_choices":[{"damage_healed":0,"gold_gain":0,"player_choice":"Leave","damage_taken":0,"max_hp_gain":0,"max_hp_loss":0,"event_name":"conspire:Investor","floor":5,"gold_loss":0},{"damage_healed":0,"gold_gain":0,"player_choice":"Fight","damage_taken":0,"max_hp_gain":0,"max_hp_loss":0,"event_name":"Mysterious Sphere","floor":36,"gold_loss":0},{"cards_removed":["Slimebound:Tackle"],"damage_healed":0,"gold_gain":0,"player_choice":"Removed Attack","damage_taken":0,"max_hp_gain":0,"max_hp_loss":0,"event_name":"Falling","floor":37,"gold_loss":0}],"is_beta":false,"boss_relics":[{"not_picked":["Runic Dome","hubris:BlackHole"],"picked":"expansioncontent:StudyCardRelic"},{"not_picked":["Runic Pyramid","conspire:SlowCooker"],"picked":"hubris:ScarierMask"}],"items_purged_floors":[23,29,38],"is_endless":false,"potions_floor_spawned":[3,6,14,15,19,26,31,36,42,43,45,48,49,52],"ascension_level":1}}