{"host":"s5i48q09v0un9rqc","time":1611809139,"event":{"mods":["BaseMod","BetterRewards","Highlight Path","Minty Spire (QoL Compilation)","Rare Cards Sparkle","Shop Mod"],"gold_per_floor":[114,130,141,160,160,160,195,209,209,228,245,195,218,244,244,340,340,360,375,474,238,256,281,294,320,343,357,357,375,149,149,149,254,254,272,290,290,309,323,356,356,356,356,382,398,426,312,346,346,346,346,346,102,131,131],"floor_reached":56,"language":"ZHS","playtime":9098,"items_purged":["Strike_G","Strike_G","Defend_G","Blade Dance+1","Defend_G"],"score":1738,"play_id":"2acf22bd-cc90-4782-83c8-230143a424b1","local_time":"20210128124539","is_ascension_mode":true,"campfire_choices":[{"data":"Neutralize","floor":6.0,"key":"SMITH"},{"data":"Footwork","floor":15.0,"key":"SMITH"},{"floor":28.0,"key":"RECALL"},{"data":"Survivor","floor":32.0,"key":"SMITH"},{"data":"Defend_G","floor":41.0,"key":"SMITH"},{"data":"Defend_G","floor":49.0,"key":"SMITH"},{"data":"Defend_G","floor":52.0,"key":"SMITH"}],"circlet_count":0,"master_deck":["Defend_G+1","Defend_G+1","Defend_G+1","Survivor+1","Neutralize+1","Footwork+1","Catalyst+1","Escape Plan+1","Bouncing Flask+1","After Image+1","Tactician+1","Acrobatics+1","Acrobatics+1","Well Laid Plans+1","Noxious Fumes+1","Envenom+1","Blur+1","Madness+1","Madness+1","PiercingWail+1","Tools of the Trade+1","Concentrate+1","Expertise+1"],"relics":["Ring of the Snake","Toxic Egg 2","Sling","Membership Card","Sundial","Letter Opener","Frozen Egg 2","Blood Vial","Odd Mushroom","Art of War","Empty Cage","Omamori","OrangePellets","HornCleat","Regal Pillow","Potion Belt","Medical Kit","Enchiridion","Sozu","MealTicket","Singing Bowl","Bronze Scales","Nunchaku","FossilizedHelix","Bag of Preparation"],"acts_visited":["TheEnding"],"potions_floor_usage":[55,55,55],"damage_taken":[{"damage":0.0,"enemies":"2 Louse","floor":1.0,"turns":4.0},{"damage":0.0,"enemies":"Small Slimes","floor":2.0,"turns":4.0},{"damage":1.0,"enemies":"Jaw Worm","floor":3.0,"turns":4.0},{"damage":0.0,"enemies":"Looter","floor":4.0,"turns":4.0},{"damage":2.0,"enemies":"Gremlin Nob","floor":7.0,"turns":3.0},{"damage":2.0,"enemies":"Red Slaver","floor":8.0,"turns":4.0},{"damage":5.0,"enemies":"3 Louse","floor":10.0,"turns":4.0},{"damage":5.0,"enemies":"Gremlin Gang","floor":11.0,"turns":5.0},{"damage":0.0,"enemies":"The Mushroom Lair","floor":13.0,"turns":5.0},{"damage":0.0,"enemies":"3 Sentries","floor":14.0,"turns":7.0},{"damage":22.0,"enemies":"The Guardian","floor":16.0,"turns":7.0},{"damage":4.0,"enemies":"Spheric Guardian","floor":18.0,"turns":4.0},{"damage":0.0,"enemies":"3 Byrds","floor":19.0,"turns":3.0},{"damage":1.0,"enemies":"Snake Plant","floor":22.0,"turns":4.0},{"damage":2.0,"enemies":"Slavers","floor":23.0,"turns":5.0},{"damage":5.0,"enemies":"Centurion and Healer","floor":24.0,"turns":5.0},{"damage":0.0,"enemies":"Gremlin Leader","floor":25.0,"turns":5.0},{"damage":0.0,"enemies":"Cultist and Chosen","floor":27.0,"turns":6.0},{"damage":1.0,"enemies":"Chosen and Byrds","floor":29.0,"turns":5.0},{"damage":0.0,"enemies":"Automaton","floor":33.0,"turns":5.0},{"damage":0.0,"enemies":"3 Darklings","floor":35.0,"turns":4.0},{"damage":0.0,"enemies":"Orb Walker","floor":36.0,"turns":3.0},{"damage":0.0,"enemies":"Maw","floor":38.0,"turns":5.0},{"damage":0.0,"enemies":"Sphere and 2 Shapes","floor":39.0,"turns":4.0},{"damage":0.0,"enemies":"Nemesis","floor":40.0,"turns":7.0},{"damage":0.0,"enemies":"Giant Head","floor":44.0,"turns":7.0},{"damage":8.0,"enemies":"Jaw Worm Horde","floor":45.0,"turns":5.0},{"damage":35.0,"enemies":"Nemesis","floor":46.0,"turns":5.0},{"damage":10.0,"enemies":"Reptomancer","floor":48.0,"turns":6.0},{"damage":0.0,"enemies":"Time Eater","floor":50.0,"turns":8.0},{"damage":44.0,"enemies":"Shield and Spear","floor":54.0,"turns":6.0},{"damage":0,"enemies":"The Heart","floor":55,"turns":6}],"seed_played":"-9178492277548292059","potions_obtained":[{"floor":1.0,"key":"Strength Potion"},{"floor":2.0,"key":"Ancient Potion"},{"floor":10.0,"key":"BlessingOfTheForge"},{"floor":23.0,"key":"EssenceOfSteel"},{"floor":33.0,"key":"Energy Potion"}],"is_trial":false,"path_per_floor":["M","M","M","M","?","R","E","M","T","M","M","?","?","E","R","B",null,"M","M","?","$","M","E","M","E","T","M","R","M","$","?","R","B",null,"M","M","?","M","M","E","R","?","T","E","M","E","$","E","R","B",null,"R","$","E","B",null],"character_chosen":"THE_SILENT","items_purchased":["Toxic Egg 2","Sling","Membership Card","Footwork","Sundial","Letter Opener","Omamori","Well Laid Plans+1","OrangePellets","Noxious Fumes+1","Medical Kit","Fruit Juice","Concentrate+1","FossilizedHelix"],"campfire_rested":0,"item_purchase_floors":[0,0,0,0,0,0,21,21,21,30,30,30,47,53],"current_hp_per_floor":[38,38,37,37,42,42,40,38,38,35,32,32,34,36,36,16,75,71,73,73,73,74,73,70,72,72,74,74,74,74,58,58,60,80,80,80,70,72,74,76,76,76,76,80,76,43,58,52,52,54,86,86,86,42,44],"gold":131,"neow_bonus":"","is_daily":false,"chose_seed":false,"campfire_upgraded":6,"win_rate":0.0,"timestamp":1611809139,"path_taken":["M","M","M","M","?","R","E","M","T","M","M","?","?","E","R","BOSS","M","M","?","$","M","E","M","E","T","M","R","M","$","?","R","BOSS","M","M","?","M","M","E","R","?","T","E","?","E","$","E","R","BOSS","R","$","E","BOSS"],"items_purchased_type":["Relic","Relic","Relic","Card","Relic","Relic","Relic","Card","Relic","Card","Relic","Potion","Card","Relic"],"build_version":"2020-12-22","purchased_purges":5,"victory":true,"max_hp_per_floor":[70,70,70,70,75,75,75,75,75,75,75,75,75,75,75,75,75,75,75,75,75,75,75,75,75,75,75,75,75,75,75,75,75,80,80,80,80,80,80,80,80,80,80,82,84,84,84,86,86,86,86,86,86,86,86],"card_choices":[{"not_picked":["Expertise+1","Slice","Bane"],"picked":"SKIP","floor":1.0},{"not_picked":["Catalyst+1","Slice","Dodge and Roll+1"],"picked":"SKIP","floor":2.0},{"not_picked":["Slice","Dodge and Roll+1"],"picked":"Catalyst+1","floor":2.0},{"not_picked":["Wraith Form v2","Bane"],"picked":"Blade Dance+1","floor":3.0},{"not_picked":["Outmaneuver+1","Distraction+1","Quick Slash"],"picked":"SKIP","floor":4.0},{"not_picked":["Dagger Throw","Deflect+1","Outmaneuver+1"],"picked":"SKIP","floor":7.0},{"not_picked":["Riddle With Holes","Outmaneuver+1"],"picked":"Escape Plan+1","floor":8.0},{"not_picked":["Predator","Slice","Sucker Punch"],"picked":"SKIP","floor":10.0},{"not_picked":["Dagger Throw","Calculated Gamble+1"],"picked":"Bouncing Flask+1","floor":11.0},{"not_picked":["Prepared+1","Quick Slash"],"picked":"After Image+1","floor":13.0},{"not_picked":["Quick Slash","Prepared+1"],"picked":"Tactician+1","floor":14.0},{"not_picked":["Dagger Spray","Underhanded Strike"],"picked":"Acrobatics+1","floor":18.0},{"not_picked":["Bane+1","Heel Hook"],"picked":"Acrobatics+1","floor":19.0},{"not_picked":["Acrobatics+1","Dagger Spray","Dodge and Roll+1"],"picked":"SKIP","floor":22.0},{"not_picked":["Tactician+1","Choke","Dodge and Roll+1"],"picked":"SKIP","floor":23.0},{"not_picked":["Slice","Masterful Stab+1","Dagger Throw+1"],"picked":"SKIP","floor":24.0},{"not_picked":["Skewer+1","Deflect+1","Crippling Poison+1"],"picked":"SKIP","floor":25.0},{"not_picked":["Well Laid Plans+1","Storm of Steel+1","Sucker Punch"],"picked":"SKIP","floor":27.0},{"not_picked":["Bouncing Flask+1","Quick Slash","Endless Agony"],"picked":"SKIP","floor":29.0},{"not_picked":["Bouncing Flask+1","Quick Slash","Endless Agony"],"picked":"SKIP","floor":29.0},{"not_picked":["Venomology+1","Tools of the Trade+1"],"picked":"Envenom+1","floor":33.0},{"not_picked":["Quick Slash+1","PiercingWail+1"],"picked":"Blur+1","floor":35.0},{"not_picked":["Sucker Punch+1","Leg Sweep+1","Blade Dance+1"],"picked":"SKIP","floor":36.0},{"not_picked":["Dagger Spray","Blade Dance+1","Masterful Stab"],"picked":"SKIP","floor":38.0},{"not_picked":["Infinite Blades+1","Noxious Fumes+1"],"picked":"PiercingWail+1","floor":39.0},{"not_picked":["Cloak And Dagger+1","Dodge and Roll+1","Flying Knee"],"picked":"SKIP","floor":40.0},{"not_picked":["Finisher+1","Terror+1","Underhanded Strike"],"picked":"Singing Bowl","floor":44.0},{"not_picked":["Bane+1","Prepared+1","Escape Plan+1"],"picked":"Singing Bowl","floor":45.0},{"not_picked":["Terror+1","Blade Dance+1"],"picked":"Tools of the Trade+1","floor":46.0},{"not_picked":["Distraction+1","Dash+1","Choke"],"picked":"Singing Bowl","floor":48.0},{"not_picked":["Prepared+1","All Out Attack+1"],"picked":"Expertise+1","floor":54.0}],"player_experience":798560,"relics_obtained":[{"floor":7.0,"key":"Frozen Egg 2"},{"floor":9.0,"key":"Blood Vial"},{"floor":13.0,"key":"Odd Mushroom"},{"floor":14.0,"key":"Art of War"},{"floor":23.0,"key":"HornCleat"},{"floor":25.0,"key":"Regal Pillow"},{"floor":26.0,"key":"Potion Belt"},{"floor":31.0,"key":"Enchiridion"},{"floor":40.0,"key":"MealTicket"},{"floor":44.0,"key":"Singing Bowl"},{"floor":46.0,"key":"Bronze Scales"},{"floor":48.0,"key":"Nunchaku"},{"floor":54.0,"key":"Bag of Preparation"}],"event_choices":[{"damage_healed":0.0,"max_hp_gain":5.0,"max_hp_loss":0.0,"gold_gain":0.0,"event_name":"Big Fish","player_choice":"Donut","floor":5.0,"gold_loss":0.0,"damage_taken":0.0},{"cards_removed":["Strike_G"],"damage_healed":0.0,"max_hp_gain":0.0,"max_hp_loss":0.0,"gold_gain":0.0,"event_name":"The Cleric","player_choice":"Card Removal","floor":12.0,"gold_loss":50.0,"damage_taken":0.0},{"damage_healed":0.0,"max_hp_gain":0.0,"max_hp_loss":0.0,"gold_gain":0.0,"event_name":"Mushrooms","player_choice":"Fought Mushrooms","floor":13.0,"gold_loss":0.0,"damage_taken":0.0},{"damage_healed":0.0,"max_hp_gain":0.0,"max_hp_loss":0.0,"gold_gain":99.0,"event_name":"Nest","player_choice":"Stole From Cult","floor":20.0,"gold_loss":0.0,"damage_taken":0.0},{"damage_healed":0.0,"max_hp_gain":0.0,"max_hp_loss":0.0,"gold_gain":0.0,"event_name":"Cursed Tome","player_choice":"Obtained Book","floor":31.0,"gold_loss":0.0,"damage_taken":16.0},{"damage_healed":0.0,"max_hp_gain":0.0,"max_hp_loss":0.0,"gold_gain":0.0,"event_name":"Winding Halls","player_choice":"Embrace Madness","floor":37.0,"gold_loss":0.0,"damage_taken":10.0,"cards_obtained":["Madness","Madness"]},{"damage_healed":0.0,"max_hp_gain":0.0,"max_hp_loss":0.0,"gold_gain":0.0,"event_name":"Match and Keep!","player_choice":"0 cards matched","floor":42.0,"gold_loss":0.0,"damage_taken":0.0,"cards_obtained":[]}],"is_beta":false,"boss_relics":[{"not_picked":["Tiny House","Busted Crown"],"picked":"Empty Cage"},{"not_picked":["SacredBark","SlaversCollar"],"picked":"Sozu"}],"items_purged_floors":[0,21,30,47,53],"is_endless":false,"potions_floor_spawned":[1,2,10,11,13,19,23,24,33,35,46,48,54],"ascension_level":1}}