{"host":"Sean","time":1611870469,"event":{"mods":["BaseMod","Block Reminder","Colored Map","Colored Powertips","Highlight Path","Minty Spire (QoL Compilation)","Permanent Neow","Relic Stats"],"gold_per_floor":[369,388,388,563,588,628,628,628,628],"floor_reached":8,"language":"ENG","playtime":243,"items_purged":[],"score":78,"play_id":"920d4c05-24fb-465b-8672-106c3f1a25e2","local_time":"20210128214749","is_ascension_mode":true,"campfire_choices":[{"data":"Clothesline","floor":7.0,"key":"SMITH"}],"circlet_count":0,"master_deck":["Strike_R","Strike_R","Strike_R","Strike_R","Strike_R","Defend_R","Defend_R","Defend_R","Defend_R","Bash","Clothesline","Battle Trance","Doubt","Clothesline+1"],"relics":["Burning Blood","Golden Idol","Bag of Marbles","Oddly Smooth Stone"],"acts_visited":["Exordium"],"potions_floor_usage":[],"damage_taken":[{"damage":3.0,"enemies":"2 Louse","floor":1.0,"turns":3.0},{"damage":5.0,"enemies":"Jaw Worm","floor":2.0,"turns":4.0},{"damage":40.0,"enemies":"3 Sentries","floor":6.0,"turns":9.0},{"damage":21,"enemies":"Gremlin Nob","floor":8,"turns":3}],"seed_played":"278519238293358492","potions_obtained":[{"floor":2.0,"key":"Strength Potion"}],"is_trial":false,"path_per_floor":["M","M","?","?","T","E","R","E"],"character_chosen":"IRONCLAD","items_purchased":[],"campfire_rested":0,"item_purchase_floors":[],"current_hp_per_floor":[72,72,54,54,54,20,20,0,0],"gold":628,"neow_bonus":"TWO_FIFTY_GOLD","is_daily":false,"chose_seed":false,"campfire_upgraded":1,"win_rate":0.0,"timestamp":1611870469,"path_taken":["M","M","?","?","?","E","R","E"],"items_purchased_type":[],"build_version":"2020-12-18","purchased_purges":0,"victory":false,"max_hp_per_floor":[72,72,72,72,72,72,72,72,72],"relic_stats":{"counters":[4,19],"Golden Idol":8,"obtain_stats":[{"Golden Idol":3,"Oddly Smooth Stone":6,"Bag of Marbles":5,"Burning Blood":0},{"Golden Idol":2,"Oddly Smooth Stone":3,"Bag of Marbles":2,"Burning Blood":0},{"Golden Idol":7,"Oddly Smooth Stone":16,"Bag of Marbles":7,"Burning Blood":0}],"Burning Blood":14},"card_choices":[{"not_picked":["Heavy Blade","Infernal Blade"],"picked":"Clothesline","floor":1.0},{"not_picked":["Seeing Red","Fire Breathing"],"picked":"Battle Trance","floor":2.0},{"not_picked":["Searing Blow","Thunderclap"],"picked":"Clothesline","floor":6.0}],"player_experience":485821,"relics_obtained":[{"floor":5.0,"key":"Bag of Marbles"},{"floor":6.0,"key":"Oddly Smooth Stone"}],"event_choices":[{"damage_healed":0.0,"max_hp_gain":0.0,"max_hp_loss":0.0,"gold_gain":0.0,"event_name":"Golden Idol","player_choice":"Take Damage","floor":3.0,"gold_loss":0.0,"damage_taken":18.0,"relics_obtained":["Golden Idol"]},{"damage_healed":0.0,"max_hp_gain":0.0,"max_hp_loss":0.0,"gold_gain":175.0,"event_name":"Liars Game","player_choice":"AGREE","floor":4.0,"gold_loss":0.0,"damage_taken":0.0,"cards_obtained":["Doubt"]}],"is_beta":true,"boss_relics":[],"items_purged_floors":[],"is_endless":false,"potions_floor_spawned":[2],"killed_by":"Gremlin Nob","ascension_level":9}}