{"host":"TheHustler","time":1611835080,"event":{"mods":["BaseMod","Block Reminder","Colored Map","Colored Powertips","Minty Spire (QoL Compilation)","Quick Restart","StSLib","SuperFastMode","Unceasing Turn Reminder"],"gold_per_floor":[144,24,69,114,159,159,249,249,299,299,344,389,434,524,524,824,824,869,914,262,307,352,352,442,442,442,532,532,622,622,376,376,676,676,721,766,811,811,811,811,811,86,111,156,201,246,246,336,336,336],"floor_reached":51,"language":"ENG","playtime":1450,"items_purged":["Halt","BattleHymn","Crescendo"],"score":799,"play_id":"ad6e002c-0f4e-4d7e-922f-b4998f62fdd9","local_time":"20210128125800","daily_mods":["Draft","Purple Cards","Midas"],"is_ascension_mode":false,"campfire_choices":[{"floor":6,"key":"REST"},{"floor":8,"key":"REST"},{"floor":10,"key":"REST"},{"floor":15,"key":"REST"},{"floor":23,"key":"REST"},{"floor":25,"key":"REST"},{"floor":30,"key":"REST"},{"floor":32,"key":"DIG"},{"floor":40,"key":"REST"},{"floor":49,"key":"REST"}],"circlet_count":0,"master_deck":["Static Discharge","Gash+1","Conserve Battery","Hologram","FollowUp","Cold Snap","Beam Cell+1","FollowUp","Ball Lightning","Prostrate","Coolheaded","Scrape","TalkToTheHand+1","Glacier","Consecrate","Defragment","Defragment","Collect+1","Gash+1","FollowUp","Defragment","Conserve Battery","Core Surge","ConjureBlade","Sweeping Beam+1","Coolheaded+1","Evaluate+1","Chrysalis","Master of Strategy","Flash of Steel"],"relics":["Cracked Core","Bag of Marbles","Regal Pillow","Sundial","Runic Dome","Unceasing Top","Shovel","Eternal Feather","StrikeDummy","Symbiotic Virus","Ornamental Fan","DataDisk","Bottled Flame","Fusion Hammer","Whetstone","Bag of Preparation","TheAbacus","Centennial Puzzle","Molten Egg 2"],"acts_visited":["Exordium","TheCity","TheBeyond"],"potions_floor_usage":[29,50,50,50],"damage_taken":[{"damage":0,"enemies":"Cultist","floor":1,"turns":3},{"damage":0,"enemies":"Jaw Worm","floor":3,"turns":2},{"damage":0,"enemies":"Small Slimes","floor":4,"turns":3},{"damage":6,"enemies":"3 Louse","floor":5,"turns":3},{"damage":6,"enemies":"Gremlin Nob","floor":7,"turns":3},{"damage":0,"enemies":"2 Fungi Beasts","floor":11,"turns":2},{"damage":8,"enemies":"Exordium Thugs","floor":12,"turns":3},{"damage":0,"enemies":"Blue Slaver","floor":13,"turns":3},{"damage":2,"enemies":"Lagavulin","floor":14,"turns":5},{"damage":13,"enemies":"Slime Boss","floor":16,"turns":5},{"damage":23,"enemies":"2 Thieves","floor":18,"turns":3},{"damage":10,"enemies":"Chosen","floor":19,"turns":3},{"damage":0,"enemies":"Snecko","floor":21,"turns":5},{"damage":21,"enemies":"Sentry and Sphere","floor":22,"turns":4},{"damage":56,"enemies":"Book of Stabbing","floor":24,"turns":6},{"damage":35,"enemies":"Slavers","floor":27,"turns":4},{"damage":17,"enemies":"Gremlin Leader","floor":29,"turns":3},{"damage":5,"enemies":"Automaton","floor":33,"turns":6},{"damage":8,"enemies":"Orb Walker","floor":35,"turns":3},{"damage":27,"enemies":"3 Darklings","floor":36,"turns":4},{"damage":31,"enemies":"Jaw Worm Horde","floor":37,"turns":5},{"damage":3,"enemies":"Sphere and 2 Shapes","floor":44,"turns":3},{"damage":0,"enemies":"3 Darklings","floor":45,"turns":4},{"damage":6,"enemies":"4 Shapes","floor":46,"turns":5},{"damage":7,"enemies":"Nemesis","floor":48,"turns":7},{"damage":44,"enemies":"Time Eater","floor":50,"turns":9}],"seed_played":"9192803745042345800","potions_obtained":[{"floor":3,"key":"Regen Potion"},{"floor":7,"key":"Ancient Potion"},{"floor":11,"key":"EssenceOfSteel"},{"floor":19,"key":"Dexterity Potion"}],"is_trial":false,"path_per_floor":["M","$","M","M","M","R","E","R","T","R","M","M","M","E","R","B",null,"M","M","$","M","M","R","E","R","T","E","?","E","R","$","R","B",null,"M","M","M","?","?","R","?","$","T","M","M","M","?","E","R","B",null],"character_chosen":"DEFECT","items_purchased":["Consecrate","Unceasing Top","FollowUp","Shovel","Core Surge","Whetstone","Bag of Preparation","TheAbacus","CultistPotion","BlessingOfTheForge"],"campfire_rested":9,"item_purchase_floors":[2,20,20,20,31,42,42,42,42,42],"current_hp_per_floor":[75,75,75,75,69,75,69,75,75,75,75,67,67,65,75,62,75,52,42,42,42,21,58,2,51,51,16,16,8,57,57,69,64,75,67,40,9,9,9,60,60,60,60,57,57,51,41,34,71,27],"gold":336,"neow_bonus":"","is_daily":true,"chose_seed":false,"campfire_upgraded":0,"win_rate":0.0,"timestamp":1611835080,"path_taken":["M","$","M","?","M","R","E","R","T","R","M","M","M","E","R","BOSS","M","M","$","M","M","R","E","R","T","E","?","E","R","$","R","BOSS","M","M","?","?","?","R","?","$","T","?","M","M","?","E","R","BOSS"],"items_purchased_type":["Card","Relic","Card","Relic","Card","Relic","Relic","Relic","Potion","Potion"],"build_version":"2020-12-18","purchased_purges":3,"victory":true,"max_hp_per_floor":[75,75,75,75,75,75,75,75,75,75,75,75,75,75,75,75,75,75,75,75,75,75,75,75,75,75,75,75,75,75,75,75,75,75,75,75,75,71,71,71,71,71,71,71,71,71,71,71,71,71],"card_choices":[{"not_picked":["EmptyFist","FlyingSleeves"],"picked":"BattleHymn","floor":0},{"not_picked":["CutThroughFate","Worship"],"picked":"Static Discharge","floor":0},{"not_picked":["Halt","EmptyBody"],"picked":"Gash","floor":0},{"not_picked":["Redo","Rebound"],"picked":"Conserve Battery","floor":0},{"not_picked":["CutThroughFate","Consume"],"picked":"Hologram","floor":0},{"not_picked":["Turbo","PathToVictory"],"picked":"FollowUp","floor":0},{"not_picked":["CrushJoints","Study"],"picked":"Cold Snap","floor":0},{"not_picked":["Perseverance","Rebound"],"picked":"Beam Cell","floor":0},{"not_picked":["CrushJoints","Consume"],"picked":"FollowUp","floor":0},{"not_picked":["Rip and Tear","Consecrate"],"picked":"Ball Lightning","floor":0},{"not_picked":["PathToVictory","SashWhip"],"picked":"Prostrate","floor":0},{"not_picked":["Hologram","InnerPeace"],"picked":"Coolheaded","floor":0},{"not_picked":["EmptyFist","CrushJoints"],"picked":"Halt","floor":0},{"not_picked":["Self Repair","SandsOfTime"],"picked":"Scrape","floor":0},{"not_picked":["Collect","Turbo"],"picked":"TalkToTheHand","floor":0},{"not_picked":["Ball Lightning","SashWhip"],"picked":"Glacier","floor":1},{"not_picked":["Collect","Conserve Battery","JustLucky"],"picked":"SKIP","floor":3},{"not_picked":["Vengeance","Consecrate","Steam"],"picked":"SKIP","floor":4},{"not_picked":["FlyingSleeves","Double Energy","SignatureMove"],"picked":"SKIP","floor":5},{"not_picked":["Rip and Tear","Doom and Gloom"],"picked":"Crescendo","floor":7},{"not_picked":["Compile Driver","JustLucky"],"picked":"Defragment","floor":11},{"not_picked":["Steam","Cold Snap"],"picked":"Defragment","floor":12},{"not_picked":["Rebound","Wallop","FlurryOfBlows"],"picked":"SKIP","floor":13},{"not_picked":["Stack","Glacier","Halt"],"picked":"SKIP","floor":14},{"not_picked":["Barrage","Compile Driver"],"picked":"Collect+1","floor":18},{"not_picked":["Steam Power","Undo+1"],"picked":"Gash+1","floor":19},{"not_picked":["Barrage+1","Protect","Hologram"],"picked":"SKIP","floor":21},{"not_picked":["FlyingSleeves","Wireheading+1","Storm"],"picked":"SKIP","floor":22},{"not_picked":["Glacier+1","FollowUp"],"picked":"Defragment","floor":24},{"not_picked":["Consecrate","SashWhip"],"picked":"Conserve Battery","floor":27},{"not_picked":["Reprogram","PathToVictory+1","CrushJoints"],"picked":"SKIP","floor":29},{"not_picked":["Electrodynamics","Creative AI"],"picked":"ConjureBlade","floor":33},{"not_picked":["ThirdEye+1","Prostrate"],"picked":"Sweeping Beam+1","floor":35},{"not_picked":["Rip and Tear+1","Redo","Genetic Algorithm+1"],"picked":"SKIP","floor":36},{"not_picked":["Stack","Hologram"],"picked":"Coolheaded+1","floor":37},{"not_picked":["Conclude+1","Steam","Cold Snap+1"],"picked":"SKIP","floor":44},{"not_picked":["CutThroughFate","Hologram+1"],"picked":"Evaluate+1","floor":45},{"not_picked":["Reinforced Body+1","BowlingBash+1","Rebound"],"picked":"SKIP","floor":46},{"not_picked":["Dramatic Entrance","Secret Weapon"],"picked":"Chrysalis","floor":47},{"not_picked":["Secret Weapon","Madness"],"picked":"Master of Strategy","floor":47},{"not_picked":["Deep Breath","Thinking Ahead"],"picked":"Flash of Steel","floor":47},{"not_picked":["Halt","Barrage+1","Sweeping Beam+1"],"picked":"SKIP","floor":48}],"player_experience":650096,"relics_obtained":[{"floor":7,"key":"Bag of Marbles"},{"floor":9,"key":"Regal Pillow"},{"floor":14,"key":"Sundial"},{"floor":24,"key":"Eternal Feather"},{"floor":26,"key":"StrikeDummy"},{"floor":27,"key":"Symbiotic Virus"},{"floor":29,"key":"DataDisk"},{"floor":32,"key":"Bottled Flame"},{"floor":43,"key":"Centennial Puzzle"},{"floor":48,"key":"Molten Egg 2"}],"event_choices":[{"damage_healed":0,"gold_gain":0,"player_choice":"Gave Potion","damage_taken":0,"relics_obtained":["Ornamental Fan"],"max_hp_gain":0,"max_hp_loss":0,"event_name":"WeMeetAgain","floor":28,"gold_loss":0},{"damage_healed":0,"gold_gain":0,"player_choice":"Max HP","damage_taken":0,"max_hp_gain":0,"max_hp_loss":4,"event_name":"Winding Halls","floor":38,"gold_loss":0},{"damage_healed":0,"gold_gain":0,"player_choice":"Ignored","damage_taken":0,"max_hp_gain":0,"max_hp_loss":0,"event_name":"Mysterious Sphere","floor":39,"gold_loss":0},{"damage_healed":0,"gold_gain":0,"player_choice":"Upgraded","damage_taken":0,"max_hp_gain":0,"max_hp_loss":0,"event_name":"Upgrade Shrine","floor":41,"gold_loss":0,"cards_upgraded":["TalkToTheHand"]},{"damage_healed":0,"gold_gain":0,"player_choice":"Memory 3","damage_taken":10,"max_hp_gain":0,"max_hp_loss":0,"event_name":"SensoryStone","floor":47,"gold_loss":0}],"is_beta":true,"boss_relics":[{"not_picked":["Inserter","Astrolabe"],"picked":"Runic Dome"},{"not_picked":["Calling Bell","Philosopher\u0027s Stone"],"picked":"Fusion Hammer"}],"items_purged_floors":[2,31,42],"is_endless":false,"potions_floor_spawned":[3,7,11,14,19,21,22,27,44],"ascension_level":0}}