{"host":"4evnc443c98ww2zl","time":1611877515,"event":{"mods":["BaseMod","Better Third Choice","Hermit","Koishi","Luminous","Minty Spire (QoL Compilation)","Remilia??????","Robot Space Explorer","StSLib","The Administrix","The Bug Knight","The Cursed","TheSwordswoman"],"gold_per_floor":[119,119,119,135,151,182,182,207,207,236,253,278,128,403,403,505,505,522,334,322,357,279,279,308,327,327,356,370,388,388,388,388,490,490,502,502,514,514,401,430,447,474,474,500,236,270,283,295,295,295],"floor_reached":51,"language":"ENG","playtime":4449,"items_purged":[],"score":1083,"play_id":"d55a746d-f8a0-4935-a51e-4371edbed202","local_time":"20210128174515","daily_mods":["SealedDeck","Diverse","Colorless Cards","Heirloom","DeadlyEvents","Elite Swarm"],"is_ascension_mode":false,"campfire_choices":[{"floor":7,"key":"RECALL"},{"data":"Recycle","floor":15,"key":"SMITH"},{"data":"1","floor":23,"key":"LIFT"},{"data":"2","floor":30,"key":"LIFT"},{"data":"3","floor":32,"key":"LIFT"},{"data":"VampireKiss","floor":49,"key":"SMITH"}],"circlet_count":0,"master_deck":["ScarletImprint","RobotSpaceExplorer:SlimeMissile","Recycle+1","VampireKiss+1","Sword Boomerang","hermit:Feint","DiffusionOfMisfortune","Streamline","Good Instincts","FollowUp","Sword Boomerang","StarOfDavid","TheCursedMod:OutForBlood","RobotSpaceExplorer:ChargingLaser","BowlingBash","Regret","Reaper","TheCursedMod:CursedAmulet","Blind","Sword Boomerang","Stigmanizer+1","HollowMod:Weaversong","TheCursedMod:SmokeScreen","hermit:Desperado+1","RobotSpaceExplorer:Autoloader","Cleave+1","hermit:Quickdraw+1","Prostrate","FollowUp+1","Wild Strike+1","hermit:DeadOrAlive+1","hermit:Reprieve","TalkToTheHand+1","TheCursedMod:Neurasthenia","Cold Snap+1"],"relics":["HollowMod:VoidIdolRelic","Peace Pipe","PreservedInsect","Du-Vu Doll","Girya","Potion Belt","Nunchaku","Ancient Tea Set","HollowMod:QueensCombRelic","Bronze Scales","Membership Card","HollowMod:GreatKnightMask","Happy Flower","Molten Egg 2","Unceasing Top","Pocketwatch","SacredBark","Centennial Puzzle","Shuriken","HornCleat","Pear","FossilizedHelix","Lee\u0027s Waffle","Incense Burner","AntiCross"],"acts_visited":["Exordium","TheCity","TheBeyond"],"potions_floor_usage":[16,16,18,28,29,33,40,44,47,48],"damage_taken":[{"damage":0,"enemies":"Cultist","floor":1,"turns":2},{"damage":5,"enemies":"Jaw Worm","floor":4,"turns":2},{"damage":0,"enemies":"Small Slimes","floor":5,"turns":2},{"damage":10,"enemies":"Lagavulin","floor":6,"turns":3},{"damage":0,"enemies":"Gremlin Nob","floor":8,"turns":2},{"damage":9,"enemies":"3 Sentries","floor":10,"turns":4},{"damage":12,"enemies":"Exordium Wildlife","floor":11,"turns":2},{"damage":0,"enemies":"Gremlin Nob","floor":12,"turns":2},{"damage":21,"enemies":"Hexaghost","floor":16,"turns":5},{"damage":12,"enemies":"Shell Parasite","floor":18,"turns":3},{"damage":2,"enemies":"2 Thieves","floor":20,"turns":4},{"damage":0,"enemies":"HollowMod:Zote","floor":21,"turns":2},{"damage":4,"enemies":"Slavers","floor":24,"turns":3},{"damage":4,"enemies":"Chosen and Byrds","floor":25,"turns":4},{"damage":5,"enemies":"Book of Stabbing","floor":27,"turns":3},{"damage":23,"enemies":"Snake Plant","floor":28,"turns":2},{"damage":10,"enemies":"3 Cultists","floor":29,"turns":3},{"damage":32,"enemies":"Automaton","floor":33,"turns":6},{"damage":40,"enemies":"3 Shapes","floor":35,"turns":3},{"damage":0,"enemies":"Orb Walker","floor":37,"turns":1},{"damage":1,"enemies":"Nemesis","floor":40,"turns":3},{"damage":25,"enemies":"Writhing Mass","floor":41,"turns":3},{"damage":16,"enemies":"Reptomancer","floor":42,"turns":3},{"damage":0,"enemies":"Nemesis","floor":44,"turns":1},{"damage":0,"enemies":"Giant Head","floor":46,"turns":6},{"damage":3,"enemies":"Jaw Worm Horde","floor":47,"turns":2},{"damage":0,"enemies":"Spire Growth","floor":48,"turns":2},{"damage":3,"enemies":"HollowMod:Radiance","floor":50,"turns":6}],"seed_played":"5676396687804851582","potions_obtained":[{"floor":4,"key":"FearPotion"},{"floor":6,"key":"LiquidMemories"},{"floor":12,"key":"GamblersBrew"},{"floor":16,"key":"ColorlessPotion"},{"floor":25,"key":"Fire Potion"},{"floor":28,"key":"AttackPotion"},{"floor":29,"key":"Fire Potion"},{"floor":33,"key":"FearPotion"},{"floor":35,"key":"AttackPotion"},{"floor":42,"key":"DistilledChaos"},{"floor":46,"key":"Explosive Potion"}],"is_trial":true,"path_per_floor":["M","?","?","M","M","E","R","E","T","E","M","E","$","?","R","B",null,"M","$","M","?","$","R","E","M","T","E","M","M","R","?","R","B",null,"M","?","M","?","$","E","M","E","T","E","$","E","M","M","R","B",null],"character_chosen":"THE_BUGKNIGHT","items_purchased":["Bronze Scales","Membership Card","Blind","Happy Flower","Prostrate","FollowUp+1","Centennial Puzzle","Lee\u0027s Waffle","TalkToTheHand+1","Incense Burner"],"campfire_rested":0,"item_purchase_floors":[13,19,19,22,39,39,39,45,45,45],"current_hp_per_floor":[75,39,44,40,40,39,39,42,42,33,22,25,25,25,25,16,50,39,39,41,49,49,49,47,48,48,47,27,25,25,25,25,30,50,17,17,21,21,21,35,16,12,22,26,67,67,64,67,67,67],"gold":295,"neow_bonus":"","is_daily":false,"chose_seed":false,"campfire_upgraded":2,"win_rate":0.0,"timestamp":1611877515,"path_taken":["M","?","?","M","?","E","R","E","T","E","M","E","$","?","R","BOSS","M","$","M","?","$","R","E","M","T","E","?","M","R","?","R","BOSS","M","?","M","?","$","E","?","E","T","E","$","E","M","M","R","BOSS"],"items_purchased_type":["Relic","Relic","Card","Relic","Card","Card","Relic","Relic","Card","Relic"],"build_version":"2020-12-22","purchased_purges":0,"victory":true,"max_hp_per_floor":[75,75,75,75,75,75,75,75,75,75,75,50,50,50,50,50,50,50,50,50,50,50,50,50,50,50,50,50,50,50,50,50,50,50,50,50,50,50,50,50,50,50,60,60,67,67,67,67,67,67],"card_choices":[{"not_picked":["TheCursedMod:Torture","Koishi:BloodcurdlingScream"],"picked":"FollowUp","floor":1},{"not_picked":["hermit:Vantage","hermit:Coalescence"],"picked":"Sword Boomerang","floor":4},{"not_picked":["WindmillStrike","Feel No Pain"],"picked":"StarOfDavid","floor":5},{"not_picked":["Transmutation","MasterReality"],"picked":"TheCursedMod:OutForBlood","floor":6},{"not_picked":["The Bomb","TheCursedMod:ForbiddenAlchemy","All For One"],"picked":"SKIP","floor":8},{"not_picked":["TheCursedMod:ShockAndAwe","EquivalentExchange"],"picked":"RobotSpaceExplorer:ChargingLaser","floor":10},{"not_picked":["Outmaneuver","hermit:Showdown"],"picked":"BowlingBash","floor":11},{"not_picked":["Fiend Fire","Hyperbeam","Luminous:Balance_Aether_Conduit"],"picked":"SKIP","floor":12},{"not_picked":["Doppelganger","RobotSpaceExplorer:ChargingLaser"],"picked":"Reaper","floor":16},{"not_picked":["HollowMod:ShadowDash+1","Heel Hook"],"picked":"TheCursedMod:CursedAmulet","floor":18},{"not_picked":["HollowMod:LifebloodCocoon","hermit:ShadowCloak"],"picked":"Sword Boomerang","floor":20},{"not_picked":["Brutality","TheCursedMod:StunningStrike+1","AdministrixMod:LuminaryPath"],"picked":"SKIP","floor":24},{"not_picked":["hermit:Roulette+1","Sweeping Beam+1"],"picked":"Stigmanizer+1","floor":25},{"not_picked":["ScarletMeister","hermit:FatalDesire"],"picked":"HollowMod:Weaversong","floor":27},{"not_picked":["Koishi:Prune+1","Koishi:BloodcurdlingScream+1"],"picked":"TheCursedMod:SmokeScreen","floor":28},{"not_picked":["Koishi:ParalyzingFear+1","RobotSpaceExplorer:ShockKick+1"],"picked":"hermit:Desperado+1","floor":29},{"not_picked":["AdministrixMod:BattleforgedBonds","ForecastOfChange+1"],"picked":"RobotSpaceExplorer:Autoloader","floor":33},{"not_picked":["Koishi:FleetingPhantom+1","RobotSpaceExplorer:Probe+1"],"picked":"Cleave+1","floor":35},{"not_picked":["TheCursedMod:LuckyCharm+1","VampireKiss+1"],"picked":"hermit:Quickdraw+1","floor":37},{"not_picked":["Luminous:Mirror_Force_Luminous","RobotSpaceExplorer:Scanner","Brutality"],"picked":"SKIP","floor":40},{"not_picked":["RobotSpaceExplorer:MetalStrike+1","Defragment+1"],"picked":"Wild Strike+1","floor":41},{"not_picked":["Koishi:TerrifyingSpectre","Luminous:Ethereal_Form_Luminous"],"picked":"hermit:DeadOrAlive+1","floor":42},{"not_picked":["Blasphemy","Luminous:Dark_Crescendo_Luminous"],"picked":"hermit:Reprieve","floor":44},{"not_picked":["TheCursedMod:ParallelWorld","HollowMod:NewInfectedGuardian"],"picked":"TheCursedMod:Neurasthenia","floor":46},{"not_picked":["NightDance+1","RobotSpaceExplorer:SurgingShield","Dual Wield+1"],"picked":"SKIP","floor":47},{"not_picked":["CutThroughFate+1","TheCursedMod:ReleasedStrength+1"],"picked":"Cold Snap+1","floor":48}],"player_experience":1127254,"relics_obtained":[{"floor":6,"key":"Girya"},{"floor":8,"key":"Potion Belt"},{"floor":9,"key":"Nunchaku"},{"floor":10,"key":"Ancient Tea Set"},{"floor":12,"key":"HollowMod:QueensCombRelic"},{"floor":21,"key":"HollowMod:GreatKnightMask"},{"floor":24,"key":"Molten Egg 2"},{"floor":26,"key":"Unceasing Top"},{"floor":27,"key":"Pocketwatch"},{"floor":40,"key":"Shuriken"},{"floor":42,"key":"HornCleat"},{"floor":43,"key":"Pear"},{"floor":44,"key":"FossilizedHelix"},{"floor":46,"key":"AntiCross"}],"event_choices":[{"damage_healed":0,"gold_gain":1,"player_choice":"Relic Relic ","damage_taken":36,"max_hp_gain":0,"max_hp_loss":0,"event_name":"betterThird:BetterScrap","floor":2,"gold_loss":0,"cards_obtained":["Tactician"]},{"cards_removed":["TheCursedMod:FleshFromBone"],"damage_healed":5,"gold_gain":0,"player_choice":"Offered Common","damage_taken":0,"max_hp_gain":0,"max_hp_loss":0,"event_name":"Bonfire Elementals","floor":3,"gold_loss":0},{"cards_removed":["TheCursedMod:FleshFromBone"],"damage_healed":5,"gold_gain":0,"player_choice":"Offered Special","damage_taken":0,"max_hp_gain":0,"max_hp_loss":0,"event_name":"Bonfire Elementals","floor":3,"gold_loss":0},{"damage_healed":0,"gold_gain":275,"player_choice":"Desecrate","damage_taken":0,"max_hp_gain":0,"max_hp_loss":0,"event_name":"Golden Shrine","floor":14,"gold_loss":0,"cards_obtained":["Regret"]},{"damage_healed":0,"gold_gain":0,"player_choice":"Ignored","damage_taken":0,"max_hp_gain":0,"max_hp_loss":0,"event_name":"The Moai Head","floor":36,"gold_loss":0}],"is_beta":false,"boss_relics":[{"not_picked":["Philosopher\u0027s Stone","Astrolabe"],"picked":"HollowMod:VoidIdolRelic"},{"not_picked":["Snecko Eye","Velvet Choker"],"picked":"SacredBark"}],"items_purged_floors":[],"is_endless":false,"potions_floor_spawned":[4,6,12,16,25,28,29,33,35,42,46],"ascension_level":0}}