{"host":"0ulgfg5uyx5zlmwg","time":1611837696,"event":{"mods":["Act Like it!","BaseMod","BetterRewards","Challenge The Spire","Grow up Mod","Marked Mod","Minty Spire (QoL Compilation)","RumiaBox-露米娅的神秘盒子","Shop Mod","Spicy Shops","StSLib","TestMod","Transform Curses","【功能Mod】混沌之环修复补丁","【遗物卡牌】REMEMod","篝火指南"],"gold_per_floor":[116,131,131,131,153,198,10,51,120,153,169,94,94,135,135,257,257,277,277,301,83,83,122,148,172,172,216,252,271,271,305,154,261,261,283,137,1136,1160,1160,539,560,576,576,619,657,694,720,758,758,797,797,62,13,49,64],"floor_reached":56,"language":"ZHS","playtime":3050,"items_purged":["REME_GrazeFinale"],"score":1990,"play_id":"a7aadc1d-b874-4550-9718-755e1491b2c5","local_time":"20210128204136","is_ascension_mode":true,"campfire_choices":[{"data":"Glass Knife","floor":15,"key":"SMITH"},{"floor":49,"key":"RECALL"}],"circlet_count":0,"master_deck":["REME_HeartOfCthun+1","Flying Knee","Endless Agony","Backstab","REME_CopyPotion","Choke","REME_ShadowForm+1","After Image+1","Envenom","Adrenaline","Corpse Explosion","Envenom","Glass Knife+1","Cloak And Dagger","Bane","Venomology","Eviscerate+1","Leg Sweep+1","Dagger Throw","Choke","Dagger Spray","Bane","Masterful Stab","REME_ShadowStrike+1","Riddle With Holes","Crippling Poison+1","A Thousand Cuts","Glass Knife","testmod-Reverberation","Dodge and Roll","Bane","Blade Dance","PiercingWail","Caltrops"],"relics":["Ring of the Serpent","testmod-TestBox","REME_ComplimentaryCards","testmod-DeterminationOfClimber","SecretRecord","testmod-DeterminationOfClimber","Thread and Needle","HandDrill","testmod-AssaultLearning","SumBook","Odd Mushroom","testmod-TestBox","Dead Branch","Astrolabe","testmod-TurbochargingSystem","testmod-LifeArmor","testmod-IntensifyImprint","Red Mask","testmod-DeterminationOfClimber","Tiny Chest","LastBattle","Bag of Marbles","REME_HandOfSuture","GodSword1","Bronze Scales","Medical Kit","Toolbox","Eternal Feather","ChaoDraw","Unceasing Top","Blue Candle","Kunai","Oddly Smooth Stone","REME_PuzzleBoxRelic"],"acts_visited":["Exordium","TheCity","TheBeyond","TheEnding"],"potions_floor_usage":[28],"damage_taken":[{"damage":0,"enemies":"Jaw Worm","floor":1,"turns":1},{"damage":0,"enemies":"2 Louse","floor":2,"turns":2},{"damage":0,"enemies":"Small Slimes","floor":5,"turns":1},{"damage":0,"enemies":"Lagavulin","floor":6,"turns":2},{"damage":0,"enemies":"3 Sentries","floor":8,"turns":1},{"damage":0,"enemies":"The Mushroom Lair","floor":10,"turns":1},{"damage":0,"enemies":"3 Louse","floor":11,"turns":1},{"damage":0,"enemies":"Gremlin Nob","floor":14,"turns":1},{"damage":0,"enemies":"The Guardian","floor":16,"turns":1},{"damage":0,"enemies":"3 Byrds","floor":18,"turns":1},{"damage":0,"enemies":"2 Thieves","floor":20,"turns":1},{"damage":0,"enemies":"REME_1_Revenger","floor":23,"turns":1},{"damage":0,"enemies":"Snecko","floor":24,"turns":1},{"damage":0,"enemies":"Centurion and Healer","floor":25,"turns":1},{"damage":0,"enemies":"Gremlin Leader","floor":27,"turns":1},{"damage":0,"enemies":"Masked Bandits","floor":28,"turns":1},{"damage":0,"enemies":"Shelled Parasite and Fungi","floor":29,"turns":1},{"damage":0,"enemies":"REME_1_Revenger","floor":31,"turns":1},{"damage":0,"enemies":"Champ","floor":33,"turns":1},{"damage":0,"enemies":"3 Shapes","floor":35,"turns":1},{"damage":0,"enemies":"3 Darklings","floor":38,"turns":1},{"damage":0,"enemies":"4 Shapes","floor":41,"turns":1},{"damage":0,"enemies":"Maw","floor":42,"turns":1},{"damage":0,"enemies":"Giant Head","floor":44,"turns":1},{"damage":0,"enemies":"Transient","floor":45,"turns":1},{"damage":0,"enemies":"Nemesis","floor":46,"turns":1},{"damage":0,"enemies":"Writhing Mass","floor":47,"turns":1},{"damage":0,"enemies":"Reptomancer","floor":48,"turns":1},{"damage":0,"enemies":"Donu and Deca","floor":50,"turns":1},{"damage":0,"enemies":"Shield and Spear","floor":54,"turns":1},{"damage":1,"enemies":"The Heart","floor":55,"turns":1}],"seed_played":"-8997137005841981147","potions_obtained":[{"floor":1,"key":"Regen Potion"},{"floor":6,"key":"GamblersBrew"},{"floor":8,"key":"Regen Potion"},{"floor":10,"key":"Dexterity Potion"},{"floor":20,"key":"FearPotion"},{"floor":24,"key":"SkillPotion"},{"floor":28,"key":"EssenceOfSteel"},{"floor":29,"key":"DistilledChaos"},{"floor":31,"key":"ColorlessPotion"},{"floor":38,"key":"FairyPotion"},{"floor":41,"key":"SkillPotion"}],"is_trial":false,"path_per_floor":["M","M","?","?","M","E","R","E","T","?","M","R","?","E","R","B",null,"M","?","M","$","?","E","M","M","T","E","?","M","T","E","R","B",null,"M","$","?","M","?","R","M","M","T","E","M","E","M","E","R","B",null,"R","$","E","B",null],"character_chosen":"THE_SILENT","items_purchased":["HandDrill","Choke","testmod-TurbochargingSystem","Dagger Spray","Bane","Bag of Marbles","REME_HandOfSuture","REME_GoldPotion","GodSword1","Bronze Scales","Medical Kit","Toolbox","testmod-Reverberation","Kunai","Oddly Smooth Stone","Dodge and Roll","Bane","Blade Dance","PiercingWail"],"campfire_rested":0,"item_purchase_floors":[7,7,21,21,21,32,36,40,40,40,40,40,52,52,52,52,52,52,53],"current_hp_per_floor":[90,100,90,100,114,138,148,160,170,180,190,200,210,220,230,240,250,260,270,280,290,300,310,320,330,340,350,360,370,380,390,400,410,420,430,440,450,460,470,480,490,500,510,520,530,540,550,560,570,580,590,600,610,620,640],"gold":64,"neow_bonus":"UPGRADE_CARD","is_daily":false,"chose_seed":false,"campfire_upgraded":1,"win_rate":0.0,"timestamp":1611837696,"path_taken":["M","M","?","?","M","E","R","E","T","?","M","R","?","E","R","BOSS","M","?","M","$","?","E","?","?","T","E","?","M","?","E","R","BOSS","M","$","?","M","?","R","?","M","T","E","M","E","M","E","R","BOSS","R","$","E","BOSS"],"items_purchased_type":["Relic","Card","Relic","Card","Card","Relic","Relic","Potion","Relic","Relic","Relic","Relic","Card","Relic","Relic","Card","Card","Card","Card"],"build_version":"2020-12-22","purchased_purges":1,"victory":true,"max_hp_per_floor":[90,100,110,120,130,140,150,160,170,180,190,200,210,220,230,240,250,260,270,280,290,300,310,320,330,340,350,360,370,380,390,400,410,420,430,440,450,460,470,480,490,500,510,520,530,540,550,560,570,580,590,600,610,620,640],"card_choices":[{"not_picked":["Dagger Throw","Dodge and Roll"],"picked":"Flying Knee","floor":1},{"not_picked":["REME_GreenPollution","Underhanded Strike"],"picked":"Endless Agony","floor":2},{"not_picked":["Leg Sweep","REME_SpectralBlade"],"picked":"Backstab","floor":5},{"not_picked":["REME_GrazeFinale","Blur"],"picked":"REME_CopyPotion","floor":6},{"not_picked":["Underhanded Strike","Endless Agony","REME_SpectralBlade"],"picked":"SKIP","floor":8},{"not_picked":["Calculated Gamble","Endless Agony"],"picked":"Cloak And Dagger","floor":11},{"not_picked":["Dodge and Roll","Dagger Throw","Flechettes"],"picked":"SKIP","floor":14},{"not_picked":["Unload","Tools of the Trade"],"picked":"Venomology","floor":16},{"not_picked":["Blade Dance","Cloak And Dagger"],"picked":"Dagger Throw","floor":18},{"not_picked":["Deadly Poison","Cloak And Dagger"],"picked":"Choke","floor":20},{"not_picked":["Backflip+1","Quick Slash","Unload"],"picked":"SKIP","floor":23},{"not_picked":["Well Laid Plans","REME_ShadowStrike","Dodge and Roll"],"picked":"SKIP","floor":24},{"not_picked":["Bouncing Flask","Cloak And Dagger+1","Quick Slash"],"picked":"SKIP","floor":25},{"not_picked":["Skewer","Dagger Throw+1"],"picked":"Masterful Stab","floor":27},{"not_picked":["Acrobatics","Quick Slash"],"picked":"REME_ShadowStrike+1","floor":28},{"not_picked":["REME_ShadowStrike","Prepared","Blade Dance+1"],"picked":"SKIP","floor":29},{"not_picked":["Catalyst","Dodge and Roll","Quick Slash"],"picked":"SKIP","floor":31},{"not_picked":["Cloak And Dagger+1","Prepared","Flying Knee"],"picked":"SKIP","floor":35},{"not_picked":["Sucker Punch","Slice"],"picked":"Riddle With Holes","floor":38},{"not_picked":["PiercingWail","Slice"],"picked":"Crippling Poison+1","floor":41},{"not_picked":["Dodge and Roll+1","Cloak And Dagger","Underhanded Strike+1"],"picked":"SKIP","floor":42},{"not_picked":["Bane","Dodge and Roll+1"],"picked":"A Thousand Cuts","floor":44},{"not_picked":["Blade Dance+1","Slice","Distraction"],"picked":"SKIP","floor":45},{"not_picked":["Deadly Poison+1","Bane","Acrobatics+1"],"picked":"SKIP","floor":46},{"not_picked":["Venomology","Blade Dance+1","Slice"],"picked":"SKIP","floor":47},{"not_picked":["Slice+1","Blade Dance"],"picked":"Glass Knife","floor":48},{"not_picked":["Backstab","Masterful Stab"],"picked":"Caltrops","floor":54}],"player_experience":512360,"relics_obtained":[{"floor":1,"key":"AddBug"},{"floor":5,"key":"testmod-DeterminationOfClimber"},{"floor":6,"key":"Thread and Needle"},{"floor":8,"key":"testmod-AssaultLearning"},{"floor":9,"key":"SumBook"},{"floor":10,"key":"Odd Mushroom"},{"floor":14,"key":"testmod-TestBox"},{"floor":14,"key":"Dead Branch"},{"floor":23,"key":"testmod-LifeArmor"},{"floor":27,"key":"testmod-IntensifyImprint"},{"floor":28,"key":"Red Mask"},{"floor":28,"key":"testmod-DeterminationOfClimber"},{"floor":30,"key":"Tiny Chest"},{"floor":31,"key":"LastBattle"},{"floor":43,"key":"Eternal Feather"},{"floor":44,"key":"ChaoDraw"},{"floor":46,"key":"Unceasing Top"},{"floor":48,"key":"Blue Candle"},{"floor":54,"key":"REME_PuzzleBoxRelic"}],"event_choices":[{"damage_healed":0,"gold_gain":0,"player_choice":"Entered Light","damage_taken":20,"max_hp_gain":0,"max_hp_loss":0,"event_name":"Shining Light","floor":3,"gold_loss":0,"cards_upgraded":["Defend_G","Defend_G"]},{"damage_healed":0,"gold_gain":0,"player_choice":"Swap Relic","damage_taken":0,"relics_obtained":["AddBug"],"max_hp_gain":0,"max_hp_loss":0,"event_name":"给自己的盒子","floor":4,"relics_lost":["AddBug"],"gold_loss":0},{"damage_healed":0,"gold_gain":0,"player_choice":"Fought Mushrooms","damage_taken":0,"max_hp_gain":0,"max_hp_loss":0,"event_name":"Mushrooms","floor":10,"gold_loss":0},{"damage_healed":0,"gold_gain":0,"cards_transformed":["REME_GrazeFinale"],"player_choice":"Change","damage_taken":0,"max_hp_gain":0,"max_hp_loss":0,"event_name":"Living Wall","floor":13,"gold_loss":0,"cards_obtained":["Bane"]},{"damage_healed":0,"gold_gain":0,"player_choice":"Ignored","damage_taken":0,"max_hp_gain":0,"max_hp_loss":0,"event_name":"Beggar","floor":19,"gold_loss":0},{"cards_removed":["REME_ShadowForm"],"damage_healed":0,"gold_gain":0,"player_choice":"Purged","damage_taken":0,"max_hp_gain":0,"max_hp_loss":0,"event_name":"Purifier","floor":22,"gold_loss":0},{"damage_healed":0,"gold_gain":0,"player_choice":"Fought Bandits","damage_taken":0,"max_hp_gain":0,"max_hp_loss":0,"event_name":"Masked Bandits","floor":28,"gold_loss":0},{"damage_healed":0,"gold_gain":999,"player_choice":"Sell","damage_taken":0,"max_hp_gain":0,"max_hp_loss":0,"event_name":"恩洛斯的盘子","floor":37,"relics_lost":["AddBug"],"gold_loss":0},{"damage_healed":0,"gold_gain":0,"player_choice":"Ignored","damage_taken":0,"max_hp_gain":0,"max_hp_loss":0,"event_name":"SecretPortal","floor":39,"gold_loss":0}],"is_beta":false,"boss_relics":[{"not_picked":["Philosopher\u0027s Stone","HoveringKite"],"picked":"Astrolabe"},{"not_picked":["Snecko Eye","Cursed Key"],"picked":"Ring of the Serpent"}],"items_purged_floors":[12],"is_endless":false,"potions_floor_spawned":[1,6,8,10,20,24,28,29,31,38,41,46,47],"ascension_level":1}}