{"host":"k85tjwrh7mjrrc9a","time":1611860148,"event":{"mods":["AchievementEnabler","BaseMod","Colored Powertips","Highlight Path","Minty Spire (QoL Compilation)","Rare Cards Sparkle","StSLib"],"gold_per_floor":[116,116,116,126,126,126,139,170,170,201,116,166,166,186,186,186,186],"floor_reached":16,"language":"ENG","playtime":760,"items_purged":[],"score":194,"play_id":"570526d7-4ffe-4d44-ad83-7b01e99d907a","local_time":"20210128135548","is_ascension_mode":true,"campfire_choices":[{"data":"Pommel Strike","floor":6.0,"key":"SMITH"},{"floor":13.0,"key":"REST"},{"data":"True Grit","floor":15.0,"key":"SMITH"}],"circlet_count":0,"master_deck":["AscendersBane","Strike_R","Strike_R","Strike_R","Strike_R","Strike_R","Defend_R","Defend_R","Defend_R","Defend_R","Bash+1","Pommel Strike+1","Wild Strike","Injury","Heavy Blade","Twin Strike","True Grit+1","Evolve","Spot Weakness"],"relics":["Burning Blood","Akabeko","Blue Candle","Golden Idol","Boot","Question Card","Mercury Hourglass"],"acts_visited":["Exordium"],"potions_floor_usage":[16],"damage_taken":[{"damage":0.0,"enemies":"Small Slimes","floor":1.0,"turns":3.0},{"damage":7.0,"enemies":"Jaw Worm","floor":4.0,"turns":3.0},{"damage":0.0,"enemies":"Cultist","floor":7.0,"turns":2.0},{"damage":31.0,"enemies":"Gremlin Nob","floor":8.0,"turns":4.0},{"damage":30.0,"enemies":"Lagavulin","floor":10.0,"turns":7.0},{"damage":12.0,"enemies":"2 Fungi Beasts","floor":14.0,"turns":2.0},{"damage":67,"enemies":"Hexaghost","floor":16,"turns":11}],"seed_played":"-1075834908295978584","potions_obtained":[{"floor":4.0,"key":"FairyPotion"},{"floor":8.0,"key":"BlessingOfTheForge"},{"floor":14.0,"key":"Strength Potion"}],"is_trial":false,"path_per_floor":["M","?","T","M","?","R","M","E","T","E","$","?","R","M","R","B"],"character_chosen":"IRONCLAD","items_purchased":["Evolve"],"campfire_rested":1,"item_purchase_floors":[11],"current_hp_per_floor":[74,74,74,73,73,73,75,50,50,26,26,26,48,42,42,0,0],"gold":186,"neow_bonus":"RANDOM_COMMON_RELIC","is_daily":false,"chose_seed":false,"campfire_upgraded":2,"win_rate":0.0,"timestamp":1611860148,"path_taken":["M","?","?","?","?","R","M","E","T","E","$","?","R","M","R","BOSS"],"items_purchased_type":["Card"],"build_version":"2020-12-22","purchased_purges":0,"victory":false,"max_hp_per_floor":[75,75,75,75,75,75,75,75,75,75,75,75,75,75,75,75,75],"card_choices":[{"not_picked":["Cleave","Perfected Strike"],"picked":"Pommel Strike","floor":1.0},{"not_picked":["Bludgeon","Iron Wave"],"picked":"Wild Strike","floor":4.0},{"not_picked":["Sentinel","Combust"],"picked":"Heavy Blade","floor":7.0},{"not_picked":["Combust","Clash"],"picked":"Twin Strike","floor":8.0},{"not_picked":["Wild Strike","Sword Boomerang","Clash"],"picked":"True Grit","floor":10.0},{"not_picked":["Clothesline","Flex","Headbutt"],"picked":"Spot Weakness","floor":14.0}],"player_experience":233540,"relics_obtained":[{"floor":3.0,"key":"Blue Candle"},{"floor":8.0,"key":"Boot"},{"floor":9.0,"key":"Question Card"},{"floor":10.0,"key":"Mercury Hourglass"}],"event_choices":[{"damage_healed":0.0,"max_hp_gain":0.0,"max_hp_loss":0.0,"gold_gain":0.0,"event_name":"Living Wall","player_choice":"Grow","floor":2.0,"gold_loss":0.0,"damage_taken":0.0,"cards_upgraded":["Bash"]},{"damage_healed":0.0,"max_hp_gain":0.0,"max_hp_loss":0.0,"gold_gain":0.0,"event_name":"Golden Idol","player_choice":"Take Wound","floor":5.0,"gold_loss":0.0,"damage_taken":0.0,"relics_obtained":["Golden Idol"],"cards_obtained":["Injury"]},{"damage_healed":0.0,"max_hp_gain":0.0,"max_hp_loss":0.0,"gold_gain":50.0,"event_name":"Golden Shrine","player_choice":"Pray","floor":12.0,"gold_loss":0.0,"damage_taken":0.0}],"is_beta":false,"boss_relics":[],"items_purged_floors":[],"is_endless":false,"potions_floor_spawned":[4,8,10,14],"killed_by":"Hexaghost","ascension_level":16}}