{"host":"c7yluuzpqlymemjk","time":1611871355,"event":{"mods":["BaseMod","Colored Map","GifTheSpireLib","Minty Spire (QoL Compilation)","Relic Stats","StSLib","slay the spire mod where everything is the same but ironclad has a cowboy hat"],"gold_per_floor":[112,112,122,75,89,89,120,138,138,138,138,157,175,210,210,309,309,327,327,347,358,51,51,51],"floor_reached":23,"language":"ENG","playtime":1469,"items_purged":[],"score":223,"play_id":"59bfb53d-8ceb-4e81-a191-2ddcd2d0a451","local_time":"20210128140235","is_ascension_mode":true,"campfire_choices":[{"data":"Sucker Punch","floor":6,"key":"SMITH"},{"floor":10,"key":"REST"},{"floor":15,"key":"REST"}],"circlet_count":0,"master_deck":["Strike_G","Strike_G","Strike_G","Strike_G","Strike_G","Defend_G+1","Defend_G","Defend_G+1","Defend_G","Defend_G","Survivor","Neutralize+1","Sucker Punch+1","PiercingWail","Outmaneuver","Deflect","Prepared","Noxious Fumes","Phantasmal Killer","Finisher","Calculated Gamble","Malaise","CurseOfTheBell","Quick Slash","Cloak And Dagger","Well Laid Plans","Backflip","Flying Knee"],"relics":["Ring of the Snake","Lantern","War Paint","Gremlin Horn","Turnip","Calling Bell","Orichalcum","Ornamental Fan","Shovel","Ninja Scroll","ClockworkSouvenir"],"acts_visited":["Exordium","TheCity"],"potions_floor_usage":[16,18,21,23],"damage_taken":[{"damage":0,"enemies":"2 Louse","floor":1,"turns":3},{"damage":0,"enemies":"Jaw Worm","floor":3,"turns":3},{"damage":0,"enemies":"Cultist","floor":5,"turns":4},{"damage":51,"enemies":"3 Sentries","floor":7,"turns":19},{"damage":2,"enemies":"Red Slaver","floor":8,"turns":6},{"damage":0,"enemies":"Large Slime","floor":12,"turns":7},{"damage":6,"enemies":"2 Fungi Beasts","floor":13,"turns":4},{"damage":5,"enemies":"Gremlin Nob","floor":14,"turns":3},{"damage":22,"enemies":"Hexaghost","floor":16,"turns":13},{"damage":30,"enemies":"3 Byrds","floor":18,"turns":7},{"damage":4,"enemies":"Chosen","floor":20,"turns":7},{"damage":16,"enemies":"Centurion and Healer","floor":21,"turns":9},{"damage":0,"enemies":"Gremlin Leader","floor":23,"turns":1}],"seed_played":"-421166484727873303","potions_obtained":[{"floor":1,"key":"Dexterity Potion"},{"floor":3,"key":"LiquidMemories"},{"floor":5,"key":"EssenceOfSteel"},{"floor":16,"key":"FairyPotion"},{"floor":20,"key":"Explosive Potion"},{"floor":21,"key":"LiquidBronze"}],"is_trial":false,"path_per_floor":["M","?","M","$","M","R","E","M","T","R","?","M","M","E","R","B",null,"M","T","M","M","$","E"],"character_chosen":"THE_SILENT","items_purchased":["Outmaneuver","Well Laid Plans","Backflip","ClockworkSouvenir","Flying Knee"],"campfire_rested":2,"item_purchase_floors":[4,22,22,22,22],"current_hp_per_floor":[70,70,70,70,70,70,19,17,17,38,38,38,32,27,48,26,70,40,40,36,20,20,20,20],"gold":51,"neow_bonus":"RANDOM_COMMON_RELIC","is_daily":false,"chose_seed":false,"campfire_upgraded":1,"win_rate":0.0,"timestamp":1611871355,"path_taken":["M","?","M","$","M","R","E","M","T","R","?","?","M","E","R","BOSS","M","?","M","M","$","E"],"items_purchased_type":["Card","Card","Card","Relic","Card"],"build_version":"2020-12-22","purchased_purges":0,"victory":false,"max_hp_per_floor":[70,70,70,70,70,70,70,70,70,70,70,70,70,70,70,70,70,70,70,70,70,70,70,70],"relic_stats":{"Shovel":0,"Gremlin Horn":[5,5],"counters":[13,86],"Ornamental Fan":[36],"Turnip":[6],"War Paint":["Defend_G","Defend_G"],"Orichalcum":[36],"obtain_stats":[{"Calling Bell":17,"Lantern":0,"Shovel":17,"Gremlin Horn":9,"Ornamental Fan":17,"Ninja Scroll":19,"Turnip":14,"War Paint":7,"Orichalcum":17,"Ring of the Snake":0,"ClockworkSouvenir":22},{"Calling Bell":9,"Lantern":0,"Shovel":9,"Gremlin Horn":5,"Ornamental Fan":9,"Ninja Scroll":10,"Turnip":8,"War Paint":4,"Orichalcum":9,"Ring of the Snake":0,"ClockworkSouvenir":12},{"Calling Bell":62,"Lantern":0,"Shovel":62,"Gremlin Horn":35,"Ornamental Fan":62,"Ninja Scroll":69,"Turnip":49,"War Paint":29,"Orichalcum":62,"Ring of the Snake":0,"ClockworkSouvenir":85}],"Ring of the Snake":[26]},"card_choices":[{"not_picked":["Dash","Blade Dance"],"picked":"Sucker Punch","floor":1},{"not_picked":["Sucker Punch","Leg Sweep"],"picked":"PiercingWail","floor":3},{"not_picked":["Finisher","Distraction"],"picked":"Deflect","floor":5},{"not_picked":["Blade Dance","Eviscerate"],"picked":"Prepared","floor":7},{"not_picked":["Dagger Spray","Acrobatics"],"picked":"Noxious Fumes","floor":8},{"not_picked":["Escape Plan","Flying Knee"],"picked":"Phantasmal Killer","floor":12},{"not_picked":["Outmaneuver","Accuracy"],"picked":"Finisher","floor":13},{"not_picked":["All Out Attack","Poisoned Stab"],"picked":"Calculated Gamble","floor":14},{"not_picked":["Venomology","Tools of the Trade"],"picked":"Malaise","floor":16},{"not_picked":["Infinite Blades+1","Bane"],"picked":"Quick Slash","floor":18},{"not_picked":["Prepared","All Out Attack"],"picked":"Cloak And Dagger","floor":20},{"not_picked":["Prepared","Concentrate+1","Catalyst"],"picked":"SKIP","floor":21}],"player_experience":350315,"relics_obtained":[{"floor":7,"key":"War Paint"},{"floor":9,"key":"Gremlin Horn"},{"floor":14,"key":"Turnip"},{"floor":17,"key":"Orichalcum"},{"floor":17,"key":"Ornamental Fan"},{"floor":17,"key":"Shovel"},{"floor":19,"key":"Ninja Scroll"}],"event_choices":[{"damage_healed":0,"gold_gain":0,"player_choice":"Leave","damage_taken":0,"max_hp_gain":0,"max_hp_loss":0,"event_name":"The Cleric","floor":2,"gold_loss":0},{"damage_healed":0,"gold_gain":0,"player_choice":"Upgraded","damage_taken":0,"max_hp_gain":0,"max_hp_loss":0,"event_name":"Upgrade Shrine","floor":11,"gold_loss":0,"cards_upgraded":["Neutralize"]}],"is_beta":false,"boss_relics":[{"not_picked":["Sozu","SacredBark"],"picked":"Calling Bell"}],"items_purged_floors":[],"is_endless":false,"potions_floor_spawned":[1,3,5,8,16,20,21],"killed_by":"Gremlin Leader","ascension_level":2}}