{"host":"1t0llcfp0lo7rmr4","time":1611846478,"event":{"mods":["AchievementEnabler","Aspiration","BaseMod","Beaked The Cultist","Better Note","Block Reminder","Colored Powertips","GifTheSpireLib","Hermit","Hubris","Jorbs\u0027s Wanderer Trilogy","Minty Spire (QoL Compilation)","Permanent Neow","Potionbrewer","Quick Restart","Relic Filter","Replay The Spire","StSLib","SuperFastMode","The Bladedancer","The Bug Knight","The Cursed","The Death Knight","The Druid","The Elementalist","The Exalted","The Forsaken","The Judge","The Poker Player","The Runesmith"],"gold_per_floor":[118,118,128,141,141,171,182,200,200,125,125,125,160,15,15,158,158,216,116,56,115,115,115,175,195,195],"floor_reached":25,"language":"ENG","playtime":1025,"items_purged":["blademaster:Strike","hubris:Envy"],"score":296,"play_id":"8d5c4549-7157-4a24-a67a-82729c970022","local_time":"20210129020758","is_ascension_mode":true,"campfire_choices":[{"floor":11,"key":"REST"},{"floor":15,"key":"RECALL"},{"floor":23,"key":"REST"}],"circlet_count":0,"master_deck":["blademaster:Strike","blademaster:Strike","blademaster:Strike","blademaster:Defend","blademaster:Defend","blademaster:Defend","blademaster:Defend","blademaster:RagingBlow","blademaster:HighVoltage","blademaster:ThreePointStrike","blademaster:Breeze","blademaster:Cut","blademaster:Gust","blademaster:Hailwind","blademaster:IcyWind","blademaster:RollingTyphoon","blademaster:StanceMastery","stsjorbsmod:PollutedStrike","Doubt","blademaster:AirSlash+1","blademaster:Discharge","blademaster:ParryingStrike"],"relics":["blademaster:DancersAmulet","Singing Bowl","Strawberry","Replay:Bandana","Replay:Ancient Bell","Replay:Wax Seal","Runesmith:Nanobots","Bromod:ArcanePistoleer","Ring of Panic","Ring of Fangs"],"acts_visited":["Exordium","TheCity"],"potions_floor_usage":[13,16,21,21,21,25],"damage_taken":[{"damage":14,"enemies":"Jaw Worm","floor":1,"turns":6},{"damage":4,"enemies":"2 Louse","floor":3,"turns":2},{"damage":0,"enemies":"Small Slimes","floor":4,"turns":4},{"damage":29,"enemies":"HollowMod:MossKnight","floor":6,"turns":7},{"damage":2,"enemies":"3 Louse","floor":7,"turns":3},{"damage":1,"enemies":"Blue Slaver","floor":8,"turns":4},{"damage":0,"enemies":"3 Sentries","floor":13,"turns":4},{"damage":37,"enemies":"Hexaghost","floor":16,"turns":8},{"damage":15,"enemies":"Chosen","floor":18,"turns":5},{"damage":19,"enemies":"2 Thieves","floor":21,"turns":4},{"damage":35,"enemies":"Snake Plant","floor":24,"turns":6},{"damage":55,"enemies":"Slavers","floor":25,"turns":3}],"seed_played":"-2260356147866596254","potions_obtained":[{"floor":3,"key":"potionbrewer:BarricadePotion"},{"floor":4,"key":"potionbrewer:SplittingPotion"},{"floor":8,"key":"Energy Potion"},{"floor":13,"key":"potionbrewer:ToxicPotion"},{"floor":21,"key":"potionbrewer:BoundlessPotion"},{"floor":24,"key":"LiquidBronze"}],"is_trial":false,"path_per_floor":["M","?","M","M","?","E","M","M","T","$","R","?","E","$","R","B",null,"M","$","?","M","?","R","M","E"],"character_chosen":"THE_BLADEMASTER","items_purchased":["Replay:Bandana"],"campfire_rested":2,"item_purchase_floors":[14],"current_hp_per_floor":[61,61,57,57,75,48,46,45,45,45,68,68,75,75,75,38,90,75,75,75,56,56,83,48,0,0],"gold":195,"neow_bonus":"THREE_RARE_CARDS","is_daily":false,"chose_seed":false,"campfire_upgraded":0,"win_rate":0.0,"timestamp":1611846478,"path_taken":["M","?","M","M","?","E","M","?","T","$","R","?","E","$","R","BOSS","M","$","?","M","?","R","M","E"],"items_purchased_type":["Relic"],"build_version":"2020-12-22","purchased_purges":2,"victory":false,"max_hp_per_floor":[75,75,75,75,75,77,77,77,77,77,77,77,84,84,84,84,90,90,90,90,90,90,90,90,90,90],"card_choices":[{"not_picked":["blademaster:FuryOfTheElements","blademaster:BladeDance"],"picked":"blademaster:ThreePointStrike","floor":0},{"not_picked":["blademaster:DaggerAndCloak","blademaster:Frontflip"],"picked":"blademaster:Breeze","floor":1},{"not_picked":["blademaster:SlyStabs","blademaster:LeechingStrike"],"picked":"blademaster:Cut","floor":3},{"not_picked":["blademaster:WindSlash","blademaster:BloodyBlow"],"picked":"blademaster:Gust","floor":4},{"not_picked":["blademaster:FuriousStrike","blademaster:Flash","blademaster:TraverseCut"],"picked":"Singing Bowl","floor":6},{"not_picked":["blademaster:Cut","blademaster:Flurry"],"picked":"blademaster:Hailwind","floor":7},{"not_picked":["blademaster:Vortex","blademaster:AwakeningStrike"],"picked":"blademaster:IcyWind","floor":8},{"not_picked":["blademaster:BrainBloom","blademaster:ThunderingOpener"],"picked":"blademaster:RollingTyphoon","floor":13},{"not_picked":["blademaster:RollingTyphoon","blademaster:ColdBlood"],"picked":"blademaster:StanceMastery","floor":16},{"not_picked":["stsjorbsmod:PollutedStrike","Overencumbered","Amnesia"],"picked":"Singing Bowl","floor":17},{"not_picked":["stsjorbsmod:Amnesia","Decay","Doubt"],"picked":"Singing Bowl","floor":17},{"not_picked":["ReplayTheSpireMod:Compounding Headache","hubris:Envy","hubris:Disease"],"picked":"Singing Bowl","floor":17},{"not_picked":["blademaster:Stability","blademaster:Thrust"],"picked":"blademaster:AirSlash+1","floor":18},{"not_picked":["blademaster:DeadlyDance","blademaster:SlyStabs"],"picked":"blademaster:Discharge","floor":21},{"not_picked":["blademaster:ThreePointStrike","blademaster:Slice+1"],"picked":"blademaster:ParryingStrike","floor":24}],"player_experience":866734,"relics_obtained":[{"floor":6,"key":"Singing Bowl"},{"floor":6,"key":"blademaster:ComboEveryTurnPerk"},{"floor":13,"key":"Strawberry"},{"floor":13,"key":"blademaster:OnAttackedChargePerk"},{"floor":22,"key":"Ring of Panic"},{"floor":22,"key":"Ring of Fangs"}],"event_choices":[{"cards_removed":["Pain"],"damage_healed":0,"gold_gain":0,"player_choice":"Forget","damage_taken":0,"max_hp_gain":0,"max_hp_loss":0,"event_name":"Living Wall","floor":2,"gold_loss":0},{"damage_healed":25,"gold_gain":0,"player_choice":"Banana","damage_taken":0,"max_hp_gain":0,"max_hp_loss":0,"event_name":"Big Fish","floor":5,"gold_loss":0}],"is_beta":false,"boss_relics":[{"not_picked":["aspiration:FutureDiary","Coffee Dripper"],"picked":"Replay:Ancient Bell"},{"not_picked":["aspiration:ChemicalBlood","hubris:SlimyHat"],"picked":"Replay:Wax Seal"},{"not_picked":["aspiration:FrozenJewel","Replay:Accelerometer"],"picked":"Runesmith:Nanobots"},{"not_picked":["Du-Vu Doll","StoneCalendar"],"picked":"Bromod:ArcanePistoleer"}],"items_purged_floors":[10,19],"is_endless":false,"potions_floor_spawned":[3,4,8,13,21,24],"killed_by":"Slavers","ascension_level":3}}