{"host":"ojezjkpqju62j8xy","time":1611840557,"event":{"mods":["ATMod(°¢èªMod)","Act Like it!","Aspiration","BaseMod","Conspire","Minty Spire (QoL Compilation)","Pale of the Ancients","Replay The Spire","Spicy Shops","StSLib","[GremlinLeader]The Maniac","¡¾ÒÅÎï¿¨ÅÆ¡¿REMEMod"],"gold_per_floor":[111,32,57,57,57,82,97,97,97],"floor_reached":8,"language":"ZHS","playtime":270,"items_purged":[],"score":86,"play_id":"e1c26639-a955-472b-8b1c-4aad46e31426","local_time":"20210128212917","is_ascension_mode":true,"campfire_choices":[],"circlet_count":0,"master_deck":["AscendersBane","Strike_B","Strike_B","Strike_B","Defend_B","Defend_B","Defend_B","Defend_B","Zap","Dualcast","AT_OneInchPunch","Eclipse","Time Bomb","Steam","ReplayTheSpireMod:Calculation Training","Aggregate","Regret","Decay","Beam Cell","Ball Lightning"],"relics":["Cracked Core","AT_ATBox","REME_ComplimentaryCards","Art of War","ReplayTheSpireMod:TigerMarble","aspiration:MysteriousAuxiliaryCore"],"acts_visited":["Exordium"],"potions_floor_usage":[8],"damage_taken":[{"damage":0.0,"enemies":"Cultist","floor":1.0,"turns":3.0},{"damage":19.0,"enemies":"conspire:MimicChest","floor":3.0,"turns":4.0},{"damage":34,"enemies":"3 Sentries","floor":6,"turns":7},{"damage":2,"enemies":"Jaw Worm","floor":7,"turns":2},{"damage":23,"enemies":"Lagavulin","floor":8,"turns":3}],"seed_played":"-9050764523175726043","potions_obtained":[{"floor":3.0,"key":"Swift Potion"}],"is_trial":false,"path_per_floor":["M","$","?","?","?","E","M","E"],"character_chosen":"DEFECT","items_purchased":["ReplayTheSpireMod:Calculation Training"],"campfire_rested":0,"item_purchase_floors":[2],"current_hp_per_floor":[68,68,49,49,49,15,13,0,0],"gold":97,"neow_bonus":"TRANSFORM_CARD","is_daily":false,"chose_seed":false,"campfire_upgraded":0,"win_rate":0.0,"timestamp":1611840557,"path_taken":["M","$","?","?","?","E","?","E"],"items_purchased_type":["Card"],"build_version":"2020-12-22","purchased_purges":0,"victory":false,"max_hp_per_floor":[75,75,75,75,75,75,75,75,75],"card_choices":[{"not_picked":["Gash","Stack"],"picked":"Steam","floor":1.0},{"not_picked":["Streamline","Steam"],"picked":"Aggregate","floor":3.0},{"not_picked":["Steam","ReplayTheSpireMod:GoodbyeWorld"],"picked":"Beam Cell","floor":6},{"not_picked":["ReplayTheSpireMod:Repulse","Compile Driver"],"picked":"Ball Lightning","floor":7}],"player_experience":1415442,"relics_obtained":[{"floor":3.0,"key":"Art of War"},{"floor":6,"key":"aspiration:MysteriousAuxiliaryCore"}],"event_choices":[{"damage_healed":0.0,"max_hp_gain":0.0,"max_hp_loss":0.0,"gold_gain":0.0,"event_name":"Big Fish","player_choice":"Box","floor":4.0,"gold_loss":0.0,"damage_taken":0.0,"relics_obtained":["ReplayTheSpireMod:TigerMarble"],"cards_obtained":["Regret"]},{"damage_healed":0.0,"max_hp_gain":0.0,"max_hp_loss":0.0,"gold_gain":0.0,"event_name":"Wheel of Change","player_choice":"Cursed","floor":5.0,"gold_loss":0.0,"damage_taken":0.0,"cards_obtained":["Decay"]}],"is_beta":false,"boss_relics":[],"items_purged_floors":[],"is_endless":false,"potions_floor_spawned":[3],"killed_by":"Lagavulin","ascension_level":12}}