{"host":"9slw7l0ws16384qq","time":1611849940,"event":{"mods":["A Penny For Your Troubles","BaseMod","Clockwork Mod","Colored Map","Evolution","Fiend Mod","Hermit","Hubris","Minty Spire (QoL Compilation)","Railgun Mod","Replay The Spire","Shedinja","StS++","StSLib","The Marked"],"gold_per_floor":[110,128,128,144,162,175,190,190,190,210,135,135,159,194,194,295,295,312,212,562,477,477,477],"floor_reached":22,"language":"FRA","playtime":966,"items_purged":["hermit:Defend_Hermit","hermit:Strike_Hermit"],"score":279,"play_id":"3618b6bc-6d74-49b5-8614-1543db2b3d33","local_time":"20210128170540","is_ascension_mode":true,"campfire_choices":[{"data":"hermit:GhostlyPresence","floor":8.0,"key":"SMITH"},{"data":"hermit:GhostlyPresence","floor":12.0,"key":"SMITH"},{"data":"hermit:Defend_Hermit","floor":15,"key":"PURGE"}],"circlet_count":0,"master_deck":["AscendersBane","hermit:Strike_Hermit","hermit:Strike_Hermit","hermit:Strike_Hermit","hermit:Defend_Hermit","hermit:Defend_Hermit","hermit:Snapshot","hermit:Covet","hermit:GhostlyPresence+1","hermit:GhostlyPresence+1","hermit:Roughhouse","CommonCold","ReplayTheSpireMod:Splinters","ReplayTheSpireMod:Doomed"],"relics":["hermit:Momento","EVO:Axolotl","Tiny Chest","hubris:MedicalManual","Centennial Puzzle","hubris:DisguiseKit","Velvet Choker","Ring of Greed","Old Coin","The Courier","ReplayTheSpireMod:Ring of Addiction","SacredBark","Chameleon Ring","Smiling Mask"],"acts_visited":["Exordium","TheCity"],"potions_floor_usage":[16],"damage_taken":[{"damage":7.0,"enemies":"Jaw Worm","floor":1.0,"turns":3.0},{"damage":0.0,"enemies":"Cultist","floor":2.0,"turns":4.0},{"damage":0.0,"enemies":"Small Slimes","floor":4.0,"turns":4.0},{"damage":12.0,"enemies":"3 Louse","floor":5.0,"turns":6.0},{"damage":0.0,"enemies":"Looter","floor":6.0,"turns":4.0},{"damage":0.0,"enemies":"2 Fungi Beasts","floor":7.0,"turns":6.0},{"damage":1.0,"enemies":"Exordium Wildlife","floor":10.0,"turns":4.0},{"damage":14,"enemies":"Replay:BlueRogue","floor":14,"turns":11},{"damage":22,"enemies":"The Guardian","floor":16,"turns":18},{"damage":2,"enemies":"Chosen","floor":18,"turns":9},{"damage":2,"enemies":"Spheric Guardian","floor":22,"turns":1}],"seed_played":"-1661974810674045747","potions_obtained":[{"floor":1.0,"key":"BlessingOfTheForge"},{"floor":5.0,"key":"hermit:Tonic"},{"floor":7.0,"key":"hermit:Tonic"},{"floor":10.0,"key":"Block Potion"},{"floor":16,"key":"StSpp:InhibitionPotion"},{"floor":20,"key":"Death Potion"}],"is_trial":false,"path_per_floor":["M","M","?","M","M","M","M","R","T","M","$","R","T","E","R_BF","B",null,"M","$","?","?","M"],"character_chosen":"HERMIT","items_purchased":[],"campfire_rested":0,"item_purchase_floors":[],"current_hp_per_floor":[61,61,61,61,49,49,49,49,49,48,48,48,48,34,34,12,59,57,57,57,57,55,55],"gold":477,"neow_bonus":"RANDOM_COMMON_RELIC","is_daily":false,"chose_seed":false,"campfire_upgraded":2,"win_rate":0.0,"timestamp":1611849940,"path_taken":["M","M","?","M","M","?","M","R","T","?","$","R","?","E","R_BF","BOSS","M","$","?","?","M"],"items_purchased_type":[],"build_version":"2020-12-22","purchased_purges":2,"victory":false,"max_hp_per_floor":[75,75,75,75,75,75,75,75,75,75,75,75,75,75,75,75,75,75,75,75,75,75,75],"card_choices":[{"not_picked":["hermit:Vantage","hermit:FullyLoaded"],"picked":"hermit:GhostlyPresence","floor":1.0},{"not_picked":["hermit:HoleUp","hermit:WideOpen"],"picked":"hermit:GhostlyPresence","floor":2.0},{"not_picked":["hermit:Virtue","hermit:Desperado","hermit:Feint"],"picked":"SKIP","floor":4.0},{"not_picked":["hermit:HighCaliber","hermit:Shortfuse","hermit:Dive"],"picked":"SKIP","floor":5.0},{"not_picked":["hermit:Combo","hermit:LowProfile","hermit:SprayPray"],"picked":"SKIP","floor":6.0},{"not_picked":["hermit:LoneWolf","hermit:WideOpen","hermit:DeadOrAlive"],"picked":"SKIP","floor":7.0},{"not_picked":["hermit:Enervate","hermit:TrackingShot","hermit:Vantage"],"picked":"SKIP","floor":10.0},{"not_picked":["hermit:Midnight","hermit:Determination","hermit:Gambit"],"picked":"SKIP","floor":14},{"not_picked":["hermit:DeadOrAlive","hermit:Dissolve","Clockwork:TimeWalk"],"picked":"hermit:Roughhouse","floor":16},{"not_picked":["hermit:Showdown+1","hermit:BodyArmor","hermit:WideOpen","Clockwork:Pluck"],"picked":"SKIP","floor":18}],"player_experience":2073170,"relics_obtained":[{"floor":9.0,"key":"hubris:MedicalManual"},{"floor":13.0,"key":"Centennial Puzzle"},{"floor":14,"key":"hubris:DisguiseKit"},{"floor":20,"key":"Ring of Greed"},{"floor":20,"key":"Old Coin"},{"floor":20,"key":"The Courier"},{"floor":20,"key":"ReplayTheSpireMod:Ring of Addiction"},{"floor":20,"key":"SacredBark"},{"floor":20,"key":"Chameleon Ring"}],"event_choices":[{"damage_healed":0.0,"max_hp_gain":0.0,"max_hp_loss":0.0,"gold_gain":0.0,"event_name":"The Woman in Blue","player_choice":"Bought 0 Potions","floor":3.0,"gold_loss":0.0,"damage_taken":0.0},{"damage_healed":0,"gold_gain":0,"player_choice":"Obtained Relic","damage_taken":0,"relics_obtained":["Smiling Mask"],"max_hp_gain":0,"max_hp_loss":0,"event_name":"Addict","floor":21,"gold_loss":85}],"is_beta":false,"boss_relics":[{"not_picked":["ChewingGum","Ring of Chaos"],"picked":"Velvet Choker"}],"items_purged_floors":[11,19],"is_endless":false,"potions_floor_spawned":[1,5,7,10,16,18],"killed_by":"Spheric Guardian","ascension_level":10}}