{"host":"kg61lsvem4dxoat8","time":1611853673,"event":{"mods":["AchievementEnabler","BaseMod","Better Altar","Better Match","Better Sensory Stone","Highlight Path","Minty Spire (QoL Compilation)","Quick Restart","Relic Sorter","Relic Stats","StSLib","Synergy Search","slay the spire mod where everything is the same but ironclad has a cowboy hat"],"gold_per_floor":[114,114,130,130,143,171,171,171,225,225,241,257,267,278,278,351,351,365,384,384,384,395,395,414,425,504,44,44,44,44,44,44,120,120,139,139,64,80,94,94,94,94,119,119,119,65,92,110,110,110,110],"floor_reached":50,"language":"ENG","playtime":1575,"items_purged":["Strike_G"],"score":944,"play_id":"5c1e253e-44b6-413a-a5ea-2294c6072cfc","local_time":"20210129010753","is_ascension_mode":true,"campfire_choices":[{"data":"Blade Dance","floor":7,"key":"SMITH"},{"data":"Survivor","floor":10,"key":"SMITH"},{"floor":15,"key":"REST"},{"floor":23,"key":"REST"},{"data":"After Image","floor":28,"key":"SMITH"},{"floor":30,"key":"REST"},{"data":"Neutralize","floor":32,"key":"SMITH"},{"floor":40,"key":"REST"},{"data":"Defend_G","floor":42,"key":"SMITH"},{"data":"Defend_G","floor":45,"key":"SMITH"},{"floor":49,"key":"REST"}],"circlet_count":0,"master_deck":["AscendersBane","Strike_G","Strike_G","Strike_G","Defend_G+1","Defend_G","Defend_G+1","Defend_G","Defend_G","Survivor+1","Neutralize+1","Blade Dance+1","Blade Dance+1","Blade Dance+1","After Image+1","Cloak And Dagger+1","Storm of Steel+1","Cloak And Dagger+1"],"relics":["Ring of the Snake","NeowsBlessing","Centennial Puzzle","Art of War","Busted Crown","Bloody Idol","Toxic Egg 2","Letter Opener","ClockworkSouvenir","MutagenicStrength","Runic Dome","Vajra","HornCleat"],"acts_visited":["Exordium","TheCity","TheBeyond"],"potions_floor_usage":[6,11,16,22,24,24,33,50,50],"damage_taken":[{"damage":0,"enemies":"Jaw Worm","floor":1,"turns":1},{"damage":0,"enemies":"Cultist","floor":3,"turns":1},{"damage":0,"enemies":"2 Louse","floor":5,"turns":1},{"damage":12,"enemies":"3 Sentries","floor":6,"turns":7},{"damage":13,"enemies":"Exordium Thugs","floor":11,"turns":5},{"damage":5,"enemies":"3 Louse","floor":12,"turns":3},{"damage":0,"enemies":"Gremlin Gang","floor":13,"turns":5},{"damage":8,"enemies":"Blue Slaver","floor":14,"turns":3},{"damage":22,"enemies":"The Guardian","floor":16,"turns":17},{"damage":0,"enemies":"Shell Parasite","floor":18,"turns":5},{"damage":0,"enemies":"3 Byrds","floor":19,"turns":6},{"damage":5,"enemies":"Snake Plant","floor":22,"turns":9},{"damage":5,"enemies":"Snecko","floor":24,"turns":6},{"damage":7,"enemies":"Shelled Parasite and Fungi","floor":25,"turns":5},{"damage":49,"enemies":"Automaton","floor":33,"turns":9},{"damage":2,"enemies":"3 Darklings","floor":35,"turns":5},{"damage":0,"enemies":"Orb Walker","floor":38,"turns":2},{"damage":21,"enemies":"4 Shapes","floor":39,"turns":4},{"damage":12,"enemies":"Giant Head","floor":47,"turns":6},{"damage":32,"enemies":"Transient","floor":48,"turns":6},{"damage":83,"enemies":"Awakened One","floor":50,"turns":9}],"seed_played":"-6074103701917605275","potions_obtained":[{"floor":3,"key":"CultistPotion"},{"floor":6,"key":"SpeedPotion"},{"floor":11,"key":"PowerPotion"},{"floor":16,"key":"PowerPotion"},{"floor":18,"key":"LiquidMemories"},{"floor":22,"key":"EssenceOfSteel"},{"floor":25,"key":"SkillPotion"},{"floor":36,"key":"Energy Potion"},{"floor":36,"key":"Regen Potion"},{"floor":48,"key":"AttackPotion"}],"is_trial":false,"path_per_floor":["M","?","M","?","M","E","R","?","T","R","M","M","M","M","R","B",null,"M","M","?","?","M","R","M","M","T","$","R","?","R","?","R","B",null,"M","?","$","M","M","R","?","R","T","?","R","$","E","M","R","B"],"character_chosen":"THE_SILENT","items_purchased":["Letter Opener","Cloak And Dagger+1","ClockworkSouvenir","Cloak And Dagger+1"],"campfire_rested":5,"item_purchase_floors":[27,27,27,46],"current_hp_per_floor":[59,59,59,59,59,47,47,47,47,47,34,29,29,21,40,18,54,54,54,18,12,12,31,31,29,34,34,34,34,53,53,53,9,52,55,55,55,60,44,63,63,63,66,63,63,63,56,29,47,0,0],"gold":110,"neow_bonus":"THREE_ENEMY_KILL","is_daily":false,"chose_seed":false,"campfire_upgraded":6,"win_rate":0.0,"timestamp":1611853673,"path_taken":["M","?","?","?","M","E","R","?","T","R","?","M","M","M","R","BOSS","M","M","?","?","M","R","?","M","T","$","R","?","R","?","R","BOSS","M","?","?","M","M","R","?","R","T","?","R","$","E","M","R","BOSS"],"items_purchased_type":["Relic","Card","Relic","Card"],"build_version":"2020-12-22","purchased_purges":1,"victory":false,"max_hp_per_floor":[66,66,66,66,66,66,66,66,66,66,66,66,66,66,66,66,66,66,66,66,66,66,66,66,66,66,66,66,66,66,66,66,66,66,66,66,66,66,66,66,66,66,66,63,63,63,63,63,63,63,63],"relic_stats":{"Centennial Puzzle":[39],"Busted Crown":22,"counters":[21,115],"Bloody Idol":53,"Art of War":[8],"Letter Opener":[176],"obtain_stats":[{"NeowsBlessing":0,"Vajra":43,"Letter Opener":27,"ClockworkSouvenir":27,"Runic Dome":34,"Centennial Puzzle":6,"Busted Crown":17,"HornCleat":47,"Bloody Idol":20,"MutagenicStrength":29,"Art of War":9,"Toxic Egg 2":26,"Ring of the Snake":0},{"NeowsBlessing":0,"Vajra":18,"Letter Opener":14,"ClockworkSouvenir":14,"Runic Dome":15,"Centennial Puzzle":4,"Busted Crown":9,"HornCleat":19,"Bloody Idol":11,"MutagenicStrength":14,"Art of War":4,"Toxic Egg 2":14,"Ring of the Snake":0},{"NeowsBlessing":0,"Vajra":94,"Letter Opener":74,"ClockworkSouvenir":74,"Runic Dome":83,"Centennial Puzzle":10,"Busted Crown":43,"HornCleat":100,"Bloody Idol":54,"MutagenicStrength":74,"Art of War":10,"Toxic Egg 2":74,"Ring of the Snake":0}],"Ring of the Snake":[42]},"card_choices":[{"not_picked":["Deflect","Outmaneuver"],"picked":"Blade Dance","floor":1},{"not_picked":["Outmaneuver","All Out Attack"],"picked":"Blade Dance","floor":3},{"not_picked":["All Out Attack","Bane","Blur"],"picked":"SKIP","floor":5},{"not_picked":["Bane","Escape Plan"],"picked":"Blade Dance","floor":6},{"not_picked":["Backflip","Outmaneuver","PiercingWail"],"picked":"SKIP","floor":11},{"not_picked":["Deflect","Doppelganger","Dagger Throw"],"picked":"SKIP","floor":12},{"not_picked":["Deadly Poison","Outmaneuver","Dash"],"picked":"SKIP","floor":13},{"not_picked":["Slice","Catalyst","Outmaneuver"],"picked":"SKIP","floor":14},{"not_picked":["Grand Finale","Adrenaline"],"picked":"After Image","floor":16},{"not_picked":["Dagger Spray"],"picked":"SKIP","floor":18},{"not_picked":["Masterful Stab"],"picked":"SKIP","floor":19},{"not_picked":["Tactician"],"picked":"SKIP","floor":22},{"not_picked":["Slice"],"picked":"SKIP","floor":24},{"not_picked":["Expertise"],"picked":"SKIP","floor":25},{"not_picked":[],"picked":"Storm of Steel+1","floor":33},{"not_picked":["Dodge and Roll+1"],"picked":"SKIP","floor":35},{"not_picked":["Dodge and Roll+1"],"picked":"SKIP","floor":38},{"not_picked":["Deflect+1"],"picked":"SKIP","floor":39},{"not_picked":["Expertise+1"],"picked":"SKIP","floor":47},{"not_picked":["Sucker Punch"],"picked":"SKIP","floor":48}],"player_experience":1415648,"relics_obtained":[{"floor":6,"key":"Centennial Puzzle"},{"floor":9,"key":"Art of War"},{"floor":26,"key":"Toxic Egg 2"},{"floor":43,"key":"Vajra"},{"floor":47,"key":"HornCleat"}],"event_choices":[{"damage_healed":0,"gold_gain":0,"player_choice":"Upgraded","damage_taken":0,"max_hp_gain":0,"max_hp_loss":0,"event_name":"Upgrade Shrine","floor":2,"gold_loss":0,"cards_upgraded":["Blade Dance"]},{"damage_healed":0,"gold_gain":0,"player_choice":"Grow","damage_taken":0,"max_hp_gain":0,"max_hp_loss":0,"event_name":"Living Wall","floor":4,"gold_loss":0,"cards_upgraded":["Blade Dance"]},{"cards_removed":["Strike_G"],"damage_healed":0,"gold_gain":0,"player_choice":"Purged","damage_taken":0,"max_hp_gain":0,"max_hp_loss":0,"event_name":"Purifier","floor":8,"gold_loss":0},{"damage_healed":0,"gold_gain":0,"player_choice":" Idol ","damage_taken":36,"relics_obtained":["Bloody Idol"],"max_hp_gain":54,"max_hp_loss":18,"event_name":"betterAltar:BetterAltar","floor":20,"potions_obtained":[],"relics_lost":[],"gold_loss":0},{"damage_healed":0,"gold_gain":0,"player_choice":"","damage_taken":6,"max_hp_gain":0,"max_hp_loss":0,"event_name":"Knowing Skull","floor":21,"potions_obtained":[],"gold_loss":0,"cards_obtained":[]},{"damage_healed":0,"gold_gain":0,"player_choice":"Inject Mutagens","damage_taken":0,"relics_obtained":["MutagenicStrength"],"max_hp_gain":0,"max_hp_loss":0,"event_name":"Drug Dealer","floor":29,"gold_loss":0},{"damage_healed":0,"gold_gain":0,"player_choice":"Ignored","damage_taken":0,"max_hp_gain":0,"max_hp_loss":0,"event_name":"Ghosts","floor":31,"gold_loss":0},{"damage_healed":0,"gold_gain":0,"player_choice":"Got Potions","damage_taken":0,"max_hp_gain":0,"max_hp_loss":0,"event_name":"Lab","floor":36,"gold_loss":0},{"damage_healed":0,"gold_gain":0,"player_choice":"Ignored","damage_taken":0,"max_hp_gain":0,"max_hp_loss":0,"event_name":"Tomb of Lord Red Mask","floor":41,"gold_loss":0},{"damage_healed":0,"gold_gain":0,"player_choice":"Max HP","damage_taken":0,"max_hp_gain":0,"max_hp_loss":3,"event_name":"Winding Halls","floor":44,"gold_loss":0}],"is_beta":false,"boss_relics":[{"not_picked":["Ring of the Serpent","Velvet Choker"],"picked":"Busted Crown"},{"not_picked":["Tiny House","Fusion Hammer"],"picked":"Runic Dome"}],"items_purged_floors":[37],"is_endless":false,"potions_floor_spawned":[3,6,11,16,18,22,25,38,47,48],"killed_by":"Awakened One","ascension_level":20}}