{"host":"1hzg86ju9fvxh562","time":1611877154,"event":{"mods":["AchievementEnabler","Act Like it!","AlwaysNeverKeys","BaseMod","Bestiary","Better Altar","Better Match","Better Note","Better Sensory Stone","Better Skull","Better Third Choice","Colored Map","Colored Powertips","Curses Come First","Displayed Cursed Tome","Filter the Spire","Highlight Path","Keyboard Shortcuts","Minty Spire (QoL Compilation)","Rare Cards Sparkle","Relic Sorter","Relic Stats","ShortenTheSpire","Spicy Shops","StSLib","everything is the same but u backflip on backflip","slay the spire mod where everything is the same but ironclad has a cowboy hat"],"gold_per_floor":[114,114,114,138,138,171,171,209,233,246,269,292,311,332,332,332,332],"floor_reached":16,"language":"ENG","playtime":991,"items_purged":[],"score":200,"play_id":"a70641f7-3ae9-4c82-b80c-31ca0a86c2bd","local_time":"20210128213914","is_ascension_mode":true,"campfire_choices":[{"floor":7.0,"key":"REST"},{"floor":15,"key":"REST"}],"circlet_count":0,"master_deck":["AscendersBane","Strike_B+1","Strike_B+1","Strike_B","Strike_B","Defend_B","Defend_B","Defend_B","Defend_B","Zap","Dualcast","Rebound","Steam Power","Melter","Auto Shields","BootSequence","Chill","Sweeping Beam","Hyperbeam"],"relics":["Nuclear Battery","Golden Idol","Juzu Bracelet","Lizard Tail","Blood Vial"],"acts_visited":["Exordium"],"potions_floor_usage":[8,16],"damage_taken":[{"damage":2.0,"enemies":"2 Louse","floor":1.0,"turns":3.0},{"damage":0.0,"enemies":"Small Slimes","floor":4.0,"turns":3.0},{"damage":30.0,"enemies":"Gremlin Nob","floor":6.0,"turns":4.0},{"damage":22,"enemies":"Lagavulin","floor":8,"turns":6},{"damage":1,"enemies":"Jaw Worm","floor":10,"turns":3},{"damage":0,"enemies":"3 Louse","floor":11,"turns":3},{"damage":3,"enemies":"Exordium Wildlife","floor":12,"turns":4},{"damage":0,"enemies":"Red Slaver","floor":13,"turns":3},{"damage":0,"enemies":"2 Fungi Beasts","floor":14,"turns":1},{"damage":92,"enemies":"The Guardian","floor":16,"turns":15}],"seed_played":"-7684407230083583540","potions_obtained":[{"floor":1.0,"key":"Explosive Potion"},{"floor":4.0,"key":"FairyPotion"},{"floor":11,"key":"Ancient Potion"},{"floor":12,"key":"DistilledChaos"}],"is_trial":false,"path_per_floor":["M","?","?","M","?","E","R","E","T","M","M","M","M","M","R","B"],"character_chosen":"DEFECT","items_purchased":[],"campfire_rested":2,"item_purchase_floors":[],"current_hp_per_floor":[62,62,43,43,43,13,32,10,10,11,13,12,14,16,35,0,0],"gold":332,"neow_bonus":"BOSS_RELIC","is_daily":false,"chose_seed":false,"campfire_upgraded":0,"win_rate":0.0,"timestamp":1611877154,"path_taken":["M","?","?","M","?","E","R","E","T","M","M","M","M","M","R","BOSS"],"items_purchased_type":[],"build_version":"2020-12-22","purchased_purges":0,"victory":false,"max_hp_per_floor":[71,64,64,64,64,64,64,64,64,64,64,64,64,64,64,64,64],"relic_stats":{"Blood Vial":12,"Lizard Tail":32,"counters":[10,45],"Golden Idol":41,"Juzu Bracelet":0,"obtain_stats":[{"Blood Vial":9,"Lizard Tail":8,"Golden Idol":2,"Juzu Bracelet":6,"Cracked Core":0,"Nuclear Battery":0},{"Blood Vial":4,"Lizard Tail":4,"Golden Idol":1,"Juzu Bracelet":3,"Cracked Core":0,"Nuclear Battery":0},{"Blood Vial":16,"Lizard Tail":16,"Golden Idol":3,"Juzu Bracelet":10,"Cracked Core":0,"Nuclear Battery":0}]},"card_choices":[{"not_picked":["Skim","Heatsinks"],"picked":"Rebound","floor":1.0},{"not_picked":["Go for the Eyes","Barrage"],"picked":"Steam Power","floor":4.0},{"not_picked":["Leap","Steam"],"picked":"Melter","floor":6.0},{"not_picked":["Heatsinks","Hello World"],"picked":"Auto Shields","floor":8},{"not_picked":["Beam Cell","Go for the Eyes"],"picked":"BootSequence","floor":10},{"not_picked":["Aggregate","Static Discharge"],"picked":"Chill","floor":11},{"not_picked":["Defragment","Cold Snap"],"picked":"Sweeping Beam","floor":12},{"not_picked":["Go for the Eyes","Glacier"],"picked":"Hyperbeam","floor":13},{"not_picked":["Storm","Skim","Compile Driver"],"picked":"SKIP","floor":14}],"player_experience":501892,"relics_obtained":[{"floor":6.0,"key":"Juzu Bracelet"},{"floor":8,"key":"Lizard Tail"},{"floor":9,"key":"Blood Vial"}],"event_choices":[{"damage_healed":0.0,"max_hp_gain":0.0,"max_hp_loss":7.0,"gold_gain":0.0,"event_name":"Golden Idol","player_choice":"Lose Max HP","floor":2.0,"gold_loss":0.0,"damage_taken":0.0,"relics_obtained":["Golden Idol"]},{"damage_healed":62.0,"max_hp_gain":0.0,"max_hp_loss":64.0,"gold_gain":0.0,"event_name":"betterThird:BetterShining","player_choice":"Upgrade","floor":3.0,"gold_loss":0.0,"damage_taken":19.0,"cards_upgraded":["Strike_B","Strike_B"]},{"damage_healed":0.0,"max_hp_gain":0.0,"max_hp_loss":0.0,"gold_gain":0.0,"event_name":"betterThird:BetterSerpent","player_choice":"Ignored","floor":5.0,"gold_loss":0.0,"damage_taken":138.0}],"is_beta":false,"boss_relics":[],"items_purged_floors":[],"is_endless":false,"potions_floor_spawned":[1,4,11,12,14],"killed_by":"The Guardian","ascension_level":15}}