{"host":"2eswhqk6sgfpt1j1","time":1611836738,"event":{"mods":["Act Like it!","BaseMod","Colored Powertips","Hallownest","Lobotomy","Minty Spire (QoL Compilation)","Replay The Spire","StSLib","The Bug Knight","The Cursed","The Hierophant","The Servant 0.9.4"],"gold_per_floor":[119,133,149,160,174,174,186,186,186,186,223,223,223,73,73,170,170,183,195,195,210,210,210,210,125,172,52,63,63,63,78,78,78,78],"floor_reached":33,"language":"ZHS","playtime":1509,"items_purged":["Looming Evil"],"score":237,"play_id":"d61f90d6-f6e7-4ca0-bd05-32120ba23b94","local_time":"20210128202538","is_ascension_mode":false,"campfire_choices":[{"data":"HollowMod:GreatSlash","floor":6,"key":"SMITH"},{"data":"HollowMod:SoulEater","floor":8,"key":"SMITH"},{"data":"HollowMod:HeavyBlow","floor":10,"key":"SMITH"},{"floor":12,"key":"REST"},{"data":"HollowMod:SoulStrike","floor":13,"key":"SMITH"},{"data":"HollowMod:PogoStrike","floor":15,"key":"SMITH"},{"data":"HollowMod:SoulMaster","floor":23,"key":"SMITH"},{"data":"HollowMod:HowlingWraiths","floor":30,"key":"SMITH"}],"circlet_count":0,"master_deck":["HollowMod:NailStrikeStart","HollowMod:NailStrikeStart","HollowMod:NailStrikeStart","HollowMod:QuickDashStart","HollowMod:QuickDashStart","HollowMod:QuickDashStart","HollowMod:QuickDashStart","HollowMod:FocusHealStart","HollowMod:PogoStrike+1","HollowMod:HeavyBlow+1","HollowMod:SoulStrike+1","HollowMod:GreatSlash+1","HollowMod:SoulEater+1","HollowMod:SoulMaster+1","HollowMod:CycloneSlash+1","HollowMod:HowlingWraiths+1","HollowMod:VengefulSpirit","HollowMod:CornifersMapStart+1"],"relics":["HollowMod:KingsSoulRelic","Replay:Rubber Ducky","WingedGreaves","HollowMod:StagPassRelic","Lizard Tail","Bronze Scales","Juzu Bracelet"],"acts_visited":["Exordium","TheCity"],"potions_floor_usage":[5,7,7,28,31,31,33],"damage_taken":[{"damage":0,"enemies":"Cultist","floor":1,"turns":4},{"damage":0,"enemies":"Small Slimes","floor":2,"turns":4},{"damage":1,"enemies":"2 Louse","floor":3,"turns":2},{"damage":9,"enemies":"2 Fungi Beasts","floor":4,"turns":4},{"damage":0,"enemies":"3 Louse","floor":5,"turns":1},{"damage":6,"enemies":"Blue Slaver","floor":7,"turns":3},{"damage":41,"enemies":"HollowMod:FalseKnight","floor":16,"turns":12},{"damage":0,"enemies":"3 Byrds","floor":18,"turns":3},{"damage":41,"enemies":"Shell Parasite","floor":19,"turns":11},{"damage":7,"enemies":"Snecko","floor":21,"turns":6},{"damage":29,"enemies":"Centurion and Healer","floor":28,"turns":8},{"damage":34,"enemies":"Snake Plant","floor":31,"turns":5},{"damage":132,"enemies":"Automaton","floor":33,"turns":12}],"seed_played":"-9172002205333956759","potions_obtained":[{"floor":1,"key":"AttackPotion"},{"floor":2,"key":"Languid Potion"},{"floor":5,"key":"DistilledChaos"},{"floor":16,"key":"Venom Potion"},{"floor":18,"key":"Cursed Concoction"},{"floor":29,"key":"BlessingOfTheForge"},{"floor":29,"key":"Regen Potion"},{"floor":31,"key":"SkillPotion"}],"is_trial":false,"path_per_floor":["M","M","M","M","M","R","M","R","T","R","?","R","R","?","R","B",null,"M","M","?","M","?","R","?","?","T","$","M","?","R","M","R","B"],"character_chosen":"THE_BUGKNIGHT","items_purchased":["HollowMod:HowlingWraiths"],"campfire_rested":1,"item_purchase_floors":[27],"current_hp_per_floor":[75,75,74,65,65,65,65,65,65,65,35,57,57,57,57,16,75,75,34,59,52,52,52,52,52,52,52,29,29,29,9,31,0,0],"gold":78,"neow_bonus":"TRANSFORM_CARD","is_daily":false,"chose_seed":false,"campfire_upgraded":7,"win_rate":0.0,"timestamp":1611836738,"path_taken":["M","M","M","?","M","R","?","R","T","R","?","R","R","?","R","BOSS","M","M","?","M","?","R","?","?","T","?","M","?","R","M","R","BOSS"],"items_purchased_type":["Card"],"build_version":"2020-12-22","purchased_purges":1,"victory":false,"max_hp_per_floor":[75,75,75,75,75,75,75,75,75,75,75,75,75,75,75,75,75,75,75,75,75,75,75,75,75,75,75,75,75,75,75,75,75,75],"card_choices":[{"not_picked":["HollowMod:DesolateDive","HollowMod:BrokenVessel"],"picked":"HollowMod:SoulStrike","floor":1},{"not_picked":["HollowMod:DoubleDash","HollowMod:NewJinnsSoul","HollowMod:WraithStrike"],"picked":"SKIP","floor":2},{"not_picked":["HollowMod:NewLittleFool","HollowMod:RecoilStrike"],"picked":"HollowMod:GreatSlash","floor":3},{"not_picked":["HollowMod:ShadowDash","HollowMod:GoodIntentions","HollowMod:SiblingsSouls"],"picked":"SKIP","floor":4},{"not_picked":["HollowMod:DoubleDash","HollowMod:CoiledNail","HollowMod:NewLittleFool"],"picked":"SKIP","floor":5},{"not_picked":["HollowMod:SharpenedShadows","HollowMod:CrystalDash"],"picked":"HollowMod:SoulEater","floor":7},{"not_picked":["HollowMod:WhiteLadysBlessing","HollowMod:Hiveblood"],"picked":"HollowMod:SoulMaster","floor":16},{"not_picked":["HollowMod:QuirrelsAssistance","HollowMod:GoodIntentions+1"],"picked":"HollowMod:CycloneSlash","floor":18},{"not_picked":["HollowMod:RecoilStrike","HollowMod:NewLittleFool","HollowMod:InfectedAttack"],"picked":"SKIP","floor":19},{"not_picked":["HollowMod:DoubleDash","HollowMod:FastStrike","HollowMod:ChannelNail"],"picked":"SKIP","floor":21},{"not_picked":["HollowMod:DashSlash+1","HollowMod:VengefulVoid"],"picked":"HollowMod:VengefulSpirit","floor":28},{"not_picked":["HollowMod:TaintedHusks","HollowMod:SharpenedShadows"],"picked":"HollowMod:CornifersMapStart+1","floor":31}],"player_experience":424289,"relics_obtained":[{"floor":9,"key":"Replay:Rubber Ducky"},{"floor":11,"key":"WingedGreaves"},{"floor":26,"key":"Juzu Bracelet"}],"event_choices":[{"damage_healed":25,"gold_gain":0,"player_choice":"Heal","damage_taken":0,"max_hp_gain":0,"max_hp_loss":0,"event_name":"The Library","floor":20,"gold_loss":0},{"damage_healed":0,"gold_gain":0,"player_choice":"Ignored","damage_taken":0,"max_hp_gain":0,"max_hp_loss":0,"event_name":"Vampires","floor":24,"gold_loss":0},{"damage_healed":0,"gold_gain":0,"player_choice":"Obtained Relic","damage_taken":0,"relics_obtained":["Bronze Scales"],"max_hp_gain":0,"max_hp_loss":0,"event_name":"Addict","floor":25,"gold_loss":85},{"damage_healed":0,"gold_gain":0,"player_choice":"Got Potions","damage_taken":0,"max_hp_gain":0,"max_hp_loss":0,"event_name":"Lab","floor":29,"gold_loss":0}],"is_beta":false,"boss_relics":[{"not_picked":["SacredBark","Replay:Drink Me"],"picked":"HollowMod:KingsSoulRelic"}],"items_purged_floors":[27],"is_endless":false,"potions_floor_spawned":[1,2,5,16,18,31],"killed_by":"Automaton","ascension_level":0}}