{"host":"w7hgcz29911qf98n","time":1611794990,"event":{"mods":["BaseMod","Colored Powertips","Minty Spire (QoL Compilation)","Rare Cards Sparkle","Relic Stats","SuperFastMode","Synergy Search"],"gold_per_floor":[109,109,109,128,7,7,23,54,130,149,160,176,29,44,44,139,139,149,149,159,49,60,60,75,93,164,164,175,186,186,240,240,339,339,350,350,367,327,346,346,396,396,396,396,416,39,59,74,74,74,74],"floor_reached":50,"language":"ENG","playtime":3126,"items_purged":[],"score":500,"play_id":"ff12e82c-8f74-4dc5-839e-b7fd62754194","local_time":"20210127194950","is_ascension_mode":false,"campfire_choices":[{"floor":6,"key":"REST"},{"floor":15,"key":"REST"},{"floor":23,"key":"REST"},{"floor":30,"key":"REST"},{"data":"Static Discharge","floor":32,"key":"SMITH"},{"floor":40,"key":"REST"},{"floor":49,"key":"REST"}],"circlet_count":0,"master_deck":["Strike_B","Strike_B","Strike_B","Strike_B","Defend_B","Defend_B","Defend_B","Zap","Dualcast","Ball Lightning","Hello World","Gash","Stack","Barrage","Recycle","Hyperbeam","Conserve Battery","Gash","Streamline","All For One","Sunder","Electrodynamics","Conserve Battery","Skim","Undo","Static Discharge+1","Coolheaded","Barrage+1","Force Field","Coolheaded","Redo","Meteor Strike","Self Repair","Magnetism","Leap","Fusion+1","Dramatic Entrance","Turbo+1","Compile Driver+1"],"relics":["Cracked Core","Orichalcum","Thread and Needle","Meat on the Bone","Busted Crown","MutagenicStrength","Pear","Enchiridion","Juzu Bracelet","Runic Pyramid","Du-Vu Doll","Bronze Scales","StoneCalendar"],"acts_visited":["Exordium","TheCity","TheBeyond"],"potions_floor_usage":[4,24,29,33,33,33,39,39,39,48],"damage_taken":[{"damage":1,"enemies":"Jaw Worm","floor":1,"turns":4},{"damage":1,"enemies":"2 Louse","floor":4,"turns":2},{"damage":0,"enemies":"Cultist","floor":7,"turns":3},{"damage":22,"enemies":"3 Sentries","floor":8,"turns":5},{"damage":8,"enemies":"Gremlin Gang","floor":10,"turns":2},{"damage":0,"enemies":"Red Slaver","floor":11,"turns":2},{"damage":0,"enemies":"2 Fungi Beasts","floor":12,"turns":1},{"damage":0,"enemies":"Looter","floor":14,"turns":2},{"damage":33,"enemies":"Slime Boss","floor":16,"turns":8},{"damage":5,"enemies":"Shell Parasite","floor":18,"turns":4},{"damage":17,"enemies":"2 Thieves","floor":20,"turns":4},{"damage":26,"enemies":"Snake Plant","floor":22,"turns":4},{"damage":0,"enemies":"Chosen and Byrds","floor":24,"turns":4},{"damage":5,"enemies":"Centurion and Healer","floor":25,"turns":6},{"damage":13,"enemies":"Cultist and Chosen","floor":28,"turns":6},{"damage":14,"enemies":"3 Cultists","floor":29,"turns":6},{"damage":44,"enemies":"Collector","floor":33,"turns":8},{"damage":51,"enemies":"3 Darklings","floor":35,"turns":5},{"damage":15,"enemies":"3 Shapes","floor":37,"turns":3},{"damage":3,"enemies":"Jaw Worm Horde","floor":39,"turns":4},{"damage":37,"enemies":"Mind Bloom Boss Battle","floor":41,"turns":8},{"damage":31,"enemies":"4 Shapes","floor":45,"turns":4},{"damage":16,"enemies":"3 Darklings","floor":47,"turns":4},{"damage":24,"enemies":"Writhing Mass","floor":48,"turns":6},{"damage":52,"enemies":"Time Eater","floor":50,"turns":4}],"seed_played":"-1843984824692430103","potions_obtained":[{"floor":4,"key":"Fruit Juice"},{"floor":7,"key":"PotionOfCapacity"},{"floor":11,"key":"Ancient Potion"},{"floor":25,"key":"Weak Potion"},{"floor":28,"key":"PowerPotion"},{"floor":29,"key":"LiquidBronze"},{"floor":38,"key":"AttackPotion"},{"floor":38,"key":"AttackPotion"},{"floor":38,"key":"SkillPotion"},{"floor":45,"key":"LiquidBronze"}],"is_trial":false,"path_per_floor":["M","?","?","M","$","R","M","E","T","M","M","M","$","M","R","B",null,"M","?","M","$","M","R","M","M","T","?","M","M","R","T","R","B",null,"M","?","M","?","M","R","?","?","T","?","M","$","M","M","R","B"],"character_chosen":"DEFECT","items_purchased":["Gash","Stack","Barrage","All For One","Undo","Static Discharge","StoneCalendar","Dramatic Entrance"],"campfire_rested":6,"item_purchase_floors":[5,5,5,13,21,21,46,46],"current_hp_per_floor":[81,56,56,60,60,86,86,64,64,56,56,56,56,56,82,49,87,82,82,65,65,51,77,77,72,82,66,53,51,80,80,80,48,97,58,58,55,55,59,88,58,58,58,58,39,39,35,23,52,0,0],"gold":74,"neow_bonus":"TEN_PERCENT_HP_BONUS","is_daily":false,"chose_seed":false,"campfire_upgraded":1,"win_rate":0.0,"timestamp":1611794990,"path_taken":["M","?","?","?","$","R","M","E","T","M","M","?","?","M","R","BOSS","M","?","M","$","M","R","M","M","T","?","M","M","R","?","R","BOSS","M","?","M","?","M","R","?","?","T","?","M","$","M","M","R","BOSS"],"items_purchased_type":["Card","Card","Card","Card","Card","Card","Relic","Card"],"build_version":"2020-12-22","purchased_purges":0,"victory":false,"max_hp_per_floor":[82,82,82,87,87,87,87,87,87,87,87,87,87,87,87,87,87,87,87,87,87,87,87,87,87,97,97,97,97,97,97,97,97,97,97,97,97,97,97,97,97,97,97,97,97,97,97,97,97,97,97],"relic_stats":{"Busted Crown":32,"counters":[25,109],"Bronze Scales":[75],"StoneCalendar":[0],"Juzu Bracelet":2,"Orichalcum":[192],"obtain_stats":[{"Pear":26,"Enchiridion":27,"Thread and Needle":8,"StoneCalendar":46,"Juzu Bracelet":31,"Orichalcum":2,"Du-Vu Doll":41,"Busted Crown":17,"MutagenicStrength":19,"Bronze Scales":43,"Cracked Core":0,"Meat on the Bone":9,"Runic Pyramid":34},{"Pear":14,"Enchiridion":14,"Thread and Needle":4,"StoneCalendar":22,"Juzu Bracelet":16,"Orichalcum":1,"Du-Vu Doll":21,"Busted Crown":9,"MutagenicStrength":10,"Bronze Scales":21,"Cracked Core":0,"Meat on the Bone":4,"Runic Pyramid":17},{"Pear":51,"Enchiridion":51,"Thread and Needle":14,"StoneCalendar":95,"Juzu Bracelet":63,"Orichalcum":4,"Du-Vu Doll":91,"Busted Crown":29,"MutagenicStrength":33,"Bronze Scales":91,"Cracked Core":0,"Meat on the Bone":14,"Runic Pyramid":71}],"Meat on the Bone":96},"card_choices":[{"not_picked":["Beam Cell","Rebound"],"picked":"Ball Lightning","floor":1},{"not_picked":["Hologram","Leap"],"picked":"Hello World","floor":4},{"not_picked":["Leap","Compile Driver"],"picked":"Recycle","floor":7},{"not_picked":["FTL","Barrage"],"picked":"Hyperbeam","floor":8},{"not_picked":["Stack","Force Field"],"picked":"Conserve Battery","floor":10},{"not_picked":["Fusion","Steam"],"picked":"Gash","floor":11},{"not_picked":["Go for the Eyes","Beam Cell"],"picked":"Streamline","floor":12},{"not_picked":["Machine Learning","Compile Driver"],"picked":"Sunder","floor":14},{"not_picked":["Amplify","Buffer"],"picked":"Electrodynamics","floor":16},{"not_picked":[],"picked":"Conserve Battery","floor":18},{"not_picked":[],"picked":"Skim","floor":20},{"not_picked":[],"picked":"Coolheaded","floor":22},{"not_picked":[],"picked":"Barrage+1","floor":24},{"not_picked":[],"picked":"Force Field","floor":25},{"not_picked":[],"picked":"Coolheaded","floor":28},{"not_picked":[],"picked":"Redo","floor":29},{"not_picked":[],"picked":"Meteor Strike","floor":33},{"not_picked":[],"picked":"Self Repair","floor":35},{"not_picked":[],"picked":"Magnetism","floor":36},{"not_picked":[],"picked":"Leap","floor":37},{"not_picked":[],"picked":"Fusion+1","floor":39},{"not_picked":["Redo"],"picked":"SKIP","floor":45},{"not_picked":[],"picked":"Turbo+1","floor":47},{"not_picked":[],"picked":"Compile Driver+1","floor":48}],"player_experience":44490,"relics_obtained":[{"floor":8,"key":"Thread and Needle"},{"floor":9,"key":"Meat on the Bone"},{"floor":26,"key":"Pear"},{"floor":27,"key":"Enchiridion"},{"floor":31,"key":"Juzu Bracelet"},{"floor":41,"key":"Du-Vu Doll"},{"floor":43,"key":"Bronze Scales"}],"event_choices":[{"damage_healed":0,"gold_gain":0,"player_choice":"Success","damage_taken":25,"relics_obtained":["Orichalcum"],"max_hp_gain":0,"max_hp_loss":0,"event_name":"Scrap Ooze","floor":2,"gold_loss":0},{"damage_healed":0,"gold_gain":0,"player_choice":"Ignored","damage_taken":0,"max_hp_gain":0,"max_hp_loss":0,"event_name":"Purifier","floor":3,"gold_loss":0},{"damage_healed":0,"gold_gain":0,"player_choice":"Inject Mutagens","damage_taken":0,"relics_obtained":["MutagenicStrength"],"max_hp_gain":0,"max_hp_loss":0,"event_name":"Drug Dealer","floor":19,"gold_loss":0},{"damage_healed":0,"gold_gain":0,"player_choice":"Obtained Book","damage_taken":16,"max_hp_gain":0,"max_hp_loss":0,"event_name":"Cursed Tome","floor":27,"gold_loss":0},{"damage_healed":0,"gold_gain":0,"player_choice":"Memory 1","damage_taken":0,"max_hp_gain":0,"max_hp_loss":0,"event_name":"SensoryStone","floor":36,"gold_loss":0},{"damage_healed":0,"gold_gain":0,"player_choice":"Bought 3 Potions","damage_taken":0,"max_hp_gain":0,"max_hp_loss":0,"event_name":"The Woman in Blue","floor":38,"gold_loss":0},{"damage_healed":0,"gold_gain":0,"player_choice":"Fight","damage_taken":0,"max_hp_gain":0,"max_hp_loss":0,"event_name":"MindBloom","floor":41,"gold_loss":0},{"cards_removed":["Defend_B"],"damage_healed":0,"gold_gain":0,"player_choice":"Purged","damage_taken":0,"max_hp_gain":0,"max_hp_loss":0,"event_name":"Purifier","floor":42,"gold_loss":0},{"damage_healed":0,"gold_gain":0,"player_choice":"Ignored","damage_taken":0,"max_hp_gain":0,"max_hp_loss":0,"event_name":"Mysterious Sphere","floor":44,"gold_loss":0}],"is_beta":false,"boss_relics":[{"not_picked":["Coffee Dripper","Empty Cage"],"picked":"Busted Crown"},{"not_picked":["SacredBark","Runic Dome"],"picked":"Runic Pyramid"}],"items_purged_floors":[],"is_endless":false,"potions_floor_spawned":[4,7,11,25,28,29,45],"killed_by":"Time Eater","ascension_level":0}}