{"host":"zwuytn9vh5b8tdl7","time":1611808576,"event":{"mods":["AchievementEnabler","BaseMod","Colored Powertips","GifTheSpireLib","Minty Spire (QoL Compilation)","Rare Cards Sparkle","StSLib","The Animator"],"gold_per_floor":[131,306,322,340,359,398,398,410,410],"floor_reached":8,"language":"ENG","playtime":422,"items_purged":[],"score":58,"play_id":"d0711c72-dcf6-4cab-90f9-943e7a4d1d5e","local_time":"20210127233616","is_ascension_mode":false,"campfire_choices":[{"floor":7,"key":"REST"}],"circlet_count":0,"master_deck":["animator:Strike_Fate","animator:Defend_Fate","animator:Strike","animator:Strike","animator:Strike","animator:Defend","animator:Defend","animator:Defend","animator:Alexander","animator:Rider","animator:Melzalgald","Doubt","animator:ChlammyZell","animator:Cocytus","animator:Chris","animator:DolaRiku"],"relics":["animator:LivingPicture","animator:TheMissingPiece","Bag of Preparation"],"acts_visited":["Exordium"],"potions_floor_usage":[6,6,6,8],"damage_taken":[{"damage":11,"enemies":"Jaw Worm","floor":1,"turns":4},{"damage":6,"enemies":"Cultist","floor":3,"turns":3},{"damage":4,"enemies":"Small Slimes","floor":4,"turns":4},{"damage":13,"enemies":"Red Slaver","floor":5,"turns":3},{"damage":36,"enemies":"Gremlin Nob","floor":6,"turns":5},{"damage":39,"enemies":"Lagavulin","floor":8,"turns":5}],"seed_played":"848973450032332081","potions_obtained":[{"floor":3,"key":"Dexterity Potion"},{"floor":4,"key":"animator:FalseLifePotion"},{"floor":5,"key":"Weak Potion"},{"floor":6,"key":"Explosive Potion"}],"is_trial":false,"path_per_floor":["M","?","M","M","M","E","R","E"],"character_chosen":"THE_ANIMATOR","items_purchased":[],"campfire_rested":1,"item_purchase_floors":[],"current_hp_per_floor":[61,61,55,51,38,2,23,0,0],"gold":410,"neow_bonus":"TEN_PERCENT_HP_BONUS","is_daily":false,"chose_seed":false,"campfire_upgraded":0,"win_rate":0.0,"timestamp":1611808576,"path_taken":["M","?","M","M","M","E","R","E"],"items_purchased_type":[],"build_version":"2020-12-22","purchased_purges":0,"victory":false,"max_hp_per_floor":[72,72,72,72,72,72,72,72,72],"card_choices":[{"not_picked":["animator:DolaCouronne","animator:Tatsumaki"],"picked":"animator:Melzalgald","floor":1},{"not_picked":["animator:Souei","animator:Melzalgald"],"picked":"animator:ChlammyZell","floor":3},{"not_picked":["animator:Jibril","animator:AcuraAkari"],"picked":"animator:Cocytus","floor":4},{"not_picked":["animator:Verdia","animator:Kazuma"],"picked":"animator:Chris","floor":5},{"not_picked":["animator:Kaijin","animator:GazelDwargon"],"picked":"animator:DolaRiku","floor":6}],"player_experience":339715,"relics_obtained":[{"floor":6,"key":"Bag of Preparation"}],"event_choices":[{"damage_healed":0,"gold_gain":175,"player_choice":"AGREE","damage_taken":0,"max_hp_gain":0,"max_hp_loss":0,"event_name":"Liars Game","floor":2,"gold_loss":0,"cards_obtained":["Doubt"]}],"is_beta":false,"boss_relics":[],"items_purged_floors":[],"is_endless":false,"potions_floor_spawned":[3,4,5,6],"killed_by":"Lagavulin","ascension_level":0}}