{"host":"6xsbn6ynqlzwllfm","time":1611861998,"event":{"mods":["2.2 Compatiblity","BaseMod","Bestiary","Colored Map","Colored Powertips","Curses Come First","Highlight Path","Keyboard Shortcuts","Minty Spire (QoL Compilation)","Relic Stats","Slay the Relics Exporter","StSLib","SuperFastMode"],"gold_per_floor":[111,131,150,20,20,20,52,52,52,65,75,101,101,112,112,185,185,205,46,46,46,62,90,90,121,147,147,176,91,191,206,206,285,285,300,121,138,0,47,47,73,73,73,73,73,73,73,83,83,83,83,83,3,3,3],"floor_reached":54,"language":"ENG","playtime":2848,"items_purged":["Strike_B","Dualcast"],"score":1338,"play_id":"ceee34f9-8355-48d7-95fb-9bf258005db4","local_time":"20210128142638","is_ascension_mode":true,"campfire_choices":[{"data":"Storm","floor":6,"key":"SMITH"},{"data":"Self Repair","floor":8,"key":"SMITH"},{"data":"Capacitor","floor":13,"key":"SMITH"},{"data":"Barrage","floor":15,"key":"SMITH"},{"floor":24,"key":"REST"},{"floor":27,"key":"REST"},{"floor":32,"key":"REST"},{"floor":40,"key":"REST"},{"floor":42,"key":"REST"},{"floor":44,"key":"RECALL"},{"floor":46,"key":"REST"},{"floor":49,"key":"REST"},{"floor":52,"key":"REST"}],"circlet_count":0,"master_deck":["AscendersBane","Defend_B+1","Defend_B+1","Defend_B+1","Defend_B+1","Zap","Self Repair+1","Storm+1","Capacitor+1","Go for the Eyes","Coolheaded","Barrage+1","FTL","Core Surge","Compile Driver","Creative AI","Sweeping Beam","Beam Cell+1","Undo","Darkness","Glacier","Hello World","All For One","White Noise+1","White Noise+1","Creative AI+1","Self Repair","Conserve Battery+1","Cold Snap+1"],"relics":["Cracked Core","NeowsBlessing","Shuriken","Ornamental Fan","Happy Flower","PreservedInsect","Fusion Hammer","Singing Bowl","Regal Pillow","Toy Ornithopter","Lantern","Dream Catcher","Calipers","Bottled Tornado","Astrolabe","Red Mask","Turnip","StoneCalendar"],"acts_visited":["Exordium","TheCity","TheBeyond","TheEnding"],"potions_floor_usage":[7,12,12,12,16,23,28,39,54,54],"damage_taken":[{"damage":0,"enemies":"Jaw Worm","floor":1,"turns":1},{"damage":0,"enemies":"Cultist","floor":2,"turns":1},{"damage":0,"enemies":"2 Louse","floor":3,"turns":1},{"damage":14,"enemies":"Lagavulin","floor":7,"turns":6},{"damage":10,"enemies":"Red Slaver","floor":10,"turns":3},{"damage":33,"enemies":"Large Slime","floor":11,"turns":6},{"damage":35,"enemies":"Gremlin Nob","floor":12,"turns":4},{"damage":14,"enemies":"Looter","floor":14,"turns":4},{"damage":9,"enemies":"Hexaghost","floor":16,"turns":7},{"damage":30,"enemies":"Chosen","floor":18,"turns":5},{"damage":20,"enemies":"Spheric Guardian","floor":22,"turns":4},{"damage":6,"enemies":"Book of Stabbing","floor":23,"turns":3},{"damage":32,"enemies":"Slavers","floor":25,"turns":4},{"damage":25,"enemies":"Book of Stabbing","floor":28,"turns":3},{"damage":30,"enemies":"Colosseum Slavers","floor":30,"turns":4},{"damage":22,"enemies":"Colosseum Nobs","floor":30,"turns":4},{"damage":2,"enemies":"Centurion and Healer","floor":31,"turns":4},{"damage":42,"enemies":"Champ","floor":33,"turns":8},{"damage":9,"enemies":"3 Shapes","floor":35,"turns":5},{"damage":19,"enemies":"Orb Walker","floor":37,"turns":3},{"damage":32,"enemies":"2 Orb Walkers","floor":39,"turns":3},{"damage":74,"enemies":"Reptomancer","floor":41,"turns":5},{"damage":15,"enemies":"Writhing Mass","floor":48,"turns":7},{"damage":42,"enemies":"Donu and Deca","floor":50,"turns":7},{"damage":122,"enemies":"Shield and Spear","floor":54,"turns":6}],"seed_played":"-2881863223118103251","potions_obtained":[{"floor":1,"key":"BlessingOfTheForge"},{"floor":2,"key":"AttackPotion"},{"floor":11,"key":"EntropicBrew"},{"floor":16,"key":"DuplicationPotion"},{"floor":21,"key":"Strength Potion"},{"floor":21,"key":"Fire Potion"},{"floor":30,"key":"CultistPotion"},{"floor":31,"key":"DuplicationPotion"},{"floor":39,"key":"SteroidPotion"}],"is_trial":false,"path_per_floor":["M","M","M","?","$","R","E","R","T","M","M","E","R","M","R","B",null,"M","$","?","?","M","E","R","E","T","R","E","?","?","M","R","B",null,"M","$","M","?","?","R","E","R","T","R","?","R","$","M","R","B",null,"R","$","E"],"character_chosen":"DEFECT","items_purchased":["Creative AI","Self Repair","LiquidMemories"],"campfire_rested":8,"item_purchase_floors":[19,36,53],"current_hp_per_floor":[64,64,71,71,71,71,67,67,67,67,44,19,19,15,15,16,57,37,37,37,37,27,31,52,30,30,66,56,56,24,34,70,38,64,67,67,48,48,50,79,24,65,65,65,65,83,83,85,87,62,81,87,87,0,0],"gold":3,"neow_bonus":"THREE_ENEMY_KILL","is_daily":false,"chose_seed":false,"campfire_upgraded":4,"win_rate":0.0,"timestamp":1611861998,"path_taken":["M","M","M","?","?","R","E","R","T","M","M","E","R","?","R","BOSS","M","$","?","?","?","E","R","E","T","R","E","?","?","M","R","BOSS","M","$","M","?","?","R","E","R","T","R","?","R","$","M","R","BOSS","R","$","E"],"items_purchased_type":["Card","Card","Potion"],"build_version":"2020-12-22","purchased_purges":2,"victory":false,"max_hp_per_floor":[71,71,71,71,71,71,71,71,71,71,71,71,71,71,71,71,71,71,71,71,71,71,71,71,71,71,71,71,71,71,73,73,73,73,75,75,75,75,77,79,81,83,83,83,83,83,83,85,87,87,87,87,87,87,87],"relic_stats":{"Regal Pillow":49,"Happy Flower":[33],"Singing Bowl":16,"counters":[25,108],"Astrolabe":["White Noise","White Noise","Creative AI"],"StoneCalendar":[48],"PreservedInsect":301,"Dream Catcher":6,"Shuriken":[31],"Ornamental Fan":[124],"Turnip":[0],"obtain_stats":[{"Regal Pillow":25,"Lantern":28,"Calipers":30,"NeowsBlessing":0,"Happy Flower":9,"Singing Bowl":23,"Astrolabe":34,"StoneCalendar":41,"PreservedInsect":12,"Bottled Tornado":30,"Dream Catcher":29,"Shuriken":4,"Ornamental Fan":7,"Fusion Hammer":17,"Turnip":39,"Red Mask":38,"Cracked Core":0,"Toy Ornithopter":26},{"Regal Pillow":13,"Lantern":14,"Calipers":16,"NeowsBlessing":0,"Happy Flower":4,"Singing Bowl":12,"Astrolabe":18,"StoneCalendar":22,"PreservedInsect":7,"Bottled Tornado":16,"Dream Catcher":14,"Shuriken":3,"Ornamental Fan":4,"Fusion Hammer":9,"Turnip":21,"Red Mask":20,"Cracked Core":0,"Toy Ornithopter":13},{"Regal Pillow":49,"Lantern":52,"Calipers":60,"NeowsBlessing":0,"Happy Flower":9,"Singing Bowl":45,"Astrolabe":72,"StoneCalendar":88,"PreservedInsect":22,"Bottled Tornado":60,"Dream Catcher":52,"Shuriken":3,"Ornamental Fan":9,"Fusion Hammer":33,"Turnip":83,"Red Mask":80,"Cracked Core":0,"Toy Ornithopter":49}],"Toy Ornithopter":20},"card_choices":[{"not_picked":["Chill","Conserve Battery"],"picked":"Self Repair","floor":1},{"not_picked":["Compile Driver","Double Energy"],"picked":"Storm","floor":2},{"not_picked":["Barrage","Hologram"],"picked":"Capacitor","floor":3},{"not_picked":["Leap","Stack"],"picked":"Go for the Eyes","floor":7},{"not_picked":["Steam","Turbo"],"picked":"Coolheaded","floor":10},{"not_picked":["Hologram","Cold Snap"],"picked":"Barrage","floor":11},{"not_picked":["Coolheaded","Thunder Strike"],"picked":"FTL","floor":12},{"not_picked":["Rebound","Scrape","Sunder"],"picked":"SKIP","floor":14},{"not_picked":["Seek","Reboot"],"picked":"Core Surge","floor":16},{"not_picked":["Conserve Battery","Auto Shields"],"picked":"Compile Driver","floor":18},{"not_picked":["Redo","Hologram"],"picked":"Sweeping Beam","floor":22},{"not_picked":["Hologram","Rebound"],"picked":"Beam Cell+1","floor":23},{"not_picked":["Creative AI","Ball Lightning"],"picked":"Undo","floor":25},{"not_picked":["Aggregate","Consume"],"picked":"Darkness","floor":28},{"not_picked":["Heatsinks","Compile Driver"],"picked":"Glacier","floor":30},{"not_picked":["Leap","Capacitor","Sweeping Beam"],"picked":"Singing Bowl","floor":31},{"not_picked":["Steam","Stack"],"picked":"Hello World","floor":32},{"not_picked":["Core Surge","Multi-Cast"],"picked":"All For One","floor":33},{"not_picked":["Ball Lightning","Streamline","Compile Driver"],"picked":"Singing Bowl","floor":35},{"not_picked":["FTL","Steam"],"picked":"Turbo","floor":37},{"not_picked":["Hologram","Go for the Eyes","Loop"],"picked":"Singing Bowl","floor":39},{"not_picked":["Rebound","Streamline","Lockon"],"picked":"Singing Bowl","floor":40},{"not_picked":["Sweeping Beam","Undo","Amplify"],"picked":"Singing Bowl","floor":41},{"not_picked":["Steam+1","Compile Driver","Sweeping Beam"],"picked":"Singing Bowl","floor":42},{"not_picked":["Redo","Storm+1"],"picked":"Conserve Battery+1","floor":46},{"not_picked":["Doom and Gloom","Leap","Beam Cell"],"picked":"Singing Bowl","floor":48},{"not_picked":["Go for the Eyes","BootSequence","Blizzard"],"picked":"Singing Bowl","floor":49},{"not_picked":["Double Energy","Turbo"],"picked":"Cold Snap+1","floor":52}],"player_experience":1187603,"relics_obtained":[{"floor":7,"key":"Ornamental Fan"},{"floor":9,"key":"Happy Flower"},{"floor":12,"key":"PreservedInsect"},{"floor":23,"key":"Singing Bowl"},{"floor":25,"key":"Regal Pillow"},{"floor":26,"key":"Toy Ornithopter"},{"floor":28,"key":"Lantern"},{"floor":30,"key":"Calipers"},{"floor":30,"key":"Bottled Tornado"},{"floor":39,"key":"Turnip"},{"floor":41,"key":"StoneCalendar"}],"event_choices":[{"damage_healed":0,"gold_gain":0,"player_choice":"Paid Gold","damage_taken":0,"relics_obtained":["Shuriken"],"max_hp_gain":0,"max_hp_loss":0,"event_name":"WeMeetAgain","floor":4,"gold_loss":130},{"damage_healed":0,"gold_gain":0,"player_choice":"Simplicity","damage_taken":0,"max_hp_gain":0,"max_hp_loss":0,"event_name":"Back to Basics","floor":20,"gold_loss":0,"cards_upgraded":["Strike_B","Strike_B","Strike_B","Defend_B","Defend_B","Defend_B","Defend_B"]},{"damage_healed":0,"gold_gain":0,"player_choice":"Got Potions","damage_taken":0,"max_hp_gain":0,"max_hp_loss":0,"event_name":"Lab","floor":21,"gold_loss":0},{"damage_healed":0,"gold_gain":0,"player_choice":"Obtained Relic","damage_taken":0,"relics_obtained":["Dream Catcher"],"max_hp_gain":0,"max_hp_loss":0,"event_name":"Addict","floor":29,"gold_loss":85},{"damage_healed":0,"gold_gain":0,"player_choice":"Fight","damage_taken":0,"max_hp_gain":0,"max_hp_loss":0,"event_name":"Colosseum","floor":30,"gold_loss":0},{"damage_healed":0,"gold_gain":0,"player_choice":"Fought Nobs","damage_taken":0,"max_hp_gain":0,"max_hp_loss":0,"event_name":"Colosseum","floor":30,"gold_loss":0},{"damage_healed":0,"gold_gain":0,"player_choice":"Paid","damage_taken":0,"relics_obtained":["Red Mask"],"max_hp_gain":0,"max_hp_loss":0,"event_name":"Tomb of Lord Red Mask","floor":38,"gold_loss":138},{"damage_healed":0,"gold_gain":0,"player_choice":"Fight","damage_taken":0,"max_hp_gain":0,"max_hp_loss":0,"event_name":"Mysterious Sphere","floor":39,"gold_loss":0},{"cards_removed":["Turbo"],"damage_healed":0,"gold_gain":0,"player_choice":"Removed Skill","damage_taken":0,"max_hp_gain":0,"max_hp_loss":0,"event_name":"Falling","floor":45,"gold_loss":0}],"is_beta":false,"boss_relics":[{"not_picked":["Snecko Eye","Runic Pyramid"],"picked":"Fusion Hammer"},{"not_picked":["Pandora\u0027s Box","Coffee Dripper"],"picked":"Astrolabe"}],"items_purged_floors":[19,36],"is_endless":false,"potions_floor_spawned":[1,2,11,16,30,30,31,33,39],"killed_by":"Shield and Spear","ascension_level":18}}