{"host":"4ag909k4xupnj24b","time":1611835803,"event":{"mods":["BaseMod","Minty Spire (QoL Compilation)","StSLib"],"gold_per_floor":[113,11,11,28,28,28,56,131,131,131,156,41,51,61,61,160,160,173,272,288,300,7,7,34,34,58,58,58],"floor_reached":27,"language":"ENG","playtime":1218,"items_purged":["Strike_G"],"score":409,"play_id":"f97463ce-faf3-4412-8ce3-f8ad8a7d60fa","local_time":"20210128041003","is_ascension_mode":true,"campfire_choices":[{"data":"Bouncing Flask","floor":6.0,"key":"SMITH"},{"floor":10.0,"key":"REST"},{"data":"Accuracy","floor":15.0,"key":"SMITH"},{"floor":23,"key":"REST"},{"data":"Catalyst","floor":25,"key":"SMITH"}],"circlet_count":0,"master_deck":["AscendersBane","Strike_G","Strike_G","Strike_G+1","Strike_G","Defend_G","Defend_G","Defend_G","Defend_G","Defend_G+1","Survivor","Neutralize","Blade Dance","Deadly Poison","Bouncing Flask+1","Tactician","Flechettes","Quick Slash","Accuracy+1","Cloak And Dagger","Acrobatics","Bullet Time","PiercingWail","Dagger Spray","Catalyst+1","Predator","Terror","Shame"],"relics":["Ring of the Snake","NeowsBlessing","Peace Pipe","Ginger","Cursed Key","Meat on the Bone","Akabeko","Oddly Smooth Stone"],"acts_visited":["Exordium","TheCity"],"potions_floor_usage":[24,24],"damage_taken":[{"damage":0.0,"enemies":"Jaw Worm","floor":1.0,"turns":1.0},{"damage":0.0,"enemies":"2 Louse","floor":4.0,"turns":1.0},{"damage":0.0,"enemies":"Gremlin Nob","floor":7.0,"turns":1.0},{"damage":20.0,"enemies":"3 Sentries","floor":11.0,"turns":7.0},{"damage":0.0,"enemies":"Cultist","floor":13.0,"turns":2.0},{"damage":0.0,"enemies":"2 Fungi Beasts","floor":14.0,"turns":4.0},{"damage":31.0,"enemies":"The Guardian","floor":16.0,"turns":10.0},{"damage":20.0,"enemies":"2 Thieves","floor":18.0,"turns":5.0},{"damage":12.0,"enemies":"3 Byrds","floor":20.0,"turns":5.0},{"damage":8,"enemies":"Snake Plant","floor":21,"turns":5},{"damage":29,"enemies":"Slavers","floor":24,"turns":5},{"damage":22,"enemies":"Snecko","floor":27,"turns":4}],"seed_played":"1689240853639693006","potions_obtained":[{"floor":4.0,"key":"Explosive Potion"},{"floor":7.0,"key":"Fire Potion"},{"floor":14.0,"key":"Explosive Potion"},{"floor":20.0,"key":"Block Potion"}],"is_trial":false,"path_per_floor":["M","$","?","M","$","R","E","?","T","R","E","$","M","M","R","B",null,"M","?","M","M","$","R","E","R","T","M"],"character_chosen":"THE_SILENT","items_purchased":["Deadly Poison","Bouncing Flask","Accuracy","Meat on the Bone","Predator"],"campfire_rested":2,"item_purchase_floors":[2,2,12,22,22],"current_hp_per_floor":[63,63,49,49,49,49,49,38,38,59,39,39,39,39,39,8,55,35,35,23,15,15,36,19,19,19,0,0],"gold":58,"neow_bonus":"THREE_ENEMY_KILL","is_daily":false,"chose_seed":false,"campfire_upgraded":3,"win_rate":0.0,"timestamp":1611835803,"path_taken":["M","$","?","M","$","R","E","?","T","R","E","$","M","M","R","BOSS","M","?","M","M","$","R","E","R","T","M"],"items_purchased_type":["Card","Card","Card","Relic","Card"],"build_version":"2020-12-22","purchased_purges":1,"victory":false,"max_hp_per_floor":[70,70,70,70,70,70,70,70,70,70,70,70,70,70,70,70,70,70,70,70,70,70,70,70,70,70,70,70],"card_choices":[{"not_picked":["Quick Slash","Underhanded Strike"],"picked":"Blade Dance","floor":1.0},{"not_picked":["Riddle With Holes","Endless Agony"],"picked":"Tactician","floor":4.0},{"not_picked":["Caltrops","Outmaneuver"],"picked":"Flechettes","floor":7.0},{"not_picked":["Heel Hook","Flechettes"],"picked":"Quick Slash","floor":11.0},{"not_picked":["Underhanded Strike","PiercingWail"],"picked":"Cloak And Dagger","floor":13.0},{"not_picked":["Malaise","Quick Slash"],"picked":"Acrobatics","floor":14.0},{"not_picked":["Wraith Form v2","Die Die Die"],"picked":"Bullet Time","floor":16.0},{"not_picked":["Deflect","Backstab"],"picked":"PiercingWail","floor":18.0},{"not_picked":["Dagger Throw","Quick Slash+1"],"picked":"Dagger Spray","floor":20.0},{"not_picked":["Backstab+1","Footwork"],"picked":"Catalyst","floor":21},{"not_picked":["Infinite Blades+1","Cloak And Dagger"],"picked":"Terror","floor":24}],"player_experience":881392,"relics_obtained":[{"floor":7.0,"key":"Peace Pipe"},{"floor":11.0,"key":"Ginger"},{"floor":24,"key":"Akabeko"},{"floor":26,"key":"Oddly Smooth Stone"}],"event_choices":[{"damage_healed":0.0,"max_hp_gain":0.0,"max_hp_loss":0.0,"gold_gain":0.0,"event_name":"Shining Light","player_choice":"Entered Light","floor":3.0,"gold_loss":0.0,"damage_taken":14.0,"cards_upgraded":["Strike_G","Defend_G"]},{"damage_healed":0.0,"max_hp_gain":0.0,"max_hp_loss":0.0,"gold_gain":75.0,"event_name":"World of Goop","player_choice":"Gather Gold","floor":8.0,"gold_loss":0.0,"damage_taken":11.0},{"damage_healed":0.0,"max_hp_gain":0.0,"max_hp_loss":0.0,"gold_gain":99.0,"event_name":"Nest","player_choice":"Stole From Cult","floor":19.0,"gold_loss":0.0,"damage_taken":0.0}],"is_beta":false,"boss_relics":[{"not_picked":["Fusion Hammer","SacredBark"],"picked":"Cursed Key"}],"items_purged_floors":[12],"is_endless":false,"potions_floor_spawned":[4,7,14,20],"killed_by":"Snecko","ascension_level":11}}