{"host":"39i3emxub3h8uyq3","time":1611869115,"event":{"mods":["AchievementEnabler","BaseMod","Clockwork Mod","Colored Map","Downfall","Glutton Mod","Gold Saver","Minty Spire (QoL Compilation)","StSLib","TheHeartMod"],"gold_per_floor":[630,649,662,630,630,630,640,640,640,63,79,79,79,79,79,181,181,197,212,212,212,229,229,240,240,240],"floor_reached":25,"language":"ENG","playtime":1383,"items_purged":[],"score":218,"play_id":"d7722422-d3ca-4e48-bc3d-c56f0c9fa8e3","local_time":"20210128162515","is_ascension_mode":false,"campfire_choices":[{"floor":6,"key":"REST"},{"floor":8,"key":"REST"},{"floor":15,"key":"REST"},{"floor":23,"key":"REST"}],"circlet_count":0,"master_deck":["Strike_G","Strike_G","Strike_G","Strike_G","Defend_G","Defend_G","Defend_G","Survivor","Neutralize","Dagger Spray","Noxious Fumes","Dagger Spray","Crippling Poison","Footwork","Sucker Punch","Tools of the Trade","Adrenaline+1","Footwork+1","Night Terror+1","Noxious Fumes","Terror","Pain","Dagger Spray","Crippling Poison"],"relics":["Ring of the Snake","The Specimen","StoneCalendar","Darkstone Periapt","Pear","Astrolabe","Potion Belt","WarpedTongs"],"acts_visited":["Exordium","TheCity"],"potions_floor_usage":[16,16,22],"damage_taken":[{"damage":8,"enemies":"Cultist","floor":1,"turns":5},{"damage":3,"enemies":"2 Louse","floor":2,"turns":2},{"damage":0,"enemies":"Small Slimes","floor":3,"turns":3},{"damage":13,"enemies":"Red Slaver","floor":7,"turns":3},{"damage":8,"enemies":"Blue Slaver","floor":11,"turns":4},{"damage":43,"enemies":"Slime Boss","floor":16,"turns":7},{"damage":24,"enemies":"Chosen","floor":18,"turns":7},{"damage":22,"enemies":"2 Thieves","floor":19,"turns":4},{"damage":28,"enemies":"Shelled Parasite and Fungi","floor":22,"turns":5},{"damage":12,"enemies":"Centurion and Healer","floor":24,"turns":7},{"damage":38,"enemies":"Slavers","floor":25,"turns":2}],"seed_played":"-6485111991255855332","potions_obtained":[{"floor":3,"key":"Guardian:BlockOnCardUsePotion"},{"floor":7,"key":"AttackPotion"},{"floor":19,"key":"hexamod:SoulburnPotion"}],"is_trial":false,"path_per_floor":["M","M","M","?","?","R","M","R","T","$","M","?","?","$","R","B",null,"M","M","?","?","M","R","M","E"],"character_chosen":"THE_SILENT","items_purchased":["Darkstone Periapt","Pear","Footwork"],"campfire_rested":4,"item_purchase_floors":[10,10,10],"current_hp_per_floor":[69,66,66,66,54,77,64,77,77,87,79,79,79,79,87,44,87,63,41,41,47,19,46,34,0,0],"gold":240,"neow_bonus":"TEN_PERCENT_HP_BONUS","is_daily":false,"chose_seed":false,"campfire_upgraded":0,"win_rate":0.0,"timestamp":1611869115,"path_taken":["M","M","?","?","?","R","M","R","T","$","M","?","?","$","R","BOSS","M","M","?","?","?","R","M","E"],"items_purchased_type":["Relic","Relic","Card"],"build_version":"2020-12-22","purchased_purges":0,"victory":false,"max_hp_per_floor":[77,77,77,77,77,77,77,77,77,87,87,87,87,87,87,87,87,87,87,87,93,93,93,93,93,93],"card_choices":[{"not_picked":["Prepared","Backstab"],"picked":"Dagger Spray","floor":1},{"not_picked":["Dagger Throw","Leg Sweep"],"picked":"Noxious Fumes","floor":2},{"not_picked":["Prepared","PiercingWail"],"picked":"Dagger Spray","floor":3},{"not_picked":["All Out Attack","Quick Slash"],"picked":"Crippling Poison","floor":7},{"not_picked":["Blade Dance","Dagger Throw"],"picked":"Sucker Punch","floor":11},{"not_picked":["Malaise","Burst"],"picked":"Tools of the Trade","floor":16},{"not_picked":["Riddle With Holes","Deflect"],"picked":"Noxious Fumes","floor":18},{"not_picked":["Sucker Punch","Backflip+1"],"picked":"Terror","floor":19},{"not_picked":["Footwork","Backflip+1"],"picked":"Dagger Spray","floor":22},{"not_picked":["Dodge and Roll","Footwork"],"picked":"Crippling Poison","floor":24}],"player_experience":73373,"relics_obtained":[{"floor":9,"key":"StoneCalendar"}],"event_choices":[{"damage_healed":0,"gold_gain":0,"player_choice":"Left Gold","damage_taken":0,"max_hp_gain":0,"max_hp_loss":0,"event_name":"World of Goop","floor":4,"gold_loss":32},{"damage_healed":0,"gold_gain":0,"player_choice":"Success","damage_taken":12,"relics_obtained":["The Specimen"],"max_hp_gain":0,"max_hp_loss":0,"event_name":"Scrap Ooze","floor":5,"gold_loss":0},{"damage_healed":0,"gold_gain":0,"player_choice":"Ignored","damage_taken":0,"max_hp_gain":0,"max_hp_loss":0,"event_name":"Shining Light","floor":12,"gold_loss":0},{"damage_healed":0,"gold_gain":0,"cards_transformed":["Strike_G"],"player_choice":"Transformed","damage_taken":0,"max_hp_gain":0,"max_hp_loss":0,"event_name":"Transmorgrifier","floor":13,"gold_loss":0,"cards_obtained":["Dagger Throw"]},{"damage_healed":0,"gold_gain":0,"player_choice":"Opened","damage_taken":0,"relics_obtained":["Potion Belt"],"max_hp_gain":0,"max_hp_loss":0,"event_name":"The Mausoleum","floor":20,"gold_loss":0},{"damage_healed":0,"gold_gain":0,"player_choice":"Rummage","damage_taken":0,"relics_obtained":["WarpedTongs"],"max_hp_gain":0,"max_hp_loss":0,"event_name":"Accursed Blacksmith","floor":21,"gold_loss":0,"cards_obtained":["Pain"]}],"is_beta":false,"boss_relics":[{"not_picked":["Fusion Hammer","Busted Crown"],"picked":"Astrolabe"}],"items_purged_floors":[],"is_endless":false,"potions_floor_spawned":[3,7,19],"killed_by":"Slavers","ascension_level":0}}