{"host":"xmr2g8b7eju0288o","time":1611846244,"event":{"mods":["100% Spire Juice","AchievementEnabler","BaseMod","Colored Map","Colored Powertips","KOR Keyword Fix","Minty Spire (QoL Compilation)","Quick Restart","Spicy Shops","StSLib","SuperFastMode"],"gold_per_floor":[117,117,9,9,9,9,37,64,116,132,148,167,167,179,179,252,252,267,64,76,76,76,76],"floor_reached":22,"language":"KOR","playtime":613,"items_purged":["Writhe"],"score":372,"play_id":"1199dbea-30f9-491f-afd8-6818ca43a3d5","local_time":"20210129000404","daily_mods":["Heirloom","DeadlyEvents"],"is_ascension_mode":true,"campfire_choices":[{"data":"Moonworks:EvilSpyWorkPreparation","floor":6.0,"key":"SMITH"},{"floor":13.0,"key":"REST"},{"floor":15.0,"key":"REST"}],"circlet_count":0,"master_deck":["AscendersBane","Moonworks:Strike","Moonworks:Strike","Moonworks:Defend","Moonworks:Defend","Moonworks:Defend","Moonworks:Defend","Moonworks:Ambush","Moonworks:LongDistanceShot","Moonworks:EvilSpyWorkPreparation+1","Moonworks:CloudOfSeagulls+1","Moonworks:CloudOfSeagulls","Moonworks:NicePresent","Moonworks:OutOfAmmo","Moonworks:MiracleRedBeanIceCream","Moonworks:CloudOfSeagulls"],"relics":["Moonworks:BrokenBomb","Moonworks:Homemark","Torii","Oddly Smooth Stone","Ancient Tea Set","Orichalcum","SlaversCollar","Membership Card","MealTicket"],"acts_visited":["Exordium","TheCity"],"potions_floor_usage":[18,20,22],"damage_taken":[{"damage":2.0,"enemies":"2 Louse","floor":1.0,"turns":4.0},{"damage":1.0,"enemies":"Cultist","floor":3.0,"turns":4.0},{"damage":29.0,"enemies":"3 Sentries","floor":7.0,"turns":7.0},{"damage":1.0,"enemies":"Jaw Worm","floor":10.0,"turns":4.0},{"damage":2.0,"enemies":"Looter","floor":11.0,"turns":3.0},{"damage":9.0,"enemies":"3 Louse","floor":12.0,"turns":3.0},{"damage":12.0,"enemies":"Large Slime","floor":14.0,"turns":4.0},{"damage":27,"enemies":"Hexaghost","floor":16,"turns":9},{"damage":13,"enemies":"Spheric Guardian","floor":18,"turns":6},{"damage":31,"enemies":"Chosen","floor":20,"turns":5},{"damage":6,"enemies":"Snake Plant","floor":22,"turns":1}],"seed_played":"-5183988191301249251","potions_obtained":[{"floor":3.0,"key":"FairyPotion"},{"floor":7.0,"key":"Strength Potion"},{"floor":12.0,"key":"Block Potion"},{"floor":16,"key":"LiquidMemories"},{"floor":20,"key":"ColorlessPotion"}],"is_trial":true,"path_per_floor":["M","?","M","?","$","R","E","T","T","M","M","M","R","M","R","B",null,"M","$","M","?","M"],"character_chosen":"THE_STARBREAKER","items_purchased":["Membership Card","MealTicket","Moonworks:CloudOfSeagulls"],"campfire_rested":2,"item_purchase_floors":[19,19,19],"current_hp_per_floor":[48,48,47,47,47,47,18,18,18,17,15,6,22,10,26,16,45,32,32,6,6,0,0],"gold":76,"neow_bonus":"","is_daily":false,"chose_seed":false,"campfire_upgraded":1,"win_rate":0.0,"timestamp":1611846244,"path_taken":["M","?","?","?","?","R","?","?","T","?","M","?","R","M","R","BOSS","M","$","M","?","M"],"items_purchased_type":["Relic","Relic","Card"],"build_version":"2020-12-22","purchased_purges":1,"victory":false,"max_hp_per_floor":[55,55,55,55,55,55,55,55,55,55,55,55,55,55,55,55,55,55,55,55,55,55,55],"card_choices":[{"not_picked":["Moonworks:LulusLuckyEgg","Moonworks:SweetBattle"],"picked":"Moonworks:EvilSpyWorkPreparation","floor":1.0},{"not_picked":["Moonworks:IndiscriminateFireSupport","Moonworks:EvilSpyWorkPreparation"],"picked":"Moonworks:CloudOfSeagulls","floor":3.0},{"not_picked":["Moonworks:ImOnFire","Moonworks:AngelHand"],"picked":"Moonworks:CloudOfSeagulls","floor":7.0},{"not_picked":["Moonworks:ImOnFire","Moonworks:DeployBits"],"picked":"Moonworks:NicePresent","floor":10.0},{"not_picked":["Moonworks:MixPhenomenon","Moonworks:CookingTime","Moonworks:IndiscriminateFireSupport"],"picked":"SKIP","floor":11.0},{"not_picked":["Moonworks:ImOnFire","Moonworks:SealedMemories","Moonworks:Assault"],"picked":"SKIP","floor":12.0},{"not_picked":["Moonworks:IndiscriminateFireSupport","Moonworks:EvilSpyWorkPreparation"],"picked":"Moonworks:OutOfAmmo","floor":14.0},{"not_picked":["Moonworks:MiracleWalker","Moonworks:DevilHand"],"picked":"Moonworks:MiracleRedBeanIceCream","floor":18},{"not_picked":["Moonworks:IndiscriminateFireSupport","Moonworks:DeployBits","Moonworks:CastOff+1"],"picked":"SKIP","floor":20}],"player_experience":111746,"relics_obtained":[{"floor":7.0,"key":"Oddly Smooth Stone"},{"floor":8.0,"key":"Ancient Tea Set"},{"floor":9.0,"key":"Orichalcum"}],"event_choices":[{"cards_removed":["Moonworks:Strike"],"damage_healed":0.0,"max_hp_gain":0.0,"max_hp_loss":0.0,"gold_gain":0.0,"event_name":"Bonfire Elementals","player_choice":"Offered Basic","floor":2.0,"gold_loss":0.0,"damage_taken":0.0},{"damage_healed":0.0,"max_hp_gain":0.0,"max_hp_loss":0.0,"gold_gain":0.0,"event_name":"Living Wall","player_choice":"Grow","floor":4.0,"gold_loss":0.0,"damage_taken":0.0,"cards_upgraded":["Moonworks:CloudOfSeagulls"]},{"cards_removed":["Moonworks:Strike"],"damage_healed":0,"gold_gain":0,"player_choice":"Elegance","damage_taken":0,"max_hp_gain":0,"max_hp_loss":0,"event_name":"Back to Basics","floor":21,"gold_loss":0}],"is_beta":false,"boss_relics":[{"not_picked":["Runic Pyramid","Cursed Key"],"picked":"SlaversCollar"}],"items_purged_floors":[19],"is_endless":true,"potions_floor_spawned":[3,7,11,12,16,20],"killed_by":"Snake Plant","ascension_level":20}}