{"host":"tpbmol9dayg75a5s","time":1611796146,"event":{"mods":["BaseMod","Bestiary","Block Reminder","Colored Powertips","Dark Map","Downfall","Minty Spire (QoL Compilation)","Relic Stats","Spire Arcade","StSLib"],"gold_per_floor":[99,117,128,147,247,257,326,226,239,239,239,253,253,288,300,300,300,300],"floor_reached":16,"language":"ENG","playtime":1252,"items_purged":[],"score":156,"play_id":"ce6cde5b-69c4-473f-a1c3-2eb029a5a40c","local_time":"20210127220906","is_ascension_mode":true,"campfire_choices":[{"floor":1,"key":"RECALL"},{"data":"hexamod:EmpoweredFlame","floor":8,"key":"SMITH"},{"data":"hexamod:ParanormalForm","floor":11,"key":"SMITH"}],"circlet_count":0,"master_deck":["AscendersBane","hexamod:Strike","hexamod:Strike","hexamod:Strike","hexamod:Strike","hexamod:Defend","hexamod:Defend","hexamod:Defend","hexamod:Defend","hexamod:Sear","hexamod:Float","Dark Shackles","hexamod:EtherealExpedition","hexamod:Hexaguard","hexamod:FirstSeal","hexamod:EmpoweredFlame+1","hexamod:ParanormalForm+1","hexamod:SwordOfDarkness","hexamod:TimeOfNeed","hexamod:NightmareGuise"],"relics":["hexamod:SpiritBrand","Sundial","downfall:HeartBlessingRed","Darkstone Periapt","Oddly Smooth Stone"],"acts_visited":["Exordium"],"potions_floor_usage":[9,12],"damage_taken":[{"damage":0,"enemies":"2 Louse","floor":2,"turns":3},{"damage":0,"enemies":"Small Slimes","floor":3,"turns":3},{"damage":0,"enemies":"Jaw Worm","floor":4,"turns":4},{"damage":2,"enemies":"Exordium Wildlife","floor":6,"turns":5},{"damage":2,"enemies":"Exordium Thugs","floor":9,"turns":5},{"damage":11,"enemies":"Lots of Slimes","floor":12,"turns":4},{"damage":38,"enemies":"3 Sentries","floor":14,"turns":11},{"damage":4,"enemies":"2 Fungi Beasts","floor":15,"turns":4},{"damage":40,"enemies":"SI_SHIV_ARCHETYPE","floor":16,"turns":8}],"seed_played":"8480387200770810263","potions_obtained":[{"floor":3,"key":"SteroidPotion"},{"floor":4,"key":"sneckomod:MuddlingPotion"},{"floor":6,"key":"BlessingOfTheForge"}],"is_trial":false,"path_per_floor":["R","M","M","M","?","M","T","R","M","?","R","M","T","E","M","B"],"character_chosen":"THE_SPIRIT","items_purchased":[],"campfire_rested":0,"item_purchase_floors":[],"current_hp_per_floor":[63,63,63,63,63,68,68,68,70,70,70,66,66,35,38,0,0,0],"gold":300,"neow_bonus":"RANDOM_COLORLESS","is_daily":false,"chose_seed":false,"campfire_upgraded":2,"win_rate":0.0,"timestamp":1611796146,"path_taken":["R","M","M","M","?","M","T","R","M","?","R","M","?","E","M","BOSS"],"items_purchased_type":[],"build_version":"2020-12-22","purchased_purges":0,"victory":false,"max_hp_per_floor":[70,70,70,70,70,70,70,70,70,70,70,70,70,70,70,70,70,70],"relic_stats":{"Darkstone Periapt":0,"counters":[9,47],"Sundial":[6],"obtain_stats":[{"Darkstone Periapt":13,"downfall:HeartBlessingRed":8,"Sundial":7,"Oddly Smooth Stone":14,"hexamod:SpiritBrand":0},{"Darkstone Periapt":6,"downfall:HeartBlessingRed":4,"Sundial":4,"Oddly Smooth Stone":7,"hexamod:SpiritBrand":0},{"Darkstone Periapt":24,"downfall:HeartBlessingRed":15,"Sundial":15,"Oddly Smooth Stone":35,"hexamod:SpiritBrand":0}]},"card_choices":[{"not_picked":["Forethought","Blind"],"picked":"Dark Shackles","floor":0},{"not_picked":["hexamod:SecondSeal","hexamod:HauntingEcho"],"picked":"hexamod:EtherealExpedition","floor":2},{"not_picked":["hexamod:GhostShield","hexamod:ShieldOfDarkness"],"picked":"hexamod:Hexaguard","floor":3},{"not_picked":["hexamod:GhostOfSpirePast","hexamod:ThermalTransfer"],"picked":"hexamod:FirstSeal","floor":4},{"not_picked":["hexamod:BacktrackSmack","hexamod:InspiringFlames"],"picked":"hexamod:EmpoweredFlame","floor":6},{"not_picked":["hexamod:NightmareGuise","hexamod:NightmareStrike"],"picked":"hexamod:ParanormalForm","floor":9},{"not_picked":["hexamod:RadiantFlame","hexamod:ExtraCrispy"],"picked":"hexamod:SwordOfDarkness","floor":12},{"not_picked":["hexamod:ChargedBarrage","hexamod:SoulSteal"],"picked":"hexamod:TimeOfNeed","floor":14},{"not_picked":["hexamod:SecondSeal","hexamod:BacktrackSmack"],"picked":"hexamod:NightmareGuise","floor":15}],"player_experience":1074275,"relics_obtained":[{"floor":7,"key":"Sundial"},{"floor":13,"key":"Darkstone Periapt"},{"floor":14,"key":"Oddly Smooth Stone"}],"event_choices":[],"is_beta":false,"boss_relics":[],"items_purged_floors":[],"is_endless":false,"potions_floor_spawned":[3,4,6],"killed_by":"SI_SHIV_ARCHETYPE","ascension_level":10}}