{"host":"Baz","time":1611805771,"event":{"mods":["BaseMod","Colored Map","Filter the Spire","Googly Eyes","Highlight Path","Minty Spire (QoL Compilation)","Quick Restart","Rare Cards Sparkle","Relic Stats","StSLib"],"gold_per_floor":[362,380,380,8,23,23,49,99,124,152,152,165,183,211,211,284,284,294,33,46,77,92,92,123,137,217,260,272,284,308,12,12,87,87,101,120,120,120,167,167,193,193,217,217,25,42,55,87,87,87,87,87],"floor_reached":51,"language":"ENG","playtime":3558,"items_purged":["Strike_G","Strike_G","Clumsy","Doubt"],"score":1631,"play_id":"93898f8a-8320-4439-b2c0-c6fb533ebf96","local_time":"20210127214931","is_ascension_mode":true,"campfire_choices":[{"data":"Skewer","floor":6,"key":"SMITH"},{"floor":11,"key":"REST"},{"data":"Catalyst","floor":15,"key":"SMITH"},{"data":"Bouncing Flask","floor":23,"key":"SMITH"},{"data":"Footwork","floor":28,"key":"SMITH"},{"floor":32,"key":"REST"},{"floor":40,"key":"RECALL"},{"floor":42,"key":"REST"},{"data":"Catalyst","floor":44,"key":"SMITH"},{"floor":49,"key":"REST"}],"circlet_count":0,"master_deck":["AscendersBane","Strike_G","Strike_G","Defend_G","Defend_G","Defend_G","Defend_G","Defend_G","Survivor","Neutralize","Skewer+1","Poisoned Stab","Catalyst+1","Blade Dance","Backstab","Doppelganger","Footwork+1","Deadly Poison","Night Terror","Dagger Throw+1","Dagger Spray","Bouncing Flask+1","Acrobatics","Catalyst+1","Apotheosis","Malaise","Backflip","Finesse","Trip","Well Laid Plans","Footwork","Skewer","Backflip+1","Venomology"],"relics":["Ring of the Snake","Chemical X","Toy Ornithopter","Lantern","Matryoshka","Odd Mushroom","Cursed Key","Vajra","Red Mask","Bird Faced Urn","MawBank","Mercury Hourglass","Velvet Choker","CaptainsWheel","Sundial","Happy Flower","Boot","Pen Nib"],"acts_visited":["Exordium","TheCity","TheBeyond"],"potions_floor_usage":[7,10,16,24,25,27,30,36,48,50,51,51],"damage_taken":[{"damage":0,"enemies":"2 Louse","floor":1,"turns":5},{"damage":1,"enemies":"Cultist","floor":2,"turns":4},{"damage":0,"enemies":"Small Slimes","floor":5,"turns":2},{"damage":23,"enemies":"Lagavulin","floor":7,"turns":10},{"damage":15,"enemies":"3 Sentries","floor":10,"turns":6},{"damage":0,"enemies":"Looter","floor":12,"turns":1},{"damage":0,"enemies":"Blue Slaver","floor":13,"turns":3},{"damage":2,"enemies":"The Mushroom Lair","floor":14,"turns":4},{"damage":0,"enemies":"Slime Boss","floor":16,"turns":3},{"damage":1,"enemies":"2 Thieves","floor":18,"turns":3},{"damage":11,"enemies":"Chosen","floor":20,"turns":4},{"damage":7,"enemies":"Masked Bandits","floor":21,"turns":3},{"damage":4,"enemies":"3 Cultists","floor":22,"turns":5},{"damage":9,"enemies":"Gremlin Leader","floor":24,"turns":5},{"damage":0,"enemies":"Sentry and Sphere","floor":25,"turns":2},{"damage":9,"enemies":"Slavers","floor":27,"turns":3},{"damage":6,"enemies":"Centurion and Healer","floor":30,"turns":3},{"damage":7,"enemies":"Champ","floor":33,"turns":6},{"damage":1,"enemies":"Orb Walker","floor":35,"turns":3},{"damage":4,"enemies":"3 Shapes","floor":36,"turns":4},{"damage":2,"enemies":"2 Orb Walkers","floor":39,"turns":3},{"damage":25,"enemies":"Giant Head","floor":41,"turns":6},{"damage":9,"enemies":"Spire Growth","floor":46,"turns":3},{"damage":8,"enemies":"Writhing Mass","floor":47,"turns":4},{"damage":0,"enemies":"Reptomancer","floor":48,"turns":2},{"damage":82,"enemies":"Donu and Deca","floor":50,"turns":8},{"damage":37,"enemies":"Time Eater","floor":51,"turns":6}],"seed_played":"-2318427785432960277","potions_obtained":[{"floor":5,"key":"Block Potion"},{"floor":7,"key":"DuplicationPotion"},{"floor":13,"key":"Strength Potion"},{"floor":16,"key":"GamblersBrew"},{"floor":18,"key":"PowerPotion"},{"floor":21,"key":"DuplicationPotion"},{"floor":24,"key":"Strength Potion"},{"floor":25,"key":"AttackPotion"},{"floor":27,"key":"Strength Potion"},{"floor":36,"key":"FairyPotion"},{"floor":39,"key":"DuplicationPotion"},{"floor":48,"key":"LiquidMemories"}],"is_trial":false,"path_per_floor":["M","M","?","$","M","R","E","?","T","E","R","M","M","?","R","B",null,"M","$","M","?","M","R","E","M","T","E","R","?","M","$","R","B",null,"M","M","?","?","?","R","E","R","T","R","$","M","M","E","R","B","B"],"character_chosen":"THE_SILENT","items_purchased":["Chemical X","Catalyst","Explosive Potion","Vajra","Apotheosis","Footwork"],"campfire_rested":4,"item_purchase_floors":[4,4,4,19,31,45],"current_hp_per_floor":[59,58,40,40,40,40,17,17,17,7,25,25,25,23,23,28,52,51,51,40,33,29,29,25,32,32,30,30,14,15,15,34,29,56,57,58,48,48,46,46,23,42,42,42,42,37,35,42,61,19,0,0],"gold":87,"neow_bonus":"TWO_FIFTY_GOLD","is_daily":false,"chose_seed":false,"campfire_upgraded":5,"win_rate":0.0,"timestamp":1611805771,"path_taken":["M","M","?","$","M","R","E","?","T","E","R","M","?","?","R","BOSS","M","$","M","?","M","R","E","M","T","E","R","?","M","$","R","BOSS","M","M","?","?","?","R","E","R","T","R","$","M","?","E","R","BOSS","BOSS"],"items_purchased_type":["Relic","Card","Potion","Relic","Card","Card"],"build_version":"2020-12-18","purchased_purges":4,"victory":false,"max_hp_per_floor":[60,60,60,60,60,60,60,60,60,60,60,60,60,60,60,60,60,60,60,60,60,60,60,60,60,60,60,60,65,65,65,65,65,65,65,65,65,65,65,65,65,65,65,65,65,65,65,65,65,65,65,65],"relic_stats":{"Happy Flower":[7],"counters":[27,110],"Pen Nib":[1],"Cursed Key":2,"MawBank":60,"Boot":[7],"Mercury Hourglass":[162],"Sundial":[0],"Bird Faced Urn":[36],"Chemical X":[59],"obtain_stats":[{"Lantern":9,"Happy Flower":43,"Vajra":19,"Velvet Choker":34,"Pen Nib":48,"Odd Mushroom":14,"Cursed Key":17,"MawBank":26,"Boot":43,"Mercury Hourglass":27,"CaptainsWheel":39,"Matryoshka":10,"Sundial":41,"Bird Faced Urn":24,"Red Mask":21,"Chemical X":4,"Toy Ornithopter":7,"Ring of the Snake":0},{"Lantern":4,"Happy Flower":22,"Vajra":10,"Velvet Choker":18,"Pen Nib":25,"Odd Mushroom":8,"Cursed Key":9,"MawBank":15,"Boot":22,"Mercury Hourglass":16,"CaptainsWheel":21,"Matryoshka":5,"Sundial":22,"Bird Faced Urn":14,"Red Mask":12,"Chemical X":2,"Toy Ornithopter":4,"Ring of the Snake":0},{"Lantern":21,"Happy Flower":87,"Vajra":41,"Velvet Choker":71,"Pen Nib":96,"Odd Mushroom":35,"Cursed Key":38,"MawBank":60,"Boot":87,"Mercury Hourglass":63,"CaptainsWheel":81,"Matryoshka":27,"Sundial":87,"Bird Faced Urn":58,"Red Mask":48,"Chemical X":9,"Toy Ornithopter":21,"Ring of the Snake":0}],"Toy Ornithopter":55,"Ring of the Snake":[54]},"card_choices":[{"not_picked":["Dodge and Roll","Leg Sweep"],"picked":"Skewer","floor":1},{"not_picked":["Outmaneuver","Flechettes"],"picked":"Poisoned Stab","floor":2},{"not_picked":["Finisher","Escape Plan"],"picked":"Blade Dance","floor":5},{"not_picked":["Backflip","Setup"],"picked":"Backstab","floor":7},{"not_picked":["Distraction","Escape Plan","Finisher"],"picked":"SKIP","floor":10},{"not_picked":["Concentrate","Bane"],"picked":"Doppelganger","floor":12},{"not_picked":["Setup","Calculated Gamble"],"picked":"Footwork","floor":13},{"not_picked":["Outmaneuver","Acrobatics"],"picked":"Deadly Poison","floor":14},{"not_picked":["Die Die Die","Phantasmal Killer"],"picked":"Night Terror","floor":16},{"not_picked":["Accuracy","Prepared"],"picked":"Dagger Throw+1","floor":18},{"not_picked":["Flechettes","Infinite Blades"],"picked":"Dagger Spray","floor":20},{"not_picked":["Bane","Escape Plan"],"picked":"Bouncing Flask","floor":21},{"not_picked":["Blade Dance","Heel Hook+1","Outmaneuver"],"picked":"SKIP","floor":22},{"not_picked":["Dash","Flying Knee"],"picked":"Acrobatics","floor":24},{"not_picked":["Infinite Blades+1","All Out Attack","Quick Slash"],"picked":"SKIP","floor":25},{"not_picked":["Flechettes","Bane+1","Flying Knee"],"picked":"SKIP","floor":27},{"not_picked":["Dodge and Roll","Masterful Stab"],"picked":"Catalyst","floor":30},{"not_picked":["Bullet Time","Glass Knife"],"picked":"Malaise","floor":33},{"not_picked":["Outmaneuver","Backstab","Cloak And Dagger"],"picked":"SKIP","floor":35},{"not_picked":["Predator","Prepared+1"],"picked":"Backflip","floor":36},{"not_picked":["Jack Of All Trades","Metamorphosis"],"picked":"Finesse","floor":37},{"not_picked":["Impatience","Dramatic Entrance"],"picked":"Trip","floor":37},{"not_picked":["PiercingWail","Sucker Punch"],"picked":"Well Laid Plans","floor":41},{"not_picked":["Heel Hook","Deadly Poison"],"picked":"Skewer","floor":46},{"not_picked":["Cloak And Dagger+1","Tactician"],"picked":"Backflip+1","floor":47},{"not_picked":["Quick Slash+1","Deflect"],"picked":"Venomology","floor":48}],"player_experience":1299611,"relics_obtained":[{"floor":7,"key":"Toy Ornithopter"},{"floor":9,"key":"Lantern"},{"floor":10,"key":"Matryoshka"},{"floor":14,"key":"Odd Mushroom"},{"floor":21,"key":"Red Mask"},{"floor":24,"key":"Bird Faced Urn"},{"floor":26,"key":"MawBank"},{"floor":27,"key":"Mercury Hourglass"},{"floor":39,"key":"CaptainsWheel"},{"floor":41,"key":"Sundial"},{"floor":43,"key":"Happy Flower"},{"floor":43,"key":"Boot"},{"floor":48,"key":"Pen Nib"}],"event_choices":[{"damage_healed":0,"gold_gain":0,"player_choice":"Fled","damage_taken":18,"max_hp_gain":0,"max_hp_loss":0,"event_name":"Scrap Ooze","floor":3,"gold_loss":0},{"damage_healed":0,"gold_gain":50,"player_choice":"Pray","damage_taken":0,"max_hp_gain":0,"max_hp_loss":0,"event_name":"Golden Shrine","floor":8,"gold_loss":0},{"damage_healed":0,"gold_gain":0,"player_choice":"Fought Mushrooms","damage_taken":0,"max_hp_gain":0,"max_hp_loss":0,"event_name":"Mushrooms","floor":14,"gold_loss":0},{"damage_healed":0,"gold_gain":0,"player_choice":"Fought Bandits","damage_taken":0,"max_hp_gain":0,"max_hp_loss":0,"event_name":"Masked Bandits","floor":21,"gold_loss":0},{"damage_healed":0,"gold_gain":0,"player_choice":"Shed Blood","damage_taken":21,"max_hp_gain":5,"max_hp_loss":0,"event_name":"Forgotten Altar","floor":29,"gold_loss":0},{"damage_healed":0,"gold_gain":0,"player_choice":"Memory 3","damage_taken":10,"max_hp_gain":0,"max_hp_loss":0,"event_name":"SensoryStone","floor":37,"gold_loss":0},{"cards_removed":["Strike_G"],"damage_healed":0,"gold_gain":0,"player_choice":"Removed Attack","damage_taken":0,"max_hp_gain":0,"max_hp_loss":0,"event_name":"Falling","floor":38,"gold_loss":0},{"damage_healed":0,"gold_gain":0,"player_choice":"Fight","damage_taken":0,"max_hp_gain":0,"max_hp_loss":0,"event_name":"Mysterious Sphere","floor":39,"gold_loss":0}],"is_beta":true,"boss_relics":[{"not_picked":["WristBlade","HoveringKite"],"picked":"Cursed Key"},{"not_picked":["Empty Cage","Runic Dome"],"picked":"Velvet Choker"}],"items_purged_floors":[4,19,31,45],"is_endless":false,"potions_floor_spawned":[5,7,13,14,16,18,21,24,25,27,36,39,46,48],"killed_by":"Time Eater","ascension_level":20}}