{"host":"guv5thfpx4d8ikzb","time":1611847749,"event":{"mods":["2.2 Compatiblity","AchievementEnabler","BaseMod","Block Reminder","Colored Map","Colored Powertips","Downfall","Minty Spire (QoL Compilation)","Permanent Neow","Quick Restart","Relic Stats","StSLib"],"gold_per_floor":[99,119,119,131,141,391,418,86,112,128,128,147,178,178,197,298,298,298,314,332,83,94,128,128,28,45,75,92,117,132,167,178,291,291,191,212,1211,1237,1087,1110,1135,1161,1161,1187,1200,1227,454,499,522,522,522,561,2057,2057,2057,2057],"floor_reached":57,"language":"ENG","playtime":4699,"items_purged":["champ:Strike","champ:Strike","champ:Strike","champ:Strike+1"],"score":2154,"play_id":"c3dbdc0a-bd81-4fcc-88b1-f37375d25099","local_time":"20210128102909","is_ascension_mode":true,"campfire_choices":[{"floor":1,"key":"RECALL"},{"data":"champ:Taunt","floor":6,"key":"SMITH"},{"data":"champ:BerserkerStyle","floor":11,"key":"SMITH"},{"data":"champ:SwordThrow","floor":18,"key":"SMITH"},{"data":"champ:FanOfKnives","floor":25,"key":"SMITH"},{"data":"champ:TripleStrike","floor":35,"key":"SMITH"},{"data":"champ:HeartStrike","floor":43,"key":"SMITH"},{"data":"champ:Execute","floor":54,"key":"SMITH"}],"circlet_count":0,"master_deck":["champ:Defend","champ:Defend+1","champ:Defend","champ:Defend+1","champ:Execute+1","champ:Taunt+1","champ:Endure+1","champ:BerserkersShout+1","champ:Encircle+1","champ:BringItOn+1","champ:FanOfKnives+1","champ:StanceDance+1","champ:BerserkerStyle+1","champ:BerserkerStyle+1","champ:ShieldSigil+1","champ:RageSigil+1","champ:HeartStrike+1","champ:SwordThrow+1","champ:EnGarde+1","champ:RecklessLeap+1","champ:ShieldSigil+1","champ:SwordSigil+1","champ:CrookedStrike+1","champ:Haymaker+1","champ:ArenaPreparation+1","champ:AdrenalArmor+1","champ:CalledShot+1","champ:FocusedBerserking+1","champ:TripleStrike+1","champ:ShieldSlam+1","champ:RageSigil+1","champ:ShieldSigil+1","champ:RageSigil+1","champ:ShieldSigil+1","champ:AdrenalArmor+1","champ:Backstep+1","champ:DancingMaster+1","champ:BerserkersShout+1","champ:CalledShot+1"],"relics":["Toxic Egg 2","Black Star","Sozu","downfall:HeartBlessingRed","bronze:BronzeIdol","Anchor","Art of War","War Paint","Guardian:PocketSentry","Toy Ornithopter","Runic Pyramid","Ornamental Fan","champ:FightingForDummies","Bag of Preparation","Centennial Puzzle","downfall:HeartBlessingBlue","Pocketwatch","Omamori","Tiny Chest","Dream Catcher","CeramicFish","expansioncontent:StudyCardRelic","downfall:HeartBlessingGreen","The Courier","Akabeko","Ice Cream","Strawberry","Oddly Smooth Stone","Juzu Bracelet","champ:BerserkersGuideToSlaughter","Blood Vial","Orichalcum","Pen Nib","Lantern","Eternal Feather","Torii","FossilizedHelix","PreservedInsect","Sundial","Gambling Chip","champ:DefensiveTrainingManual","hexamod:BolsterEngine","Happy Flower","Whetstone","Lee\u0027s Waffle","champ:SpectersHand","Bag of Marbles","InkBottle","StrikeDummy","StoneCalendar","Shuriken","Letter Opener","Pear","Mummified Hand","Incense Burner","Lizard Tail","Bird Faced Urn","Boot","Pantograph","White Beast Statue","Gremlin Horn","hexamod:CandleOfCauterizing","Kunai","Thread and Needle","Ginger","Mercury Hourglass","Bottled Tornado","TungstenRod","CaptainsWheel","champ:GladiatorsBookOfMartialProwess","hexamod:Sixitude","Mango","Guardian:GemstoneGun","Calipers","Du-Vu Doll","Unceasing Top","champ:SignatureFinisher","champ:DuelingGlove","Turnip"],"acts_visited":["Exordium","TheCity","TheBeyond","TheEnding"],"potions_floor_usage":[],"damage_taken":[{"damage":15,"enemies":"Cultist","floor":2,"turns":4},{"damage":25,"enemies":"Small Slimes","floor":4,"turns":4},{"damage":16,"enemies":"2 Louse","floor":5,"turns":2},{"damage":30,"enemies":"downfall:FleeingMerchant","floor":8,"turns":4},{"damage":28,"enemies":"Gremlin Nob","floor":9,"turns":4},{"damage":12,"enemies":"2 Fungi Beasts","floor":10,"turns":2},{"damage":29,"enemies":"Lots of Slimes","floor":12,"turns":3},{"damage":68,"enemies":"3 Sentries","floor":13,"turns":4},{"damage":54,"enemies":"Large Slime","floor":15,"turns":3},{"damage":145,"enemies":"DF_ARCHETYPE_STREAMLINE","floor":16,"turns":7},{"damage":68,"enemies":"Chosen","floor":19,"turns":4},{"damage":68,"enemies":"3 Byrds","floor":20,"turns":4},{"damage":88,"enemies":"downfall:FleeingMerchant","floor":21,"turns":4},{"damage":68,"enemies":"3 Cultists","floor":22,"turns":3},{"damage":100,"enemies":"Book of Stabbing","floor":23,"turns":3},{"damage":96,"enemies":"Centurion and Healer","floor":26,"turns":2},{"damage":38,"enemies":"Gremlin Leader","floor":27,"turns":2},{"damage":94,"enemies":"Sentry and Sphere","floor":28,"turns":2},{"damage":90,"enemies":"Cultist and Chosen","floor":30,"turns":2},{"damage":94,"enemies":"Book of Stabbing","floor":31,"turns":3},{"damage":87,"enemies":"3 Cultists","floor":32,"turns":3},{"damage":168,"enemies":"SI_MIRROR_ARCHETYPE","floor":33,"turns":4},{"damage":180,"enemies":"3 Shapes","floor":36,"turns":2},{"damage":123,"enemies":"3 Darklings","floor":38,"turns":3},{"damage":72,"enemies":"Jaw Worm Horde","floor":40,"turns":2},{"damage":127,"enemies":"Nemesis","floor":42,"turns":3},{"damage":299,"enemies":"Transient","floor":44,"turns":5},{"damage":167,"enemies":"Writhing Mass","floor":45,"turns":3},{"damage":198,"enemies":"Giant Head","floor":46,"turns":4},{"damage":121,"enemies":"Nemesis","floor":48,"turns":3},{"damage":140,"enemies":"Sphere and 2 Shapes","floor":49,"turns":3},{"damage":335,"enemies":"WA_ARCHETYPE_DIVINITY","floor":50,"turns":7},{"damage":0,"enemies":"downfall:CharBossMerchant","floor":52,"turns":1},{"damage":135,"enemies":"downfall:NeowBoss","floor":55,"turns":3},{"damage":0,"enemies":"downfall:NeowBossFinal","floor":56,"turns":2}],"seed_played":"-7274412254114907179","potions_obtained":[],"is_trial":false,"path_per_floor":["R","M","?","M","M","R","T","$","E","M","R","M","E","?","M","B",null,"R","M","M","$","M","E","T","R","M","E","M","T","M","E","M","B",null,"R","M","?","M","?","M","T","E","R","M","M","E","$","E","M","B",null,"E","$","R","B","B",null],"character_chosen":"THE_CHAMP","items_purchased":["champ:BerserkerStyle","Anchor","champ:FanOfKnives","champ:SwordSigil+1","Ornamental Fan","champ:FightingForDummies","champ:BerserkersGuideToSlaughter","Blood Vial","Orichalcum","Pen Nib","Lantern","champ:ShieldSigil+1","champ:AdrenalArmor+1","champ:Backstep+1","Sundial","Gambling Chip","champ:DefensiveTrainingManual","hexamod:BolsterEngine","Happy Flower","Whetstone","Lee\u0027s Waffle","champ:SpectersHand","Bag of Marbles","InkBottle","StrikeDummy","StoneCalendar","Shuriken","Letter Opener","Pear","Mummified Hand","Incense Burner","Lizard Tail","Bird Faced Urn","Boot","Pantograph","White Beast Statue","Gremlin Horn","hexamod:CandleOfCauterizing","Kunai","Thread and Needle","Ginger","Mercury Hourglass","Bottled Tornado","TungstenRod","CaptainsWheel","champ:GladiatorsBookOfMartialProwess","hexamod:Sixitude","Mango","Guardian:GemstoneGun","Calipers","Du-Vu Doll","Unceasing Top","champ:SignatureFinisher","champ:DuelingGlove","Turnip"],"campfire_rested":0,"item_purchase_floors":[8,8,8,21,21,21,47,47,47,47,47,47,47,47,53,53,53,53,53,53,53,53,53,53,53,53,53,53,53,53,53,53,53,53,53,53,53,53,53,53,53,53,53,53,53,53,53,53,53,53,53,53,53,53,53],"current_hp_per_floor":[90,90,95,95,94,94,94,94,81,81,81,81,81,81,81,81,92,92,92,92,92,92,87,87,97,97,95,95,95,95,88,88,88,101,101,101,101,105,115,115,115,122,122,122,122,122,122,122,122,121,122,122,153,153,153,153],"gold":2057,"neow_bonus":"BOSS_RELIC","is_daily":false,"chose_seed":false,"campfire_upgraded":7,"win_rate":0.0,"timestamp":1611847749,"path_taken":["R","M","?","M","M","R","T","$","E","M","R","M","E","?","M","BOSS","R","M","M","$","M","E","T","R","?","E","M","?","M","E","M","BOSS","R","M","?","M","?","M","T","E","R","M","?","E","$","E","M","BOSS","E","$","R","BOSS","BOSS"],"items_purchased_type":["Card","Relic","Card","Card","Relic","Relic","Relic","Relic","Relic","Relic","Relic","Card","Card","Card","Relic","Relic","Relic","Relic","Relic","Relic","Relic","Relic","Relic","Relic","Relic","Relic","Relic","Relic","Relic","Relic","Relic","Relic","Relic","Relic","Relic","Relic","Relic","Relic","Relic","Relic","Relic","Relic","Relic","Relic","Relic","Relic","Relic","Relic","Relic","Relic","Relic","Relic","Relic","Relic","Relic"],"build_version":"2020-12-22","purchased_purges":4,"victory":true,"max_hp_per_floor":[90,90,95,95,95,95,95,95,95,95,95,95,95,95,95,95,95,95,95,95,95,95,95,95,105,105,105,105,105,105,105,105,105,105,105,105,105,105,115,115,115,122,122,122,122,122,122,122,122,122,122,122,153,153,153,153],"relic_stats":{"Torii":3,"Gremlin Horn":[3,3],"CeramicFish":117,"StoneCalendar":[0],"Bag of Preparation":[40],"Juzu Bracelet":0,"Whetstone":["champ:Strike","champ:Encircle"],"Ginger":[3],"Boot":[0],"Sozu":21,"Blood Vial":0,"Centennial Puzzle":[53],"Dream Catcher":0,"Lizard Tail":0,"Sundial":[0],"Mummified Hand":[4],"Gambling Chip":[2],"Pantograph":0,"Tiny Chest":0,"Kunai":[2],"InkBottle":[3],"Lee\u0027s Waffle":7,"Happy Flower":[1],"counters":[35,114],"Eternal Feather":0,"Pen Nib":[2],"PreservedInsect":0,"Letter Opener":[14],"War Paint":["champ:Defend","champ:Defend"],"Orichalcum":[12],"Mercury Hourglass":[9],"Ornamental Fan":[80],"Shuriken":[2],"Bird Faced Urn":[0],"Turnip":[3],"Black Star":9,"Art of War":[13],"obtain_stats":[{"Ice Cream":42,"champ:DuelingGlove":53,"Calipers":53,"Gremlin Horn":53,"CeramicFish":31,"downfall:HeartBlessingGreen":35,"Whetstone":53,"Ginger":53,"Bottled Tornado":53,"Boot":53,"Sozu":0,"Blood Vial":47,"Centennial Puzzle":23,"Lizard Tail":53,"Sundial":53,"champ:DefensiveTrainingManual":53,"Strawberry":42,"Kunai":53,"Toxic Egg 2":0,"champ:FightingForDummies":21,"Pear":53,"Happy Flower":53,"Velvet Choker":0,"Oddly Smooth Stone":46,"Eternal Feather":48,"Pen Nib":47,"Guardian:PocketSentry":13,"Letter Opener":53,"War Paint":9,"Akabeko":41,"Du-Vu Doll":53,"Shuriken":53,"Bird Faced Urn":53,"champ:SignatureFinisher":53,"Black Star":0,"StrikeDummy":53,"Unceasing Top":53,"Pocketwatch":27,"Lantern":47,"Torii":48,"champ:ChampionCrown":0,"StoneCalendar":53,"Mango":53,"Bag of Preparation":23,"expansioncontent:StudyCardRelic":34,"Juzu Bracelet":46,"Incense Burner":53,"Dream Catcher":31,"downfall:HeartBlessingBlue":25,"Mummified Hand":53,"Gambling Chip":53,"Pantograph":53,"Tiny Chest":29,"champ:BerserkersGuideToSlaughter":47,"InkBottle":53,"Runic Pyramid":17,"Lee\u0027s Waffle":53,"hexamod:CandleOfCauterizing":53,"downfall:HeartBlessingRed":6,"Guardian:GemstoneGun":53,"hexamod:Sixitude":53,"Thread and Needle":53,"The Courier":38,"PreservedInsect":52,"Omamori":27,"Orichalcum":47,"White Beast Statue":53,"bronze:BronzeIdol":7,"Mercury Hourglass":53,"champ:GladiatorsBookOfMartialProwess":53,"Anchor":8,"CaptainsWheel":53,"Ornamental Fan":21,"Turnip":53,"Art of War":9,"Bag of Marbles":53,"hexamod:BolsterEngine":53,"Toy Ornithopter":13,"FossilizedHelix":52,"champ:SpectersHand":53,"TungstenRod":53},{"Ice Cream":26,"champ:DuelingGlove":33,"Calipers":33,"Gremlin Horn":33,"CeramicFish":20,"downfall:HeartBlessingGreen":22,"Whetstone":33,"Ginger":33,"Bottled Tornado":33,"Boot":33,"Sozu":0,"Blood Vial":29,"Centennial Puzzle":15,"Lizard Tail":33,"Sundial":33,"champ:DefensiveTrainingManual":33,"Strawberry":26,"Kunai":33,"Toxic Egg 2":0,"champ:FightingForDummies":13,"Pear":33,"Happy Flower":33,"Velvet Choker":0,"Oddly Smooth Stone":29,"Eternal Feather":30,"Pen Nib":29,"Guardian:PocketSentry":8,"Letter Opener":33,"War Paint":5,"Akabeko":25,"Du-Vu Doll":33,"Shuriken":33,"Bird Faced Urn":33,"champ:SignatureFinisher":33,"Black Star":0,"StrikeDummy":33,"Unceasing Top":33,"Pocketwatch":17,"Lantern":29,"Torii":30,"champ:ChampionCrown":0,"StoneCalendar":33,"Mango":33,"Bag of Preparation":15,"expansioncontent:StudyCardRelic":22,"Juzu Bracelet":29,"Incense Burner":33,"Dream Catcher":20,"downfall:HeartBlessingBlue":15,"Mummified Hand":33,"Gambling Chip":33,"Pantograph":33,"Tiny Chest":18,"champ:BerserkersGuideToSlaughter":29,"InkBottle":33,"Runic Pyramid":10,"Lee\u0027s Waffle":33,"hexamod:CandleOfCauterizing":33,"downfall:HeartBlessingRed":3,"Guardian:GemstoneGun":33,"hexamod:Sixitude":33,"Thread and Needle":33,"The Courier":24,"PreservedInsect":33,"Omamori":17,"Orichalcum":29,"White Beast Statue":33,"bronze:BronzeIdol":3,"Mercury Hourglass":33,"champ:GladiatorsBookOfMartialProwess":33,"Anchor":4,"CaptainsWheel":33,"Ornamental Fan":13,"Turnip":33,"Art of War":5,"Bag of Marbles":33,"hexamod:BolsterEngine":33,"Toy Ornithopter":8,"FossilizedHelix":33,"champ:SpectersHand":33,"TungstenRod":33},{"Ice Cream":83,"champ:DuelingGlove":109,"Calipers":109,"Gremlin Horn":109,"CeramicFish":66,"downfall:HeartBlessingGreen":73,"Whetstone":109,"Ginger":109,"Bottled Tornado":109,"Boot":109,"Sozu":0,"Blood Vial":95,"Centennial Puzzle":55,"Lizard Tail":109,"Sundial":109,"champ:DefensiveTrainingManual":109,"Strawberry":83,"Kunai":109,"Toxic Egg 2":0,"champ:FightingForDummies":49,"Pear":109,"Happy Flower":109,"Velvet Choker":0,"Oddly Smooth Stone":95,"Eternal Feather":98,"Pen Nib":95,"Guardian:PocketSentry":27,"Letter Opener":109,"War Paint":18,"Akabeko":80,"Du-Vu Doll":109,"Shuriken":109,"Bird Faced Urn":109,"champ:SignatureFinisher":109,"Black Star":0,"StrikeDummy":109,"Unceasing Top":109,"Pocketwatch":59,"Lantern":95,"Torii":98,"champ:ChampionCrown":0,"StoneCalendar":109,"Mango":109,"Bag of Preparation":55,"expansioncontent:StudyCardRelic":73,"Juzu Bracelet":95,"Incense Burner":109,"Dream Catcher":66,"downfall:HeartBlessingBlue":55,"Mummified Hand":109,"Gambling Chip":109,"Pantograph":109,"Tiny Chest":61,"champ:BerserkersGuideToSlaughter":95,"InkBottle":109,"Runic Pyramid":37,"Lee\u0027s Waffle":109,"hexamod:CandleOfCauterizing":109,"downfall:HeartBlessingRed":10,"Guardian:GemstoneGun":109,"hexamod:Sixitude":109,"Thread and Needle":109,"The Courier":76,"PreservedInsect":109,"Omamori":59,"Orichalcum":95,"White Beast Statue":109,"bronze:BronzeIdol":10,"Mercury Hourglass":109,"champ:GladiatorsBookOfMartialProwess":109,"Anchor":14,"CaptainsWheel":109,"Ornamental Fan":49,"Turnip":109,"Art of War":18,"Bag of Marbles":109,"hexamod:BolsterEngine":109,"Toy Ornithopter":27,"FossilizedHelix":109,"champ:SpectersHand":109,"TungstenRod":109}],"Toy Ornithopter":0,"TungstenRod":17,"Unceasing Top":[0],"Pocketwatch":[0]},"card_choices":[{"not_picked":["champ:ShieldSigil+1","champ:Parry+1"],"picked":"champ:Endure+1","floor":2},{"not_picked":["champ:FlashCut","champ:CrownThrow"],"picked":"champ:BerserkersShout+1","floor":4},{"not_picked":["champ:PreciseThrust","champ:DefensiveStyle"],"picked":"champ:Encircle","floor":5},{"not_picked":["champ:ShieldSigil+1","champ:DefensiveStyle"],"picked":"champ:BringItOn+1","floor":8},{"not_picked":["champ:BringItOn+1","champ:PerfectedStrike"],"picked":"champ:BerserkerStyle","floor":9},{"not_picked":["champ:ViciousMockery+1","champ:DefensiveShout+1"],"picked":"champ:StanceDance+1","floor":10},{"not_picked":["champ:DancingMaster","champ:Shatter"],"picked":"champ:ShieldSigil+1","floor":12},{"not_picked":["champ:RisingSlash","champ:FaceSlap"],"picked":"champ:RageSigil+1","floor":13},{"not_picked":["champ:SetATrap+1","champ:BladeFlurry"],"picked":"champ:HeartStrike","floor":15},{"not_picked":["champ:IgnorePain+1","champ:HeavySlash"],"picked":"champ:SwordThrow","floor":16},{"not_picked":["champ:GutPunch","champ:Circumvent+1"],"picked":"champ:EnGarde+1","floor":19},{"not_picked":["champ:Haymaker","champ:Shatter"],"picked":"champ:RecklessLeap+1","floor":20},{"not_picked":["champ:ShieldThrow","champ:GutPunch"],"picked":"champ:ShieldSigil+1","floor":21},{"not_picked":["champ:FalseCounter+1","champ:PreemptiveStrike"],"picked":"champ:CrookedStrike+1","floor":22},{"not_picked":["champ:MurderStrike","champ:Devastate","champ:Haymaker"],"picked":"SKIP","floor":23},{"not_picked":["champ:CrookedStrike","champ:EnGarde+1"],"picked":"champ:Haymaker+1","floor":26},{"not_picked":["champ:CrownThrow","champ:Circumvent+1"],"picked":"champ:ArenaPreparation+1","floor":27},{"not_picked":["champ:FanOfKnives","champ:FlashCut"],"picked":"champ:AdrenalArmor+1","floor":28},{"not_picked":["champ:PreciseThrust","champ:CrownThrow"],"picked":"champ:CalledShot+1","floor":30},{"not_picked":["champ:CrownThrow","champ:EnragedBash"],"picked":"champ:FocusedBerserking+1","floor":31},{"not_picked":["champ:RisingSlash","champ:MurderStrike","champ:StanceDance+1"],"picked":"SKIP","floor":32},{"not_picked":["champ:EnchantSword+1","champ:EnchantCrown+1"],"picked":"champ:TripleStrike","floor":33},{"not_picked":["champ:SwordSigil+1","champ:RageSigil+1"],"picked":"champ:ShieldSlam+1","floor":36},{"not_picked":["champ:ShieldWall+1","champ:Endure+1"],"picked":"champ:RageSigil+1","floor":38},{"not_picked":["champ:CrookedStrike","champ:SkillfulDodge+1"],"picked":"champ:ShieldSigil+1","floor":40},{"not_picked":["champ:FanOfKnives+1","champ:ArenaPreparation+1","champ:EnragedBash"],"picked":"SKIP","floor":42},{"not_picked":["champ:Haymaker+1","champ:FanOfKnives+1"],"picked":"champ:RageSigil+1","floor":44},{"not_picked":["champ:CrownThrow+1","champ:BladeFlurry","champ:GutPunch"],"picked":"SKIP","floor":45},{"not_picked":["champ:Shatter","champ:BladeFlurry","champ:GutPunch"],"picked":"SKIP","floor":46},{"not_picked":["champ:BringItOn+1","champ:FancyFootwork+1"],"picked":"champ:DancingMaster","floor":48},{"not_picked":["champ:FocusedBerserking+1","champ:Circumvent+1"],"picked":"champ:BerserkersShout+1","floor":49},{"not_picked":["champ:SwordThrow","champ:TornadoPunch"],"picked":"champ:CalledShot+1","floor":52}],"player_experience":1123876,"relics_obtained":[{"floor":7,"key":"bronze:BronzeIdol"},{"floor":9,"key":"Art of War"},{"floor":9,"key":"War Paint"},{"floor":13,"key":"Guardian:PocketSentry"},{"floor":13,"key":"Toy Ornithopter"},{"floor":23,"key":"Bag of Preparation"},{"floor":23,"key":"Centennial Puzzle"},{"floor":27,"key":"Pocketwatch"},{"floor":27,"key":"Omamori"},{"floor":29,"key":"Tiny Chest"},{"floor":31,"key":"Dream Catcher"},{"floor":31,"key":"CeramicFish"},{"floor":41,"key":"Akabeko"},{"floor":42,"key":"Ice Cream"},{"floor":42,"key":"Strawberry"},{"floor":46,"key":"Oddly Smooth Stone"},{"floor":46,"key":"Juzu Bracelet"},{"floor":48,"key":"Eternal Feather"},{"floor":48,"key":"Torii"},{"floor":52,"key":"FossilizedHelix"},{"floor":52,"key":"PreservedInsect"}],"event_choices":[{"damage_healed":0,"gold_gain":0,"player_choice":"Donut","damage_taken":0,"max_hp_gain":5,"max_hp_loss":0,"event_name":"Big Fish","floor":3,"gold_loss":0},{"damage_healed":0,"gold_gain":0,"player_choice":"Got Potions","damage_taken":0,"max_hp_gain":0,"max_hp_loss":0,"event_name":"Lab","floor":14,"gold_loss":0}],"is_beta":false,"boss_relics":[{"not_picked":["Busted Crown","bronze:MakeshiftBattery"],"picked":"Runic Pyramid"},{"not_picked":["Calling Bell","champ:PowerArmor"],"picked":"expansioncontent:StudyCardRelic"}],"items_purged_floors":[8,21,47,53],"is_endless":false,"potions_floor_spawned":[2,4,9,10,13,22,23,27,28,31,32,36,40,42,44,45,49,52],"ascension_level":5}}