{"host":"63yhhrjweyj22b0v","time":1611819133,"event":{"mods":["BaseMod","Minty Spire (QoL Compilation)","Quick Restart"],"gold_per_floor":[117,19,19,33,43,43,43,43,43,73,91,91,102,118,118,223,223,238,238,256,273,11,11,11,336,361,361,46,46,17,17,17,117,117,137,187,187,187,206,206,206],"floor_reached":40,"language":"ENG","playtime":980,"items_purged":["Defend_B"],"score":447,"play_id":"89a08fa6-90de-49c3-a2a4-405be10591ab","local_time":"20210128013213","is_ascension_mode":true,"campfire_choices":[{"data":"Zap","floor":6,"key":"SMITH"},{"data":"Static Discharge","floor":12,"key":"SMITH"},{"floor":15,"key":"REST"},{"data":"Defragment","floor":23,"key":"SMITH"},{"floor":27,"key":"REST"},{"floor":32,"key":"REST"}],"circlet_count":0,"master_deck":["Strike_B","Strike_B","Strike_B","Defend_B","Defend_B","Defend_B","Zap+1","Dualcast","Conserve Battery","Go for the Eyes","Zap+1","Lockon","Redo","Static Discharge+1","Ball Lightning","Chaos","Rip and Tear","Electrodynamics","Defragment","Defragment+1","Consume+1","Defragment","Storm","Creative AI","FTL","Self Repair"],"relics":["Cracked Core","NeowsBlessing","Akabeko","SlaversCollar","Mummified Hand","Torii","Old Coin","Centennial Puzzle","Membership Card","Cables","MawBank","Du-Vu Doll"],"acts_visited":["Exordium","TheCity","TheBeyond"],"potions_floor_usage":[13,20,21,25,33,39],"damage_taken":[{"damage":0,"enemies":"Small Slimes","floor":1,"turns":1},{"damage":0,"enemies":"Cultist","floor":4,"turns":1},{"damage":0,"enemies":"Jaw Worm","floor":5,"turns":1},{"damage":20,"enemies":"3 Sentries","floor":10,"turns":7},{"damage":0,"enemies":"Large Slime","floor":11,"turns":4},{"damage":1,"enemies":"3 Louse","floor":13,"turns":2},{"damage":5,"enemies":"Blue Slaver","floor":14,"turns":2},{"damage":21,"enemies":"Slime Boss","floor":16,"turns":8},{"damage":6,"enemies":"Shell Parasite","floor":18,"turns":4},{"damage":13,"enemies":"3 Byrds","floor":20,"turns":2},{"damage":10,"enemies":"Sentry and Sphere","floor":21,"turns":3},{"damage":23,"enemies":"Book of Stabbing","floor":25,"turns":3},{"damage":35,"enemies":"Collector","floor":33,"turns":5},{"damage":14,"enemies":"Orb Walker","floor":35,"turns":3},{"damage":15,"enemies":"Mind Bloom Boss Battle","floor":36,"turns":3},{"damage":24,"enemies":"3 Darklings","floor":39,"turns":3},{"damage":36,"enemies":"Reptomancer","floor":40,"turns":3}],"seed_played":"2122204086587142078","potions_obtained":[{"floor":1,"key":"SkillPotion"},{"floor":10,"key":"Swift Potion"},{"floor":11,"key":"PowerPotion"},{"floor":16,"key":"AttackPotion"},{"floor":20,"key":"Fire Potion"},{"floor":36,"key":"PowerPotion"}],"is_trial":false,"path_per_floor":["M","$","?","M","M","R","?","?","T","E","M","R","M","M","R","B",null,"M","?","M","M","$","R","T","E","T","R","$","?","$","?","R","B",null,"M","?","?","?","M","E"],"character_chosen":"DEFECT","items_purchased":["Go for the Eyes","Mummified Hand","Membership Card","Cables","Defragment","Storm"],"campfire_rested":3,"item_purchase_floors":[2,22,28,28,28,30],"current_hp_per_floor":[75,75,75,75,75,75,75,75,75,55,55,55,54,49,71,50,75,69,63,50,40,40,40,40,17,17,39,39,39,39,39,61,26,75,61,46,46,46,29,0,0],"gold":206,"neow_bonus":"THREE_ENEMY_KILL","is_daily":false,"chose_seed":false,"campfire_upgraded":3,"win_rate":0.0,"timestamp":1611819133,"path_taken":["M","$","?","M","?","R","?","?","T","E","M","R","M","?","R","BOSS","M","?","?","M","?","R","?","E","T","R","$","?","$","?","R","BOSS","M","?","?","?","?","E"],"items_purchased_type":["Card","Relic","Relic","Relic","Card","Card"],"build_version":"2020-12-22","purchased_purges":1,"victory":false,"max_hp_per_floor":[75,75,75,75,75,75,75,75,75,75,75,75,75,75,75,75,75,75,75,75,75,75,75,75,75,75,75,75,75,75,75,75,75,75,75,75,75,75,75,75,75],"card_choices":[{"not_picked":["Steam Power","Compile Driver"],"picked":"Conserve Battery","floor":1},{"not_picked":["Compile Driver","Coolheaded"],"picked":"Lockon","floor":4},{"not_picked":["Barrage","Rebound"],"picked":"Redo","floor":5},{"not_picked":["Reprogram","Hologram"],"picked":"Static Discharge","floor":10},{"not_picked":["Turbo","Loop"],"picked":"Ball Lightning","floor":11},{"not_picked":["Compile Driver","Cold Snap"],"picked":"Chaos","floor":13},{"not_picked":["Darkness","Sweeping Beam"],"picked":"Rip and Tear","floor":14},{"not_picked":["Meteor Strike","All For One"],"picked":"Electrodynamics","floor":16},{"not_picked":["Sweeping Beam","Chill+1"],"picked":"Defragment","floor":18},{"not_picked":["BootSequence","Streamline"],"picked":"Defragment","floor":20},{"not_picked":["Stack","Genetic Algorithm"],"picked":"Consume+1","floor":21},{"not_picked":["Sweeping Beam","Genetic Algorithm","Streamline"],"picked":"SKIP","floor":25},{"not_picked":["Biased Cognition","Rainbow"],"picked":"Creative AI","floor":33},{"not_picked":["Sweeping Beam+1","Reprogram+1"],"picked":"FTL","floor":35},{"not_picked":["Sweeping Beam+1","Rebound"],"picked":"Self Repair","floor":36},{"not_picked":["Chill+1","Rebound+1","Conserve Battery"],"picked":"SKIP","floor":39}],"player_experience":600801,"relics_obtained":[{"floor":10,"key":"Akabeko"},{"floor":24,"key":"Torii"},{"floor":25,"key":"Old Coin"},{"floor":26,"key":"Centennial Puzzle"},{"floor":36,"key":"Du-Vu Doll"}],"event_choices":[{"damage_healed":0,"gold_gain":0,"player_choice":"1 cards matched","damage_taken":0,"max_hp_gain":0,"max_hp_loss":0,"event_name":"Match and Keep!","floor":3,"gold_loss":0,"cards_obtained":["Zap"]},{"damage_healed":0,"gold_gain":0,"player_choice":"Grow","damage_taken":0,"max_hp_gain":0,"max_hp_loss":0,"event_name":"Living Wall","floor":7,"gold_loss":0,"cards_upgraded":["Zap"]},{"cards_removed":["Strike_B"],"damage_healed":0,"gold_gain":0,"player_choice":"Purged","damage_taken":0,"max_hp_gain":0,"max_hp_loss":0,"event_name":"Purifier","floor":8,"gold_loss":0},{"damage_healed":0,"gold_gain":0,"player_choice":"","damage_taken":6,"max_hp_gain":0,"max_hp_loss":0,"event_name":"Knowing Skull","floor":19,"potions_obtained":[],"gold_loss":0,"cards_obtained":[]},{"damage_healed":0,"gold_gain":0,"player_choice":"Opened","damage_taken":0,"relics_obtained":["MawBank"],"max_hp_gain":0,"max_hp_loss":0,"event_name":"The Mausoleum","floor":29,"gold_loss":0},{"damage_healed":0,"gold_gain":0,"player_choice":"Ignored","damage_taken":0,"max_hp_gain":0,"max_hp_loss":0,"event_name":"Ghosts","floor":31,"gold_loss":0},{"damage_healed":0,"gold_gain":0,"player_choice":"Fight","damage_taken":0,"max_hp_gain":0,"max_hp_loss":0,"event_name":"MindBloom","floor":36,"gold_loss":0},{"damage_healed":0,"gold_gain":0,"player_choice":"Ignored","damage_taken":0,"max_hp_gain":0,"max_hp_loss":0,"event_name":"Mysterious Sphere","floor":37,"gold_loss":0},{"damage_healed":0,"gold_gain":0,"player_choice":"Ignored","damage_taken":0,"max_hp_gain":0,"max_hp_loss":0,"event_name":"Tomb of Lord Red Mask","floor":38,"gold_loss":0}],"is_beta":false,"boss_relics":[{"not_picked":["Tiny House","Calling Bell"],"picked":"SlaversCollar"},{"not_picked":["FrozenCore","Astrolabe","Cursed Key"]}],"items_purged_floors":[2],"is_endless":false,"potions_floor_spawned":[1,10,11,16,18,20,36],"killed_by":"Reptomancer","ascension_level":1}}