{"host":"s88k97ee8ljqz1kp","time":1611842981,"event":{"mods":["Act Like it!","BaseMod","BshForSts","Communication Mod","Downfall","Friendly Minions","GifTheSpireLib","Minty Spire (QoL Compilation)","Relic Stats","StSLib","SuperFastMode","yUi"],"gold_per_floor":[99,111,111,127,127,142,196,206,237,257,276,288,188,215,226,322,322,322,335,347,367,381,410,410,84,84,84,84,84,19,37,52,149,149,149,163,212,237,237,191,191,191,191,191],"floor_reached":42,"language":"ENG","playtime":1878,"items_purged":["bronze:Strike","Pride","bronze:Strike"],"score":530,"play_id":"ada89fa2-c1fb-423b-a8ba-251a8085ccde","local_time":"20210128090941","is_ascension_mode":false,"campfire_choices":[{"data":"bronze:Goto","floor":1.0,"key":"SMITH"},{"floor":13.0,"key":"REST"},{"data":"bronze:Verify","floor":18.0,"key":"SMITH"},{"floor":27.0,"key":"REST"},{"data":"bronze:Optimize","floor":35,"key":"SMITH"}],"circlet_count":0,"master_deck":["bronze:Defend","bronze:Replicate","bronze:Goto+1","bronze:Overheat","bronze:NullPointer","bronze:Flail","bronze:Invalidate","bronze:Philosophize","bronze:Optimize+1","bronze:Verify+1","bronze:ItsAFeature+1","bronze:Return+1","bronze:WildBeam+1","bronze:Allocate+1","bronze:MaxOutput"],"relics":["bronze:BronzeCore","Bronze Scales","Smiling Mask","Pen Nib","downfall:HeartBlessingGreen","bronze:ProtectiveGoggles","Busted Crown","Bottled Lightning","CaptainsWheel","Meat on the Bone","Bag of Marbles","Astrolabe","WingedGreaves","Juzu Bracelet","Kunai","Frozen Egg 2"],"acts_visited":["Exordium","TheCity","TheBeyond"],"potions_floor_usage":[33,33,42],"damage_taken":[{"damage":3.0,"enemies":"2 Louse","floor":2.0,"turns":4.0},{"damage":1.0,"enemies":"Jaw Worm","floor":4.0,"turns":4.0},{"damage":0.0,"enemies":"Small Slimes","floor":6.0,"turns":2.0},{"damage":11.0,"enemies":"3 Louse","floor":8.0,"turns":2.0},{"damage":1.0,"enemies":"Lagavulin","floor":9.0,"turns":4.0},{"damage":12.0,"enemies":"Exordium Thugs","floor":10.0,"turns":3.0},{"damage":0.0,"enemies":"2 Fungi Beasts","floor":11.0,"turns":2.0},{"damage":0.0,"enemies":"Blue Slaver","floor":12.0,"turns":3.0},{"damage":16.0,"enemies":"Gremlin Nob","floor":14.0,"turns":3.0},{"damage":3.0,"enemies":"Red Slaver","floor":15.0,"turns":4.0},{"damage":22.0,"enemies":"IC_STATUS_ARCHETYPE","floor":16.0,"turns":5.0},{"damage":4.0,"enemies":"Chosen","floor":19.0,"turns":3.0},{"damage":11.0,"enemies":"Spheric Guardian","floor":20.0,"turns":5.0},{"damage":25.0,"enemies":"Centurion and Healer","floor":21.0,"turns":6.0},{"damage":23.0,"enemies":"Cultist and Chosen","floor":22.0,"turns":7.0},{"damage":2.0,"enemies":"Slavers","floor":23.0,"turns":4.0},{"damage":0.0,"enemies":"downfall:FleeingMerchant","floor":25.0,"turns":4.0},{"damage":3.0,"enemies":"downfall:FleeingMerchant","floor":30.0,"turns":4.0},{"damage":0.0,"enemies":"Snecko","floor":31.0,"turns":3.0},{"damage":7.0,"enemies":"Sentry and Sphere","floor":32.0,"turns":5.0},{"damage":20,"enemies":"SI_MIRROR_ARCHETYPE","floor":33,"turns":10},{"damage":53,"enemies":"3 Shapes","floor":36,"turns":6},{"damage":19,"enemies":"2 Orb Walkers","floor":37,"turns":3},{"damage":14,"enemies":"downfall:FleeingMerchant","floor":40,"turns":3},{"damage":54,"enemies":"Nemesis","floor":42,"turns":5}],"seed_played":"7879377783513688251","potions_obtained":[{"floor":8.0,"key":"SkillPotion"},{"floor":9.0,"key":"bronze:FreeFunctionsPotion"},{"floor":10.0,"key":"PowerPotion"},{"floor":16.0,"key":"Guardian:BlockOnCardUsePotion"},{"floor":23.0,"key":"DuplicationPotion"},{"floor":32.0,"key":"LiquidMemories"},{"floor":33,"key":"BlessingOfTheForge"},{"floor":37,"key":"ColorlessPotion"}],"is_trial":false,"path_per_floor":["R","M","?","M","?","M","T","M","E","M","M","M","R","E","M","B",null,"R","M","M","M","M","E","T","$","?","R","?","?","$","M","M","B",null,"R","M","?","?","?","$","T","E"],"character_chosen":"THE_AUTOMATON","items_purchased":["Meat on the Bone","Kunai","bronze:MaxOutput"],"campfire_rested":2,"item_purchase_floors":[25,40,40],"current_hp_per_floor":[70,67,55,54,54,54,54,43,42,30,30,30,51,35,32,10,70,70,66,55,30,7,5,5,5,5,26,26,26,35,47,40,32,70,70,29,22,22,61,47,47,0,0,0],"gold":191,"neow_bonus":"REMOVE_CARD","is_daily":false,"chose_seed":false,"campfire_upgraded":3,"win_rate":0.0,"timestamp":1611842981,"path_taken":["R","M","?","M","?","M","T","M","E","M","M","?","R","E","M","BOSS","R","M","M","M","M","E","T","$","?","R","?","?","$","M","M","BOSS","R","M","?","?","?","?","T","E"],"items_purchased_type":["Relic","Relic","Card"],"build_version":"2020-12-22","purchased_purges":3,"victory":false,"max_hp_per_floor":[70,70,70,70,70,70,70,70,70,70,70,70,70,70,70,70,70,70,70,70,70,70,70,70,70,70,70,70,70,70,70,70,70,70,70,70,70,70,61,61,61,61,61,61],"relic_stats":{"Busted Crown":26,"counters":[25,104],"Bronze Scales":[199],"Astrolabe":["bronze:ItsAFeature","bronze:Return","bronze:WildBeam"],"Pen Nib":[16],"Juzu Bracelet":0,"Kunai":[2],"Smiling Mask":150,"obtain_stats":[{"bronze:BronzeCore":0,"Astrolabe":34,"downfall:HeartBlessingGreen":13,"Pen Nib":9,"Juzu Bracelet":38,"Frozen Egg 2":41,"Smiling Mask":7,"CaptainsWheel":24,"Busted Crown":17,"bronze:ProtectiveGoggles":14,"Bronze Scales":3,"WingedGreaves":37,"Bag of Marbles":28,"Bottled Lightning":23,"Kunai":40,"Meat on the Bone":25},{"bronze:BronzeCore":0,"Astrolabe":21,"downfall:HeartBlessingGreen":8,"Pen Nib":5,"Juzu Bracelet":23,"Frozen Egg 2":24,"Smiling Mask":3,"CaptainsWheel":16,"Busted Crown":11,"bronze:ProtectiveGoggles":9,"Bronze Scales":1,"WingedGreaves":23,"Bag of Marbles":17,"Bottled Lightning":16,"Kunai":24,"Meat on the Bone":17},{"bronze:BronzeCore":0,"Astrolabe":87,"downfall:HeartBlessingGreen":24,"Pen Nib":16,"Juzu Bracelet":96,"Frozen Egg 2":99,"Smiling Mask":10,"CaptainsWheel":61,"Busted Crown":36,"bronze:ProtectiveGoggles":27,"Bronze Scales":4,"WingedGreaves":96,"Bag of Marbles":65,"Bottled Lightning":61,"Kunai":99,"Meat on the Bone":65}],"Meat on the Bone":60},"card_choices":[{"not_picked":["bronze:Deprecate","bronze:BitShift","bronze:Overload"],"picked":"SKIP","floor":2.0},{"not_picked":["bronze:DigitalCarnage","bronze:BuggyMess"],"picked":"bronze:Overheat","floor":4.0},{"not_picked":["bronze:BugBarrage","bronze:WildBeam"],"picked":"bronze:NullPointer","floor":6.0},{"not_picked":["bronze:Turbo","bronze:HardenedForm","bronze:Allocate"],"picked":"SKIP","floor":8.0},{"not_picked":["bronze:DelayedGuard","bronze:Frontload"],"picked":"bronze:Flail","floor":9.0},{"not_picked":["bronze:Iterate","bronze:WhirlingStrike","bronze:Overload"],"picked":"SKIP","floor":10.0},{"not_picked":["bronze:Optimize","bronze:BitShift"],"picked":"bronze:Invalidate","floor":11.0},{"not_picked":["bronze:Overheat","bronze:GetLatest","bronze:Repulsor"],"picked":"SKIP","floor":12.0},{"not_picked":["bronze:Overheat","bronze:Safeguard"],"picked":"bronze:Philosophize","floor":14.0},{"not_picked":["bronze:Flail","bronze:BuggyMess"],"picked":"bronze:Optimize","floor":15.0},{"not_picked":["bronze:Break","bronze:AlphaBuild"],"picked":"bronze:Verify","floor":16.0},{"not_picked":["bronze:ClassDefault"],"picked":"SKIP","floor":19.0},{"not_picked":["bronze:WhirlingStrike"],"picked":"SKIP","floor":20.0},{"not_picked":["bronze:OilSpill"],"picked":"SKIP","floor":21.0},{"not_picked":["bronze:CloningBeam"],"picked":"SKIP","floor":22.0},{"not_picked":["bronze:Overheat"],"picked":"SKIP","floor":23.0},{"not_picked":["bronze:BitShift"],"picked":"SKIP","floor":25.0},{"not_picked":["bronze:Safeguard"],"picked":"SKIP","floor":30.0},{"not_picked":["bronze:Philosophize"],"picked":"SKIP","floor":31.0},{"not_picked":["bronze:WildBeam+1"],"picked":"SKIP","floor":32.0},{"not_picked":["bronze:Return+1"],"picked":"SKIP","floor":36},{"not_picked":[],"picked":"bronze:Allocate+1","floor":37},{"not_picked":["bronze:GetLatest"],"picked":"SKIP","floor":40}],"player_experience":156431,"relics_obtained":[{"floor":7.0,"key":"Smiling Mask"},{"floor":9.0,"key":"Pen Nib"},{"floor":14.0,"key":"bronze:ProtectiveGoggles"},{"floor":23.0,"key":"Bottled Lightning"},{"floor":24.0,"key":"CaptainsWheel"},{"floor":37,"key":"WingedGreaves"},{"floor":38,"key":"Juzu Bracelet"},{"floor":41,"key":"Frozen Egg 2"}],"event_choices":[{"damage_healed":0.0,"max_hp_gain":0.0,"max_hp_loss":0.0,"gold_gain":0.0,"event_name":"Scrap Ooze","player_choice":"Success","floor":3.0,"gold_loss":0.0,"damage_taken":12.0,"relics_obtained":["Bronze Scales"]},{"cards_removed":["bronze:Strike"],"damage_healed":0.0,"max_hp_gain":0.0,"max_hp_loss":0.0,"gold_gain":0.0,"event_name":"The Cleric","player_choice":"Card Removal","floor":5.0,"gold_loss":0.0,"damage_taken":0.0},{"damage_healed":0.0,"max_hp_gain":0.0,"max_hp_loss":0.0,"gold_gain":0.0,"event_name":"Addict","player_choice":"Stole Relic","floor":28.0,"gold_loss":0.0,"damage_taken":0.0,"relics_obtained":["Bag of Marbles"],"cards_obtained":["Pride"]},{"damage_healed":0.0,"max_hp_gain":0.0,"max_hp_loss":0.0,"gold_gain":0.0,"event_name":"NoteForYourself","player_choice":"Ignored","floor":29.0,"gold_loss":0.0,"damage_taken":0.0},{"damage_healed":0,"gold_gain":0,"player_choice":"Fight","damage_taken":0,"max_hp_gain":0,"max_hp_loss":0,"event_name":"Mysterious Sphere","floor":37,"gold_loss":0}],"is_beta":false,"boss_relics":[{"not_picked":["Tiny House","Snecko Eye"],"picked":"Busted Crown"},{"not_picked":["bronze:MakeshiftBattery","Philosopher\u0027s Stone"],"picked":"Astrolabe"}],"items_purged_floors":[25,30,40],"is_endless":false,"potions_floor_spawned":[8,9,10,16,20,21,23,32,33,37],"killed_by":"Nemesis","ascension_level":0}}