{"host":"8kd0mw0b4mjhs7vl","time":1611859885,"event":{"mods":["BaseMod","Colored Map","Downfall","Friendly Minions","Minty Spire (QoL Compilation)","StSLib","SuperFastMode"],"gold_per_floor":[99,114,114,114,133,146,146,157,187,203,222,222,252,252,269,366,366,366,383,393,407,426,426,426,426],"floor_reached":23,"language":"ENG","playtime":1049,"items_purged":[],"score":207,"play_id":"af36f39d-777a-4f3e-9fb2-b1f6d3278ad7","local_time":"20210128185125","is_ascension_mode":false,"campfire_choices":[{"data":"champ:Taunt","floor":1,"key":"SMITH"},{"data":"champ:FanOfKnives","floor":12,"key":"SMITH"},{"data":"champ:Improvising","floor":18,"key":"SMITH"}],"circlet_count":0,"master_deck":["champ:Strike","champ:Strike","champ:Strike","champ:Strike","champ:Defend","champ:Defend","champ:Defend","champ:Defend","champ:Execute","champ:Taunt+1","champ:ArenaPreparation","champ:FanOfKnives+1","champ:StanceDance","champ:MurderStrike","champ:FaceSlap","champ:AdrenalArmor","champ:Encircle","champ:UltimateStance","champ:FanOfKnives","champ:Improvising+1","champ:PreciseThrust"],"relics":["champ:ChampionCrownUpgraded","downfall:ShatteredFragment","Darkstone Periapt","Ginger","Lantern","Calipers"],"acts_visited":["Exordium","TheCity"],"potions_floor_usage":[9,9,13],"damage_taken":[{"damage":12,"enemies":"Small Slimes","floor":2,"turns":4},{"damage":10,"enemies":"2 Louse","floor":5,"turns":2},{"damage":23,"enemies":"Jaw Worm","floor":6,"turns":2},{"damage":25,"enemies":"Exordium Wildlife","floor":8,"turns":4},{"damage":30,"enemies":"Gremlin Nob","floor":9,"turns":3},{"damage":0,"enemies":"3 Louse","floor":10,"turns":2},{"damage":10,"enemies":"Exordium Thugs","floor":11,"turns":2},{"damage":29,"enemies":"3 Sentries","floor":13,"turns":5},{"damage":15,"enemies":"Blue Slaver","floor":15,"turns":2},{"damage":46,"enemies":"IC_STATUS_ARCHETYPE","floor":16,"turns":6},{"damage":15,"enemies":"Chosen","floor":19,"turns":3},{"damage":36,"enemies":"Shelled Parasite and Fungi","floor":20,"turns":3},{"damage":38,"enemies":"Cultist and Chosen","floor":21,"turns":3},{"damage":53,"enemies":"Snake Plant","floor":22,"turns":2},{"damage":65,"enemies":"Book of Stabbing","floor":23,"turns":4}],"seed_played":"-5514239664378285909","potions_obtained":[{"floor":5,"key":"SkillPotion"},{"floor":6,"key":"FearPotion"},{"floor":11,"key":"Regen Potion"},{"floor":15,"key":"FearPotion"},{"floor":16,"key":"Fire Potion"},{"floor":21,"key":"Weak Potion"}],"is_trial":false,"path_per_floor":["R","M","?","?","M","M","T","M","E","M","M","R","E","T","M","B",null,"R","M","M","M","M","E"],"character_chosen":"THE_CHAMP","items_purchased":[],"campfire_rested":0,"item_purchase_floors":[],"current_hp_per_floor":[99,97,97,70,70,67,67,67,52,52,52,52,57,57,57,51,99,99,94,78,75,62,0,0,0],"gold":426,"neow_bonus":"TEN_PERCENT_HP_BONUS","is_daily":false,"chose_seed":false,"campfire_upgraded":3,"win_rate":0.0,"timestamp":1611859885,"path_taken":["R","M","?","?","M","M","T","M","E","M","M","R","E","?","M","BOSS","R","M","M","M","M","E"],"items_purchased_type":[],"build_version":"2020-12-22","purchased_purges":0,"victory":false,"max_hp_per_floor":[99,99,99,99,99,99,99,99,99,99,99,99,99,99,99,99,99,99,99,99,99,99,99,99,99],"card_choices":[{"not_picked":["champ:Shatter","champ:BerserkersShout"],"picked":"champ:ArenaPreparation","floor":2},{"not_picked":["champ:EnGarde","champ:Backstep"],"picked":"champ:FanOfKnives","floor":5},{"not_picked":["champ:CrownThrow","champ:BladeFlurry"],"picked":"champ:StanceDance","floor":6},{"not_picked":["champ:EnragedBash","champ:BerserkersShout"],"picked":"champ:MurderStrike","floor":8},{"not_picked":["champ:Shatter","champ:CheapShot"],"picked":"champ:FaceSlap","floor":9},{"not_picked":["champ:ShieldSlam","champ:EnGarde"],"picked":"champ:AdrenalArmor","floor":10},{"not_picked":["champ:EnragedBash","champ:BerserkersShout"],"picked":"champ:Encircle","floor":11},{"not_picked":["champ:PerfectedStrike","champ:CalledShot"],"picked":"champ:UltimateStance","floor":13},{"not_picked":["champ:ArenaPreparation","champ:GladiatorStyle"],"picked":"champ:FanOfKnives","floor":15},{"not_picked":["champ:HoldFirm","champ:GladiatorForm"],"picked":"champ:Improvising","floor":16},{"not_picked":["champ:IronFortress","champ:CrownThrow","champ:Endure"],"picked":"SKIP","floor":19},{"not_picked":["champ:TornadoPunch+1","champ:EnGarde","champ:PerfectedStrike"],"picked":"SKIP","floor":20},{"not_picked":["champ:Backstep","champ:ShieldWall"],"picked":"champ:PreciseThrust","floor":21},{"not_picked":["champ:Devastate","champ:FaceSlap","champ:Lariat"],"picked":"SKIP","floor":22}],"player_experience":287553,"relics_obtained":[{"floor":7,"key":"Darkstone Periapt"},{"floor":9,"key":"Ginger"},{"floor":13,"key":"Lantern"},{"floor":14,"key":"Calipers"}],"event_choices":[],"is_beta":false,"boss_relics":[{"not_picked":["Philosopher\u0027s Stone","Pandora\u0027s Box"],"picked":"champ:ChampionCrownUpgraded"}],"items_purged_floors":[],"is_endless":false,"potions_floor_spawned":[5,6,11,15,16,21],"killed_by":"Book of Stabbing","ascension_level":0}}