{"host":"5cnm2qapaqj5mmu7","time":1611859047,"event":{"mods":["BaseMod","Bestiary","Colored Map","Filter the Spire","Minty Spire (QoL Compilation)","StSLib"],"gold_per_floor":[359,28,43,53,27,58,69,69,69,102,277,277,277,294,294,394,394,410,410,430,447,447,462,351,385,411,421,421,453,453,471,471,568,568,584,584,4,4,4,38,57,57,83,95,107,129,141,170,182,194,194],"floor_reached":50,"language":"ENG","playtime":2450,"items_purged":["Doubt","Writhe"],"score":734,"play_id":"76d48a45-8ba0-4835-ac8c-3eb1d1746025","local_time":"20210128193727","is_ascension_mode":true,"campfire_choices":[{"data":"Sadistic Nature","floor":8.0,"key":"SMITH"},{"data":"Neutralize","floor":12.0,"key":"SMITH"},{"data":"Adrenaline","floor":15.0,"key":"SMITH"},{"floor":28.0,"key":"REST"},{"data":"After Image","floor":30.0,"key":"SMITH"},{"data":"Terror","floor":32.0,"key":"SMITH"},{"data":"Trip","floor":44.0,"key":"SMITH"},{"floor":47.0,"key":"REST"},{"floor":49.0,"key":"REST"}],"circlet_count":0,"master_deck":["Strike_G+1","Strike_G+1","Strike_G+1","Strike_G+1","Strike_G+1","Defend_G+1","Defend_G+1","Defend_G+1","Defend_G+1","Defend_G+1","Survivor","Neutralize+1","Sucker Punch","Sadistic Nature+1","Sucker Punch","Dagger Throw","Deadly Poison","Deadly Poison","Heel Hook","Adrenaline+1","After Image+1","Bouncing Flask+1","Terror+1","Dash+1","Bane+1","Trip+1","Panacea","Double Tap","Armaments+1","SashWhip","DeceiveReality+1"],"relics":["Ring of the Snake","Oddly Smooth Stone","HornCleat","Darkstone Periapt","Mummified Hand","SlaversCollar","MealTicket","Toy Ornithopter","PreservedInsect","Art of War","Black Star","Snake Skull","PrismaticShard","Ginger","Du-Vu Doll","MawBank"],"acts_visited":["Exordium","TheCity","TheBeyond"],"potions_floor_usage":[50,50],"damage_taken":[{"damage":0.0,"enemies":"Cultist","floor":1.0,"turns":5.0},{"damage":0.0,"enemies":"Jaw Worm","floor":3.0,"turns":3.0},{"damage":2.0,"enemies":"2 Louse","floor":4.0,"turns":3.0},{"damage":16.0,"enemies":"Lagavulin","floor":6.0,"turns":8.0},{"damage":0.0,"enemies":"Blue Slaver","floor":7.0,"turns":2.0},{"damage":0.0,"enemies":"Gremlin Nob","floor":10.0,"turns":3.0},{"damage":8.0,"enemies":"Looter","floor":14.0,"turns":4.0},{"damage":13.0,"enemies":"Hexaghost","floor":16.0,"turns":9.0},{"damage":15.0,"enemies":"Spheric Guardian","floor":18.0,"turns":6.0},{"damage":8.0,"enemies":"Chosen","floor":20.0,"turns":4.0},{"damage":18.0,"enemies":"Sentry and Sphere","floor":21.0,"turns":4.0},{"damage":11.0,"enemies":"Centurion and Healer","floor":23.0,"turns":6.0},{"damage":13.0,"enemies":"Gremlin Leader","floor":25.0,"turns":6.0},{"damage":0.0,"enemies":"Snecko","floor":27.0,"turns":5.0},{"damage":3.0,"enemies":"Slavers","floor":29.0,"turns":4.0},{"damage":0.0,"enemies":"Snake Plant","floor":31.0,"turns":2.0},{"damage":50.0,"enemies":"Collector","floor":33.0,"turns":8.0},{"damage":26.0,"enemies":"3 Darklings","floor":35.0,"turns":7.0},{"damage":42.0,"enemies":"Reptomancer","floor":40.0,"turns":6.0},{"damage":0.0,"enemies":"Orb Walker","floor":41.0,"turns":3.0},{"damage":32.0,"enemies":"3 Darklings","floor":46.0,"turns":7.0},{"damage":21.0,"enemies":"4 Shapes","floor":48.0,"turns":8.0},{"damage":79,"enemies":"Time Eater","floor":50,"turns":11}],"seed_played":"-223182581830852114","potions_obtained":[{"floor":3.0,"key":"Fire Potion"},{"floor":7.0,"key":"Ancient Potion"},{"floor":18.0,"key":"SneckoOil"},{"floor":20.0,"key":"Energy Potion"},{"floor":29.0,"key":"Energy Potion"},{"floor":31.0,"key":"Fire Potion"},{"floor":40.0,"key":"Poison Potion"},{"floor":48.0,"key":"Strength Potion"}],"is_trial":false,"path_per_floor":["M","$","M","M","$","E","M","R","T","E","?","R","?","M","R","B",null,"M","?","M","M","?","M","$","E","T","M","R","E","R","M","R","B",null,"M","?","$","?","$","E","M","?","T","R","?","M","R","M","R","B"],"character_chosen":"THE_SILENT","items_purchased":["Sadistic Nature","Oddly Smooth Stone","Deadly Poison","Terror","Snake Skull","Leg Sweep","PrismaticShard","Trip"],"campfire_rested":3,"item_purchase_floors":[2,2,5,24,37,37,37,37],"current_hp_per_floor":[63,63,63,61,61,45,45,45,45,45,51,51,56,48,48,35,64,49,55,47,29,29,18,33,20,20,20,44,46,46,46,46,6,62,41,41,56,56,71,29,29,70,70,70,70,38,59,38,59,0,0],"gold":194,"neow_bonus":"TWO_FIFTY_GOLD","is_daily":false,"chose_seed":false,"campfire_upgraded":6,"win_rate":0.0,"timestamp":1611859047,"path_taken":["M","$","M","M","?","E","M","R","T","E","?","R","?","M","R","BOSS","M","?","M","M","?","M","$","E","T","M","R","E","R","M","R","BOSS","M","?","$","?","$","E","M","?","T","R","?","M","R","M","R","BOSS"],"items_purchased_type":["Card","Relic","Card","Card","Relic","Card","Relic","Card"],"build_version":"2020-12-22","purchased_purges":2,"victory":false,"max_hp_per_floor":[63,63,63,63,63,63,63,63,63,63,69,69,74,74,74,74,74,74,80,80,80,80,80,80,80,80,80,80,80,80,80,80,80,80,80,80,80,80,80,80,80,70,70,70,70,70,70,70,70,70,70],"card_choices":[{"not_picked":["Bane","Cloak And Dagger"],"picked":"Sucker Punch","floor":1.0},{"not_picked":["All Out Attack","Predator"],"picked":"Sucker Punch","floor":3.0},{"not_picked":["Expertise","Escape Plan"],"picked":"Dagger Throw","floor":4.0},{"not_picked":["Finisher","Backflip"],"picked":"Deadly Poison","floor":6.0},{"not_picked":["Outmaneuver","Dagger Throw","Escape Plan"],"picked":"SKIP","floor":7.0},{"not_picked":["Backstab","Riddle With Holes"],"picked":"Heel Hook","floor":10.0},{"not_picked":["Backflip","Dagger Throw"],"picked":"Adrenaline","floor":14.0},{"not_picked":["Storm of Steel","Glass Knife"],"picked":"After Image","floor":16.0},{"not_picked":["Reflex","Poisoned Stab"],"picked":"Bouncing Flask+1","floor":18.0},{"not_picked":["Backstab+1","Cloak And Dagger","Infinite Blades"],"picked":"SKIP","floor":20.0},{"not_picked":["Quick Slash","Acrobatics","Blade Dance"],"picked":"SKIP","floor":21.0},{"not_picked":["Underhanded Strike+1","Backflip","Acrobatics"],"picked":"SKIP","floor":23.0},{"not_picked":["Die Die Die","Calculated Gamble"],"picked":"Dash+1","floor":25.0},{"not_picked":["Underhanded Strike+1","Infinite Blades","Outmaneuver"],"picked":"SKIP","floor":27.0},{"not_picked":["Underhanded Strike+1","Skewer","Expertise+1"],"picked":"SKIP","floor":29.0},{"not_picked":["Dodge and Roll","Dash","Deflect"],"picked":"SKIP","floor":31.0},{"not_picked":["Outmaneuver","Caltrops+1"],"picked":"Bane+1","floor":35.0},{"not_picked":["Dramatic Entrance","Good Instincts"],"picked":"Panacea","floor":38.0},{"not_picked":["Gash+1","True Grit+1"],"picked":"Double Tap","floor":40.0},{"not_picked":["Poisoned Stab","Underhanded Strike"],"picked":"Armaments+1","floor":41.0},{"not_picked":["Quick Slash","Outmaneuver+1"],"picked":"SashWhip","floor":46.0},{"not_picked":["Distraction+1","Searing Blow"],"picked":"DeceiveReality+1","floor":48.0}],"player_experience":581925,"relics_obtained":[{"floor":6.0,"key":"HornCleat"},{"floor":9.0,"key":"Darkstone Periapt"},{"floor":10.0,"key":"Mummified Hand"},{"floor":25.0,"key":"Toy Ornithopter"},{"floor":26.0,"key":"PreservedInsect"},{"floor":29.0,"key":"Art of War"},{"floor":40.0,"key":"Ginger"},{"floor":40.0,"key":"Du-Vu Doll"},{"floor":43.0,"key":"MawBank"}],"event_choices":[{"damage_healed":0.0,"max_hp_gain":0.0,"max_hp_loss":0.0,"gold_gain":175.0,"event_name":"Liars Game","player_choice":"AGREE","floor":11.0,"gold_loss":0.0,"damage_taken":0.0,"cards_obtained":["Doubt"]},{"damage_healed":0.0,"max_hp_gain":5.0,"max_hp_loss":0.0,"gold_gain":0.0,"event_name":"Big Fish","player_choice":"Donut","floor":13.0,"gold_loss":0.0,"damage_taken":0.0},{"damage_healed":0.0,"max_hp_gain":0.0,"max_hp_loss":0.0,"gold_gain":0.0,"event_name":"The Mausoleum","player_choice":"Opened","floor":19.0,"gold_loss":0.0,"damage_taken":0.0,"relics_obtained":["MealTicket"],"cards_obtained":["Writhe"]},{"damage_healed":0.0,"max_hp_gain":0.0,"max_hp_loss":0.0,"gold_gain":0.0,"event_name":"Back to Basics","player_choice":"Simplicity","floor":22.0,"gold_loss":0.0,"damage_taken":0.0,"cards_upgraded":["Strike_G","Strike_G","Strike_G","Strike_G","Strike_G","Defend_G","Defend_G","Defend_G","Defend_G","Defend_G"]},{"damage_healed":0.0,"max_hp_gain":0.0,"max_hp_loss":0.0,"gold_gain":0.0,"event_name":"Mysterious Sphere","player_choice":"Ignored","floor":36.0,"gold_loss":0.0,"damage_taken":0.0},{"damage_healed":0.0,"max_hp_gain":0.0,"max_hp_loss":0.0,"gold_gain":0.0,"event_name":"SensoryStone","player_choice":"Memory 1","floor":38.0,"gold_loss":0.0,"damage_taken":0.0},{"damage_healed":70.0,"max_hp_gain":0.0,"max_hp_loss":10.0,"gold_gain":0.0,"event_name":"The Moai Head","player_choice":"Heal","floor":42.0,"gold_loss":0.0,"damage_taken":0.0},{"cards_removed":["Leg Sweep"],"damage_healed":0.0,"max_hp_gain":0.0,"max_hp_loss":0.0,"gold_gain":0.0,"event_name":"Falling","player_choice":"Removed Skill","floor":45.0,"gold_loss":0.0,"damage_taken":0.0}],"is_beta":false,"boss_relics":[{"not_picked":["Runic Pyramid","Pandora\u0027s Box"],"picked":"SlaversCollar"},{"not_picked":["HoveringKite","Empty Cage"],"picked":"Black Star"}],"items_purged_floors":[24,37],"is_endless":false,"potions_floor_spawned":[3,7,18,20,29,31,40,48],"killed_by":"Time Eater","ascension_level":6}}