{"host":"xq56pqicyapr3rmv","time":1611814374,"event":{"mods":["100% Spire Juice","2.2 Compatiblity","ATMod(阿瑾Mod)","Act Like it!","Arknights The Spire","BaseMod","Better-Laid Plans","CapriCore","Library of Ruina Extra","Minty Spire (QoL Compilation)","MostiFishMod","Spicy Shops","StSLib","TestMod","Yakumo Yukari mod","[LAZYMAN]RSMod","【功能Mod】混沌之环修复补丁","【功能Mod】精心准备"],"gold_per_floor":[115,129,149,149,164,200,32,82,123,123,123,174,174,223,223,368,368,408,408,323,321,351,351,401,401,440,469,469,497,528,20,20,161,161,199,10,44,44,75,75,113,191,191,582,621,659,659,659,659,659,659],"floor_reached":52,"language":"ZHS","playtime":1933,"items_purged":["ats:Strike S","ats:Defend","ats:Defend+1"],"score":844,"play_id":"9f87fcc0-2be1-4a30-a07f-0953815ff9ae","local_time":"20210128141254","is_ascension_mode":false,"campfire_choices":[{"floor":11,"key":"REST"},{"data":"ats:Serious Mode","floor":15,"key":"SMITH"},{"floor":23,"key":"REST"},{"data":"ats:Healing Strengthening","floor":25,"key":"SMITH"},{"floor":32,"key":"REST"},{"floor":40,"key":"RECALL"},{"floor":49,"key":"REST"}],"circlet_count":0,"master_deck":["ats:Strike C+1","ats:Strike G+1","ats:Strike V+1","ats:Armor Crushing Shot+1","ats:Defend+1","ats:Emotion Absorption+1","ats:Apocalypse+1","ats:Encircling Forest+1","ats:Sashimi Platter+1","ats:Magnetic Hammer+1","ats:Part Time Job+1","ats:Serious Mode+1","ats:Calcification+1","Writhe","ats:Healing Strengthening+1","ats:Part Time Job+1","ats:Healing Drone+1","ats:Counter Healing Mode+1","ats:Composite Medical Shells+1"],"relics":["ats:Sanity","testmod-TestBox","DaveBox","AT_ATBox","The Courier","testmod-Justice","DSteel32","SynthV:TestCard","Golden Idol","ats:Originium","ats:Gyao","AT_ForceNature","Juzu Bracelet","Whetstone","Oddly Smooth Stone","testmod-HarvestTotem","Omamori","Kunai","Toy Ornithopter","Vajra","ats:Lavender","AT_BellowingDragoncrestRing","testmod-TimeTraveler","AT_BladeRuinedKing","SentryEyes","Lantern","Old Coin"],"acts_visited":["Exordium","TheCity","TheBeyond"],"potions_floor_usage":[8,8],"damage_taken":[{"damage":5,"enemies":"Cultist","floor":1,"turns":4},{"damage":6,"enemies":"2 Louse","floor":2,"turns":3},{"damage":12,"enemies":"Jaw Worm","floor":3,"turns":4},{"damage":42,"enemies":"Exordium Wildlife","floor":5,"turns":7},{"damage":48,"enemies":"Gremlin Nob","floor":6,"turns":6},{"damage":41,"enemies":"Lagavulin","floor":8,"turns":7},{"damage":10,"enemies":"Looter","floor":12,"turns":3},{"damage":18,"enemies":"Gremlin Nob","floor":14,"turns":4},{"damage":80,"enemies":"Hexaghost","floor":16,"turns":10},{"damage":34,"enemies":"Spheric Guardian","floor":18,"turns":6},{"damage":57,"enemies":"2 Thieves","floor":21,"turns":5},{"damage":87,"enemies":"Sentry and Sphere","floor":22,"turns":8},{"damage":144,"enemies":"Slavers","floor":24,"turns":9},{"damage":85,"enemies":"3 Cultists","floor":27,"turns":6},{"damage":15,"enemies":"Snecko","floor":29,"turns":4},{"damage":42,"enemies":"Snake Plant","floor":30,"turns":4},{"damage":402,"enemies":"Automaton","floor":33,"turns":18},{"damage":15,"enemies":"3 Shapes","floor":35,"turns":5},{"damage":48,"enemies":"3 Darklings","floor":37,"turns":6},{"damage":65,"enemies":"4 Shapes","floor":39,"turns":5},{"damage":0,"enemies":"Transient","floor":41,"turns":5},{"damage":58,"enemies":"Mind Bloom Boss Battle","floor":42,"turns":9},{"damage":122,"enemies":"2 Orb Walkers","floor":44,"turns":5},{"damage":37,"enemies":"3 Darklings","floor":45,"turns":4},{"damage":60,"enemies":"Writhing Mass","floor":46,"turns":6},{"damage":116,"enemies":"Donu and Deca","floor":50,"turns":6},{"damage":211,"enemies":"Donu and Deca","floor":51,"turns":9}],"seed_played":"-2062301265843810623","potions_obtained":[{"floor":2,"key":"Explosive Potion"},{"floor":5,"key":"Energy Potion"},{"floor":6,"key":"DistilledChaos"},{"floor":16,"key":"Ancient Potion"},{"floor":18,"key":"FearPotion"}],"is_trial":false,"path_per_floor":["M","M","M","?","M","E","$","E","T","?","R","M","T","E","R","B",null,"M","?","?","M","M","R","E","R","T","M","?","M","M","$","R","B",null,"M","$","M","?","M","R","M","?","T","?","M","M","?","?","R","B",null,null],"character_chosen":"DOCTOR_CLASS","items_purchased":["ats:Magnetic Hammer","ats:Lavender","AT_BellowingDragoncrestRing","AT_BladeRuinedKing","ats:Part Time Job"],"campfire_rested":4,"item_purchase_floors":[7,31,31,36,36],"current_hp_per_floor":[74,73,66,66,34,26,26,21,21,6,27,41,41,59,59,55,146,137,137,137,122,119,146,110,110,110,73,73,96,136,136,146,146,146,146,146,146,146,137,137,146,146,146,122,146,146,146,146,146,146,146],"gold":659,"neow_bonus":"TEN_PERCENT_HP_BONUS","is_daily":false,"chose_seed":false,"campfire_upgraded":2,"win_rate":0.0,"timestamp":1611814374,"path_taken":["M","M","?","?","M","E","$","E","T","?","R","M","?","E","R","BOSS","M","?","?","M","M","R","E","R","T","M","?","M","M","$","R","BOSS","M","$","M","?","M","R","M","?","T","?","M","M","?","?","R","BOSS"],"items_purchased_type":["Card","Relic","Relic","Relic","Card"],"build_version":"2020-12-22","purchased_purges":3,"victory":true,"max_hp_per_floor":[79,79,79,73,73,73,73,73,73,73,73,73,73,73,73,73,146,146,146,146,146,146,146,146,146,146,146,146,146,146,146,146,146,146,146,146,146,146,146,146,146,146,146,146,146,146,146,146,146,146,146],"card_choices":[{"not_picked":["ats:Absolute Focus","ats:Directed Diagnosis"],"picked":"ats:Apocalypse","floor":1},{"not_picked":["ats:Blood Oath","ats:Closed Bolt Burst Fire","ats:Leaping Hammer","ats:Overload","ats:Support Order"],"picked":"SKIP","floor":2},{"not_picked":["ats:Neurotoxin","ats:Defend Order","ats:Powerful Strike","ats:Consecutive Shot Auto"],"picked":"ats:Encircling Forest","floor":3},{"not_picked":["ats:Magnetic Hammer","ats:Sword Rain","ats:Shell Defense","ats:Flame Of Heaven"],"picked":"ats:Sashimi Platter","floor":5},{"not_picked":["ats:Beaten Up","ats:Guardian Obelisk","ats:Magnetic Hammer","ats:Poison Spread","ats:Demon Strength"],"picked":"SKIP","floor":6},{"not_picked":["ats:Sword Rain","ats:Flexible Camouflage","ats:Guard Mode","ats:Mental Burst"],"picked":"ats:Part Time Job","floor":8},{"not_picked":["ats:Apocalypse","ats:Leaping Hammer","ats:Flexible Camouflage","ats:Explosion Area Strengthen","ats:Guard Mode"],"picked":"SKIP","floor":12},{"not_picked":["ats:Assault Order","ats:Defend Order","ats:Durian","ats:Flame Of Heaven"],"picked":"ats:Serious Mode","floor":14},{"not_picked":["ats:Ambush","ats:True Silver Slash","ats:Wolf Pack","ats:Echo Reverb"],"picked":"ats:Calcification","floor":16},{"not_picked":["ats:Flame Of Heaven","ats:Sashimi Platter","ats:Guard Mode","ats:Shell Defense","ats:Assault Order"],"picked":"SKIP","floor":18},{"not_picked":["ats:Magnetic Hammer","ats:Blood Oath+1","ats:Leaping Hammer","ats:Beaten Up+1","ats:Consecutive Shot Auto"],"picked":"SKIP","floor":21},{"not_picked":["ats:Rapid Magazine+1","ats:Red Shift+1","ats:Flame Of Heaven","ats:Cat Scratch","ats:Blood Oath+1"],"picked":"SKIP","floor":22},{"not_picked":["ats:Fractured Body","ats:Magnetic Hammer","ats:Cat Scratch","ats:Guard Mode"],"picked":"ats:Healing Strengthening","floor":24},{"not_picked":["ats:Magnetic Hammer","ats:Assault Order","ats:Ignite","ats:Absolute Focus","ats:Shadow Raid+1"],"picked":"SKIP","floor":27},{"not_picked":["ats:Hook Shot","ats:Defend Order+1","ats:Cat Scratch","ats:Leaping Hammer","ats:Soul Rend"],"picked":"SKIP","floor":29},{"not_picked":["ats:Blood Oath","ats:Soul Absorption","ats:Powerful Strike","ats:Beaten Up+1","ats:Support Order"],"picked":"SKIP","floor":30},{"not_picked":["ats:Assault Order+1","ats:Closed Bolt Burst Fire","ats:Apocalypse+1","ats:Very Hot Blade+1","ats:Thermite Blade"],"picked":"SKIP","floor":35},{"not_picked":["ats:Thorns","ats:Charging Defense+1","ats:Demon Strength+1","ats:Overload"],"picked":"ats:Healing Drone+1","floor":37},{"not_picked":["ats:Ignite","ats:Poison Spread","ats:Soul Absorption","ats:Powerful Strike"],"picked":"ats:Counter Healing Mode+1","floor":39},{"not_picked":["ats:Directed Diagnosis+1","ats:Rapid Magazine+1","ats:Hammer On","ats:Defend Order+1","ats:Blood Oath"],"picked":"SKIP","floor":41},{"not_picked":["ats:Assault Order+1","ats:Curse Doll+1","ats:Part Time Job+1","ats:Explosion Area Strengthen","ats:Apocalypse"],"picked":"SKIP","floor":45},{"not_picked":["ats:Nebulous Foxfire","ats:Literary Storm+1","ats:Closed Bolt Burst Fire+1","ats:Absolute Focus"],"picked":"ats:Composite Medical Shells+1","floor":46}],"player_experience":207903,"relics_obtained":[{"floor":1,"key":"SynthV:TestCard"},{"floor":6,"key":"ats:Originium"},{"floor":6,"key":"ats:Gyao"},{"floor":8,"key":"ats:Originium"},{"floor":8,"key":"AT_ForceNature"},{"floor":9,"key":"Juzu Bracelet"},{"floor":13,"key":"Whetstone"},{"floor":14,"key":"ats:Originium"},{"floor":14,"key":"Oddly Smooth Stone"},{"floor":24,"key":"ats:Originium"},{"floor":24,"key":"Toy Ornithopter"},{"floor":26,"key":"Vajra"},{"floor":42,"key":"SentryEyes"},{"floor":43,"key":"Lantern"},{"floor":44,"key":"Old Coin"}],"event_choices":[{"damage_healed":0,"gold_gain":0,"player_choice":"Lose Max HP","damage_taken":0,"relics_obtained":["Golden Idol"],"max_hp_gain":0,"max_hp_loss":6,"event_name":"Golden Idol","floor":4,"gold_loss":0},{"damage_healed":0,"gold_gain":0,"player_choice":"Entered Light","damage_taken":15,"max_hp_gain":0,"max_hp_loss":0,"event_name":"Shining Light","floor":10,"gold_loss":0,"cards_upgraded":["ats:Magnetic Hammer","ats:Defend"]},{"damage_healed":0,"gold_gain":0,"player_choice":"Opened","damage_taken":0,"relics_obtained":["Omamori"],"max_hp_gain":0,"max_hp_loss":0,"event_name":"The Mausoleum","floor":19,"gold_loss":0,"cards_obtained":["Writhe"]},{"damage_healed":0,"gold_gain":0,"player_choice":"Obtained Relic","damage_taken":0,"relics_obtained":["Kunai"],"max_hp_gain":0,"max_hp_loss":0,"event_name":"Addict","floor":20,"gold_loss":85},{"cards_removed":["ats:Defend"],"damage_healed":0,"gold_gain":0,"player_choice":"Elegance","damage_taken":0,"max_hp_gain":0,"max_hp_loss":0,"event_name":"Back to Basics","floor":28,"gold_loss":0},{"damage_healed":0,"gold_gain":0,"player_choice":"Ignored","damage_taken":0,"max_hp_gain":0,"max_hp_loss":0,"event_name":"Tomb of Lord Red Mask","floor":38,"gold_loss":0},{"damage_healed":0,"gold_gain":0,"player_choice":"Fight","damage_taken":0,"max_hp_gain":0,"max_hp_loss":0,"event_name":"MindBloom","floor":42,"gold_loss":0},{"damage_healed":0,"gold_gain":0,"player_choice":"Fight","damage_taken":0,"max_hp_gain":0,"max_hp_loss":0,"event_name":"Mysterious Sphere","floor":44,"gold_loss":0},{"damage_healed":0,"gold_gain":0,"player_choice":"Ignored","damage_taken":0,"max_hp_gain":0,"max_hp_loss":0,"event_name":"The Moai Head","floor":47,"gold_loss":0},{"damage_healed":0,"gold_gain":0,"player_choice":"Ignored","damage_taken":0,"max_hp_gain":0,"max_hp_loss":0,"event_name":"NoteForYourself","floor":48,"gold_loss":0}],"is_beta":false,"boss_relics":[{"not_picked":["Busted Crown","FixedStarFall"],"picked":"testmod-HarvestTotem"},{"not_picked":["HaiYi:Twilight","BloodWine"],"picked":"testmod-TimeTraveler"}],"items_purged_floors":[7,7,31],"is_endless":false,"potions_floor_spawned":[2,5,6,16,18,22,27,29,35,41,44],"ascension_level":0}}