{"host":"57rytaa21d5yl0hy","time":1611799713,"event":{"mods":["Act Like it!","BaseMod","Challenge The Spire","Friendly Minions","Gensokyo","KinomotoSakuraMod(木之本樱)","Kiyohime（清姬）","Lobotomy","LobotomyExtend","Minty Spire (QoL Compilation)","Poem Panic","Replay The Spire","RumiaBox-露米娅的神秘盒子","StSLib","The Senshi","Yuri Mod"],"gold_per_floor":[112,37,49,49,49,79,79,79,150,163,16,32,32,67,67,163,163,163,186,96,44,44,44,96,113,113,113,153,153,53,53,53,77,77],"floor_reached":33,"language":"ZHS","playtime":1197,"items_purged":["Regret","Looming Evil"],"score":2147467607,"play_id":"2f39560d-21be-4f4d-9a9a-f4e0a2cfba8b","local_time":"20210128100833","is_ascension_mode":true,"campfire_choices":[{"data":"theSenshi:RainbowMoonHeartAche","floor":8.0,"key":"SMITH"},{"data":"theSenshi:MoonEternalMakeUp","floor":15.0,"key":"SMITH"},{"data":"theSenshi:StarlightHoneymoonTherapyKiss","floor":23.0,"key":"SMITH"},{"floor":27,"key":"REST"},{"data":"Shame","floor":32,"key":"PURGE"}],"circlet_count":0,"master_deck":["theSenshi:SailorKick","theSenshi:SailorKick","theSenshi:SailorKick","theSenshi:SailorKick+1","theSenshi:SailorBlock+1","theSenshi:SailorBlock+1","theSenshi:RoseThrow+1","theSenshi:MoonPrismPowerMakeUp+1","theSenshi:MoonEternalMakeUp+1","theSenshi:MoonPrincessHalation","theSenshi:RainbowMoonHeartAche+1","theSenshi:MoonCosmicPowerMakeUp","theSenshi:MoonPunch","theSenshi:CrisisMakeUp","theSenshi:IWillPunishYou","theSenshi:StarlightHoneymoonTherapyKiss+1","Decay","theSenshi:MoonTwilightFlash","theSenshi:MoonHealingEscalation","theSenshi:MoonHealingEscalation","theSenshi:LunasBite+1","theSenshi:MoonsReflection"],"relics":["theSenshi:TransformationBroochRelic","Baka","LetterFromLob","Divine Protection","Eternal Feather","War Paint","Replay:Accelerometer","Strawberry","Replay:Ancient Bell","Replay:Bandana","Shuriken","Incense Burner","Juzu Bracelet","Pen Nib","GodSword6","Centennial Puzzle"],"acts_visited":["Exordium","TheCity"],"potions_floor_usage":[],"damage_taken":[{"damage":7.0,"enemies":"Cultist","floor":1.0,"turns":5.0},{"damage":10.0,"enemies":"2 Louse","floor":3.0,"turns":3.0},{"damage":51.0,"enemies":"Replay:BlueRogue","floor":6.0,"turns":6.0},{"damage":0.0,"enemies":"Jaw Worm","floor":10.0,"turns":2.0},{"damage":0.0,"enemies":"Gremlin Gang","floor":12.0,"turns":5.0},{"damage":12.0,"enemies":"Gremlin Nob","floor":14.0,"turns":4.0},{"damage":49.0,"enemies":"Fading Forest","floor":16.0,"turns":11.0},{"damage":33.0,"enemies":"Shell Parasite","floor":19.0,"turns":6.0},{"damage":121.0,"enemies":"Gremlin Leader","floor":24.0,"turns":7.0},{"damage":29.0,"enemies":"3 Byrds","floor":25.0,"turns":5.0},{"damage":3,"enemies":"Centurion and Healer","floor":28,"turns":4},{"damage":143,"enemies":"Collector","floor":33,"turns":7}],"seed_played":"-404785860821682698","potions_obtained":[{"floor":1.0,"key":"ColorlessPotion"},{"floor":6.0,"key":"SpeedPotion"},{"floor":14.0,"key":"Fire Potion"},{"floor":28,"key":"FairyPotion"}],"is_trial":false,"path_per_floor":["M","$","M","?","?","E","?","R","T","M","$","M","T","E","R","B",null,"M","M","?","$","T","R","E","M","T","R","M","?","$","?","R","B"],"character_chosen":"THE_SENSHI","items_purchased":["War Paint","theSenshi:MoonHealingEscalation"],"campfire_rested":1,"item_purchase_floors":[11,21],"current_hp_per_floor":[68,68,69,69,69,21,21,21,21,24,24,36,36,34,43,4,109,109,99,99,99,99,111,25,10,10,59,62,62,62,62,74,0,0],"gold":77,"neow_bonus":"THREE_RARE_CARDS","is_daily":false,"chose_seed":false,"campfire_upgraded":3,"win_rate":0.0,"timestamp":1611799713,"path_taken":["M","$","M","?","?","E","?","R","T","M","?","?","?","E","R","BOSS","M","?","?","?","?","R","E","M","T","R","M","?","$","?","R","BOSS"],"items_purchased_type":["Relic","Card"],"build_version":"2020-12-22","purchased_purges":2,"victory":false,"max_hp_per_floor":[75,75,81,81,81,84,84,84,84,87,87,99,99,109,109,109,109,109,112,112,112,112,112,115,124,124,124,130,130,130,130,130,130,130],"card_choices":[{"not_picked":["theSenshi:ChibiMoonsLove","theSenshi:MoonGorgeousMeditation"],"picked":"theSenshi:MoonEternalMakeUp","floor":0.0},{"not_picked":["theSenshi:NeptunesGrace","theSenshi:TuxedoSmokingBomber"],"picked":"theSenshi:MoonPrincessHalation","floor":1.0},{"not_picked":["theSenshi:Sidestep","theSenshi:SailorPlanetPower"],"picked":"theSenshi:RainbowMoonHeartAche","floor":3.0},{"not_picked":["theSenshi:TuxedoMaskAssists","theSenshi:YouCanTalk"],"picked":"theSenshi:MoonCosmicPowerMakeUp","floor":6.0},{"not_picked":["theSenshi:TallSilhouette","theSenshi:MoonCosmicPowerMakeUp"],"picked":"theSenshi:MoonPunch","floor":10.0},{"not_picked":["theSenshi:MoonCrystalPowerMakeUp","theSenshi:LunasBite"],"picked":"theSenshi:CrisisMakeUp","floor":12.0},{"not_picked":["theSenshi:Overload","theSenshi:MoonPower"],"picked":"theSenshi:IWillPunishYou","floor":14.0},{"not_picked":["theSenshi:IWillPunishYou","theSenshi:SailorStarHealerAssists"],"picked":"theSenshi:StarlightHoneymoonTherapyKiss","floor":16.0},{"not_picked":["CurseOfTheBell","ReplayTheSpireMod:Splinters"],"picked":"Decay","floor":17.0},{"not_picked":["Hallucinations","Amnesia"],"picked":"Shame","floor":17.0},{"not_picked":["Overencumbered","Languid"],"picked":"Looming Evil","floor":17.0},{"not_picked":["theSenshi:LunasBite","theSenshi:MoonTiaraMagic"],"picked":"theSenshi:MoonTwilightFlash","floor":19.0},{"not_picked":["theSenshi:MarsPride","theSenshi:SailorV+1","theSenshi:LunasBite"],"picked":"SKIP","floor":24.0},{"not_picked":["theSenshi:UranusStrength","theSenshi:SchoolBag"],"picked":"theSenshi:LunasBite+1","floor":25.0},{"not_picked":["theSenshi:SailorMercuryAssists+1","theSenshi:StudyParty"],"picked":"theSenshi:MoonsReflection","floor":28}],"player_experience":312901,"relics_obtained":[{"floor":1.0,"key":"Baka"},{"floor":1.0,"key":"LetterFromLob"},{"floor":6.0,"key":"Divine Protection"},{"floor":9.0,"key":"Eternal Feather"},{"floor":13.0,"key":"Replay:Accelerometer"},{"floor":14.0,"key":"Strawberry"},{"floor":22.0,"key":"Juzu Bracelet"},{"floor":24.0,"key":"Pen Nib"},{"floor":26.0,"key":"GodSword6"}],"event_choices":[{"damage_healed":0.0,"max_hp_gain":0.0,"max_hp_loss":0.0,"gold_gain":0.0,"event_name":"Living Wall","player_choice":"Grow","floor":5.0,"gold_loss":0.0,"damage_taken":0.0,"cards_upgraded":["theSenshi:MoonPrismPowerMakeUp"]},{"damage_healed":0.0,"max_hp_gain":0.0,"max_hp_loss":0.0,"gold_gain":0.0,"event_name":"Golden Wing","player_choice":"Ignored","floor":7.0,"gold_loss":0.0,"damage_taken":0.0},{"cards_removed":["theSenshi:SailorBlock"],"damage_healed":0.0,"max_hp_gain":0.0,"max_hp_loss":0.0,"gold_gain":0.0,"event_name":"Designer","player_choice":"Upgrade and Remove","floor":20.0,"gold_loss":90.0,"damage_taken":0.0,"cards_upgraded":["theSenshi:SailorBlock"]},{"cards_removed":["theSenshi:SailorBlock"],"damage_healed":0,"gold_gain":0,"player_choice":"Offered Basic","damage_taken":0,"max_hp_gain":0,"max_hp_loss":0,"event_name":"Bonfire Elementals","floor":29,"gold_loss":0},{"damage_healed":0,"gold_gain":0,"player_choice":"Gave Potion","damage_taken":0,"relics_obtained":["Centennial Puzzle"],"max_hp_gain":0,"max_hp_loss":0,"event_name":"WeMeetAgain","floor":31,"gold_loss":0}],"is_beta":false,"boss_relics":[{"not_picked":["Honey Jar","Astrolabe"],"picked":"Replay:Ancient Bell"},{"not_picked":["ReplayTheSpireMod:Lightbulb","Bag of Preparation"],"picked":"Replay:Bandana"},{"not_picked":["SumBook","Chameleon Ring"],"picked":"Shuriken"},{"not_picked":["WingedGreaves","Bird Faced Urn"],"picked":"Incense Burner"}],"items_purged_floors":[2,30],"is_endless":false,"potions_floor_spawned":[1,6,14,28],"killed_by":"Collector","ascension_level":723677239}}