{"host":"lnaqncbfopcj593v","time":1611848613,"event":{"mods":["AchievementEnabler","BaseMod","Colored Map","Downfall","Minty Spire (QoL Compilation)","StSLib"],"gold_per_floor":[99,99,199,199,199,40,94,152,152,179,191,208,208,221,234,339,339,339,350,350,366,366,366,366],"floor_reached":22,"language":"ENG","playtime":1443,"items_purged":[],"score":182,"play_id":"c8c5d269-2ec3-4034-acf0-9120372f6d99","local_time":"20210129004333","is_ascension_mode":false,"campfire_choices":[{"floor":1.0,"key":"RECALL"},{"floor":13.0,"key":"REST"},{"data":"hexamod:VolcanoVisage","floor":18.0,"key":"SMITH"}],"circlet_count":0,"master_deck":["hexamod:Strike","hexamod:Strike","hexamod:Strike","hexamod:Strike","hexamod:Defend","hexamod:Defend+1","hexamod:Defend","hexamod:Defend","hexamod:Sear","hexamod:Float+1","hexamod:HeatCrush","hexamod:EmpoweredFlame","hexamod:HeatMetal","hexamod:Firestarter+1","hexamod:ThirdSeal","downfall:Malfunctioning","hexamod:DynamicBlow","hexamod:AdvancingGuard","hexamod:ChargedBarrage","hexamod:HauntingEcho","hexamod:SpectersWail","hexamod:ShieldOfDarkness","hexamod:GhostOfSpirePresent","hexamod:VolcanoVisage+1","hexamod:Incineration+1","hexamod:SecondSeal","hexamod:Rewind"],"relics":["hexamod:SpiritBrand","downfall:HeartsMalice","Sling","Lantern","Darkstone Periapt","SacredBark","CultistMask"],"acts_visited":["TheCity"],"potions_floor_usage":[],"damage_taken":[{"damage":0.0,"enemies":"Jaw Worm","floor":2.0,"turns":1.0},{"damage":0.0,"enemies":"Cultist","floor":4.0,"turns":1.0},{"damage":0.0,"enemies":"Small Slimes","floor":5.0,"turns":1.0},{"damage":5.0,"enemies":"downfall:FleeingMerchant","floor":6.0,"turns":4.0},{"damage":21.0,"enemies":"3 Sentries","floor":8.0,"turns":6.0},{"damage":37.0,"enemies":"3 Sentries","floor":10.0,"turns":11.0},{"damage":2.0,"enemies":"2 Fungi Beasts","floor":11.0,"turns":3.0},{"damage":3.0,"enemies":"Red Slaver","floor":12.0,"turns":3.0},{"damage":9.0,"enemies":"Blue Slaver","floor":14.0,"turns":4.0},{"damage":4.0,"enemies":"3 Louse","floor":15.0,"turns":3.0},{"damage":37.0,"enemies":"DF_ARCHETYPE_STREAMLINE","floor":16.0,"turns":9.0},{"damage":19.0,"enemies":"Shell Parasite","floor":19.0,"turns":6.0},{"damage":16,"enemies":"Snake Plant","floor":21,"turns":3},{"damage":43,"enemies":"Sentry and Sphere","floor":22,"turns":4}],"seed_played":"669558016812051391","potions_obtained":[{"floor":8.0,"key":"FairyPotion"},{"floor":10.0,"key":"SteroidPotion"},{"floor":11.0,"key":"PowerPotion"},{"floor":16.0,"key":"hexamod:InfernoChargePotion"}],"is_trial":false,"path_per_floor":["R","M","?","M","M","$","T","?","?","E","M","M","R","M","M","B",null,"R","M","?","M","M"],"character_chosen":"THE_SPIRIT","items_purchased":["Sling"],"campfire_rested":1,"item_purchase_floors":[6],"current_hp_per_floor":[70,70,70,70,70,65,65,44,44,7,5,2,23,14,10,3,70,70,51,51,35,0,0,0],"gold":366,"neow_bonus":"THREE_ENEMY_KILL","is_daily":false,"chose_seed":false,"campfire_upgraded":1,"win_rate":0.0,"timestamp":1611848613,"path_taken":["R","M","?","?","M","$","T","?","?","E","M","M","R","M","M","BOSS","R","M","?","?","M"],"items_purchased_type":["Relic"],"build_version":"2020-12-22","purchased_purges":0,"victory":false,"max_hp_per_floor":[70,70,70,70,70,70,70,70,70,70,70,70,70,70,70,70,70,70,70,70,70,70,70,70],"card_choices":[{"not_picked":["hexamod:AdvancingGuard","hexamod:DynamicBlow"],"picked":"hexamod:HeatCrush","floor":2.0},{"not_picked":["hexamod:NightmareStrike","hexamod:SpectralAdrenaline"],"picked":"hexamod:EmpoweredFlame","floor":4.0},{"not_picked":["hexamod:RetreatToShadows","hexamod:AdvancingGuard"],"picked":"hexamod:HeatMetal","floor":5.0},{"not_picked":["hexamod:Again","hexamod:CatchUp"],"picked":"hexamod:Firestarter","floor":6.0},{"not_picked":["hexamod:Firestarter","hexamod:ThermalTransfer"],"picked":"hexamod:ThirdSeal","floor":8.0},{"not_picked":["hexamod:FastForward","hexamod:GhostflameBarrier"],"picked":"hexamod:DynamicBlow","floor":10.0},{"not_picked":["hexamod:SwordOfDarkness","hexamod:Haunt"],"picked":"hexamod:AdvancingGuard","floor":11.0},{"not_picked":["hexamod:ExtraCrispy","hexamod:SoulSteal"],"picked":"hexamod:ChargedBarrage","floor":12.0},{"not_picked":["hexamod:HeatCrush","hexamod:NightmareGuise"],"picked":"hexamod:HauntingEcho","floor":14.0},{"not_picked":["hexamod:GhostLash","hexamod:ThermalTransfer"],"picked":"hexamod:SpectersWail","floor":14.0},{"not_picked":["hexamod:PhantomFireball","hexamod:InspiringFlames"],"picked":"hexamod:ShieldOfDarkness","floor":15.0},{"not_picked":["hexamod:UnleashSpirits","hexamod:WildfireWeapon"],"picked":"hexamod:GhostOfSpirePresent","floor":16.0},{"not_picked":["hexamod:WildfireWeapon","hexamod:TurnItUp"],"picked":"hexamod:VolcanoVisage","floor":16.0},{"not_picked":["hexamod:HeatMetal","hexamod:SwordOfDarkness"],"picked":"hexamod:Incineration+1","floor":19.0},{"not_picked":["hexamod:NecessarySacrifice","hexamod:NightmareGuise+1"],"picked":"hexamod:SecondSeal","floor":21},{"not_picked":["hexamod:InspiringFlames","hexamod:HauntingEcho"],"picked":"hexamod:Rewind","floor":21}],"player_experience":59514,"relics_obtained":[{"floor":8.0,"key":"Lantern"},{"floor":10.0,"key":"Darkstone Periapt"}],"event_choices":[{"damage_healed":0.0,"max_hp_gain":0.0,"max_hp_loss":0.0,"gold_gain":0.0,"event_name":"FaceTrader","player_choice":"Trade","floor":20.0,"gold_loss":0.0,"damage_taken":0.0,"relics_obtained":["CultistMask"]}],"is_beta":false,"boss_relics":[{"not_picked":["Velvet Choker","Sozu"],"picked":"SacredBark"}],"items_purged_floors":[],"is_endless":false,"potions_floor_spawned":[8,10,11,12,16],"killed_by":"Sentry and Sphere","ascension_level":0}}