{"host":"1dz819zv7fs9tsdy","time":1611871154,"event":{"mods":["AchievementEnabler","BaseMod","Colored Powertips","Curses Come First","Hubris","Minty Spire (QoL Compilation)","Rare Cards Sparkle","StSLib"],"gold_per_floor":[118,129,148,163,238,238,238,250,250,264,290,290,318,337,337,438,438,456,467,498,498,52,52,68,88,112,112,139,11,21,21,21,124,124,144,144,156,36,54,54,54,54],"floor_reached":41,"language":"ENG","playtime":2462,"items_purged":[],"score":489,"play_id":"98945d79-4b14-45bf-a8f4-72dd26b204ab","local_time":"20210128215914","is_ascension_mode":true,"campfire_choices":[{"floor":6,"key":"REST"},{"floor":15,"key":"REST"},{"floor":23,"key":"RECALL"},{"floor":32,"key":"REST"},{"floor":40,"key":"REST"}],"circlet_count":0,"master_deck":["Strike_R+1","Strike_R","Strike_R","Strike_R","Defend_R","Defend_R","Defend_R","Defend_R","Bash","Clothesline","Clash+1","Clash","Spot Weakness","Armaments","Power Through","Demon Form","hubris:ReadiedAction","Flex","Offering","Sword Boomerang+1","Combust","Dark Embrace+1","Combust","Flame Barrier","Combust","Shrug It Off+1","Dramatic Entrance","hubris:ReadiedAction","Rupture+1","Shrug It Off","Limit Break","Infernal Blade+1","Skewer"],"relics":["Fusion Hammer","Matryoshka","Juzu Bracelet","Bronze Scales","Velvet Choker","Red Mask","Membership Card","Thread and Needle","Eternal Feather","Toy Ornithopter","Happy Flower","Tiny Chest","hubris:PeanutButter","Oddly Smooth Stone","Whetstone","SacredBark","hubris:Towel","PrismaticShard"],"acts_visited":["Exordium","TheCity","TheBeyond"],"potions_floor_usage":[20,25,28,28,28,30,38,39,41,41],"damage_taken":[{"damage":1,"enemies":"Cultist","floor":1,"turns":3},{"damage":7,"enemies":"Small Slimes","floor":2,"turns":3},{"damage":0,"enemies":"2 Louse","floor":3,"turns":1},{"damage":6,"enemies":"Looter","floor":4,"turns":2},{"damage":1,"enemies":"3 Louse","floor":8,"turns":3},{"damage":9,"enemies":"Red Slaver","floor":10,"turns":2},{"damage":4,"enemies":"Gremlin Nob","floor":11,"turns":3},{"damage":10,"enemies":"Lagavulin","floor":13,"turns":7},{"damage":7,"enemies":"Exordium Wildlife","floor":14,"turns":4},{"damage":30,"enemies":"Hexaghost","floor":16,"turns":7},{"damage":8,"enemies":"Chosen","floor":18,"turns":4},{"damage":6,"enemies":"3 Byrds","floor":19,"turns":3},{"damage":33,"enemies":"Masked Bandits","floor":20,"turns":4},{"damage":34,"enemies":"3 Cultists","floor":24,"turns":5},{"damage":27,"enemies":"Centurion and Healer","floor":25,"turns":3},{"damage":19,"enemies":"Slavers","floor":28,"turns":4},{"damage":7,"enemies":"Shelled Parasite and Fungi","floor":30,"turns":4},{"damage":16,"enemies":"Champ","floor":33,"turns":9},{"damage":4,"enemies":"Orb Walker","floor":35,"turns":4},{"damage":1,"enemies":"3 Shapes","floor":37,"turns":4},{"damage":19,"enemies":"Spire Growth","floor":39,"turns":5},{"damage":111,"enemies":"Giant Head","floor":41,"turns":9}],"seed_played":"678872139508348730","potions_obtained":[{"floor":1,"key":"Swift Potion"},{"floor":8,"key":"Block Potion"},{"floor":11,"key":"FearPotion"},{"floor":13,"key":"SkillPotion"},{"floor":18,"key":"BloodPotion"},{"floor":20,"key":"BloodPotion"},{"floor":25,"key":"Dexterity Potion"},{"floor":28,"key":"Dexterity Potion"},{"floor":30,"key":"ColorlessPotion"},{"floor":37,"key":"Strength Potion"},{"floor":39,"key":"FearPotion"}],"is_trial":false,"path_per_floor":["M","M","M","M","?","R","?","M","T","M","E","?","E","M","R","B",null,"M","M","?","?","$","R","M","M","T","?","E","$","M","T","R","B",null,"M","?","M","$","M","R","E"],"character_chosen":"IRONCLAD","items_purchased":["Membership Card","Thread and Needle","Flame Barrier","Eternal Feather","hubris:PeanutButter","PrismaticShard","Fruit Juice"],"campfire_rested":4,"item_purchase_floors":[22,22,22,22,29,38,38],"current_hp_per_floor":[79,72,72,66,55,79,80,79,79,70,66,66,56,49,73,43,80,72,66,49,49,49,61,27,16,16,16,12,12,10,10,52,36,80,76,76,75,90,71,90,0,0],"gold":54,"neow_bonus":"BOSS_RELIC","is_daily":false,"chose_seed":false,"campfire_upgraded":0,"win_rate":0.0,"timestamp":1611871154,"path_taken":["M","?","M","M","?","R","?","?","T","M","E","?","E","M","R","BOSS","M","M","?","?","$","R","M","M","T","?","E","?","M","?","R","BOSS","M","?","M","$","M","R","E"],"items_purchased_type":["Relic","Relic","Card","Relic","Relic","Relic","Potion"],"build_version":"2020-12-22","purchased_purges":0,"victory":false,"max_hp_per_floor":[80,80,80,80,80,80,80,80,80,80,80,80,80,80,80,80,80,80,80,80,80,80,80,80,80,80,80,80,80,80,80,80,80,80,80,80,80,90,90,90,90,90],"card_choices":[{"not_picked":["Blood for Blood","Warcry"],"picked":"Clothesline","floor":1},{"not_picked":["True Grit","Iron Wave"],"picked":"Clash","floor":2},{"not_picked":["Anger","Corruption"],"picked":"Clash","floor":3},{"not_picked":["Clothesline","Sever Soul"],"picked":"Power Through","floor":4},{"not_picked":["Rampage","Dual Wield"],"picked":"Spot Weakness","floor":8},{"not_picked":["Twin Strike","Feel No Pain"],"picked":"Armaments","floor":10},{"not_picked":["Body Slam","Pummel"],"picked":"Power Through","floor":11},{"not_picked":["Burning Pact","Whirlwind"],"picked":"hubris:ReadiedAction","floor":13},{"not_picked":["Warcry","Pommel Strike"],"picked":"Flex","floor":14},{"not_picked":["hubris:StunningStrike","Reaper"],"picked":"Offering","floor":16},{"not_picked":["Perfected Strike+1","Battle Trance"],"picked":"Sword Boomerang+1","floor":18},{"not_picked":["Cleave","Uppercut+1"],"picked":"Combust","floor":19},{"not_picked":["Thunderclap","Pommel Strike"],"picked":"Dark Embrace+1","floor":20},{"not_picked":["hubris:SharpeningStone","Burning Pact"],"picked":"Combust","floor":24},{"not_picked":["Clothesline","Cleave"],"picked":"Shrug It Off+1","floor":25},{"not_picked":["Sever Soul","Clash+1"],"picked":"Rupture+1","floor":28},{"not_picked":["Warcry","Body Slam"],"picked":"Shrug It Off","floor":30},{"not_picked":["Fiend Fire","Feed"],"picked":"Limit Break","floor":33},{"not_picked":["Anger","Heavy Blade+1","hubris:ReadiedAction+1"],"picked":"SKIP","floor":35},{"not_picked":["Clash","Blood for Blood+1"],"picked":"Infernal Blade+1","floor":37},{"not_picked":["Acrobatics+1","White Noise"],"picked":"Skewer","floor":39}],"player_experience":337847,"relics_obtained":[{"floor":9,"key":"Matryoshka"},{"floor":11,"key":"Juzu Bracelet"},{"floor":13,"key":"Bronze Scales"},{"floor":20,"key":"Red Mask"},{"floor":26,"key":"Toy Ornithopter"},{"floor":26,"key":"Happy Flower"},{"floor":28,"key":"Tiny Chest"},{"floor":31,"key":"Oddly Smooth Stone"},{"floor":31,"key":"Whetstone"}],"event_choices":[{"damage_healed":0,"gold_gain":75,"player_choice":"Gather Gold","damage_taken":11,"max_hp_gain":0,"max_hp_loss":0,"event_name":"World of Goop","floor":5,"gold_loss":0},{"cards_removed":["Power Through"],"damage_healed":1,"gold_gain":0,"player_choice":"Offered Uncommon","damage_taken":0,"max_hp_gain":0,"max_hp_loss":0,"event_name":"Bonfire Elementals","floor":7,"gold_loss":0},{"damage_healed":0,"gold_gain":0,"cards_transformed":["Strike_R"],"player_choice":"Change","damage_taken":0,"max_hp_gain":0,"max_hp_loss":0,"event_name":"Living Wall","floor":12,"gold_loss":0,"cards_obtained":["Demon Form"]},{"damage_healed":0,"gold_gain":0,"player_choice":"Fought Bandits","damage_taken":0,"max_hp_gain":0,"max_hp_loss":0,"event_name":"Masked Bandits","floor":20,"gold_loss":0},{"damage_healed":0,"gold_gain":0,"player_choice":"Copied","damage_taken":0,"max_hp_gain":0,"max_hp_loss":0,"event_name":"Duplicator","floor":21,"gold_loss":0,"cards_obtained":["Combust"]},{"damage_healed":0,"gold_gain":0,"player_choice":"2 cards matched","damage_taken":0,"max_hp_gain":0,"max_hp_loss":0,"event_name":"Match and Keep!","floor":27,"gold_loss":0,"cards_obtained":["Dramatic Entrance","hubris:ReadiedAction"]}],"is_beta":false,"boss_relics":[{"not_picked":["hubris:ScarierMask","Tiny House"],"picked":"Velvet Choker"},{"not_picked":["Cursed Key","hubris:VirtuousBlindfold"],"picked":"SacredBark"}],"items_purged_floors":[],"is_endless":false,"potions_floor_spawned":[1,8,11,13,14,18,20,25,28,30,37,39],"killed_by":"Giant Head","ascension_level":3}}