{"host":"m4gb89kpcfic7v2a","time":1611815829,"event":{"mods":["BaseMod","BetterRewards","Minty Spire (QoL Compilation)","Reliquary","StS++","StSLib","The Servant 0.9.4"],"gold_per_floor":[115,115,129,146,161,196,196,228,228,250,265,265,276,291,291,392,392,404,416,341,357,426,454,454,472,521,548,558,558,573,275,275,377,377,393,408,421,177,177,177,205,218,218,247,247,264,116,166,166,166,166,166,28,55,55],"floor_reached":56,"language":"ENG","playtime":9247,"items_purged":["Strike_S","Defend_S"],"score":1599,"play_id":"c5d9c672-284c-48bb-8875-48433933e64b","local_time":"20210127233709","is_ascension_mode":true,"campfire_choices":[{"data":"Apotheosis","floor":7,"key":"SMITH"},{"floor":12,"key":"REST"},{"floor":15,"key":"REST"},{"data":"Embodiment","floor":24,"key":"SMITH"},{"data":"BottledTime","floor":29,"key":"SMITH"},{"data":"StarChef","floor":32,"key":"SMITH"},{"data":"TheWorld","floor":40,"key":"SMITH"},{"floor":45,"key":"RECALL"},{"data":"MurderousAura","floor":49,"key":"SMITH"},{"data":"FlawlessForm","floor":52,"key":"SMITH"}],"circlet_count":0,"master_deck":["Strike_S","Strike_S","Defend_S","Defend_S","KidneyShot","Apotheosis+1","SilverBlades","SurpressingFire","Moonlight","Foresight","Moonlight","BottledTime+1","Embodiment+1","Rearm+1","Defy+1","Embodiment","BottledTime+1","StarChef+1","TheWorld+1","SurpressingFire","SurpressingFire","Luminosity","FlawlessForm+1","MurderousAura+1","SurpressingFire","MurderousAura","WasteNot"],"relics":["Uniform","Lee\u0027s Waffle","StoneCalendar","Mummified Hand","Toy Ornithopter","Odd Mushroom","SacredBark","Question Card","Meat on the Bone","Potion Belt","Centennial Puzzle","reliquary:Bookmark","reliquary:RedCape","Orrery","reliquary:TuningFork","reliquary:FeatherDuster","Blood Vial","PocketWatch","Art of War"],"acts_visited":["Exordium","TheCity","TheBeyond","TheEnding"],"potions_floor_usage":[8,11,23,23,25,33,50,55,55,55],"damage_taken":[{"damage":7,"enemies":"2 Louse","floor":1,"turns":4},{"damage":7,"enemies":"Jaw Worm","floor":3,"turns":7},{"damage":5,"enemies":"Cultist","floor":4,"turns":5},{"damage":17,"enemies":"Lots of Slimes","floor":5,"turns":6},{"damage":14,"enemies":"3 Sentries","floor":6,"turns":7},{"damage":14,"enemies":"Gremlin Nob","floor":8,"turns":5},{"damage":6,"enemies":"The Mushroom Lair","floor":10,"turns":5},{"damage":3,"enemies":"Red Slaver","floor":11,"turns":4},{"damage":0,"enemies":"Looter","floor":13,"turns":3},{"damage":10,"enemies":"Exordium Thugs","floor":14,"turns":4},{"damage":1,"enemies":"The Guardian","floor":16,"turns":10},{"damage":1,"enemies":"Chosen","floor":18,"turns":3},{"damage":18,"enemies":"Spheric Guardian","floor":19,"turns":4},{"damage":8,"enemies":"3 Cultists","floor":21,"turns":7},{"damage":29,"enemies":"Slavers","floor":23,"turns":4},{"damage":2,"enemies":"Chosen and Byrds","floor":25,"turns":4},{"damage":11,"enemies":"Gremlin Leader","floor":27,"turns":5},{"damage":16,"enemies":"Centurion and Healer","floor":28,"turns":6},{"damage":7,"enemies":"Sentry and Sphere","floor":30,"turns":6},{"damage":0,"enemies":"Automaton","floor":33,"turns":6},{"damage":10,"enemies":"3 Shapes","floor":35,"turns":4},{"damage":3,"enemies":"Orb Walker","floor":36,"turns":4},{"damage":27,"enemies":"3 Darklings","floor":37,"turns":6},{"damage":40,"enemies":"Reptomancer","floor":41,"turns":5},{"damage":1,"enemies":"4 Shapes","floor":42,"turns":7},{"damage":0,"enemies":"Giant Head","floor":44,"turns":6},{"damage":0,"enemies":"Maw","floor":46,"turns":4},{"damage":13,"enemies":"Mind Bloom Boss Battle","floor":48,"turns":5},{"damage":7,"enemies":"Time Eater","floor":50,"turns":8},{"damage":4,"enemies":"Shield and Spear","floor":54,"turns":5},{"damage":25,"enemies":"The Heart","floor":55,"turns":6}],"seed_played":"1239421936012639415","potions_obtained":[{"floor":1,"key":"Block Potion"},{"floor":4,"key":"StSpp:InhibitionPotion"},{"floor":8,"key":"AttackPotion"},{"floor":13,"key":"Strength Potion"},{"floor":14,"key":"SteroidPotion"},{"floor":23,"key":"Fire Potion"},{"floor":30,"key":"CultistPotion"},{"floor":35,"key":"Dexterity Potion"},{"floor":41,"key":"Dexterity Potion"},{"floor":42,"key":"Fire Potion"},{"floor":48,"key":"GamblersBrew"}],"is_trial":false,"path_per_floor":["M","?","M","M","M","E","R","E","T","?","M","R","M","M","R","B",null,"M","M","?","M","T","E","R","M","T","E","M","R","M","$","R","B",null,"M","M","M","$","?","R","E","M","T","E","R","M","$","?","R","B",null,"R","$","E","B",null],"character_chosen":"THE_SERVANT","items_purchased":["Lee\u0027s Waffle","Manipulate","Apotheosis","StarChef","reliquary:Bookmark","Orrery","MurderousAura","MurderousAura"],"campfire_rested":2,"item_purchase_floors":[0,0,0,31,31,38,47,53],"current_hp_per_floor":[65,70,63,58,41,27,27,13,13,7,9,32,32,22,45,44,77,76,58,58,50,50,31,31,46,46,47,43,43,48,48,48,53,77,67,64,49,49,49,49,21,32,32,44,44,46,46,47,47,47,77,77,77,73,52],"gold":55,"neow_bonus":"","is_daily":false,"chose_seed":false,"campfire_upgraded":7,"win_rate":0.0,"timestamp":1611815829,"path_taken":["M","?","M","M","M","E","R","E","T","?","M","R","M","M","R","BOSS","M","M","?","M","?","E","R","M","T","E","M","R","M","$","R","BOSS","M","M","M","$","?","R","E","M","T","E","R","?","?","?","R","BOSS","R","$","E","BOSS"],"items_purchased_type":["Relic","Card","Card","Card","Relic","Relic","Card","Card"],"build_version":"2020-12-22","purchased_purges":2,"victory":true,"max_hp_per_floor":[72,77,77,77,77,77,77,77,77,77,77,77,77,77,77,77,77,77,77,77,77,77,77,77,77,77,77,77,77,77,77,77,77,77,77,77,77,77,77,77,77,77,77,77,77,77,77,77,77,77,77,77,77,77,77],"card_choices":[{"not_picked":["FastForward","DoubleEdge"],"picked":"SilverBlades","floor":1},{"not_picked":["Barrier","Sabotage"],"picked":"SurpressingFire","floor":3},{"not_picked":["Barrier","Unruled","FastForward"],"picked":"SKIP","floor":4},{"not_picked":["Spin","Alleviate"],"picked":"Moonlight","floor":5},{"not_picked":["Revamp","Hightail"],"picked":"Foresight","floor":6},{"not_picked":["FastForward","Read"],"picked":"Gouge","floor":8},{"not_picked":["Foresight","Unruled"],"picked":"Moonlight","floor":10},{"not_picked":["Replace","Solidify","Potential"],"picked":"SKIP","floor":11},{"not_picked":["Revamp","DualDimension"],"picked":"BottledTime","floor":13},{"not_picked":["Rewind","Read","Moondial"],"picked":"SKIP","floor":14},{"not_picked":["Dilation","LightFlow"],"picked":"Embodiment","floor":16},{"not_picked":["FanOfKnives","Reset"],"picked":"Rearm+1","floor":18},{"not_picked":["Rewind","ShatteredReality+1","Ricochet+1"],"picked":"SKIP","floor":19},{"not_picked":["Alleviate","Starlight","Replace+1"],"picked":"SKIP","floor":21},{"not_picked":["FanOfKnives","Rearm","Foresight"],"picked":"Defy+1","floor":23},{"not_picked":["FanOfKnives+1","TimeWarp+1","Dilation","Rearm"],"picked":"SKIP","floor":25},{"not_picked":["FastForward+1","Gouge","Starlight"],"picked":"Embodiment","floor":27},{"not_picked":["Shuttle+1","Moondial+1","MoonPhase+1","GearUp+1"],"picked":"SKIP","floor":28},{"not_picked":["Spin+1","Dilation","Starlight+1"],"picked":"BottledTime+1","floor":30},{"not_picked":["Sunlight","Dilation","KillingDoll"],"picked":"TheWorld","floor":33},{"not_picked":["Rearm+1","Replace+1","DoubleEdge+1","Shuttle"],"picked":"SKIP","floor":35},{"not_picked":["TimeWarp+1","ShatteredReality+1","Defy+1","Ricochet+1"],"picked":"SKIP","floor":36},{"not_picked":["Rewind","Spin+1","Rearm","Ricochet"],"picked":"SKIP","floor":37},{"not_picked":["ForgedInTime","Misdirection","Shuttle+1"],"picked":"SurpressingFire","floor":38},{"not_picked":["GearUp+1","Reset+1","BottledTime+1"],"picked":"SurpressingFire","floor":38},{"not_picked":["Duplication","Alleviate","SpecialFormula+1"],"picked":"Luminosity","floor":38},{"not_picked":["Collapse+1","Snipe","LightFlow"],"picked":"FlawlessForm","floor":38},{"not_picked":["Reset","FastForward","Revamp+1","Alleviate"],"picked":"SKIP","floor":41},{"not_picked":["Alleviate","Defy","RealityMarble+1","Unruled+1"],"picked":"SKIP","floor":42},{"not_picked":["Moonlight","TimeWarp","Defy+1","Rewind+1"],"picked":"SKIP","floor":44},{"not_picked":["Ricochet+1","Rewind+1","LightFlow","Manipulate"],"picked":"SKIP","floor":46},{"not_picked":["WasteNot+1","Unruled+1","Sabotage+1"],"picked":"SurpressingFire","floor":48},{"not_picked":["FastForward+1","Hightail+1","FloweringNight"],"picked":"WasteNot","floor":54}],"player_experience":186575,"relics_obtained":[{"floor":6,"key":"Mummified Hand"},{"floor":8,"key":"Toy Ornithopter"},{"floor":10,"key":"Odd Mushroom"},{"floor":22,"key":"Question Card"},{"floor":23,"key":"Meat on the Bone"},{"floor":26,"key":"Potion Belt"},{"floor":27,"key":"Centennial Puzzle"},{"floor":41,"key":"reliquary:TuningFork"},{"floor":43,"key":"reliquary:FeatherDuster"},{"floor":44,"key":"Blood Vial"},{"floor":48,"key":"PocketWatch"},{"floor":54,"key":"Art of War"}],"event_choices":[{"damage_healed":0,"gold_gain":0,"player_choice":"Donut","damage_taken":0,"max_hp_gain":5,"max_hp_loss":0,"event_name":"Big Fish","floor":2,"gold_loss":0},{"damage_healed":0,"gold_gain":0,"player_choice":"Fought Mushrooms","damage_taken":0,"max_hp_gain":0,"max_hp_loss":0,"event_name":"Mushrooms","floor":10,"gold_loss":0},{"cards_removed":["Strike_S"],"damage_healed":0,"gold_gain":0,"player_choice":"Gave Gold","damage_taken":0,"max_hp_gain":0,"max_hp_loss":0,"event_name":"Beggar","floor":20,"gold_loss":75},{"cards_removed":["Defend_S"],"damage_healed":0,"gold_gain":0,"player_choice":"Purged","damage_taken":0,"max_hp_gain":0,"max_hp_loss":0,"event_name":"Purifier","floor":39,"gold_loss":0},{"damage_healed":0,"gold_gain":0,"player_choice":"Fight","damage_taken":0,"max_hp_gain":0,"max_hp_loss":0,"event_name":"MindBloom","floor":48,"gold_loss":0}],"is_beta":false,"boss_relics":[{"not_picked":["Runic Dome","reliquary:Ember"],"picked":"SacredBark"},{"not_picked":["Fusion Hammer","StSpp:PileOfSugar"],"picked":"reliquary:RedCape"}],"items_purged_floors":[31,38],"is_endless":false,"potions_floor_spawned":[1,4,8,13,14,16,18,21,23,30,35,41,42,48],"ascension_level":1}}