{"host":"6qo42zgaknezulyg","time":1611833256,"event":{"mods":["2.2 Compatiblity","BaseMod","Faster Ascension Climbing","Keyboard Shortcuts","Minty Spire (QoL Compilation)","Permanent Neow","Quick Restart","StSLib","SuperFastMode","The Dragon Tamer"],"gold_per_floor":[113,124,140,140,159,159,202,202,202,202,202,235,260,148,148,237,237,258,258,258,258],"floor_reached":19,"language":"ENG","playtime":938,"items_purged":["DTMod:Strike"],"score":354,"play_id":"b890ce59-38cd-44da-b16a-663b7cae6b92","local_time":"20210128202736","is_ascension_mode":true,"metric_token":659,"campfire_choices":[{"data":"DTMod:SwitchingTactic","floor":6.0,"key":"SMITH"},{"data":"DTMod:Outburst","floor":8.0,"key":"SMITH"},{"floor":11.0,"key":"REST"},{"floor":15.0,"key":"REST"}],"dtmod_dragon_data":[32,46,2,-1,12,0],"circlet_count":0,"master_deck":["AscendersBane","DTMod:Strike","DTMod:Strike","DTMod:Strike","DTMod:DoubleHit","DTMod:TargetDefense","DTMod:TargetDefense","DTMod:TargetDefense","DTMod:TargetDefense","DTMod:SwitchingTactic+1","DTMod:BalancedStrike","DTMod:QuickFly","DTMod:BurningForce","DTMod:Outburst+1","DTMod:BurningEnergy","DTMod:MaximumCharge","DTMod:TagTeam","DTMod:GearUp","DTMod:CleansingStrike+1"],"relics":["DTMod:TheChair","Golden Idol","Blood Vial","Strawberry","Darkstone Periapt","Question Card","Runic Dome"],"acts_visited":["Exordium","TheCity"],"potions_floor_usage":[19],"damage_taken":[{"damage":1.0,"enemies":"Jaw Worm","floor":1.0,"turns":5.0},{"damage":0.0,"enemies":"2 Louse","floor":2.0,"turns":4.0},{"damage":1.0,"enemies":"Cultist","floor":3.0,"turns":3.0},{"damage":0.0,"enemies":"Lots of Slimes","floor":5.0,"turns":1.0},{"damage":19.0,"enemies":"Lagavulin","floor":7.0,"turns":7.0},{"damage":35.0,"enemies":"Gremlin Nob","floor":12.0,"turns":4.0},{"damage":0.0,"enemies":"Looter","floor":13.0,"turns":2.0},{"damage":15,"enemies":"The Guardian","floor":16,"turns":8},{"damage":33,"enemies":"Shell Parasite","floor":18,"turns":4},{"damage":0,"enemies":"Masked Bandits","floor":19,"turns":2}],"seed_played":"-2606436870901193517","potions_obtained":[{"floor":1.0,"key":"Regen Potion"},{"floor":3.0,"key":"AttackPotion"},{"floor":16,"key":"Explosive Potion"},{"floor":18,"key":"Dexterity Potion"}],"is_trial":false,"path_per_floor":["M","M","M","?","M","R","E","R","T","?","R","E","M","$","R","B",null,"M","?"],"character_chosen":"THE_DT","items_purchased":["DTMod:TagTeam"],"campfire_rested":2,"item_purchase_floors":[14],"current_hp_per_floor":[36,36,35,35,35,35,16,16,23,23,36,3,5,5,18,5,34,3,5,5,5],"gold":258,"neow_bonus":"BOSS_RELIC","is_daily":false,"chose_seed":true,"campfire_upgraded":2,"win_rate":0.0,"timestamp":1611833256,"path_taken":["M","M","M","?","M","R","E","R","T","?","R","E","?","?","R","BOSS","M","?"],"items_purchased_type":["Card"],"build_version":"2020-12-22","purchased_purges":1,"victory":false,"max_hp_per_floor":[41,41,41,37,37,37,37,37,44,44,44,44,44,44,44,44,44,44,44,44,44],"card_choices":[{"not_picked":["DTMod:MagicField","DTMod:Hide"],"picked":"DTMod:BalancedStrike","floor":1.0},{"not_picked":["DTMod:Hide","DTMod:Training"],"picked":"DTMod:QuickFly","floor":2.0},{"not_picked":["DTMod:QuickFly","DTMod:MagicField"],"picked":"DTMod:BurningForce","floor":3.0},{"not_picked":["DTMod:Observe","DTMod:FlameSlash"],"picked":"DTMod:Outburst","floor":5.0},{"not_picked":["DTMod:HeatWave","DTMod:BurningEnergy"],"picked":"DTMod:BurningForce","floor":7.0},{"not_picked":["DTMod:FlameSlash","DTMod:DeepFocus"],"picked":"DTMod:BurningEnergy","floor":12.0},{"not_picked":["DTMod:Cover","DTMod:QuickFly","DTMod:MagicField"],"picked":"DTMod:MaximumCharge","floor":13.0},{"not_picked":["DTMod:EchoTactic","DTMod:StunTrap","DTMod:Safeguard"],"picked":"DTMod:GearUp","floor":16},{"not_picked":["DTMod:CrossStep","DTMod:HeatWave","DTMod:MagicField"],"picked":"DTMod:CleansingStrike+1","floor":18}],"player_experience":731960,"relics_obtained":[{"floor":7.0,"key":"Blood Vial"},{"floor":9.0,"key":"Strawberry"},{"floor":12.0,"key":"Question Card"}],"event_choices":[{"damage_healed":0.0,"max_hp_gain":0.0,"max_hp_loss":4.0,"gold_gain":0.0,"event_name":"Golden Idol","player_choice":"Lose Max HP","floor":4.0,"gold_loss":0.0,"damage_taken":0.0,"relics_obtained":["Golden Idol"]},{"cards_removed":["DTMod:BurningForce"],"damage_healed":0.0,"max_hp_gain":0.0,"max_hp_loss":0.0,"gold_gain":0.0,"event_name":"WeMeetAgain","player_choice":"Gave Card","floor":10.0,"gold_loss":0.0,"damage_taken":0.0,"relics_obtained":["Darkstone Periapt"]},{"damage_healed":0,"gold_gain":0,"player_choice":"Fought Bandits","damage_taken":0,"max_hp_gain":0,"max_hp_loss":0,"event_name":"Masked Bandits","floor":19,"gold_loss":0}],"is_beta":false,"boss_relics":[{"not_picked":["Busted Crown","Calling Bell"],"picked":"Runic Dome"}],"items_purged_floors":[14],"is_endless":false,"potions_floor_spawned":[1,3,16,18],"killed_by":"Masked Bandits","ascension_level":20}}