{"host":"sav7uxregyirlf69","time":1611798627,"event":{"mods":["AchievementEnabler","BaseMod","Colored Map","DeckTracker","Keyboard Shortcuts","Minty Spire (QoL Compilation)","READ ME - Guardian Mod","StSLib","SuperFastMode"],"gold_per_floor":[15,15,28,28,103,103,132,132,132,147,147,212,50,70,70,144,144,163,174,187,187,200,200,200],"floor_reached":23,"language":"KOR","playtime":326,"items_purged":[],"score":507,"play_id":"673bef87-8c7d-4eda-9a9b-2a78d6496293","local_time":"20210128105027","is_ascension_mode":true,"campfire_choices":[{"floor":6,"key":"REST"},{"data":"Fire Breathing","floor":11,"key":"SMITH"},{"floor":15,"key":"RECALL"}],"circlet_count":0,"master_deck":["AscendersBane","Strike_R","Strike_R+1","Strike_R","Strike_R+1","Defend_R","Defend_R","Defend_R","Defend_R","Bash","Immolate+1","Shrug It Off","Power Through","Fire Breathing+1","Fire Breathing+1"],"relics":["Burning Blood","Singing Bowl","White Beast Statue","Kunai","Shuriken","Orrery","Philosopher\u0027s Stone"],"acts_visited":["Exordium","TheCity"],"potions_floor_usage":[7,16,23],"damage_taken":[{"damage":16,"enemies":"Jaw Worm","floor":1,"turns":4},{"damage":9,"enemies":"2 Louse","floor":3,"turns":2},{"damage":32,"enemies":"Lagavulin","floor":7,"turns":6},{"damage":0,"enemies":"Cultist","floor":10,"turns":2},{"damage":7,"enemies":"3 Sentries","floor":12,"turns":4},{"damage":11,"enemies":"Large Slime","floor":14,"turns":5},{"damage":0,"enemies":"Slime Boss","floor":16,"turns":5},{"damage":21,"enemies":"3 Byrds","floor":18,"turns":3},{"damage":24,"enemies":"Shell Parasite","floor":19,"turns":4},{"damage":37,"enemies":"Shelled Parasite and Fungi","floor":20,"turns":5},{"damage":10,"enemies":"Chosen and Byrds","floor":22,"turns":5},{"damage":24,"enemies":"Gremlin Leader","floor":23,"turns":4}],"seed_played":"2466353435944983345","potions_obtained":[{"floor":1,"key":"ColorlessPotion"},{"floor":10,"key":"Swift Potion"},{"floor":12,"key":"DistilledChaos"},{"floor":14,"key":"Energy Potion"},{"floor":16,"key":"DuplicationPotion"},{"floor":19,"key":"DistilledChaos"}],"is_trial":false,"path_per_floor":["M","?","M","?","?","R","E","T","T","M","R","?","$","M","R","B",null,"M","M","M","?","M","E"],"character_chosen":"IRONCLAD","items_purchased":["Orrery"],"campfire_rested":1,"item_purchase_floors":[13],"current_hp_per_floor":[58,58,55,32,21,43,17,17,17,23,23,24,34,31,31,39,78,63,47,18,18,16,0,0],"gold":200,"neow_bonus":"THREE_RARE_CARDS","is_daily":false,"chose_seed":false,"campfire_upgraded":1,"win_rate":0.0,"timestamp":1611798627,"path_taken":["M","?","M","?","?","R","E","?","T","?","R","?","$","M","R","BOSS","M","M","M","?","M","E"],"items_purchased_type":["Relic"],"build_version":"2020-12-22","purchased_purges":0,"victory":false,"max_hp_per_floor":[75,75,75,75,75,75,75,75,75,75,75,77,87,89,89,91,91,91,93,95,95,97,97,97],"card_choices":[{"not_picked":["Fiend Fire","Brutality"],"picked":"Immolate","floor":0},{"not_picked":["Spot Weakness","Body Slam","Clothesline"],"picked":"SKIP","floor":1},{"not_picked":["Wild Strike","Headbutt"],"picked":"Shrug It Off","floor":3},{"not_picked":["Flame Barrier","Hemokinesis"],"picked":"Power Through","floor":7},{"not_picked":["Whirlwind","Headbutt"],"picked":"Fire Breathing","floor":10},{"not_picked":["Whirlwind","Anger","Thunderclap"],"picked":"Singing Bowl","floor":12},{"not_picked":["Metallicize","Reckless Charge","Exhume"],"picked":"Singing Bowl","floor":13},{"not_picked":["Metallicize","Dropkick","Perfected Strike"],"picked":"Singing Bowl","floor":13},{"not_picked":["True Grit","Rampage","Burning Pact"],"picked":"Singing Bowl","floor":13},{"not_picked":["Anger","Havoc","Bloodletting"],"picked":"Singing Bowl","floor":13},{"not_picked":["Iron Wave","Shrug It Off","Infernal Blade"],"picked":"Singing Bowl","floor":13},{"not_picked":["Rampage","Ghostly Armor","Metallicize"],"picked":"Singing Bowl","floor":14},{"not_picked":["Reaper","Brutality","Juggernaut"],"picked":"Singing Bowl","floor":16},{"not_picked":["Infernal Blade","Clothesline"],"picked":"Fire Breathing+1","floor":18},{"not_picked":["Dropkick+1","Thunderclap","Clothesline"],"picked":"Singing Bowl","floor":19},{"not_picked":["Reckless Charge","Wild Strike","Exhume"],"picked":"Singing Bowl","floor":20},{"not_picked":["Heavy Blade","Anger","Iron Wave"],"picked":"Singing Bowl","floor":22}],"player_experience":1405190,"relics_obtained":[{"floor":7,"key":"Singing Bowl"},{"floor":8,"key":"White Beast Statue"},{"floor":9,"key":"Kunai"}],"event_choices":[{"damage_healed":0,"gold_gain":0,"player_choice":"Grow","damage_taken":0,"max_hp_gain":0,"max_hp_loss":0,"event_name":"Living Wall","floor":2,"gold_loss":0,"cards_upgraded":["Immolate"]},{"damage_healed":0,"gold_gain":0,"player_choice":"Entered Light","damage_taken":23,"max_hp_gain":0,"max_hp_loss":0,"event_name":"Shining Light","floor":4,"gold_loss":0,"cards_upgraded":["Strike_R","Strike_R"]},{"damage_healed":0,"gold_gain":75,"player_choice":"Gather Gold","damage_taken":11,"max_hp_gain":0,"max_hp_loss":0,"event_name":"World of Goop","floor":5,"gold_loss":0},{"damage_healed":0,"gold_gain":0,"player_choice":"Searched \u00272\u0027 times","damage_taken":0,"relics_obtained":["Shuriken"],"max_hp_gain":0,"max_hp_loss":0,"event_name":"Dead Adventurer","floor":12,"gold_loss":0},{"cards_removed":["Strike_R"],"damage_healed":0,"gold_gain":0,"player_choice":"Purged","damage_taken":0,"max_hp_gain":0,"max_hp_loss":0,"event_name":"Purifier","floor":21,"gold_loss":0}],"is_beta":false,"boss_relics":[{"not_picked":["Velvet Choker","Tiny House"],"picked":"Philosopher\u0027s Stone"}],"items_purged_floors":[],"is_endless":false,"potions_floor_spawned":[1,10,12,14,16,18,19,20,22],"killed_by":"Gremlin Leader","ascension_level":20}}