{"host":"hpn0uxah5qjr7pa6","time":1611876436,"event":{"mods":["Act Like it!","BaseMod","BetterRewards","Colored Powertips","Conspire","Downfall","Hallownest","Hermit","Hubris","Infinite Spire","Minty Spire (QoL Compilation)","Quick Restart","Replay The Spire","StSLib","The Jungle"],"gold_per_floor":[199,217,234,254,239,239,287,307,354,148,48,67,67,87,98,203,203,203,223,223,208,222,239,239,239,584,604,604,615,615,615,627,730,730,730,740,759,772,309,309,309,309,315,315,315],"floor_reached":43,"language":"ENG","playtime":2350,"items_purged":[],"score":482,"play_id":"1aa1faf9-b60c-42ea-b223-24123a35965b","local_time":"20210128152716","is_ascension_mode":true,"campfire_choices":[{"floor":1,"key":"DIG"},{"floor":11,"key":"REST"},{"data":"bronze:ChosenStrike","floor":18,"key":"SMITH"},{"floor":25,"key":"REST"},{"data":"bronze:Terminator","floor":35,"key":"SMITH"},{"floor":40,"key":"REST"}],"circlet_count":0,"master_deck":["bronze:Strike","bronze:Strike","bronze:Strike","bronze:Strike","bronze:Defend","bronze:Defend","bronze:Defend","bronze:Defend","bronze:Replicate","bronze:OilSpill","bronze:ChosenStrike+1","bronze:DelayedSlice","bronze:Branch","bronze:OilSpill","bronze:Separator","m_Bronzebash","bronze:DelayedSlice","bronze:Terminator+1","bronze:RecursiveStrike","bronze:Repair+1","bronze:DelayedSlice"],"relics":["bronze:PlatinumCore","TungstenRod","Matryoshka","Boot","downfall:HeartBlessingBlue","hubris:HollowSoul","hubris:Towel","bronze:ProtectiveGoggles","Chameleon Ring","Pantograph","Unceasing Top","Regal Pillow","infinitespire:Lucky Rock","hubris:Potato"],"acts_visited":["Exordium","TheCity","TheBeyond"],"potions_floor_usage":[16,16,23,23,26,33,33,43],"damage_taken":[{"damage":0,"enemies":"Cultist","floor":2,"turns":4},{"damage":1,"enemies":"Jaw Worm","floor":3,"turns":3},{"damage":4,"enemies":"Small Slimes","floor":4,"turns":3},{"damage":0,"enemies":"downfall:FleeingMerchant","floor":5,"turns":4},{"damage":2,"enemies":"Blue Slaver","floor":8,"turns":3},{"damage":3,"enemies":"downfall:FleeingMerchant","floor":10,"turns":4},{"damage":6,"enemies":"Exordium Wildlife","floor":12,"turns":4},{"damage":0,"enemies":"Exordium Thugs","floor":14,"turns":2},{"damage":6,"enemies":"3 Louse","floor":15,"turns":2},{"damage":24,"enemies":"IC_STATUS_ARCHETYPE","floor":16,"turns":5},{"damage":0,"enemies":"Spheric Guardian","floor":19,"turns":2},{"damage":11,"enemies":"downfall:FleeingMerchant","floor":21,"turns":4},{"damage":5,"enemies":"Chosen","floor":22,"turns":3},{"damage":27,"enemies":"Centurion and Healer","floor":23,"turns":5},{"damage":10,"enemies":"downfall:FleeingMerchant","floor":26,"turns":3},{"damage":7,"enemies":"Shelled Parasite and Fungi","floor":27,"turns":4},{"damage":7,"enemies":"conspire:HollyBat","floor":29,"turns":7},{"damage":16,"enemies":"Centurion and Healer","floor":32,"turns":5},{"damage":43,"enemies":"SI_MIRROR_ARCHETYPE","floor":33,"turns":11},{"damage":32,"enemies":"3 Darklings","floor":36,"turns":4},{"damage":1,"enemies":"Orb Walker","floor":37,"turns":2},{"damage":12,"enemies":"Sphere and 2 Shapes","floor":38,"turns":3},{"damage":16,"enemies":"conspire:MimicChest","floor":43,"turns":2}],"seed_played":"9078142535331365338","potions_obtained":[{"floor":2,"key":"LifebloodPotion"},{"floor":4,"key":"conspire:TimeTravelPotion"},{"floor":8,"key":"bronze:CleanCodePotion"},{"floor":16,"key":"EssenceOfSteel"},{"floor":19,"key":"Dexterity Potion"},{"floor":22,"key":"SkillPotion"},{"floor":23,"key":"SteroidPotion"},{"floor":30,"key":"bronze:FreeFunctionsPotion"},{"floor":30,"key":"LiquidBronze"},{"floor":32,"key":"EssenceOfSteel"}],"is_trial":false,"path_per_floor":["R","M","M","M","$","?","T","M","?","$","R","M","?","M","M","B",null,"R","M","?","$","M","M","T","R","$","M","AVR","M","R","?","M","B",null,"R","M","M","M","$","R","T","?","?"],"character_chosen":"THE_AUTOMATON","items_purchased":["Boot","bronze:OilSpill","Unceasing Top","Regal Pillow"],"campfire_rested":3,"item_purchase_floors":[10,10,39,39],"current_hp_per_floor":[70,70,69,65,65,65,65,63,47,44,78,72,72,72,66,56,80,80,80,80,69,64,47,47,71,70,73,73,73,73,73,67,37,80,80,48,47,35,35,74,74,77,0,0,0],"gold":315,"neow_bonus":"HUNDRED_GOLD","is_daily":false,"chose_seed":false,"campfire_upgraded":2,"win_rate":0.0,"timestamp":1611876436,"path_taken":["R","M","M","M","$","?","T","M","?","$","R","M","?","M","M","BOSS","R","M","?","?","?","M","T","R","$","M","AVR","M","R","?","M","BOSS","R","M","M","M","$","R","T","?","?"],"items_purchased_type":["Relic","Card","Relic","Relic"],"build_version":"2020-12-22","purchased_purges":0,"victory":false,"max_hp_per_floor":[70,70,70,70,70,70,70,70,70,70,80,80,80,80,80,80,80,80,80,80,80,80,80,80,80,80,80,80,80,80,80,80,80,80,80,80,80,80,80,80,80,83,83,83,83],"card_choices":[{"not_picked":["bronze:CutThrough","bronze:FineTuning"],"picked":"bronze:OilSpill","floor":2},{"not_picked":["bronze:Shield","bronze:ChildClass"],"picked":"bronze:ChosenStrike","floor":3},{"not_picked":["bronze:BuggyMess","bronze:Refactor","bronze:Safeguard"],"picked":"SKIP","floor":4},{"not_picked":["bronze:WildBeam","bronze:ItsAFeature"],"picked":"bronze:DelayedSlice","floor":5},{"not_picked":["bronze:ItsAFeature","bronze:Return","bronze:Shield"],"picked":"SKIP","floor":8},{"not_picked":["bronze:Shield","bronze:Format"],"picked":"bronze:Branch","floor":10},{"not_picked":["bronze:Shield","bronze:FineTuning"],"picked":"bronze:Separator","floor":12},{"not_picked":["bronze:Overheat","bronze:ClassDefault"],"picked":"bronze:DelayedSlice","floor":14},{"not_picked":["bronze:BuggyMess","bronze:Allocate"],"picked":"bronze:Terminator","floor":15},{"not_picked":["bronze:FindAndReplace","bronze:Virus"],"picked":"bronze:RecursiveStrike","floor":16},{"not_picked":["bronze:FineTuning","bronze:BitShift","bronze:Philosophize+1"],"picked":"SKIP","floor":19},{"not_picked":["bronze:DelayedSlice","bronze:Verify"],"picked":"bronze:Repair+1","floor":21},{"not_picked":["bronze:Shield","bronze:Invalidate","bronze:DigitalCarnage"],"picked":"SKIP","floor":22},{"not_picked":["bronze:BugBarrage","bronze:Flail"],"picked":"bronze:DelayedSlice","floor":23},{"not_picked":["bronze:BitShift+1","bronze:Iterate","bronze:Boost"],"picked":"SKIP","floor":26},{"not_picked":["bronze:BitShift+1","bronze:Frontload","bronze:Invalidate+1"],"picked":"SKIP","floor":27},{"not_picked":["bronze:Hardcode","bronze:BugBarrage","bronze:Iterate"],"picked":"SKIP","floor":29},{"not_picked":["bronze:ChildClass","bronze:DelayedGuard","bronze:FineTuning"],"picked":"SKIP","floor":32},{"not_picked":["bronze:Iterate","bronze:Frontload+1","bronze:CloningBeam"],"picked":"SKIP","floor":36},{"not_picked":["bronze:Optimize","bronze:MaxOutput+1","bronze:GetLatest"],"picked":"SKIP","floor":37},{"not_picked":["bronze:Fortify+1","bronze:GetLatest+1","bronze:Philosophize"],"picked":"SKIP","floor":38}],"player_experience":120440,"relics_obtained":[{"floor":1,"key":"TungstenRod"},{"floor":9,"key":"Matryoshka"},{"floor":24,"key":"bronze:ProtectiveGoggles"},{"floor":24,"key":"Chameleon Ring"},{"floor":41,"key":"infinitespire:Lucky Rock"},{"floor":41,"key":"hubris:Potato"}],"event_choices":[{"damage_healed":0,"gold_gain":0,"player_choice":"Leave","damage_taken":0,"max_hp_gain":0,"max_hp_loss":0,"event_name":"conspire:Investor","floor":31,"gold_loss":0}],"is_beta":false,"boss_relics":[{"not_picked":["Velvet Choker","bronze:MakeshiftBattery"],"picked":"hubris:HollowSoul"},{"not_picked":["ReplayTheSpireMod:DimensionalGlitch","hubris:BlackHole"],"picked":"bronze:PlatinumCore"}],"items_purged_floors":[],"is_endless":false,"potions_floor_spawned":[2,4,8,16,19,22,23,32],"killed_by":"conspire:MimicChest","ascension_level":3}}