{"host":"nxnzcl474ro3ewbj","time":1611819617,"event":{"mods":["2.2 Compatiblity","Act Like it!","BaseMod","Better Third Choice","Better-Laid Plans","Colored Map","Custom Start","Highlight Path","Keyboard Shortcuts","Minty Spire (QoL Compilation)","Quick Restart","Rare Cards Sparkle","Relic Stats","Shop Mod","Slay the Relics Exporter","StSLib","SuperFastMode"],"gold_per_floor":[14,14,14,30,49,49,87,87,87,161,161,184,199,230,230,324,324,348,367,387,400,400,400,441,366,392,392,406,442,442,442,442,531,531,546,546,570,584,604,604,254,290,371,395,97,97,111,129,129,129],"floor_reached":51,"language":"KOR","playtime":1171,"items_purged":["Strike_R","Strike_R"],"score":1212,"play_id":"ce0c2b95-4ba6-460e-a904-c6d16f9c6636","local_time":"20210128164017","is_ascension_mode":true,"campfire_choices":[{"data":"Apotheosis","floor":6.0,"key":"SMITH"},{"floor":11.0,"key":"REST"},{"data":"Searing Blow","floor":15.0,"key":"SMITH"},{"floor":23.0,"key":"REST"},{"floor":30.0,"key":"REST"},{"floor":32.0,"key":"REST"},{"floor":40.0,"key":"REST"},{"floor":49,"key":"REST"}],"circlet_count":0,"master_deck":["AscendersBane","Strike_R","Strike_R","Defend_R","Defend_R","Defend_R+1","Defend_R","Bash+1","Apotheosis+1","Searing Blow+1","Carnage","Shrug It Off","Rage","Pommel Strike","Double Tap","Burning Pact","Flex+1","Limit Break","Flex+1","Fire Breathing+1","Shrug It Off","Limit Break","Barricade+1","Evolve+1","Shrug It Off","Body Slam+1","Limit Break","Dark Embrace+1","Battle Trance","Battle Trance","Havoc+1","Sentinel"],"relics":["Black Blood","Golden Idol","Bird Faced Urn","Bottled Lightning","Darkstone Periapt","Thread and Needle","Fusion Hammer","MutagenicStrength","Regal Pillow","Nunchaku","Frozen Egg 2","Happy Flower","Pear","Bag of Preparation","Lee\u0027s Waffle"],"acts_visited":["Exordium","TheCity","TheBeyond"],"potions_floor_usage":[50],"damage_taken":[{"damage":19.0,"enemies":"2 Louse","floor":1.0,"turns":3.0},{"damage":12.0,"enemies":"Small Slimes","floor":4.0,"turns":4.0},{"damage":6.0,"enemies":"Cultist","floor":5.0,"turns":3.0},{"damage":8.0,"enemies":"Gremlin Nob","floor":7.0,"turns":3.0},{"damage":0.0,"enemies":"Large Slime","floor":12.0,"turns":6.0},{"damage":21.0,"enemies":"Blue Slaver","floor":13.0,"turns":3.0},{"damage":14.0,"enemies":"3 Sentries","floor":14.0,"turns":5.0},{"damage":24.0,"enemies":"Hexaghost","floor":16.0,"turns":9.0},{"damage":0.0,"enemies":"Spheric Guardian","floor":18.0,"turns":2.0},{"damage":8.0,"enemies":"Shell Parasite","floor":19.0,"turns":4.0},{"damage":24.0,"enemies":"Chosen and Byrds","floor":20.0,"turns":6.0},{"damage":13.0,"enemies":"Centurion and Healer","floor":21.0,"turns":5.0},{"damage":18.0,"enemies":"Gremlin Leader","floor":24.0,"turns":5.0},{"damage":7.0,"enemies":"Snake Plant","floor":28.0,"turns":3.0},{"damage":30.0,"enemies":"Slavers","floor":29.0,"turns":4.0},{"damage":24.0,"enemies":"Collector","floor":33.0,"turns":6.0},{"damage":0.0,"enemies":"3 Shapes","floor":35.0,"turns":4.0},{"damage":16.0,"enemies":"Orb Walker","floor":37.0,"turns":5.0},{"damage":18.0,"enemies":"Spire Growth","floor":38.0,"turns":4.0},{"damage":62.0,"enemies":"3 Darklings","floor":39.0,"turns":6.0},{"damage":24,"enemies":"Nemesis","floor":42,"turns":7},{"damage":12,"enemies":"Jaw Worm Horde","floor":44,"turns":4},{"damage":24,"enemies":"Spire Growth","floor":47,"turns":5},{"damage":20,"enemies":"Maw","floor":48,"turns":4},{"damage":54,"enemies":"Awakened One","floor":50,"turns":6}],"seed_played":"4137508426834557715","potions_obtained":[{"floor":1.0,"key":"CultistPotion"},{"floor":4.0,"key":"GamblersBrew"},{"floor":7.0,"key":"Weak Potion"},{"floor":12.0,"key":"DuplicationPotion"},{"floor":20.0,"key":"Dexterity Potion"},{"floor":24.0,"key":"Swift Potion"},{"floor":33.0,"key":"BlessingOfTheForge"},{"floor":47,"key":"DistilledChaos"}],"is_trial":false,"path_per_floor":["M","?","?","M","M","R","E","?","T","T","R","M","M","E","R","B",null,"M","M","M","M","?","R","E","$","T","T","M","E","R","?","R","B",null,"M","?","M","M","M","R","$","E","T","M","$","?","M","M","R","B",null],"character_chosen":"IRONCLAD","items_purchased":["Pear","Lee\u0027s Waffle","Dark Embrace+1","Battle Trance"],"campfire_rested":6,"item_purchase_floors":[41,45,45,45],"current_hp_per_floor":[59,59,52,46,46,46,44,29,29,29,51,57,42,34,34,16,60,66,64,46,39,39,61,49,49,49,49,48,26,63,63,74,58,70,74,74,70,66,22,59,69,63,63,65,91,91,81,79,91,53],"gold":129,"neow_bonus":"RANDOM_COLORLESS_2","is_daily":false,"chose_seed":false,"campfire_upgraded":2,"win_rate":0.0,"timestamp":1611819617,"path_taken":["M","?","?","?","M","R","E","?","T","?","R","?","M","E","R","BOSS","M","M","M","M","?","R","E","$","T","?","M","E","R","?","R","BOSS","M","?","M","?","M","R","$","E","T","M","$","?","?","M","R","BOSS"],"items_purchased_type":["Relic","Relic","Card","Card"],"build_version":"2020-12-22","purchased_purges":2,"victory":true,"max_hp_per_floor":[80,74,74,74,74,74,74,74,74,74,74,74,74,74,74,74,74,74,74,74,74,74,74,74,74,74,74,74,74,74,74,74,74,74,74,74,74,74,74,74,84,84,84,84,91,91,91,91,91,91],"relic_stats":{"Darkstone Periapt":0,"Regal Pillow":30,"Nunchaku":[7],"Lee\u0027s Waffle":26,"Happy Flower":[17],"counters":[25,116],"Golden Idol":153,"Bird Faced Urn":[32],"Black Blood":196,"Bag of Preparation":[8],"obtain_stats":[{"Darkstone Periapt":10,"Regal Pillow":24,"Lee\u0027s Waffle":45,"Pear":41,"Happy Flower":29,"Golden Idol":2,"Black Blood":34,"Thread and Needle":14,"Bag of Preparation":42,"Frozen Egg 2":27,"Burning Blood":0,"Nunchaku":26,"Bird Faced Urn":7,"MutagenicStrength":22,"Fusion Hammer":17,"Bottled Lightning":9},{"Darkstone Periapt":4,"Regal Pillow":13,"Lee\u0027s Waffle":22,"Pear":20,"Happy Flower":15,"Golden Idol":1,"Black Blood":16,"Thread and Needle":7,"Bag of Preparation":21,"Frozen Egg 2":13,"Burning Blood":0,"Nunchaku":13,"Bird Faced Urn":4,"MutagenicStrength":12,"Fusion Hammer":8,"Bottled Lightning":4},{"Darkstone Periapt":13,"Regal Pillow":58,"Lee\u0027s Waffle":101,"Pear":90,"Happy Flower":65,"Golden Idol":3,"Black Blood":71,"Thread and Needle":27,"Bag of Preparation":97,"Frozen Egg 2":58,"Burning Blood":0,"Nunchaku":58,"Bird Faced Urn":13,"MutagenicStrength":53,"Fusion Hammer":36,"Bottled Lightning":13}]},"card_choices":[{"not_picked":["Secret Weapon","Panache"],"picked":"Apotheosis","floor":0.0},{"not_picked":["Combust","Armaments"],"picked":"Searing Blow","floor":1.0},{"not_picked":["Evolve","Body Slam"],"picked":"Carnage","floor":4.0},{"not_picked":["Pommel Strike","Twin Strike"],"picked":"Shrug It Off","floor":5.0},{"not_picked":["Dark Embrace","Cleave","Armaments"],"picked":"SKIP","floor":7.0},{"not_picked":["Twin Strike","Thunderclap","Combust"],"picked":"SKIP","floor":12.0},{"not_picked":["Headbutt","Armaments"],"picked":"Rage","floor":13.0},{"not_picked":["Havoc","Infernal Blade"],"picked":"Pommel Strike","floor":14.0},{"not_picked":["Berserk","Fiend Fire"],"picked":"Double Tap","floor":16.0},{"not_picked":["Pummel","Armaments","Clothesline"],"picked":"SKIP","floor":18.0},{"not_picked":["Infernal Blade","Armaments"],"picked":"Burning Pact","floor":19.0},{"not_picked":["Twin Strike","Anger"],"picked":"Flex+1","floor":20.0},{"not_picked":["Shrug It Off","Infernal Blade"],"picked":"Limit Break","floor":21.0},{"not_picked":["Spot Weakness","Sentinel"],"picked":"Flex+1","floor":24.0},{"not_picked":["Power Through","Wild Strike"],"picked":"Fire Breathing+1","floor":28.0},{"not_picked":["Sword Boomerang","Perfected Strike"],"picked":"Shrug It Off","floor":29.0},{"not_picked":["Feed","Demon Form+1"],"picked":"Barricade+1","floor":33.0},{"not_picked":["Searing Blow+1","Wild Strike","Armaments"],"picked":"SKIP","floor":35.0},{"not_picked":["Dual Wield+1","Pommel Strike","Cleave"],"picked":"SKIP","floor":37.0},{"not_picked":["Dual Wield","Havoc"],"picked":"Evolve+1","floor":38.0},{"not_picked":["Dual Wield","Thunderclap"],"picked":"Shrug It Off","floor":39.0},{"not_picked":["Pommel Strike","Perfected Strike"],"picked":"Body Slam+1","floor":42},{"not_picked":["Clothesline+1","Sever Soul"],"picked":"Limit Break","floor":44},{"not_picked":["Rupture+1","Cleave+1"],"picked":"Havoc+1","floor":47},{"not_picked":["Headbutt","Hemokinesis"],"picked":"Sentinel","floor":48}],"player_experience":75988,"relics_obtained":[{"floor":7.0,"key":"Bird Faced Urn"},{"floor":9.0,"key":"Bottled Lightning"},{"floor":10.0,"key":"Darkstone Periapt"},{"floor":14.0,"key":"Thread and Needle"},{"floor":24.0,"key":"Regal Pillow"},{"floor":26.0,"key":"Nunchaku"},{"floor":27.0,"key":"Frozen Egg 2"},{"floor":29.0,"key":"Happy Flower"},{"floor":42,"key":"Bag of Preparation"}],"event_choices":[{"damage_healed":0.0,"max_hp_gain":0.0,"max_hp_loss":6.0,"gold_gain":0.0,"event_name":"Golden Idol","player_choice":"Lose Max HP","floor":2.0,"gold_loss":0.0,"damage_taken":0.0,"relics_obtained":["Golden Idol"]},{"damage_healed":0.0,"max_hp_gain":0.0,"max_hp_loss":0.0,"gold_gain":0.0,"event_name":"Wheel of Change","player_choice":"Damaged","floor":3.0,"gold_loss":0.0,"damage_taken":7.0},{"damage_healed":44.0,"max_hp_gain":0.0,"max_hp_loss":74.0,"gold_gain":0.0,"event_name":"betterThird:BetterShining","player_choice":"Upgrade","floor":8.0,"gold_loss":0.0,"damage_taken":15.0,"cards_upgraded":["Bash","Defend_R"]},{"damage_healed":0.0,"max_hp_gain":0.0,"max_hp_loss":0.0,"gold_gain":0.0,"event_name":"Drug Dealer","player_choice":"Inject Mutagens","floor":22.0,"gold_loss":0.0,"damage_taken":0.0,"relics_obtained":["MutagenicStrength"]},{"damage_healed":0.0,"max_hp_gain":0.0,"max_hp_loss":0.0,"gold_gain":0.0,"event_name":"Duplicator","player_choice":"Copied","floor":31.0,"gold_loss":0.0,"damage_taken":0.0,"cards_obtained":["Limit Break"]},{"cards_removed":["Strike_R"],"damage_healed":0.0,"max_hp_gain":0.0,"max_hp_loss":0.0,"gold_gain":0.0,"event_name":"Purifier","player_choice":"Purged","floor":36.0,"gold_loss":0.0,"damage_taken":0.0},{"damage_healed":0,"gold_gain":0,"player_choice":"1 cards matched","damage_taken":0,"max_hp_gain":0,"max_hp_loss":0,"event_name":"Match and Keep!","floor":46,"gold_loss":0,"cards_obtained":["Battle Trance"]}],"is_beta":false,"boss_relics":[{"not_picked":["SacredBark","Philosopher\u0027s Stone"],"picked":"Fusion Hammer"},{"not_picked":["Busted Crown","Runic Pyramid"],"picked":"Black Blood"}],"items_purged_floors":[25,41],"is_endless":false,"potions_floor_spawned":[1,4,7,12,20,24,28,33,39,47,48],"ascension_level":13}}