{"host":"oc9j5nmpwz4e9fqj","time":1611867303,"event":{"mods":["ATMod(°¢èªMod)","AchievementEnabler","BaseMod","Conspire","KomeijiMod","Lobotomy","Minty Spire (QoL Compilation)","Replay The Spire","StSLib","TestMod","[IsaacMod]ÒÔÈö¼âËþ","¡¾ÒÅÎï¿¨ÅÆ¡¿REMEMod"],"gold_per_floor":[514,12,364,364,745,771,1222,1222,1222,1222,1663,1690,2184,2184,2184,3846,3846,4345,3585,3585,3585,3958,3985,3985,4018,4018,4044,4046,4479,4479,4936,4936,6879,6879,7377,7719,7396,7767,7328,7353,7353,7353,7353],"floor_reached":42,"language":"ZHS","playtime":2634,"items_purged":["Strike_G","Strike_G"],"score":1350,"play_id":"c4e4daea-ecb4-48ca-8fc5-22159fb5e4f7","local_time":"20210129055503","is_ascension_mode":true,"campfire_choices":[{"floor":8,"key":"RECALL"},{"data":"Poisoned Stab","floor":10,"key":"SMITH"},{"floor":15,"key":"REST"},{"data":"Pinks","floor":24,"key":"SMITH"},{"data":"REME_GreenPollution","floor":30,"key":"SMITH"},{"data":"Die Die Die","floor":32,"key":"SMITH"}],"circlet_count":0,"master_deck":["AscendersBane","Strike_G","Strike_G","Strike_G","Defend_G","Defend_G+1","Defend_G+1","Defend_G","Defend_G","Survivor","Neutralize","CrumblingArmor","BeautyBeast","Poisoned Stab+1","OldLady","Pinks+1","Woodsman","ShyLook","MeatLantern","SpiderBud","PiercingWail","MHz","Wellcheers","Die Die Die+1","UniverseFragment","Bloodbath","FairyFestival","REME_GreenPollution+1","Mercenary","Laetitia","Murderer","HappyTeddy","GreedKing","NothingThere","Backstab","Noxious Fumes","FieryBird"],"relics":["Ring of the Snake","testmod-TestBox","HushsDoor","AT_ATBox","REME_ComplimentaryCards","GuppysHead","testmod-ArcanaOfDestiny","CogitoBucket","Divine Protection","testmod-AssaultLearning","testmod-IndustrialRevolution","BelialBook","testmod-CyclicPeriapt","Ginger","conspire:Boomerang","testmod-SaigiyounoYou","FleshIdol","War Paint","Turnip","Strange Spoon","MoneyPower","Mercury Hourglass","testmod-Acrobat","Theresia","Nunchaku","Dream Catcher","MealTicket","HandDrill","testmod-Charity","Frozen Egg 2","Vajra"],"acts_visited":["Exordium","TheCity","TheBeyond"],"potions_floor_usage":[12,16,28,28,42],"damage_taken":[{"damage":2,"enemies":"Small Slimes","floor":1,"turns":4},{"damage":0,"enemies":"2 Louse","floor":3,"turns":2},{"damage":0,"enemies":"Cultist","floor":5,"turns":2},{"damage":11,"enemies":"3 Sentries","floor":6,"turns":9},{"damage":7,"enemies":"Blue Slaver","floor":7,"turns":3},{"damage":4,"enemies":"Gremlin Gang","floor":11,"turns":5},{"damage":0,"enemies":"Replay:BlueRogue","floor":12,"turns":2},{"damage":4,"enemies":"Looter","floor":13,"turns":3},{"damage":0,"enemies":"Red Slaver","floor":14,"turns":3},{"damage":43,"enemies":"Fading Forest","floor":16,"turns":13},{"damage":23,"enemies":"2 Thieves","floor":18,"turns":11},{"damage":9,"enemies":"Spheric Guardian","floor":22,"turns":6},{"damage":20,"enemies":"Slavers","floor":23,"turns":6},{"damage":41,"enemies":"Book of Stabbing","floor":25,"turns":5},{"damage":0,"enemies":"Replay:Snechameleon","floor":27,"turns":3},{"damage":49,"enemies":"conspire:HollyBat","floor":28,"turns":3},{"damage":0,"enemies":"Snecko","floor":29,"turns":1},{"damage":0,"enemies":"Snake Plant","floor":31,"turns":1},{"damage":41,"enemies":"Automaton","floor":33,"turns":6},{"damage":0,"enemies":"3 Shapes","floor":35,"turns":2},{"damage":0,"enemies":"Orb Walker","floor":36,"turns":2},{"damage":0,"enemies":"Jaw Worm Horde","floor":38,"turns":2},{"damage":0,"enemies":"R_Hoarder","floor":40,"turns":2},{"damage":81,"enemies":"Spire Growth","floor":42,"turns":3}],"seed_played":"5872364504696435518","potions_obtained":[{"floor":3,"key":"AttackPotion"},{"floor":3,"key":"Toxic Potion"},{"floor":25,"key":"Poison Potion"},{"floor":27,"key":"Regen Potion"},{"floor":28,"key":"DistilledChaos"},{"floor":31,"key":"Block Potion"}],"is_trial":false,"path_per_floor":["M","$","M","?","M","E","M","R","T","R","M","E","M","M","R","B",null,"M","$","?","?","M","E","R","E","T","E","M","M","R","M","R","B",null,"M","M","$","M","$","E","?","M"],"character_chosen":"THE_SILENT","items_purchased":["Divine Protection","testmod-AssaultLearning","War Paint","Turnip","Strange Spoon","HandDrill","Backstab","Noxious Fumes","testmod-Charity","Frozen Egg 2"],"campfire_rested":1,"item_purchase_floors":[2,2,19,19,19,37,37,37,39,39],"current_hp_per_floor":[57,57,57,57,57,46,51,51,51,51,47,25,27,39,58,41,60,66,66,66,66,64,66,66,40,40,53,47,56,56,64,64,53,63,66,66,66,66,66,68,68,0,0],"gold":7353,"neow_bonus":"","is_daily":false,"chose_seed":false,"campfire_upgraded":4,"win_rate":0.0,"timestamp":1611867303,"path_taken":["M","$","M","?","M","E","M","R","T","R","?","E","?","M","R","BOSS","M","$","?","?","M","E","R","E","T","E","?","M","R","M","R","BOSS","M","M","$","M","$","E","?","M"],"items_purchased_type":["Relic","Relic","Relic","Relic","Relic","Relic","Card","Card","Relic","Relic"],"build_version":"2020-12-22","purchased_purges":2,"victory":false,"max_hp_per_floor":[66,66,66,66,66,66,66,66,66,66,66,66,66,66,66,66,66,66,66,66,66,66,66,66,66,66,66,66,66,66,66,66,66,66,66,66,66,66,66,68,68,72,72],"card_choices":[{"not_picked":["MHz","SnowQueen"],"picked":"CrumblingArmor","floor":1},{"not_picked":["Dagger Throw","Prepared","AT_WindRun"],"picked":"SKIP","floor":1},{"not_picked":["REME_ShadowStrike","Fluid Movement","Bomb"],"picked":"SKIP","floor":1},{"not_picked":["Dagger Throw","Prepared","AT_WindRun"],"picked":"SKIP","floor":1},{"not_picked":["REME_ShadowStrike","Fluid Movement","Bomb"],"picked":"SKIP","floor":1},{"not_picked":["WallGazer","MeatLantern"],"picked":"BeautyBeast","floor":3},{"not_picked":["Crippling Poison","Cloak And Dagger"],"picked":"Poisoned Stab","floor":3},{"not_picked":["Eviscerate","Caltrops","Underhanded Strike"],"picked":"SKIP","floor":3},{"not_picked":["Eviscerate","Caltrops","Underhanded Strike"],"picked":"SKIP","floor":3},{"not_picked":["WhitesApple","FairyFestival"],"picked":"OldLady","floor":5},{"not_picked":["AT_WindFlip","Dagger Throw","Outmaneuver"],"picked":"SKIP","floor":5},{"not_picked":["Sneak Up","Masterful Stab","Expertise"],"picked":"SKIP","floor":5},{"not_picked":["AT_WindFlip","Dagger Throw","Outmaneuver"],"picked":"SKIP","floor":5},{"not_picked":["Sneak Up","Masterful Stab","Expertise"],"picked":"SKIP","floor":5},{"not_picked":["FairyFestival","MHz"],"picked":"Woodsman","floor":6},{"not_picked":["AT_TinkerSharpsword","ReplayTheSpireMod:Tripwire","Cloak And Dagger"],"picked":"SKIP","floor":6},{"not_picked":["AT_TinkerSharpsword","ReplayTheSpireMod:Tripwire","Cloak And Dagger"],"picked":"SKIP","floor":6},{"not_picked":["MeatLantern","MHz"],"picked":"Yin","floor":7},{"not_picked":["AT_WindFlip","Terror","AT_ThistleTea"],"picked":"SKIP","floor":7},{"not_picked":["Quick Slash","Bomb","AT_ThistleTea"],"picked":"SKIP","floor":7},{"not_picked":["AT_WindFlip","Terror","AT_ThistleTea"],"picked":"SKIP","floor":7},{"not_picked":["Quick Slash","Bomb","AT_ThistleTea"],"picked":"SKIP","floor":7},{"not_picked":["MHz","BigBird"],"picked":"ShyLook","floor":11},{"not_picked":["Calculated Gamble","ReplayTheSpireMod:Speed Training","Deflect"],"picked":"SKIP","floor":11},{"not_picked":["Fluid Movement","Leg Sweep","conspire:PoisonWeapons"],"picked":"SKIP","floor":11},{"not_picked":["Calculated Gamble","ReplayTheSpireMod:Speed Training","Deflect"],"picked":"SKIP","floor":11},{"not_picked":["Fluid Movement","Leg Sweep","conspire:PoisonWeapons"],"picked":"SKIP","floor":11},{"not_picked":["UniverseFragment","Bloodbath"],"picked":"MeatLantern","floor":12},{"not_picked":["Toxin Wave","AT_MyraUnstableElement","AT_WindFlip"],"picked":"SKIP","floor":12},{"not_picked":["Toxin Wave","AT_MyraUnstableElement","AT_WindFlip"],"picked":"SKIP","floor":12},{"not_picked":["HeroicMonk","SingingMachine"],"picked":"SpiderBud","floor":13},{"not_picked":["Cloak And Dagger","AT_ShadowStep","AT_FocusSwordFire"],"picked":"SKIP","floor":13},{"not_picked":["PiercingWail","Prepared","Setup"],"picked":"SKIP","floor":13},{"not_picked":["Prepared","Setup"],"picked":"PiercingWail","floor":13},{"not_picked":["Cloak And Dagger","AT_ShadowStep","AT_FocusSwordFire"],"picked":"SKIP","floor":13},{"not_picked":["Variant","CherryBlossoms"],"picked":"MHz","floor":14},{"not_picked":["Calculated Gamble","Prepared","Bomb"],"picked":"SKIP","floor":14},{"not_picked":["AT_WindFlip","Deflect","Burst"],"picked":"SKIP","floor":14},{"not_picked":["Calculated Gamble","Prepared","Bomb"],"picked":"SKIP","floor":14},{"not_picked":["AT_WindFlip","Deflect","Burst"],"picked":"SKIP","floor":14},{"not_picked":["FairyFestival","Murderer"],"picked":"Wellcheers","floor":16},{"not_picked":["Burst","Doppelganger"],"picked":"Die Die Die","floor":16},{"not_picked":["BigBird","WallGazer"],"picked":"UniverseFragment","floor":18},{"not_picked":["ReplayTheSpireMod:Scrap Shanks","Bane","Heel Hook"],"picked":"SKIP","floor":18},{"not_picked":["PiercingWail","AT_WindFlip","Slice"],"picked":"SKIP","floor":18},{"not_picked":["ReplayTheSpireMod:Scrap Shanks","Bane","Heel Hook"],"picked":"SKIP","floor":18},{"not_picked":["PiercingWail","AT_WindFlip","Slice"],"picked":"SKIP","floor":18},{"not_picked":["PunishingBird","QueenBee"],"picked":"Bloodbath","floor":22},{"not_picked":["PiercingWail","Cloak And Dagger","ReplayTheSpireMod:Speed Training"],"picked":"SKIP","floor":22},{"not_picked":["Cloak And Dagger","Backflip","Quick Slash"],"picked":"SKIP","floor":22},{"not_picked":["PiercingWail","Cloak And Dagger","ReplayTheSpireMod:Speed Training"],"picked":"SKIP","floor":22},{"not_picked":["Cloak And Dagger","Backflip","Quick Slash"],"picked":"SKIP","floor":22},{"not_picked":["RedShoes","Scorched"],"picked":"FairyFestival","floor":23},{"not_picked":["ReplayTheSpireMod:Exploit Weakness","Distraction"],"picked":"REME_GreenPollution","floor":23},{"not_picked":["WallGazer","GalaxyChild"],"picked":"Mercenary","floor":25},{"not_picked":["Deflect","AT_ArcaneSupremacy","Accuracy"],"picked":"SKIP","floor":25},{"not_picked":["Deflect","AT_ArcaneSupremacy","Accuracy"],"picked":"SKIP","floor":25},{"not_picked":["WallGazer","NakedNest"],"picked":"Laetitia","floor":27},{"not_picked":["Underhanded Strike+1","Poisoned Stab","Calculated Gamble+1"],"picked":"SKIP","floor":27},{"not_picked":["Underhanded Strike+1","Poisoned Stab","Calculated Gamble+1"],"picked":"SKIP","floor":27},{"not_picked":["OSAHOGD","WallGazer"],"picked":"BigBird","floor":28},{"not_picked":["Flechettes","Quick Slash","Underhanded Strike"],"picked":"SKIP","floor":28},{"not_picked":["All Out Attack","Backflip","Dagger Throw"],"picked":"SKIP","floor":28},{"not_picked":["Flechettes","Quick Slash","Underhanded Strike"],"picked":"SKIP","floor":28},{"not_picked":["All Out Attack","Backflip","Dagger Throw"],"picked":"SKIP","floor":28},{"not_picked":["DreamingCurrent","CENSORED"],"picked":"LongBird","floor":29},{"not_picked":["Prepared","ReplayTheSpireMod:The Works+1","Underhanded Strike"],"picked":"SKIP","floor":29},{"not_picked":["Doppelganger","Prepared+1","Masterful Stab"],"picked":"SKIP","floor":29},{"not_picked":["Prepared","ReplayTheSpireMod:The Works+1","Underhanded Strike"],"picked":"SKIP","floor":29},{"not_picked":["Doppelganger","Prepared+1","Masterful Stab"],"picked":"SKIP","floor":29},{"not_picked":["LittlePrince","LittleHelper"],"picked":"Murderer","floor":31},{"not_picked":["AT_WindRun","AT_ShadowStep","Accuracy"],"picked":"SKIP","floor":31},{"not_picked":["Choke","Crippling Poison","Underhanded Strike"],"picked":"SKIP","floor":31},{"not_picked":["AT_WindRun","AT_ShadowStep","Accuracy"],"picked":"SKIP","floor":31},{"not_picked":["Choke","Crippling Poison","Underhanded Strike"],"picked":"SKIP","floor":31},{"not_picked":["Scarecrow","OSAHOGD"],"picked":"HappyTeddy","floor":33},{"not_picked":["Scorched","Rudolta"],"picked":"GreedKing","floor":35},{"not_picked":["Reflex","Blade Dance","Slice+1"],"picked":"SKIP","floor":35},{"not_picked":["Toxin Wave","Choke","Infinite Blades"],"picked":"SKIP","floor":35},{"not_picked":["Rudolta","PunishingBird"],"picked":"NothingThere","floor":36},{"not_picked":["PiercingWail","Calculated Gamble","Dodge and Roll"],"picked":"SKIP","floor":36},{"not_picked":["PiercingWail","Skewer","Dodge and Roll"],"picked":"SKIP","floor":36},{"not_picked":["PiercingWail","Calculated Gamble","Dodge and Roll"],"picked":"SKIP","floor":36},{"not_picked":["PiercingWail","Skewer","Dodge and Roll"],"picked":"SKIP","floor":36},{"not_picked":["QueenBee","Funeral"],"picked":"FieryBird","floor":38},{"not_picked":["REME_ShadowStrike+1","conspire:PoisonWeapons+1","PiercingWail"],"picked":"SKIP","floor":38},{"not_picked":["Dagger Throw","REME_CopyPotion","Prepared+1"],"picked":"SKIP","floor":38},{"not_picked":["REME_ShadowStrike+1","conspire:PoisonWeapons+1","PiercingWail"],"picked":"SKIP","floor":38},{"not_picked":["Dagger Throw","REME_CopyPotion","Prepared+1"],"picked":"SKIP","floor":38},{"not_picked":["VoidDream","OSAHOGD"],"picked":"PunishingBird","floor":40},{"not_picked":["Draining Mist","Caltrops+1","Acrobatics"],"picked":"SKIP","floor":40},{"not_picked":["Draining Mist","Caltrops+1","Acrobatics"],"picked":"SKIP","floor":40}],"player_experience":239843,"relics_obtained":[{"floor":6,"key":"testmod-IndustrialRevolution"},{"floor":12,"key":"BelialBook"},{"floor":16,"key":"testmod-CyclicPeriapt"},{"floor":16,"key":"Ginger"},{"floor":16,"key":"conspire:Boomerang"},{"floor":25,"key":"MoneyPower"},{"floor":26,"key":"Mercury Hourglass"},{"floor":27,"key":"testmod-Acrobat"},{"floor":33,"key":"Nunchaku"},{"floor":33,"key":"Dream Catcher"},{"floor":33,"key":"MealTicket"},{"floor":40,"key":"Vajra"}],"event_choices":[{"damage_healed":0,"gold_gain":0,"player_choice":"Disagree","damage_taken":0,"max_hp_gain":0,"max_hp_loss":0,"event_name":"conspire:LoneGhost","floor":4,"gold_loss":0}],"is_beta":false,"boss_relics":[{"not_picked":["Snecko Scales","Replay:Ancient Bell"],"picked":"testmod-SaigiyounoYou"},{"not_picked":[]},{"not_picked":["Astrolabe","testmod-KeyOfTheVoid","conspire:RunicOctahedron"]}],"items_purged_floors":[2,19],"is_endless":false,"potions_floor_spawned":[3,3,3,5,6,7,11,12,13,13,14,14,16,18,18,25,27,28,28,29,29,31,31,35,35,36,38],"killed_by":"Spire Growth","ascension_level":20}}