{"host":"niv6bi8ufjzyofbf","time":1611821203,"event":{"mods":["ATMod(∞¢Ë™Mod)","Act Like it!","BaseMod","Colored Powertips","Conspire","Gensokyo","Hermit","Mad Scientist","Marisa£®ÏF”Í°°ƒß¿Ì…≥£©","Minty Spire (QoL Compilation)","Quick Restart","Rare Cards Sparkle","Reimu£®≤©¿ˆ¡È√Œ£©","Relic Filter Mod","Reliquary","Replay The Spire","Shop Mod","Spicy Shops","StSLib","SuperFastMode","The Cursed","The Servant 0.9.4","Youmu£®ªÍ∆«—˝√Œ£©","°æ“≈ŒÔø®≈∆°øREMEMod","≤–¡Ù÷ÆŒÔ"],"gold_per_floor":[23333,23352,23352,21554,21567,21567,21650,21668,21668,21700,21600,21600,21635,20399,20399,20055,20055,20075,20035,20048,18695,18695,18695,18528,18528,18602,18466,18426,18159,17938,16826,16826,16922,16922,16941,15784,15784,15801,15815,15815,14270,14304,14378,14378,14255,13153,13153,13153,13170,13188,13098,12748],"floor_reached":53,"language":"ZHS","playtime":2872,"items_purged":["Defend_MRS","Defend_MRS","Defend_MRS","Defend_MRS","Strike_MRS","Strike_MRS","BinaryStars","Strike_MRS","Strike_MRS","Singularity"],"score":1331,"play_id":"6effaf7b-a844-4e4a-841a-6a89e70ce497","local_time":"20210128160643","is_ascension_mode":true,"campfire_choices":[{"data":"EscapeVelocity","floor":6,"key":"SMITH"},{"data":"Ghostly","floor":12,"key":"SMITH"},{"floor":15,"key":"DIG"},{"data":"Apotheosis","floor":23,"key":"SMITH"},{"data":"AT_EmpoweredMortalDraw","floor":25,"key":"SMITH"},{"data":"ZunPunch:ReiMu","floor":32,"key":"SMITH"},{"data":"StarDustReverie","floor":40,"key":"SMITH"}],"circlet_count":0,"master_deck":["MasterSpark","UpSweep","GrandCross","IllusionStar+1","MachineGunSpark","EnergyFlow","SporeBomb","PowerUp","LuminesStrike","DC+1","Acceleration","WitchLeyline","EscapeVelocity+1","MeteoricShower","Ghostly+1","AT_EmpoweredMortalDraw+1","EventHorizon","AbsoluteMagnitude","ZunPunch:ReiMu+1","Apotheosis+1","OpenUniverse+1","StarDustReverie+1","ShootingEcho+1"],"relics":["MiniHakkero","REME_ComplimentaryCards","AT_ATBox","TentaclePot:ReiMu","Durian","Orrery","reliquary:WeakTea","reliquary:Knoch","reliquary:IridiumChain","MerchantsRug","AT_GuinsooRageblade","Centennial Puzzle","reliquary:FeatherDuster","Gremlin Food","reliquary:TatteredRug","AT_TimeSand","conspire:DeflatedDodgeball","Toolbox","REME_OnlineShoppingPlatform","reliquary:RedCape","Omamori","conspire:TopHat","ReplayTheSpireMod:ShopPack","Replay:WaspNest","reliquary:TridentHead","Frozen Eye","Turnip","Sundial","reliquary:JackalopeAntler","ReplayTheSpireMod:Lightbulb","AT_BladeRuinedKing","Medical Kit","reliquary:RoseTintedGlasses","Replay:Ringing Soul","PlaceholderMod:FlatBlood","reliquary:WritOfMandamus","Pen Nib","Blue Doll","HandDrill","ReplayFunnel","ClockworkSouvenir","ReplayTheSpireMod:Ring of Exchange","conspire:InfiniteJournal","PureWhite:ReiMu","Mirror","TheAbacus","REME_PuzzleBoxRelic","Mummified Hand","Bottled Lightning","AT_ImmortalShieldbow","Happy Flower","Mercury Hourglass","Lantern"],"acts_visited":["Exordium","TheCity","TheBeyond"],"potions_floor_usage":[8,10,16,16,16,16,16,16,16,16,16,16,16,16,16,16,16,16,16,16,16,16,16,16,24,24,24,24,24,24,24,24,24,24,27,27,27,27,27,27,27,27,27,28,28,29,29,29,29,29,29,29,29,29,29,29,29,29,29,30,30,30,30,30,30,30,30,30,30,30,30,30,30,45,45,45,45,45,45,45,52,52,52,52,52,52,52,52,52,52,52,52,52,52,52,52,52,52,52],"damage_taken":[{"damage":1,"enemies":"Cultist","floor":1,"turns":3},{"damage":12,"enemies":"Small Slimes","floor":2,"turns":2},{"damage":6,"enemies":"conspire:RoseBush","floor":5,"turns":1},{"damage":13,"enemies":"Blue Slaver","floor":8,"turns":2},{"damage":2,"enemies":"Gremlin Nob","floor":10,"turns":2},{"damage":22,"enemies":"Lagavulin","floor":13,"turns":4},{"damage":0,"enemies":"Fading Forest","floor":16,"turns":5},{"damage":0,"enemies":"Spheric Guardian","floor":18,"turns":1},{"damage":0,"enemies":"3 Byrds","floor":20,"turns":2},{"damage":0,"enemies":"Slavers","floor":24,"turns":1},{"damage":0,"enemies":"Centurion and Healer","floor":27,"turns":2},{"damage":0,"enemies":"Book of Stabbing","floor":28,"turns":1},{"damage":0,"enemies":"Snecko","floor":29,"turns":1},{"damage":0,"enemies":"Slavers","floor":30,"turns":2},{"damage":2,"enemies":"Collector","floor":33,"turns":2},{"damage":0,"enemies":"Orb Walker","floor":35,"turns":2},{"damage":4,"enemies":"3 Shapes","floor":38,"turns":1},{"damage":0,"enemies":"Spire Growth","floor":39,"turns":1},{"damage":0,"enemies":"Giant Head","floor":42,"turns":1},{"damage":5,"enemies":"4 Shapes","floor":45,"turns":2},{"damage":0,"enemies":"3 Darklings","floor":49,"turns":1},{"damage":0,"enemies":"Writhing Mass","floor":50,"turns":1},{"damage":0,"enemies":"conspire:OrnateMirror","floor":52,"turns":1}],"seed_played":"7498580695660307028","potions_obtained":[{"floor":1,"key":"ZuzhouPotion:ReiMu"},{"floor":2,"key":"Adrenaline Potion"}],"is_trial":false,"path_per_floor":["M","M","?","$","M","R","?","M","T","E","?","R","E","$","R","B",null,"M","?","M","$","?","R","E","R","T","M","E","M","E","$","R","B",null,"M","$","?","M","M","R","$","E","T","?","M","$","PTL","PTL","M","M","R","B",null],"character_chosen":"MARISA","items_purchased":["TentaclePot:ReiMu","StarNLove","Durian","Orrery","EnergyFlow","reliquary:WeakTea","reliquary:Knoch","reliquary:IridiumChain","SporeBomb","PowerUp","LuminesStrike","DC","MerchantsRug","Gremlin Food","reliquary:TatteredRug","AT_TimeSand","conspire:DeflatedDodgeball","Toolbox","REME_OnlineShoppingPlatform","AT_EmpoweredMortalDraw","EventHorizon","Omamori","conspire:TopHat","ReplayTheSpireMod:ShopPack","Replay:WaspNest","reliquary:TridentHead","Frozen Eye","ReplayTheSpireMod:Lightbulb","AT_BladeRuinedKing","Medical Kit","reliquary:RoseTintedGlasses","Replay:Ringing Soul","PlaceholderMod:FlatBlood","Pen Nib","Blue Doll","HandDrill","ReplayFunnel","ClockworkSouvenir","conspire:InfiniteJournal","PureWhite:ReiMu","Mirror","TheAbacus","REME_PuzzleBoxRelic","AT_ImmortalShieldbow","Happy Flower","Mercury Hourglass","Lantern"],"campfire_rested":0,"item_purchase_floors":[4,4,4,4,4,4,4,4,4,4,4,4,4,14,14,14,14,14,14,14,14,21,21,21,21,21,21,31,31,31,31,31,31,36,36,36,36,36,41,41,41,41,41,46,46,46,46],"current_hp_per_floor":[81,69,69,74,68,68,47,34,34,32,32,32,10,10,10,10,87,87,87,87,87,87,87,87,87,87,87,87,87,87,87,87,88,90,90,90,90,89,89,89,89,89,89,89,84,84,84,84,84,93,93,93],"gold":12748,"neow_bonus":"TEN_PERCENT_HP_BONUS","is_daily":false,"chose_seed":false,"campfire_upgraded":6,"win_rate":0.0,"timestamp":1611821203,"path_taken":["M","?","?","$","?","R","?","M","T","E","?","R","E","$","R","BOSS","M","?","M","$","?","R","E","R","T","?","E","M","E","$","R","BOSS","M","$","?","M","M","R","$","E","T","?","M","?","PTL","PTL","M","M","R","BOSS"],"items_purchased_type":["Relic","Potion","Relic","Relic","Card","Relic","Relic","Relic","Card","Card","Card","Card","Relic","Relic","Relic","Relic","Relic","Relic","Relic","Card","Card","Relic","Relic","Relic","Relic","Relic","Relic","Relic","Relic","Relic","Relic","Relic","Relic","Relic","Relic","Relic","Relic","Relic","Relic","Relic","Relic","Relic","Relic","Relic","Relic","Relic","Relic"],"build_version":"2020-12-22","purchased_purges":10,"victory":true,"max_hp_per_floor":[82,82,82,87,87,87,87,87,87,87,87,87,87,87,87,87,87,87,87,87,87,87,87,87,87,87,87,87,87,87,87,87,90,90,90,90,90,93,93,93,93,93,93,93,93,93,93,93,93,93,93,93],"card_choices":[{"not_picked":["ShootingEcho","Occultation"],"picked":"GrandCross","floor":1},{"not_picked":["RefractionSpark","DarkMatter"],"picked":"IllusionStar","floor":2},{"not_picked":["ShootingEcho","MilkyWay"],"picked":"ManaConvection","floor":4},{"not_picked":["LuminesStrike","EnergyFlow"],"picked":"MachineGunSpark","floor":4},{"not_picked":["UnstableBomb","RefractionSpark"],"picked":"Acceleration","floor":4},{"not_picked":["Occultation","MagicAbsorber"],"picked":"WitchLeyline","floor":4},{"not_picked":["Acceleration","OpenUniverse"],"picked":"EscapeVelocity","floor":5},{"not_picked":["EnergyFlow","DC"],"picked":"MeteoricShower","floor":7},{"not_picked":["MysteriousBeam","6A","SporeBomb"],"picked":"SKIP","floor":8},{"not_picked":["GravityBeat","StarlightTyphoon"],"picked":"BinaryStars","floor":10},{"not_picked":["SporeBomb","ChargingUp","GrandCross"],"picked":"SKIP","floor":13},{"not_picked":["SatelliteIllusion","EscapeVelocity"],"picked":"AbsoluteMagnitude","floor":16},{"not_picked":["WitchLeyline+1","NonDirectionalLaser"],"picked":"Singularity","floor":18},{"not_picked":["ShootTheMoon","BlazeAway","Acceleration"],"picked":"SKIP","floor":20},{"not_picked":["ReplayTheSpireMod:Necrogeddon","PanicButton"],"picked":"Apotheosis","floor":21},{"not_picked":["NonDirectionalLaser","GravityBeat","Acceleration"],"picked":"SKIP","floor":24},{"not_picked":["ShootingEcho+1","MagicAbsorber","EventHorizon+1"],"picked":"SKIP","floor":27},{"not_picked":["AsteroidBelt+1","OortCloud","EnergyRecoil"],"picked":"SKIP","floor":29},{"not_picked":["IllusionStar","ShootingEcho"],"picked":"OpenUniverse+1","floor":30},{"not_picked":["SatelliteIllusion","FinalSpark"],"picked":"StarDustReverie","floor":33},{"not_picked":["DC","GrandCross+1","RefractionSpark+1"],"picked":"SKIP","floor":35},{"not_picked":["EnergyRecoil+1","MachineGunSpark"],"picked":"ShootingEcho+1","floor":38},{"not_picked":["GalacticHalo","StarlightTyphoon","IllusionStar"],"picked":"SKIP","floor":39},{"not_picked":["GasGiant+1","ShootingEcho","DarkSpark"],"picked":"SKIP","floor":42},{"not_picked":["6A+1","Singularity+1","PropBag+1"],"picked":"SKIP","floor":45},{"not_picked":["OortCloud+1","UnstableBomb+1","DoubleSpark+1"],"picked":"SKIP","floor":49},{"not_picked":["OortCloud","DC+1","DoubleSpark+1"],"picked":"SKIP","floor":50}],"player_experience":590067,"relics_obtained":[{"floor":9,"key":"AT_GuinsooRageblade"},{"floor":10,"key":"Centennial Puzzle"},{"floor":13,"key":"reliquary:FeatherDuster"},{"floor":24,"key":"Turnip"},{"floor":26,"key":"Sundial"},{"floor":30,"key":"reliquary:JackalopeAntler"},{"floor":37,"key":"ReplayTheSpireMod:Ring of Exchange"},{"floor":42,"key":"Mummified Hand"},{"floor":43,"key":"Bottled Lightning"}],"event_choices":[{"damage_healed":0,"gold_gain":0,"player_choice":"Upgraded","damage_taken":0,"max_hp_gain":0,"max_hp_loss":0,"event_name":"Upgrade Shrine","floor":3,"gold_loss":0,"cards_upgraded":["IllusionStar"]},{"damage_healed":0,"gold_gain":0,"player_choice":"Argue","damage_taken":0,"max_hp_gain":0,"max_hp_loss":0,"event_name":"conspire:LoneGhost","floor":11,"gold_loss":0},{"damage_healed":0,"gold_gain":0,"player_choice":"Ωª≥ˆ…Òæ∆","damage_taken":0,"max_hp_gain":0,"max_hp_loss":0,"event_name":"ZunEvent","floor":19,"relics_lost":["ZunR:ReiMu"],"gold_loss":0,"cards_obtained":["ZunPunch:ReiMu"]},{"damage_healed":0,"gold_gain":0,"player_choice":"Ignored","damage_taken":0,"max_hp_gain":0,"max_hp_loss":0,"event_name":"Ghosts","floor":22,"gold_loss":0},{"damage_healed":0,"gold_gain":0,"player_choice":"Memory 1","damage_taken":0,"max_hp_gain":0,"max_hp_loss":0,"event_name":"SensoryStone","floor":44,"gold_loss":0},{"cards_removed":["ManaConvection"],"damage_healed":0,"gold_gain":0,"player_choice":"Upgrade and Remove","damage_taken":0,"max_hp_gain":0,"max_hp_loss":0,"event_name":"Designer","floor":51,"gold_loss":90,"cards_upgraded":["DC"]}],"is_beta":false,"boss_relics":[{"not_picked":["conspire:RoyalGoblet","conspire:RunicOctahedron"],"picked":"reliquary:RedCape"},{"not_picked":["ReplayTheSpireMod:DimensionalGlitch","RampagingMagicTools"],"picked":"reliquary:WritOfMandamus"}],"items_purged_floors":[4,14,21,21,31,36,36,41,41,46],"is_endless":false,"potions_floor_spawned":[1,2,16,18,24,28,30,42,45,49],"ascension_level":2}}