{"host":"sav7uxregyirlf69","time":1611816625,"event":{"mods":["AchievementEnabler","BaseMod","Colored Map","DeckTracker","Keyboard Shortcuts","Minty Spire (QoL Compilation)","READ ME - Guardian Mod","StSLib","SuperFastMode"],"gold_per_floor":[115,163,180,79,93,93,425,437,437,437,114,114,114,39,39,39,39],"floor_reached":16,"language":"KOR","playtime":269,"items_purged":["Regret","Strike_B"],"score":196,"play_id":"f9dede24-6f88-4895-8d9e-c06f02b51d81","local_time":"20210128155025","is_ascension_mode":true,"campfire_choices":[{"data":"Zap","floor":6,"key":"SMITH"},{"data":"Chaos","floor":13,"key":"SMITH"},{"data":"Coolheaded","floor":15,"key":"SMITH"}],"circlet_count":0,"master_deck":["AscendersBane","Strike_B","Defend_B","Defend_B","Defend_B","Defend_B","Zap+1","Dualcast","Sweeping Beam","Self Repair","Coolheaded+1","Genetic Algorithm+1","Chaos+1","Undo+1","Steam Power","Hologram"],"relics":["Cracked Core","Centennial Puzzle","Old Coin","War Paint","OrangePellets","Golden Idol"],"acts_visited":["Exordium"],"potions_floor_usage":[7,16,16,16,16],"damage_taken":[{"damage":1,"enemies":"Cultist","floor":1,"turns":3},{"damage":8,"enemies":"Jaw Worm","floor":3,"turns":3},{"damage":14,"enemies":"Small Slimes","floor":5,"turns":5},{"damage":30,"enemies":"3 Sentries","floor":7,"turns":8},{"damage":18,"enemies":"3 Louse","floor":8,"turns":4},{"damage":35,"enemies":"Hexaghost","floor":16,"turns":11}],"seed_played":"7714922713396639874","potions_obtained":[{"floor":1,"key":"ColorlessPotion"},{"floor":7,"key":"SpeedPotion"},{"floor":8,"key":"EntropicBrew"}],"is_trial":false,"path_per_floor":["M","T","M","$","M","R","E","M","T","?","$","?","R","?","R","B"],"character_chosen":"DEFECT","items_purchased":["Coolheaded","OrangePellets","Hologram"],"campfire_rested":0,"item_purchase_floors":[4,11,11],"current_hp_per_floor":[77,77,69,69,62,62,42,31,31,31,31,31,31,31,31,0,0],"gold":39,"neow_bonus":"TWENTY_PERCENT_HP_BONUS","is_daily":false,"chose_seed":false,"campfire_upgraded":3,"win_rate":0.0,"timestamp":1611816625,"path_taken":["M","?","?","$","M","R","E","M","T","?","$","?","R","?","R","BOSS"],"items_purchased_type":["Card","Relic","Card"],"build_version":"2020-12-22","purchased_purges":2,"victory":false,"max_hp_per_floor":[85,85,85,85,85,85,85,85,85,85,85,77,77,77,77,77,77],"card_choices":[{"not_picked":["Go for the Eyes","Turbo"],"picked":"Sweeping Beam","floor":1},{"not_picked":["Darkness","Scrape"],"picked":"Self Repair","floor":3},{"not_picked":["Stack","Chaos"],"picked":"Genetic Algorithm","floor":5},{"not_picked":["Aggregate","Hyperbeam"],"picked":"Chaos","floor":7},{"not_picked":["Streamline","Leap"],"picked":"Undo","floor":8}],"player_experience":1412539,"relics_obtained":[{"floor":2,"key":"Centennial Puzzle"},{"floor":7,"key":"Old Coin"},{"floor":9,"key":"War Paint"}],"event_choices":[{"damage_healed":0,"gold_gain":0,"cards_transformed":["Strike_B"],"player_choice":"Change","damage_taken":0,"max_hp_gain":0,"max_hp_loss":0,"event_name":"Living Wall","floor":10,"gold_loss":0,"cards_obtained":["Steam Power"]},{"damage_healed":0,"gold_gain":0,"player_choice":"Lose Max HP","damage_taken":0,"relics_obtained":["Golden Idol"],"max_hp_gain":0,"max_hp_loss":8,"event_name":"Golden Idol","floor":12,"gold_loss":0},{"cards_removed":["Strike_B"],"damage_healed":0,"gold_gain":0,"player_choice":"Card Removal","damage_taken":0,"max_hp_gain":0,"max_hp_loss":0,"event_name":"The Cleric","floor":14,"gold_loss":75}],"is_beta":false,"boss_relics":[],"items_purged_floors":[4,11],"is_endless":false,"potions_floor_spawned":[1,7,8],"killed_by":"Hexaghost","ascension_level":20}}