{"host":"ojezjkpqju62j8xy","time":1611835740,"event":{"mods":["ATMod(°¢èªMod)","Act Like it!","Aspiration","BaseMod","Conspire","Minty Spire (QoL Compilation)","Pale of the Ancients","Replay The Spire","Spicy Shops","StSLib","[GremlinLeader]The Maniac","¡¾ÒÅÎï¿¨ÅÆ¡¿REMEMod"],"gold_per_floor":[119,132,150,31,50,50,76,88,88,136,162,174,203,203,203,305,305,323,336,348,78,78,112,112,138,217,217,242,259,259,288,288,383,383,394,394,440,440,452,452,466,499,499,515,550,550,550],"floor_reached":46,"language":"ZHS","playtime":1962,"items_purged":[],"score":1071,"play_id":"ad8ec2fb-a273-4b53-94ec-a87a5c0b0bb0","local_time":"20210128200900","is_ascension_mode":true,"campfire_choices":[{"floor":6.0,"key":"RECALL"},{"floor":15.0,"key":"REST"},{"floor":24,"key":"REST"},{"floor":30,"key":"REST"},{"data":"AT_MachinaRedman","floor":32,"key":"SMITH"},{"data":"Judgement","floor":40,"key":"SMITH"}],"circlet_count":0,"master_deck":["Strike_P+1","Strike_P+1","Strike_P+1","Defend_P","Defend_P","Eruption","Vigilance","AT_ChampionKick","Judgement+1","Prostrate","Replay:ManipulateFuture+1","Protect","FollowUp","AT_IrregularMenstruation","Brilliance","AT_OneInchPunch","Halt+1","SashWhip","AT_MachinaRedman+1","WindmillStrike","Prostrate","ConjureBlade","CurseOfTheBell","WheelKick","Halt","Crescendo","AT_ChampionKick","Replay:BluntJabs","Prostrate","BattleHymn","Crescendo","Prostrate","MentalFortress","Halt+1","ClearTheMind","REME_CRH","FollowUp+1","AT_OneInchPunch+1","Nirvana","FollowUp+1","Wallop+1","FollowUp+1","EmptyMind+1"],"relics":["PureWater","AT_ATBox","REME_ComplimentaryCards","Anchor","conspire:TreasureMap","HornCleat","Centennial Puzzle","Replay:Bottled Steam","aspiration:FetidBarrel","Calling Bell","aspiration:Lifesprig","conspire:DeflatedDodgeball","StoneCalendar","War Paint","DollysMirror","Replay:Mystery Machine","Replay:Kaleidoscope","Replay:PocketPolymizer","Nilry\u0027s Codex","AT_ImmortalShieldbow","Incense Burner","AT_TrinityForce","Ring of Misfortune","Ring of Fangs","REME_PuzzleBoxRelic","Juzu Bracelet","Replay:Bottled Eggs","Bag of Marbles"],"acts_visited":["Exordium","TheCity","TheBeyond"],"potions_floor_usage":[20,23,23,23,31,33,33,46],"damage_taken":[{"damage":0.0,"enemies":"Cultist","floor":1.0,"turns":2.0},{"damage":4.0,"enemies":"Jaw Worm","floor":2.0,"turns":3.0},{"damage":0.0,"enemies":"2 Louse","floor":3.0,"turns":2.0},{"damage":1.0,"enemies":"Looter","floor":5.0,"turns":3.0},{"damage":23.0,"enemies":"Lagavulin","floor":7.0,"turns":9.0},{"damage":0.0,"enemies":"Lots of Slimes","floor":8.0,"turns":3.0},{"damage":27.0,"enemies":"Gremlin Nob","floor":11.0,"turns":4.0},{"damage":0.0,"enemies":"3 Louse","floor":12.0,"turns":3.0},{"damage":8.0,"enemies":"Lagavulin","floor":13.0,"turns":5.0},{"damage":0.0,"enemies":"Slime Boss","floor":16.0,"turns":4.0},{"damage":0.0,"enemies":"2 Thieves","floor":18.0,"turns":2.0},{"damage":8.0,"enemies":"Shell Parasite","floor":19.0,"turns":4.0},{"damage":5,"enemies":"Chosen and Byrds","floor":20,"turns":6},{"damage":0,"enemies":"Gremlin Leader","floor":23,"turns":3},{"damage":23,"enemies":"Slavers","floor":25,"turns":5},{"damage":0,"enemies":"Book of Stabbing","floor":28,"turns":4},{"damage":10,"enemies":"Snake Plant","floor":29,"turns":2},{"damage":0,"enemies":"Slavers","floor":31,"turns":3},{"damage":2,"enemies":"Automaton","floor":33,"turns":7},{"damage":0,"enemies":"3 Darklings","floor":35,"turns":4},{"damage":0,"enemies":"Orb Walker","floor":39,"turns":2},{"damage":0,"enemies":"Sphere and 2 Shapes","floor":41,"turns":2},{"damage":0,"enemies":"R_Hoarder","floor":42,"turns":4},{"damage":5,"enemies":"4 Shapes","floor":44,"turns":4},{"damage":28,"enemies":"Nemesis","floor":45,"turns":5},{"damage":154,"enemies":"Maw","floor":46,"turns":4}],"seed_played":"2259538409580811740","potions_obtained":[{"floor":5.0,"key":"SteroidPotion"},{"floor":7.0,"key":"SkillPotion"},{"floor":10.0,"key":"Ambrosia"},{"floor":12.0,"key":"Block Potion"},{"floor":19.0,"key":"EntropicBrew"},{"floor":28,"key":"Swift Potion"},{"floor":29,"key":"AttackPotion"},{"floor":33,"key":"Fruit Juice"},{"floor":39,"key":"Reflective Coating"},{"floor":44,"key":"Regen Potion"}],"is_trial":false,"path_per_floor":["M","M","M","$","M","R","E","M","T","?","E","M","E","?","R","B",null,"M","M","M","$","?","E","R","E","T","?","E","M","R","E","R","B",null,"M","?","T","?","M","R","M","E","T","M","E","M"],"character_chosen":"WATCHER","items_purchased":["conspire:TreasureMap","FollowUp","War Paint","DollysMirror","Replay:BluntJabs"],"campfire_rested":3,"item_purchase_floors":[4,4,21,21,21],"current_hp_per_floor":[65,61,61,61,60,60,37,37,37,37,10,10,2,9,30,30,62,62,54,49,49,49,49,70,47,47,31,31,42,63,63,63,66,74,74,74,74,74,74,74,74,74,74,69,41,0,0],"gold":550,"neow_bonus":"RANDOM_COMMON_RELIC","is_daily":false,"chose_seed":false,"campfire_upgraded":2,"win_rate":0.0,"timestamp":1611835740,"path_taken":["M","M","M","$","?","R","E","M","T","?","E","M","E","?","R","BOSS","M","M","M","?","?","E","R","E","T","?","E","M","R","E","R","BOSS","M","?","?","?","M","R","M","E","T","M","E","M"],"items_purchased_type":["Relic","Card","Relic","Relic","Card"],"build_version":"2020-12-22","purchased_purges":0,"victory":false,"max_hp_per_floor":[72,72,72,72,72,72,72,72,72,72,72,72,72,72,72,72,72,72,72,72,72,72,72,72,72,72,72,72,72,72,72,72,77,77,77,77,77,77,77,77,77,77,77,77,77,77,77],"card_choices":[{"not_picked":["Evaluate","FlyingSleeves"],"picked":"Prostrate","floor":1.0},{"not_picked":["REME_MusicOfDeath","Evaluate"],"picked":"Replay:ManipulateFuture","floor":2.0},{"not_picked":["Halt","Meditate"],"picked":"Protect","floor":3.0},{"not_picked":["FlurryOfBlows","Halt"],"picked":"AT_IrregularMenstruation","floor":5.0},{"not_picked":["Halt","REME_MusicOfDeath"],"picked":"Brilliance","floor":7.0},{"not_picked":["WreathOfFlame","ThirdEye"],"picked":"AT_OneInchPunch","floor":8.0},{"not_picked":["Wireheading","AT_RealFormLess"],"picked":"Halt","floor":10.0},{"not_picked":["BowlingBash","ClearTheMind"],"picked":"SashWhip","floor":10.0},{"not_picked":["SashWhip","AT_ChampionStep"],"picked":"AT_MachinaRedman","floor":11.0},{"not_picked":["Meditate","Replay:Hum"],"picked":"WindmillStrike","floor":12.0},{"not_picked":["Evaluate","WreathOfFlame"],"picked":"Prostrate","floor":13.0},{"not_picked":["Brilliance","SpiritShield"],"picked":"ConjureBlade","floor":16.0},{"not_picked":["CutThroughFate","WreathOfFlame"],"picked":"WheelKick","floor":18.0},{"not_picked":["CrushJoints","Meditate"],"picked":"Halt","floor":19.0},{"not_picked":["Meditate","Evaluate+1"],"picked":"Crescendo","floor":20},{"not_picked":["Meditate","Halt"],"picked":"Prostrate","floor":23},{"not_picked":["BowlingBash","FollowUp"],"picked":"BattleHymn","floor":25},{"not_picked":["Prostrate","FlyingSleeves"],"picked":"Crescendo","floor":28},{"not_picked":["SashWhip+1","SpiritShield"],"picked":"Prostrate","floor":29},{"not_picked":["JustLucky","Replay:Battleflow"],"picked":"Halt+1","floor":31},{"not_picked":["Brilliance","MasterReality"],"picked":"REME_CRH","floor":33},{"not_picked":["Evaluate","Nirvana+1"],"picked":"FollowUp+1","floor":35},{"not_picked":["FlyingSleeves","WheelKick"],"picked":"AT_OneInchPunch+1","floor":39},{"not_picked":["InnerPeace+1","EmptyFist+1"],"picked":"FollowUp+1","floor":41},{"not_picked":["BowlingBash","Wireheading"],"picked":"Wallop+1","floor":42},{"not_picked":["REME_Repentance+1","DeceiveReality"],"picked":"FollowUp+1","floor":44},{"not_picked":["Replay:Vibes+1","Replay:ManipulateFuture+1"],"picked":"EmptyMind+1","floor":45}],"player_experience":1409767,"relics_obtained":[{"floor":7.0,"key":"HornCleat"},{"floor":10.0,"key":"Centennial Puzzle"},{"floor":11.0,"key":"Replay:Bottled Steam"},{"floor":13.0,"key":"aspiration:FetidBarrel"},{"floor":17.0,"key":"aspiration:Lifesprig"},{"floor":17.0,"key":"conspire:DeflatedDodgeball"},{"floor":17.0,"key":"StoneCalendar"},{"floor":23,"key":"Replay:Mystery Machine"},{"floor":25,"key":"Replay:Kaleidoscope"},{"floor":26,"key":"Replay:PocketPolymizer"},{"floor":27,"key":"Nilry\u0027s Codex"},{"floor":28,"key":"AT_ImmortalShieldbow"},{"floor":31,"key":"Incense Burner"},{"floor":36,"key":"Ring of Misfortune"},{"floor":36,"key":"Ring of Fangs"},{"floor":37,"key":"REME_PuzzleBoxRelic"},{"floor":42,"key":"Juzu Bracelet"},{"floor":43,"key":"Replay:Bottled Eggs"},{"floor":45,"key":"Bag of Marbles"}],"event_choices":[{"damage_healed":0,"gold_gain":0,"player_choice":"Leave","damage_taken":0,"max_hp_gain":0,"max_hp_loss":0,"event_name":"conspire:Investor","floor":22,"gold_loss":0},{"damage_healed":0,"gold_gain":0,"player_choice":"Obtained Book","damage_taken":16,"max_hp_gain":0,"max_hp_loss":0,"event_name":"Cursed Tome","floor":27,"gold_loss":0},{"damage_healed":0,"gold_gain":0,"player_choice":"Ignored","damage_taken":0,"max_hp_gain":0,"max_hp_loss":0,"event_name":"Tomb of Lord Red Mask","floor":38,"gold_loss":0}],"is_beta":false,"boss_relics":[{"not_picked":["conspire:SlowCooker","aspiration:DefectSkillbook"],"picked":"Calling Bell"},{"not_picked":["Empty Cage","SacredBark"],"picked":"AT_TrinityForce"}],"items_purged_floors":[],"is_endless":false,"potions_floor_spawned":[5,7,12,13,19,28,29,33,39,44],"killed_by":"Maw","ascension_level":6}}