{"host":"y56d1fjpgcjsodvy","time":1611812563,"event":{"mods":["2.2 Compatiblity","Arknights The Spire","Astrologer","BaseMod","Colored Powertips","GifTheSpireLib","Hermit","Highlight Path","Keyboard Shortcuts","Marisa£¨Ùöéë¡¡Øª×âÞÞ£©","Minty Spire (QoL Compilation)","Random Character Button","Rare Cards Sparkle","Relic Stats","Replay The Spire","SOS£¨ÞÙ÷é?ñýí­£©","StSLib","SuperFastMode","The Blackbeard","The Blue Laboratory","The Dragon Tamer","The Poker Player","The Runesmith","TheBandit","Wandering Minibosses","everything is the same but u backflip on backflip"],"gold_per_floor":[112,112,112,162,181,181,196,227,227,239,239,250,268,268,268,44,44,122,122,134,334,119,137,152,177,177,177,177],"floor_reached":27,"language":"KOR","playtime":862,"items_purged":["Strike_B"],"score":466,"play_id":"38108fa5-dc86-4ebe-b9a9-db172f2de1dc","local_time":"20210128144243","is_ascension_mode":true,"campfire_choices":[{"data":"Zap","floor":6,"key":"SMITH"},{"floor":11,"key":"REST"},{"data":"Defragment","floor":17,"key":"SMITH"},{"data":"Defragment","floor":26,"key":"SMITH"}],"circlet_count":0,"master_deck":["AscendersBane","Strike_B","Defend_B","Defend_B","Defend_B","Zap+1","Dualcast","Coolheaded","Rebound","Sunder","Undo","Streamline","Coolheaded+1","Reboot+1","Defragment+1","Defragment+1","Amplify+1","Self Repair","Undo+1","Conserve Battery+1","Crystallizer","Crystallizer","Conserve Battery+1","Reinforced Body+1"],"relics":["Cracked Core","Strawberry","Toxic Egg 2","Lee\u0027s Waffle","Philosopher\u0027s Stone","BargainBundle","Oddly Smooth Stone"],"acts_visited":["Exordium","TheCity"],"potions_floor_usage":[8,18,24,25],"damage_taken":[{"damage":7,"enemies":"Jaw Worm","floor":1,"turns":3},{"damage":9,"enemies":"Small Slimes","floor":5,"turns":4},{"damage":0,"enemies":"Cultist","floor":7,"turns":3},{"damage":34,"enemies":"Gremlin Nob","floor":8,"turns":4},{"damage":5,"enemies":"Gremlin Gang","floor":10,"turns":3},{"damage":0,"enemies":"Exordium Wildlife","floor":12,"turns":3},{"damage":7,"enemies":"Lots of Slimes","floor":13,"turns":4},{"damage":28,"enemies":"Slime Boss","floor":18,"turns":14},{"damage":6,"enemies":"Spheric Guardian","floor":20,"turns":4},{"damage":12,"enemies":"Chosen","floor":23,"turns":7},{"damage":25,"enemies":"Snake Plant","floor":24,"turns":5},{"damage":16,"enemies":"Replay:Snechameleon","floor":25,"turns":8},{"damage":49,"enemies":"Slavers","floor":27,"turns":4}],"seed_played":"7693970846021834015","potions_obtained":[{"floor":5,"key":"PowerPotion"},{"floor":8,"key":"blueLaboratory:LouseDecoction"},{"floor":13,"key":"SpeedPotion"},{"floor":20,"key":"FearPotion"}],"is_trial":false,"path_per_floor":["M","?","?","?","M","R","M","E","T","M","R","M","M","PTL","PTL","$","R","B",null,"M","?","$","M","M","E","R","E"],"character_chosen":"DEFECT","items_purchased":["Defragment","Lee\u0027s Waffle","BargainBundle","LifebloodPotion","blueLaboratory:NullPotion","Undo+1","Conserve Battery+1","Crystallizer"],"campfire_rested":1,"item_purchase_floors":[16,16,22,22,22,22,22,22],"current_hp_per_floor":[39,62,55,48,39,39,39,12,12,7,30,30,23,23,23,85,85,57,78,72,72,72,74,49,47,47,0,0],"gold":177,"neow_bonus":"REMOVE_TWO","is_daily":false,"chose_seed":false,"campfire_upgraded":3,"win_rate":0.0,"timestamp":1611812563,"path_taken":["M","?","?","?","M","R","M","E","T","?","R","?","M","PTL","PTL","$","R","BOSS","M","?","$","?","M","E","R","E"],"items_purchased_type":["Card","Relic","Relic","Potion","Potion","Card","Card","Card"],"build_version":"2020-12-22","purchased_purges":1,"victory":false,"max_hp_per_floor":[71,71,71,71,71,71,71,78,78,78,78,78,78,78,78,85,85,85,85,85,85,85,85,85,85,85,85,85],"relic_stats":{"Lee\u0027s Waffle":62,"counters":[13,66],"obtain_stats":[{"Lee\u0027s Waffle":16,"BargainBundle":22,"Strawberry":8,"Oddly Smooth Stone":25,"Philosopher\u0027s Stone":19,"Toxic Egg 2":9,"Cracked Core":0},{"Lee\u0027s Waffle":7,"BargainBundle":9,"Strawberry":4,"Oddly Smooth Stone":12,"Philosopher\u0027s Stone":8,"Toxic Egg 2":4,"Cracked Core":0},{"Lee\u0027s Waffle":24,"BargainBundle":42,"Strawberry":14,"Oddly Smooth Stone":62,"Philosopher\u0027s Stone":38,"Toxic Egg 2":14,"Cracked Core":0}]},"card_choices":[{"not_picked":["Hologram","Stack"],"picked":"Coolheaded","floor":1},{"not_picked":["Beam Cell","ReplayTheSpireMod:GoodbyeWorld"],"picked":"Rebound","floor":5},{"not_picked":["Steam","Coolheaded"],"picked":"Sunder","floor":7},{"not_picked":["Stack","Leap"],"picked":"Undo","floor":8},{"not_picked":["Cold Snap","Barrage"],"picked":"Streamline","floor":10},{"not_picked":["Beam Cell","ReplayTheSpireMod:Reroute Power+1"],"picked":"Coolheaded+1","floor":12},{"not_picked":["Conserve Battery+1","ReplaySolidLightProjector+1"],"picked":"Reboot+1","floor":13},{"not_picked":["Core Surge","Reboot+1"],"picked":"Amplify+1","floor":18},{"not_picked":["Steam+1","Double Energy+1"],"picked":"Self Repair","floor":20},{"not_picked":["ReplayGash","Turbo+1"],"picked":"Conserve Battery+1","floor":23},{"not_picked":["Hello World","Streamline"],"picked":"Reinforced Body+1","floor":24},{"not_picked":["Barrage","Rebound","Darkness+1"],"picked":"SKIP","floor":25}],"player_experience":1271212,"relics_obtained":[{"floor":8,"key":"Strawberry"},{"floor":9,"key":"Toxic Egg 2"},{"floor":25,"key":"Oddly Smooth Stone"}],"event_choices":[{"damage_healed":23,"gold_gain":0,"player_choice":"Banana","damage_taken":0,"max_hp_gain":0,"max_hp_loss":0,"event_name":"Big Fish","floor":2,"gold_loss":0},{"cards_removed":["Defend_B"],"damage_healed":0,"gold_gain":0,"player_choice":"Card Removal","damage_taken":7,"max_hp_gain":0,"max_hp_loss":0,"event_name":"Golden Wing","floor":3,"gold_loss":0},{"damage_healed":0,"gold_gain":50,"player_choice":"Touch","damage_taken":7,"max_hp_gain":0,"max_hp_loss":0,"event_name":"FaceTrader","floor":4,"gold_loss":0},{"damage_healed":0,"gold_gain":200,"player_choice":"Gold","damage_taken":0,"max_hp_gain":0,"max_hp_loss":0,"event_name":"Wheel of Change","floor":21,"gold_loss":0}],"is_beta":false,"boss_relics":[{"not_picked":["Kintsugi","Abe\u0027s Treasure"],"picked":"Philosopher\u0027s Stone"}],"items_purged_floors":[22],"is_endless":false,"potions_floor_spawned":[5,8,13,20],"killed_by":"Slavers","ascension_level":20}}