{"host":"rolltorest","time":1611820808,"event":{"mods":["BaseMod","Jorbs\u0027s Wanderer Trilogy","Koishi","Minty Spire (QoL Compilation)","Relic Stats","Robot Space Explorer","Slay the Relics Exporter","StSLib","The Servant 0.9.4"],"gold_per_floor":[215,140,140,151,169,199,13,46,72,72,87,115,115,27,27,106,106,118,43,43,93,110,110,135,135,214,246,246,246],"floor_reached":28,"language":"ENG","playtime":818,"items_purged":["stsjorbsmod:Strike_Wanderer"],"score":544,"play_id":"302c49f4-8ff2-4ea1-9f55-068a1a39b618","local_time":"20210128000008","is_ascension_mode":true,"campfire_choices":[{"floor":10,"key":"REST"},{"floor":13,"key":"REST"},{"data":"stsjorbsmod:Stalwart","floor":15,"key":"SMITH"},{"floor":23,"key":"REST"},{"floor":25,"key":"REST"}],"circlet_count":0,"master_deck":["AscendersBane","stsjorbsmod:ForbiddenGrimoire+1","stsjorbsmod:Strike_Wanderer","stsjorbsmod:Strike_Wanderer","stsjorbsmod:Defend_Wanderer","stsjorbsmod:Defend_Wanderer","stsjorbsmod:Defend_Wanderer","stsjorbsmod:Defend_Wanderer","stsjorbsmod:FreshAdventure","stsjorbsmod:EyeOfTheStorm","stsjorbsmod:ChatteringStrike","stsjorbsmod:RayOfFrost","stsjorbsmod:BurningFlask","stsjorbsmod:ColorSpray","stsjorbsmod:WeightOfMemory","stsjorbsmod:Stalwart+1","stsjorbsmod:WanderingMind","stsjorbsmod:HedgeWizard","stsjorbsmod:Fireball","stsjorbsmod:Entangle","stsjorbsmod:Feast"],"relics":["stsjorbsmod:GrimoireRelic","FaceOfCleric","Ancient Tea Set","stsjorbsmod:BottledMemoryRelic","Dream Catcher","MealTicket","InkBottle","Philosopher\u0027s Stone","Anchor","White Beast Statue","Blue Candle"],"acts_visited":["Exordium","TheCity"],"potions_floor_usage":[8,8,12,12,27],"damage_taken":[{"damage":0,"enemies":"2 Louse","floor":1,"turns":2},{"damage":0,"enemies":"Cultist","floor":4,"turns":3},{"damage":0,"enemies":"Small Slimes","floor":5,"turns":2},{"damage":44,"enemies":"3 Sentries","floor":6,"turns":7},{"damage":16,"enemies":"Gremlin Nob","floor":8,"turns":4},{"damage":2,"enemies":"2 Fungi Beasts","floor":11,"turns":2},{"damage":26,"enemies":"Lagavulin","floor":12,"turns":7},{"damage":36,"enemies":"Hexaghost","floor":16,"turns":9},{"damage":20,"enemies":"3 Byrds","floor":18,"turns":5},{"damage":10,"enemies":"Spheric Guardian","floor":22,"turns":3},{"damage":43,"enemies":"Slavers","floor":24,"turns":5},{"damage":43,"enemies":"Gremlin Leader","floor":27,"turns":4},{"damage":3,"enemies":"Centurion and Healer","floor":28,"turns":3}],"seed_played":"-626850751226137985","potions_obtained":[{"floor":4,"key":"PowerPotion"},{"floor":6,"key":"Energy Potion"},{"floor":8,"key":"EssenceOfSteel"},{"floor":11,"key":"stsjorbsmod:BurningPotion"},{"floor":24,"key":"FearPotion"},{"floor":27,"key":"stsjorbsmod:DimensionDoorPotion"}],"is_trial":false,"path_per_floor":["M","?","?","M","M","E","$","E","T","R","M","E","R","$","R","B",null,"M","$","?","?","M","R","E","R","T","E","M"],"character_chosen":"WANDERER","items_purchased":["stsjorbsmod:BottledMemoryRelic","stsjorbsmod:BurningFlask","stsjorbsmod:Fireball"],"campfire_rested":4,"item_purchase_floors":[7,7,14],"current_hp_per_floor":[59,59,59,62,63,20,20,7,7,27,27,4,25,40,40,5,55,37,52,52,52,44,65,24,46,46,5,2,2],"gold":246,"neow_bonus":"HUNDRED_GOLD","is_daily":false,"chose_seed":false,"campfire_upgraded":1,"win_rate":0.0,"timestamp":1611820808,"path_taken":["M","?","?","M","?","E","?","E","T","R","M","E","R","$","R","BOSS","M","$","?","?","M","R","E","R","T","E","?"],"items_purchased_type":["Relic","Card","Card"],"build_version":"2020-12-18","purchased_purges":1,"victory":false,"max_hp_per_floor":[64,64,64,65,66,67,67,68,68,68,69,70,70,70,70,71,71,72,72,72,72,73,73,74,74,74,75,75,75],"relic_stats":{"Dream Catcher":4,"FaceOfCleric":11,"counters":[13,56],"Blue Candle":[0],"MealTicket":30,"obtain_stats":[{"stsjorbsmod:BottledMemoryRelic":7,"Dream Catcher":8,"Anchor":24,"FaceOfCleric":3,"Blue Candle":27,"stsjorbsmod:GrimoireRelic":0,"MealTicket":9,"Philosopher\u0027s Stone":17,"Ancient Tea Set":6,"InkBottle":12,"White Beast Statue":26},{"stsjorbsmod:BottledMemoryRelic":4,"Dream Catcher":5,"Anchor":11,"FaceOfCleric":1,"Blue Candle":12,"stsjorbsmod:GrimoireRelic":0,"MealTicket":5,"Philosopher\u0027s Stone":8,"Ancient Tea Set":4,"InkBottle":7,"White Beast Statue":11},{"stsjorbsmod:BottledMemoryRelic":14,"Dream Catcher":18,"Anchor":49,"FaceOfCleric":2,"Blue Candle":53,"stsjorbsmod:GrimoireRelic":0,"MealTicket":18,"Philosopher\u0027s Stone":36,"Ancient Tea Set":14,"InkBottle":27,"White Beast Statue":49}],"InkBottle":[9]},"card_choices":[{"not_picked":["stsjorbsmod:Mindworm","stsjorbsmod:DoubleCheck"],"picked":"stsjorbsmod:ChatteringStrike","floor":1},{"not_picked":["stsjorbsmod:Firebolt","stsjorbsmod:MirrorImage"],"picked":"stsjorbsmod:RayOfFrost","floor":4},{"not_picked":["stsjorbsmod:MagicMirror","stsjorbsmod:RefuseToForget","stsjorbsmod:BlackTentacles"],"picked":"SKIP","floor":5},{"not_picked":["stsjorbsmod:Hurt","stsjorbsmod:Inferno","stsjorbsmod:BurningFlask"],"picked":"SKIP","floor":6},{"not_picked":["stsjorbsmod:DisguiseSelf","stsjorbsmod:OldPocket"],"picked":"stsjorbsmod:ColorSpray","floor":8},{"not_picked":["stsjorbsmod:ArcaneWeapon","stsjorbsmod:FindFamiliar"],"picked":"stsjorbsmod:WeightOfMemory","floor":10},{"not_picked":["stsjorbsmod:RefuseToForget","stsjorbsmod:WanderingMind"],"picked":"stsjorbsmod:Stalwart","floor":11},{"not_picked":["stsjorbsmod:WeightOfMemory","stsjorbsmod:ArcaneWeapon"],"picked":"stsjorbsmod:WanderingMind","floor":12},{"not_picked":["stsjorbsmod:ParryingBlow","stsjorbsmod:TinyHut"],"picked":"stsjorbsmod:HedgeWizard","floor":13},{"not_picked":["stsjorbsmod:Pyromancy","stsjorbsmod:CorrodingBarrier"],"picked":"stsjorbsmod:Entangle","floor":16},{"not_picked":["stsjorbsmod:Rest","stsjorbsmod:BlackTentacles","stsjorbsmod:AnimateObjects"],"picked":"SKIP","floor":18},{"not_picked":["stsjorbsmod:Prestidigitation","stsjorbsmod:Hurt","stsjorbsmod:Index"],"picked":"SKIP","floor":22},{"not_picked":["stsjorbsmod:DisguiseSelf","stsjorbsmod:Hibernate"],"picked":"stsjorbsmod:Feast","floor":23},{"not_picked":["stsjorbsmod:OldPocket","stsjorbsmod:FaerieFire","stsjorbsmod:Rest"],"picked":"SKIP","floor":24},{"not_picked":["stsjorbsmod:Will","stsjorbsmod:Hurt+1","stsjorbsmod:RayOfFrost+1"],"picked":"SKIP","floor":27}],"player_experience":2257446,"relics_obtained":[{"floor":6,"key":"Ancient Tea Set"},{"floor":8,"key":"Dream Catcher"},{"floor":9,"key":"MealTicket"},{"floor":12,"key":"InkBottle"},{"floor":24,"key":"Anchor"},{"floor":26,"key":"White Beast Statue"},{"floor":27,"key":"Blue Candle"}],"event_choices":[{"cards_removed":["stsjorbsmod:Strike_Wanderer"],"damage_healed":0,"gold_gain":0,"player_choice":"Card Removal","damage_taken":0,"max_hp_gain":0,"max_hp_loss":0,"event_name":"The Cleric","floor":2,"gold_loss":75},{"damage_healed":0,"gold_gain":0,"player_choice":"Trade","damage_taken":0,"relics_obtained":["FaceOfCleric"],"max_hp_gain":0,"max_hp_loss":0,"event_name":"FaceTrader","floor":3,"gold_loss":0},{"damage_healed":0,"gold_gain":0,"player_choice":"Ignored","damage_taken":0,"max_hp_gain":0,"max_hp_loss":0,"event_name":"Vampires","floor":20,"gold_loss":0},{"damage_healed":0,"gold_gain":50,"player_choice":"Pray","damage_taken":0,"max_hp_gain":0,"max_hp_loss":0,"event_name":"Golden Shrine","floor":21,"gold_loss":0}],"is_beta":true,"boss_relics":[{"not_picked":["Tiny House","Empty Cage"],"picked":"Philosopher\u0027s Stone"}],"items_purged_floors":[19],"is_endless":false,"potions_floor_spawned":[4,6,8,11,24,27],"killed_by":"Centurion and Healer","ascension_level":20}}