{"host":"yqw1zpryoutrnocq","time":1611868057,"event":{"mods":["2.2 Compatiblity","AchievementEnabler","BaseMod","Colored Map","Custom Start","DeckTracker","Minty Spire (QoL Compilation)","Replay The Spire","StSLib","SuperFastMode"],"gold_per_floor":[119,134,148,148,22,49,49,63,63,63,63,93,110,136,136,234,234,250,261,275,290,303,303,303],"floor_reached":23,"language":"KOR","playtime":1118,"items_purged":["Strike_G"],"score":331,"play_id":"3b2069c7-e1bd-45f7-9afc-e07667c84919","local_time":"20210128150737","is_ascension_mode":true,"campfire_choices":[{"data":"Draining Mist","floor":7.0,"key":"SMITH"},{"data":"Cloak And Dagger","floor":11.0,"key":"SMITH"}],"circlet_count":0,"master_deck":["Strike_G","Strike_G","Defend_G","Defend_G","Defend_G","Defend_G","Defend_G","Survivor","Neutralize","Draining Mist+1","Cloak And Dagger+1","Backflip","Footwork+1","Deadly Poison","PiercingWail+1","Malaise","Blade Dance","Poisoned Stab","Bullet Time","ReplayTheSpireMod:Tripwire","Caltrops+1","Distraction+1","Backstab","Caltrops"],"relics":["Ring of the Snake","NeowsBlessing","Replay:Mystery Machine","White Beast Statue","ReplayTheSpireMod:Shallot","Eternal Feather","Mummified Hand","Empty Cage"],"acts_visited":["Exordium","TheCity"],"potions_floor_usage":[21,21,22,23,23],"damage_taken":[{"damage":0.0,"enemies":"Cultist","floor":1.0,"turns":1.0},{"damage":0.0,"enemies":"2 Louse","floor":2.0,"turns":1.0},{"damage":0.0,"enemies":"Small Slimes","floor":3.0,"turns":1.0},{"damage":25.0,"enemies":"3 Sentries","floor":6.0,"turns":17.0},{"damage":11.0,"enemies":"3 Louse","floor":8.0,"turns":5.0},{"damage":11.0,"enemies":"Replay:BlueRogue","floor":12.0,"turns":7.0},{"damage":0.0,"enemies":"Exordium Wildlife","floor":13.0,"turns":4.0},{"damage":1.0,"enemies":"3 Sentries","floor":14.0,"turns":11.0},{"damage":0.0,"enemies":"Hexaghost","floor":16.0,"turns":11.0},{"damage":6.0,"enemies":"Chosen","floor":18.0,"turns":6.0},{"damage":0.0,"enemies":"Spheric Guardian","floor":19.0,"turns":5.0},{"damage":14,"enemies":"Cultist and Chosen","floor":20,"turns":8},{"damage":0,"enemies":"Centurion and Healer","floor":21,"turns":9},{"damage":12,"enemies":"Snecko","floor":22,"turns":5},{"damage":46,"enemies":"Gremlin Leader","floor":23,"turns":4}],"seed_played":"-5019002308500108423","potions_obtained":[{"floor":3.0,"key":"Flashbang"},{"floor":8.0,"key":"Energy Potion"},{"floor":10.0,"key":"EssenceOfSteel"},{"floor":12.0,"key":"BlessingOfTheForge"},{"floor":13.0,"key":"Languid Potion"},{"floor":14.0,"key":"Adrenaline Potion"},{"floor":16.0,"key":"Fire Potion"},{"floor":18.0,"key":"Dexterity Potion"},{"floor":19.0,"key":"Reflective Coating"},{"floor":21,"key":"Poison Potion"},{"floor":22,"key":"Regen Potion"}],"is_trial":false,"path_per_floor":["M","M","M","?","$","E","R","M","T","?","R","E","M","E","R_BF","B",null,"M","M","M","M","M","E"],"character_chosen":"THE_SILENT","items_purchased":["Footwork+1"],"campfire_rested":0,"item_purchase_floors":[5],"current_hp_per_floor":[70,70,70,58,58,33,33,22,22,22,22,11,11,10,43,43,63,57,57,43,43,31,0,0],"gold":303,"neow_bonus":"THREE_ENEMY_KILL","is_daily":false,"chose_seed":false,"campfire_upgraded":2,"win_rate":0.0,"timestamp":1611868057,"path_taken":["M","?","M","?","$","E","R","M","T","?","R","E","?","E","R_BF","BOSS","M","M","?","M","M","E"],"items_purchased_type":["Card"],"build_version":"2020-12-22","purchased_purges":1,"victory":false,"max_hp_per_floor":[70,70,70,70,70,70,70,70,70,70,70,70,70,70,70,70,70,70,70,70,70,70,70,70],"card_choices":[{"not_picked":["Blade Dance","Dagger Throw"],"picked":"Draining Mist","floor":1.0},{"not_picked":["Dagger Throw","Dodge and Roll"],"picked":"Cloak And Dagger","floor":2.0},{"not_picked":["Deadly Poison","Footwork"],"picked":"Backflip","floor":3.0},{"not_picked":["ReplayTheSpireMod:Exploit Weakness","Prepared"],"picked":"Deadly Poison","floor":6.0},{"not_picked":["Concentrate","Quick Slash"],"picked":"PiercingWail","floor":8.0},{"not_picked":["Distraction","PiercingWail"],"picked":"Malaise","floor":12.0},{"not_picked":["Deadly Poison","Escape Plan"],"picked":"Blade Dance","floor":13.0},{"not_picked":["Night Terror","ReplayTheSpireMod:The Works"],"picked":"Poisoned Stab","floor":14.0},{"not_picked":["Unload","Storm of Steel"],"picked":"Bullet Time","floor":16.0},{"not_picked":["Eviscerate","Dagger Throw"],"picked":"ReplayTheSpireMod:Tripwire","floor":18.0},{"not_picked":["Quick Slash","Heel Hook"],"picked":"Caltrops+1","floor":19.0},{"not_picked":["Outmaneuver","Slice+1"],"picked":"Distraction+1","floor":20},{"not_picked":["ReplayTheSpireMod:The Works","Backflip"],"picked":"Backstab","floor":21},{"not_picked":["Blur","ReplayTheSpireMod:Tripwire"],"picked":"Caltrops","floor":22}],"player_experience":232320,"relics_obtained":[{"floor":6.0,"key":"White Beast Statue"},{"floor":9.0,"key":"ReplayTheSpireMod:Shallot"},{"floor":12.0,"key":"Eternal Feather"},{"floor":14.0,"key":"Mummified Hand"}],"event_choices":[{"damage_healed":0.0,"max_hp_gain":0.0,"max_hp_loss":0.0,"gold_gain":0.0,"event_name":"Scrap Ooze","player_choice":"Success","floor":4.0,"gold_loss":0.0,"damage_taken":12.0,"relics_obtained":["Replay:Mystery Machine"]},{"damage_healed":0.0,"max_hp_gain":0.0,"max_hp_loss":0.0,"gold_gain":0.0,"event_name":"Lab","player_choice":"Got Potions","floor":10.0,"gold_loss":0.0,"damage_taken":0.0}],"is_beta":false,"boss_relics":[{"not_picked":["Coffee Dripper","Fusion Hammer"],"picked":"Empty Cage"}],"items_purged_floors":[5],"is_endless":false,"potions_floor_spawned":[3,8,12,13,14,16,18,19,20,21,22],"killed_by":"Gremlin Leader","ascension_level":5}}