{"host":"19r1ww88x2tc73i0","time":1611834805,"event":{"mods":["BaseMod","BetterRewards","Colored Map","Minty Spire (QoL Compilation)","Relic Stats","StSLib","SuperFastMode","slay the spire mod where everything is the same but ironclad has a cowboy hat"],"gold_per_floor":[114,133,133,151,171,171,190,190,190,190,229,252,293,258,258,348,348,371,371,386,410,70,70,70],"floor_reached":23,"language":"ENG","playtime":838,"items_purged":["Strike_G"],"score":406,"play_id":"d2436bfa-c2f6-41a3-92c2-f7446d55c44e","local_time":"25640128185325","is_ascension_mode":true,"campfire_choices":[{"data":"Corpse Explosion","floor":6.0,"key":"SMITH"},{"data":"Bane","floor":8.0,"key":"SMITH"},{"data":"Envenom","floor":15.0,"key":"SMITH"}],"circlet_count":0,"master_deck":["AscendersBane","Strike_G","Strike_G","Strike_G","Strike_G","Defend_G","Defend_G","Defend_G","Defend_G","Defend_G","Survivor","Neutralize","Corpse Explosion+1","Sucker Punch","Cloak And Dagger","Crippling Poison","Backflip","Bane+1","Envenom+1","Bane","Slice","Adrenaline","Backstab+1","Ghostly","Ghostly","Ghostly","Expertise","Leg Sweep"],"relics":["Ring of the Snake","Toy Ornithopter","Bottled Lightning","Golden Idol","White Beast Statue","Boot","Black Star","Bottled Tornado"],"acts_visited":["Exordium","TheCity"],"potions_floor_usage":[21,23,23],"damage_taken":[{"damage":4.0,"enemies":"Small Slimes","floor":1.0,"turns":4.0},{"damage":0.0,"enemies":"Jaw Worm","floor":2.0,"turns":5.0},{"damage":0.0,"enemies":"Cultist","floor":4.0,"turns":4.0},{"damage":9.0,"enemies":"3 Louse","floor":5.0,"turns":2.0},{"damage":4.0,"enemies":"Red Slaver","floor":7.0,"turns":3.0},{"damage":27.0,"enemies":"Gremlin Nob","floor":11.0,"turns":4.0},{"damage":7.0,"enemies":"Lots of Slimes","floor":12.0,"turns":2.0},{"damage":4.0,"enemies":"Lagavulin","floor":13.0,"turns":7.0},{"damage":24.0,"enemies":"The Guardian","floor":16.0,"turns":10.0},{"damage":0.0,"enemies":"3 Byrds","floor":18.0,"turns":2.0},{"damage":1,"enemies":"Chosen","floor":20,"turns":5},{"damage":15,"enemies":"Shelled Parasite and Fungi","floor":21,"turns":5},{"damage":20,"enemies":"Book of Stabbing","floor":23,"turns":5}],"seed_played":"-3264987109972476018","potions_obtained":[{"floor":2.0,"key":"ColorlessPotion"},{"floor":5.0,"key":"Strength Potion"},{"floor":7.0,"key":"SmokeBomb"},{"floor":12.0,"key":"Block Potion"},{"floor":13.0,"key":"EssenceOfSteel"},{"floor":16.0,"key":"GamblersBrew"},{"floor":20,"key":"Dexterity Potion"},{"floor":21,"key":"CultistPotion"}],"is_trial":false,"path_per_floor":["M","M","?","M","M","R","M","R","T","?","E","M","E","?","R","B",null,"M","?","M","M","$","E"],"character_chosen":"THE_SILENT","items_purchased":["Bottled Tornado"],"campfire_rested":0,"item_purchase_floors":[22],"current_hp_per_floor":[55,55,50,50,41,41,37,37,37,37,15,8,9,22,22,3,41,41,27,26,12,12,2,2],"gold":70,"neow_bonus":"THREE_RARE_CARDS","is_daily":false,"chose_seed":false,"campfire_upgraded":3,"win_rate":0.0,"timestamp":1611834805,"path_taken":["M","M","?","M","M","R","M","R","T","?","E","M","E","?","R","BOSS","M","?","M","M","$","E"],"items_purchased_type":["Relic"],"build_version":"2020-12-22","purchased_purges":1,"victory":false,"max_hp_per_floor":[60,60,60,60,60,60,60,60,60,54,54,54,54,54,54,54,54,54,27,27,27,27,27,27],"relic_stats":{"counters":[37,151],"Golden Idol":52,"Black Star":5,"Boot":[30],"obtain_stats":[{"Darkstone Periapt":47,"CeramicFish":0,"Vajra":47,"StoneCalendar":24,"Bag of Preparation":27,"Whetstone":37,"Ginger":40,"Bottled Tornado":22,"Smiling Mask":7,"Boot":13,"Shovel":36,"Ninja Scroll":46,"Tiny Chest":27,"MealTicket":31,"Kunai":30,"Ring of the Snake":0,"Girya":40,"Pear":0,"Happy Flower":43,"Golden Idol":10,"The Courier":26,"Letter Opener":24,"Akabeko":31,"White Beast Statue":11,"Ornamental Fan":44,"Bird Faced Urn":0,"Snecko Eye":34,"Molten Egg 2":8,"Black Star":17,"Bottled Lightning":9,"Toy Ornithopter":3,"Meat on the Bone":9},{"Darkstone Periapt":23,"CeramicFish":0,"Vajra":23,"StoneCalendar":12,"Bag of Preparation":14,"Whetstone":19,"Ginger":20,"Bottled Tornado":36,"Smiling Mask":4,"Boot":32,"Shovel":19,"Ninja Scroll":22,"Tiny Chest":14,"MealTicket":16,"Kunai":15,"Ring of the Snake":0,"Girya":20,"Pear":0,"Happy Flower":22,"Golden Idol":29,"The Courier":13,"Letter Opener":12,"Akabeko":16,"White Beast Statue":30,"Ornamental Fan":22,"Bird Faced Urn":0,"Snecko Eye":17,"Molten Egg 2":4,"Black Star":8,"Bottled Lightning":29,"Toy Ornithopter":26,"Meat on the Bone":4},{"Darkstone Periapt":89,"CeramicFish":0,"Vajra":89,"StoneCalendar":46,"Bag of Preparation":53,"Whetstone":73,"Ginger":77,"Bottled Tornado":146,"Smiling Mask":17,"Boot":124,"Shovel":73,"Ninja Scroll":82,"Tiny Chest":53,"MealTicket":61,"Kunai":57,"Ring of the Snake":0,"Girya":77,"Pear":0,"Happy Flower":82,"Golden Idol":111,"The Courier":49,"Letter Opener":46,"Akabeko":61,"White Beast Statue":115,"Ornamental Fan":82,"Bird Faced Urn":0,"Snecko Eye":68,"Molten Egg 2":17,"Black Star":34,"Bottled Lightning":111,"Toy Ornithopter":102,"Meat on the Bone":17}],"Toy Ornithopter":60,"Ring of the Snake":[70]},"card_choices":[{"not_picked":["Die Die Die","Phantasmal Killer"],"picked":"Corpse Explosion","floor":0.0},{"not_picked":["Eviscerate","Underhanded Strike"],"picked":"Sucker Punch","floor":1.0},{"not_picked":["PiercingWail","Deflect"],"picked":"Cloak And Dagger","floor":2.0},{"not_picked":["Flying Knee","Slice"],"picked":"Crippling Poison","floor":4.0},{"not_picked":["Reflex","Cloak And Dagger"],"picked":"Backflip","floor":5.0},{"not_picked":["PiercingWail","Reflex"],"picked":"Bane","floor":7.0},{"not_picked":["Sucker Punch","Underhanded Strike"],"picked":"Envenom","floor":11.0},{"not_picked":["Escape Plan","Dodge and Roll"],"picked":"Bane","floor":12.0},{"not_picked":["Accuracy","Distraction"],"picked":"Slice","floor":13.0},{"not_picked":["A Thousand Cuts","Bullet Time"],"picked":"Adrenaline","floor":16.0},{"not_picked":["Distraction","Eviscerate"],"picked":"Backstab+1","floor":18.0},{"not_picked":["Escape Plan","Footwork"],"picked":"Expertise","floor":20},{"not_picked":["Slice+1","Setup"],"picked":"Leg Sweep","floor":21}],"player_experience":964723,"relics_obtained":[{"floor":9.0,"key":"Bottled Lightning"},{"floor":11.0,"key":"White Beast Statue"},{"floor":13.0,"key":"Boot"}],"event_choices":[{"damage_healed":0.0,"max_hp_gain":0.0,"max_hp_loss":0.0,"gold_gain":0.0,"event_name":"Scrap Ooze","player_choice":"Success","floor":3.0,"gold_loss":0.0,"damage_taken":5.0,"relics_obtained":["Toy Ornithopter"]},{"damage_healed":0.0,"max_hp_gain":0.0,"max_hp_loss":6.0,"gold_gain":0.0,"event_name":"Golden Idol","player_choice":"Lose Max HP","floor":10.0,"gold_loss":0.0,"damage_taken":0.0,"relics_obtained":["Golden Idol"]},{"damage_healed":13.0,"max_hp_gain":0.0,"max_hp_loss":0.0,"gold_gain":0.0,"event_name":"The Cleric","player_choice":"Healed","floor":14.0,"gold_loss":35.0,"damage_taken":0.0},{"damage_healed":0,"gold_gain":0,"player_choice":"Became a Ghost","damage_taken":0,"max_hp_gain":0,"max_hp_loss":27,"event_name":"Ghosts","floor":19,"gold_loss":0,"cards_obtained":["Ghostly","Ghostly","Ghostly"]}],"is_beta":false,"boss_relics":[{"not_picked":["Calling Bell","Coffee Dripper"],"picked":"Black Star"}],"items_purged_floors":[22],"is_endless":false,"potions_floor_spawned":[2,5,7,12,13,16,18,20,21],"killed_by":"Book of Stabbing","ascension_level":20}}