{"host":"na09lpbrez4gbfiz","time":1611865290,"event":{"mods":["Act Like it!","BaseMod","BetterRewards","Colored Map","Colored Powertips","DeckTracker","Googly Eyes","Highlight Path","Minty Spire (QoL Compilation)","Quick Restart","Spicy Shops","StSLib","SuperFastMode","Synergy Search"],"gold_per_floor":[114,114,168,15,28,28,59,59,59,79,79,110,127,127,127,201,201,218,218,26,26,37,65,65,95,120,120,70,101,113,126,126,126,126],"floor_reached":33,"language":"ENG","playtime":769,"items_purged":["Searing Blow+1","Decay"],"score":596,"play_id":"1449e118-c251-4809-bde0-d76ad7737da9","local_time":"20210128212130","is_ascension_mode":true,"campfire_choices":[{"data":"Carnage","floor":6,"key":"SMITH"},{"data":"Bash","floor":8,"key":"SMITH"},{"floor":11,"key":"REST"},{"data":"Impervious","floor":15,"key":"SMITH"},{"floor":24,"key":"REST"},{"data":"Berserk","floor":27,"key":"SMITH"},{"floor":32,"key":"REST"}],"circlet_count":0,"master_deck":["AscendersBane","Defend_R+1","Defend_R","Defend_R","Defend_R+1","Bash+1","Carnage+1","Impervious+1","Berserk+1","Clothesline+1","Inflame+1"],"relics":["Velvet Choker","Pen Nib","MealTicket","Regal Pillow","Torii","Mercury Hourglass","Astrolabe","Membership Card","Calipers","HornCleat","War Paint","Paper Frog"],"acts_visited":["Exordium","TheCity"],"potions_floor_usage":[12,12,25,33],"damage_taken":[{"damage":5,"enemies":"Small Slimes","floor":1,"turns":3},{"damage":4,"enemies":"Jaw Worm","floor":5,"turns":3},{"damage":20,"enemies":"3 Sentries","floor":7,"turns":7},{"damage":0,"enemies":"Cultist","floor":10,"turns":1},{"damage":1,"enemies":"Gremlin Nob","floor":12,"turns":3},{"damage":1,"enemies":"2 Fungi Beasts","floor":13,"turns":2},{"damage":0,"enemies":"Slime Boss","floor":16,"turns":6},{"damage":12,"enemies":"Spheric Guardian","floor":18,"turns":4},{"damage":9,"enemies":"3 Byrds","floor":22,"turns":4},{"damage":42,"enemies":"Gremlin Leader","floor":23,"turns":4},{"damage":34,"enemies":"Slavers","floor":25,"turns":5},{"damage":16,"enemies":"Gremlin Leader","floor":29,"turns":5},{"damage":8,"enemies":"Centurion and Healer","floor":30,"turns":5},{"damage":0,"enemies":"Snake Plant","floor":31,"turns":3},{"damage":64,"enemies":"Champ","floor":33,"turns":12}],"seed_played":"-6689677873016686930","potions_obtained":[{"floor":5,"key":"ColorlessPotion"},{"floor":7,"key":"EssenceOfSteel"},{"floor":12,"key":"Strength Potion"},{"floor":25,"key":"LiquidBronze"},{"floor":29,"key":"EssenceOfSteel"}],"is_trial":false,"path_per_floor":["M","?","T","$","M","R","E","R","T","M","R","E","M","?","R","B",null,"M","?","$","?","M","E","R","E","T","R","$","E","M","M","R","B"],"character_chosen":"IRONCLAD","items_purchased":["MealTicket","Membership Card"],"campfire_rested":3,"item_purchase_floors":[4,20],"current_hp_per_floor":[67,60,60,60,56,56,36,36,36,36,75,74,73,73,73,73,78,66,66,80,80,71,29,68,34,34,34,49,33,25,25,64,0,0],"gold":126,"neow_bonus":"BOSS_RELIC","is_daily":false,"chose_seed":false,"campfire_upgraded":4,"win_rate":0.0,"timestamp":1611865290,"path_taken":["M","?","?","$","M","R","E","R","T","M","R","E","M","?","R","BOSS","M","?","$","?","M","E","R","E","T","R","$","E","?","M","R","BOSS"],"items_purchased_type":["Relic","Relic"],"build_version":"2020-12-22","purchased_purges":2,"victory":false,"max_hp_per_floor":[80,80,80,80,80,80,80,80,80,80,80,80,80,80,80,80,80,80,80,80,80,80,80,80,80,80,80,80,80,80,80,80,80,80],"card_choices":[{"not_picked":["Clash","Feel No Pain","Pommel Strike"],"picked":"SKIP","floor":1},{"not_picked":["Shockwave","Searing Blow"],"picked":"Carnage","floor":5},{"not_picked":["Sword Boomerang","Thunderclap","Headbutt"],"picked":"SKIP","floor":7},{"not_picked":["Perfected Strike","Flex","Body Slam"],"picked":"SKIP","floor":10},{"not_picked":["Burning Pact","Sever Soul"],"picked":"Impervious","floor":12},{"not_picked":["Disarm","Feel No Pain","Sword Boomerang"],"picked":"SKIP","floor":13},{"not_picked":["Bludgeon","Impervious"],"picked":"Berserk","floor":16},{"not_picked":["Pommel Strike","Sword Boomerang","Havoc"],"picked":"SKIP","floor":18},{"not_picked":["Heavy Blade","Havoc","Dual Wield"],"picked":"SKIP","floor":22},{"not_picked":["Dark Embrace","Burning Pact","Dual Wield"],"picked":"SKIP","floor":23},{"not_picked":["Sword Boomerang","Armaments","Bloodletting"],"picked":"SKIP","floor":25},{"not_picked":["Seeing Red","Spot Weakness","Sentinel"],"picked":"SKIP","floor":29},{"not_picked":["Havoc","Cleave","Sever Soul"],"picked":"SKIP","floor":30},{"not_picked":["Fire Breathing","Cleave","Evolve"],"picked":"SKIP","floor":31}],"player_experience":195165,"relics_obtained":[{"floor":3,"key":"Pen Nib"},{"floor":7,"key":"Regal Pillow"},{"floor":9,"key":"Torii"},{"floor":12,"key":"Mercury Hourglass"},{"floor":23,"key":"Calipers"},{"floor":25,"key":"HornCleat"},{"floor":26,"key":"War Paint"},{"floor":29,"key":"Paper Frog"}],"event_choices":[{"cards_removed":["Strike_R"],"damage_healed":0,"gold_gain":0,"player_choice":"Card Removal","damage_taken":7,"max_hp_gain":0,"max_hp_loss":0,"event_name":"Golden Wing","floor":2,"gold_loss":0},{"cards_removed":["Strike_R"],"damage_healed":0,"gold_gain":0,"player_choice":"Forget","damage_taken":0,"max_hp_gain":0,"max_hp_loss":0,"event_name":"Living Wall","floor":14,"gold_loss":0},{"damage_healed":0,"gold_gain":0,"player_choice":"Ignored","damage_taken":0,"max_hp_gain":0,"max_hp_loss":0,"event_name":"Ghosts","floor":19,"gold_loss":0},{"damage_healed":0,"gold_gain":0,"player_choice":"Cursed","damage_taken":0,"max_hp_gain":0,"max_hp_loss":0,"event_name":"Wheel of Change","floor":21,"gold_loss":0,"cards_obtained":["Decay"]}],"is_beta":false,"boss_relics":[{"not_picked":["Runic Dome","Coffee Dripper"],"picked":"Astrolabe"}],"items_purged_floors":[20,28],"is_endless":false,"potions_floor_spawned":[5,7,12,25,29],"killed_by":"Champ","ascension_level":13}}