{"host":"gaqyve1328ta0etl","time":1611819289,"event":{"mods":["BaseMod","Colored Map","Colored Powertips","Googly Eyes","Minty Spire (QoL Compilation)","Shop Mod","StSLib","SuperFastMode","The Hierophant","The Runesmith"],"gold_per_floor":[117,42,52,65,65,65,76,76,76,108,119,84,104,117,117,215,215,235,235,235,89,0,0,0],"floor_reached":23,"language":"ENG","playtime":560,"items_purged":["Strike_B","Strike_B"],"score":312,"play_id":"af042c3a-559d-409e-98f9-95c445e682c7","local_time":"20210127233449","is_ascension_mode":true,"campfire_choices":[{"data":"Zap","floor":6,"key":"SMITH"},{"floor":15,"key":"REST"}],"circlet_count":0,"master_deck":["AscendersBane","Defend_B","Defend_B","Defend_B","Defend_B","Zap+1","Dualcast","Gash","Gash","Gash","Hologram","Hologram","Stack","Machine Learning","Seek","Coolheaded"],"relics":["Cursed Key","Strawberry","SacredBark","Nilry\u0027s Codex"],"acts_visited":["Exordium","TheCity"],"potions_floor_usage":[10,10,16,18],"damage_taken":[{"damage":7,"enemies":"Small Slimes","floor":1,"turns":4},{"damage":3,"enemies":"2 Louse","floor":3,"turns":3},{"damage":4,"enemies":"Jaw Worm","floor":4,"turns":4},{"damage":0,"enemies":"Large Slime","floor":7,"turns":4},{"damage":45,"enemies":"Gremlin Nob","floor":10,"turns":5},{"damage":9,"enemies":"Looter","floor":11,"turns":3},{"damage":5,"enemies":"Blue Slaver","floor":13,"turns":3},{"damage":11,"enemies":"Exordium Wildlife","floor":14,"turns":4},{"damage":37,"enemies":"The Guardian","floor":16,"turns":13},{"damage":4,"enemies":"3 Byrds","floor":18,"turns":2},{"damage":54,"enemies":"Book of Stabbing","floor":23,"turns":7}],"seed_played":"8555605944414038666","potions_obtained":[{"floor":1,"key":"Block Potion"},{"floor":10,"key":"Fruit Juice"},{"floor":13,"key":"EssenceOfSteel"},{"floor":16,"key":"Explosive Potion"}],"is_trial":false,"path_per_floor":["M","$","M","M","?","R","M","?","T","E","M","?","M","M","R","B",null,"M","?","?","$","?","E"],"character_chosen":"DEFECT","items_purchased":["Coolheaded"],"campfire_rested":1,"item_purchase_floors":[21],"current_hp_per_floor":[61,61,58,54,54,54,54,59,59,26,17,40,35,24,51,14,73,69,53,53,53,53,0,0],"gold":0,"neow_bonus":"BOSS_RELIC","is_daily":false,"chose_seed":false,"campfire_upgraded":1,"win_rate":0.0,"timestamp":1611819289,"path_taken":["M","$","M","M","?","R","M","?","T","E","?","?","M","M","R","BOSS","M","?","?","$","?","E"],"items_purchased_type":["Card"],"build_version":"2020-12-22","purchased_purges":2,"victory":false,"max_hp_per_floor":[75,75,75,75,75,75,75,80,80,92,92,92,92,92,92,92,92,92,92,92,92,92,92,92],"card_choices":[{"not_picked":["Undo","Ball Lightning"],"picked":"Gash","floor":1},{"not_picked":["Redo","Conserve Battery"],"picked":"Gash","floor":3},{"not_picked":["Leap","Redo"],"picked":"Gash","floor":4},{"not_picked":["Cold Snap","Sweeping Beam","Ball Lightning"],"picked":"SKIP","floor":7},{"not_picked":["Chill","Go for the Eyes"],"picked":"Hologram","floor":10},{"not_picked":["Steam Power","Genetic Algorithm"],"picked":"Hologram","floor":11},{"not_picked":["Sunder","Conserve Battery"],"picked":"Stack","floor":13},{"not_picked":["Beam Cell","Conserve Battery"],"picked":"Machine Learning","floor":14},{"not_picked":["Amplify","Creative AI"],"picked":"Seek","floor":16},{"not_picked":["White Noise","Glacier","Streamline+1"],"picked":"SKIP","floor":18}],"player_experience":2045678,"relics_obtained":[{"floor":10,"key":"Strawberry"},{"floor":19,"key":"Nilry\u0027s Codex"}],"event_choices":[{"cards_removed":["Strike_B"],"damage_healed":0,"gold_gain":0,"player_choice":"Forget","damage_taken":0,"max_hp_gain":0,"max_hp_loss":0,"event_name":"Living Wall","floor":5,"gold_loss":0},{"damage_healed":0,"gold_gain":0,"player_choice":"Donut","damage_taken":0,"max_hp_gain":5,"max_hp_loss":0,"event_name":"Big Fish","floor":8,"gold_loss":0},{"damage_healed":23,"gold_gain":0,"player_choice":"Healed","damage_taken":0,"max_hp_gain":0,"max_hp_loss":0,"event_name":"The Cleric","floor":12,"gold_loss":35},{"damage_healed":0,"gold_gain":0,"player_choice":"Obtained Book","damage_taken":16,"max_hp_gain":0,"max_hp_loss":0,"event_name":"Cursed Tome","floor":19,"gold_loss":0},{"cards_removed":["Strike_B"],"damage_healed":0,"gold_gain":0,"player_choice":"Elegance","damage_taken":0,"max_hp_gain":0,"max_hp_loss":0,"event_name":"Back to Basics","floor":20,"gold_loss":0},{"damage_healed":0,"gold_gain":0,"player_choice":"Paid Fearfully","damage_taken":0,"max_hp_gain":0,"max_hp_loss":0,"event_name":"Masked Bandits","floor":22,"gold_loss":89}],"is_beta":false,"boss_relics":[{"not_picked":["Runesmith:UraniumAnvil","Coffee Dripper"],"picked":"SacredBark"}],"items_purged_floors":[2,21],"is_endless":false,"potions_floor_spawned":[1,10,13,16],"killed_by":"Book of Stabbing","ascension_level":10}}