{"host":"q0qnzbgdx8oqogg9","time":1611802835,"event":{"mods":["BaseMod","Minty Spire (QoL Compilation)","StSLib"],"gold_per_floor":[10,29,46,46,120,120,131,157,207,207,282,299,299,324,324,403,453,466,480,499,499,141,151,4,30,82,117,42,42,42,52,52,52,52],"floor_reached":33,"language":"ENG","playtime":1020,"items_purged":["Strike_G"],"score":495,"play_id":"c0c54e58-98fe-4717-8bd1-28d7113b5be2","local_time":"20210127220035","is_ascension_mode":true,"campfire_choices":[{"data":"Deadly Poison","floor":6,"key":"SMITH"},{"floor":10,"key":"REST"},{"data":"Corpse Explosion","floor":13,"key":"SMITH"},{"data":"Leg Sweep","floor":15,"key":"SMITH"},{"data":"Backflip","floor":29,"key":"SMITH"},{"floor":32,"key":"REST"}],"circlet_count":0,"master_deck":["AscendersBane","Strike_G+1","Strike_G+1","Defend_G+1","Defend_G+1","Defend_G+1","Defend_G+1","Survivor","Neutralize+1","Endless Agony","Flying Knee+1","Deadly Poison+1","All Out Attack","Corpse Explosion+1","Leg Sweep+1","Predator","Cloak And Dagger","Leg Sweep","Backflip+1","Well Laid Plans","Calculated Gamble"],"relics":["Ring of the Snake","Mummified Hand","Snake Skull","Strawberry","Tiny House","Molten Egg 2","TwistedFunnel","Red Mask","Juzu Bracelet","Blue Candle"],"acts_visited":["TheCity"],"potions_floor_usage":[14,27,33,33],"damage_taken":[{"damage":0,"enemies":"2 Louse","floor":1,"turns":3},{"damage":1,"enemies":"Small Slimes","floor":2,"turns":4},{"damage":3,"enemies":"Jaw Worm","floor":3,"turns":4},{"damage":0,"enemies":"Blue Slaver","floor":7,"turns":4},{"damage":12,"enemies":"3 Sentries","floor":8,"turns":6},{"damage":7,"enemies":"Exordium Thugs","floor":12,"turns":3},{"damage":0,"enemies":"Gremlin Nob","floor":14,"turns":3},{"damage":8,"enemies":"Hexaghost","floor":16,"turns":9},{"damage":10,"enemies":"Shell Parasite","floor":18,"turns":5},{"damage":0,"enemies":"Spheric Guardian","floor":19,"turns":3},{"damage":0,"enemies":"3 Cultists","floor":20,"turns":2},{"damage":12,"enemies":"Centurion and Healer","floor":23,"turns":5},{"damage":0,"enemies":"Masked Bandits","floor":25,"turns":2},{"damage":18,"enemies":"Book of Stabbing","floor":27,"turns":7},{"damage":6,"enemies":"Snake Plant","floor":31,"turns":5},{"damage":58,"enemies":"Collector","floor":33,"turns":6}],"seed_played":"-8745913673310741392","potions_obtained":[{"floor":1,"key":"Block Potion"},{"floor":12,"key":"Poison Potion"},{"floor":14,"key":"FearPotion"},{"floor":17,"key":"DistilledChaos"},{"floor":31,"key":"DuplicationPotion"}],"is_trial":false,"path_per_floor":["M","M","M","?","?","R","M","E","T","R","?","M","R","E","R","B",null,"M","M","M","?","$","M","$","?","T","E","?","R","?","M","R","B"],"character_chosen":"THE_SILENT","items_purchased":["Well Laid Plans","Molten Egg 2","TwistedFunnel"],"campfire_rested":2,"item_purchase_floors":[22,22,24],"current_hp_per_floor":[63,62,59,45,45,45,45,33,33,54,43,36,36,43,43,35,72,62,62,62,62,62,50,50,50,50,32,32,32,32,26,50,0,0],"gold":52,"neow_bonus":"REMOVE_TWO","is_daily":false,"chose_seed":false,"campfire_upgraded":4,"win_rate":0.0,"timestamp":1611802835,"path_taken":["M","M","M","?","?","R","M","E","T","R","?","M","R","E","R","BOSS","M","M","M","?","$","M","$","?","T","E","?","R","?","M","R","BOSS"],"items_purchased_type":["Card","Relic","Relic"],"build_version":"2020-12-22","purchased_purges":1,"victory":false,"max_hp_per_floor":[70,70,70,70,70,70,70,70,70,70,70,70,70,77,77,77,82,82,82,82,82,82,82,82,82,82,82,82,82,82,82,82,82,82],"card_choices":[{"not_picked":["Dodge and Roll","Deadly Poison"],"picked":"Endless Agony","floor":1},{"not_picked":["Underhanded Strike","Backflip"],"picked":"Flying Knee","floor":2},{"not_picked":["Blade Dance","Outmaneuver"],"picked":"Deadly Poison","floor":3},{"not_picked":["Dodge and Roll","Sucker Punch"],"picked":"All Out Attack","floor":7},{"not_picked":["Deadly Poison","Finisher"],"picked":"Corpse Explosion","floor":8},{"not_picked":["Flying Knee","Blade Dance"],"picked":"Leg Sweep","floor":12},{"not_picked":["Slice","Cloak And Dagger"],"picked":"Predator","floor":14},{"not_picked":["Underhanded Strike","Blade Dance"],"picked":"Cloak And Dagger","floor":17},{"not_picked":["Dagger Spray","PiercingWail"],"picked":"Leg Sweep","floor":18},{"not_picked":["Underhanded Strike","Bane","Quick Slash"],"picked":"SKIP","floor":19},{"not_picked":["Deflect","Eviscerate"],"picked":"Backflip","floor":20},{"not_picked":["Riddle With Holes+1","Deflect","Distraction+1"],"picked":"SKIP","floor":23},{"not_picked":["Deadly Poison","Accuracy","Finisher+1"],"picked":"SKIP","floor":27},{"not_picked":["Dagger Throw+1","Riddle With Holes+1"],"picked":"Calculated Gamble","floor":31}],"player_experience":309389,"relics_obtained":[{"floor":8,"key":"Mummified Hand"},{"floor":9,"key":"Snake Skull"},{"floor":14,"key":"Strawberry"},{"floor":25,"key":"Red Mask"},{"floor":26,"key":"Juzu Bracelet"},{"floor":27,"key":"Blue Candle"}],"event_choices":[{"damage_healed":0,"gold_gain":0,"player_choice":"Entered Light","damage_taken":14,"max_hp_gain":0,"max_hp_loss":0,"event_name":"Shining Light","floor":4,"gold_loss":0,"cards_upgraded":["Neutralize","Flying Knee"]},{"damage_healed":0,"gold_gain":74,"player_choice":"Gained Gold","damage_taken":0,"max_hp_gain":0,"max_hp_loss":0,"event_name":"Golden Wing","floor":5,"gold_loss":0},{"damage_healed":0,"gold_gain":75,"player_choice":"Gather Gold","damage_taken":11,"max_hp_gain":0,"max_hp_loss":0,"event_name":"World of Goop","floor":11,"gold_loss":0},{"damage_healed":0,"gold_gain":0,"player_choice":"Ignored","damage_taken":0,"max_hp_gain":0,"max_hp_loss":0,"event_name":"Vampires","floor":21,"gold_loss":0},{"damage_healed":0,"gold_gain":0,"player_choice":"Fought Bandits","damage_taken":0,"max_hp_gain":0,"max_hp_loss":0,"event_name":"Masked Bandits","floor":25,"gold_loss":0},{"cards_removed":["Strike_G"],"damage_healed":0,"gold_gain":0,"player_choice":"Gave Gold","damage_taken":0,"max_hp_gain":0,"max_hp_loss":0,"event_name":"Beggar","floor":28,"gold_loss":75},{"damage_healed":0,"gold_gain":0,"player_choice":"Simplicity","damage_taken":0,"max_hp_gain":0,"max_hp_loss":0,"event_name":"Back to Basics","floor":30,"gold_loss":0,"cards_upgraded":["Strike_G","Defend_G","Defend_G","Defend_G","Defend_G"]}],"is_beta":false,"boss_relics":[{"not_picked":["Pandora\u0027s Box","Busted Crown"],"picked":"Tiny House"}],"items_purged_floors":[22],"is_endless":false,"potions_floor_spawned":[1,12,14,20,23,31],"killed_by":"Collector","ascension_level":13}}