{"host":"6bsan6hkua32tfq7","time":1611873253,"event":{"mods":["BaseMod","Better Third Choice","Colored Map","Highlight Path","Minty Spire (QoL Compilation)","StSLib"],"gold_per_floor":[112,125,138,158,176,176,189,189,489,489,521,521,551,631,631,631,631],"floor_reached":16,"language":"ENG","playtime":396,"items_purged":[],"score":224,"play_id":"7c90e91e-b073-47e9-8c17-72e9f5486c68","local_time":"20210128233413","is_ascension_mode":true,"campfire_choices":[{"data":"Dualcast","floor":6,"key":"SMITH"},{"data":"Zap","floor":8,"key":"SMITH"},{"floor":10,"key":"REST"},{"floor":15,"key":"REST"}],"circlet_count":0,"master_deck":["AscendersBane","Strike_B","Strike_B","Strike_B","Strike_B","Defend_B","Defend_B","Defend_B","Defend_B","Zap+1","Dualcast+1","Cold Snap","Streamline","Sweeping Beam","Go for the Eyes","Streamline","All For One","Barrage","Beam Cell"],"relics":["Cracked Core","Centennial Puzzle","Old Coin","Dream Catcher","Ice Cream"],"acts_visited":["Exordium"],"potions_floor_usage":[13,16],"damage_taken":[{"damage":1,"enemies":"Cultist","floor":1,"turns":3},{"damage":7,"enemies":"Jaw Worm","floor":2,"turns":4},{"damage":2,"enemies":"2 Louse","floor":3,"turns":2},{"damage":18,"enemies":"Blue Slaver","floor":4,"turns":5},{"damage":4,"enemies":"Red Slaver","floor":5,"turns":3},{"damage":9,"enemies":"Exordium Wildlife","floor":7,"turns":4},{"damage":25,"enemies":"3 Sentries","floor":11,"turns":4},{"damage":13,"enemies":"Lagavulin","floor":13,"turns":4},{"damage":28,"enemies":"Slime Boss","floor":16,"turns":6}],"seed_played":"5694399561708416341","potions_obtained":[{"floor":2,"key":"Weak Potion"},{"floor":4,"key":"EssenceOfSteel"},{"floor":11,"key":"AttackPotion"}],"is_trial":false,"path_per_floor":["M","M","M","M","M","R","M","R","T","R","E","?","E","?","R","B"],"character_chosen":"DEFECT","items_purchased":[],"campfire_rested":2,"item_purchase_floors":[],"current_hp_per_floor":[63,56,54,36,32,32,23,23,23,44,19,19,6,6,27,0,0],"gold":631,"neow_bonus":"RANDOM_COMMON_RELIC","is_daily":false,"chose_seed":false,"campfire_upgraded":2,"win_rate":0.0,"timestamp":1611873253,"path_taken":["M","M","?","M","M","R","M","R","T","R","E","?","E","?","R","BOSS"],"items_purchased_type":[],"build_version":"2020-12-22","purchased_purges":0,"victory":false,"max_hp_per_floor":[71,71,71,71,71,71,71,71,71,71,71,71,71,71,71,71,71],"card_choices":[{"not_picked":["Rebound","Turbo"],"picked":"Cold Snap","floor":1},{"not_picked":["FTL","Hologram"],"picked":"Streamline","floor":2},{"not_picked":["White Noise","Gash"],"picked":"Sweeping Beam","floor":3},{"not_picked":["Chaos","Redo"],"picked":"Go for the Eyes","floor":4},{"not_picked":["Coolheaded","Glacier"],"picked":"Streamline","floor":5},{"not_picked":["Stack","Cold Snap"],"picked":"All For One","floor":7},{"not_picked":["White Noise","Self Repair"],"picked":"Barrage","floor":11},{"not_picked":["Blizzard","Reinforced Body"],"picked":"Beam Cell","floor":13}],"player_experience":5339911,"relics_obtained":[{"floor":9,"key":"Old Coin"},{"floor":11,"key":"Dream Catcher"},{"floor":13,"key":"Ice Cream"}],"event_choices":[{"damage_healed":19,"gold_gain":0,"player_choice":"Leave","damage_taken":0,"max_hp_gain":0,"max_hp_loss":71,"event_name":"betterThird:BetterShining","floor":12,"gold_loss":1},{"damage_healed":0,"gold_gain":80,"player_choice":"Gained Gold","damage_taken":0,"max_hp_gain":0,"max_hp_loss":0,"event_name":"Golden Wing","floor":14,"gold_loss":0}],"is_beta":false,"boss_relics":[],"items_purged_floors":[],"is_endless":false,"potions_floor_spawned":[2,4,11],"killed_by":"Slime Boss","ascension_level":20}}