{"host":"nn0usk9aafse27ii","time":1611792984,"event":{"mods":["BaseMod","Colored Map","Highlight Path","Minty Spire (QoL Compilation)","Shop Mod","StSLib"],"gold_per_floor":[118,132,142,156,197,197,247,247,323,351,361,421,430,451,451,590,590,603,646,664,664,148,148,172,172,222,222,267,315,315,330,330,453,453,478,501,551,569,632,632,216,216,290,342,342,386,0,40,40,40],"floor_reached":51,"language":"ENG","playtime":8081,"items_purged":["Injury","Malaise"],"score":1015,"play_id":"ade12fae-833a-452a-b9a8-03027fd7b7d3","local_time":"20210127161624","daily_mods":["Shiny","Purple Cards","Terminal"],"is_ascension_mode":true,"campfire_choices":[{"data":"After Image","floor":6.0,"key":"SMITH"},{"floor":8.0,"key":"REST"},{"data":"Blasphemy","floor":15.0,"key":"SMITH"},{"data":"Adrenaline","floor":23.0,"key":"SMITH"},{"data":"Vault","floor":25.0,"key":"SMITH"},{"data":"Adrenaline","floor":27.0,"key":"SMITH"},{"data":"After Image","floor":30.0,"key":"SMITH"},{"data":"Ragnarok","floor":32.0,"key":"SMITH"},{"data":"Venomology","floor":40.0,"key":"SMITH"},{"data":"Scrawl","floor":42.0,"key":"SMITH"},{"data":"Omniscience","floor":49,"key":"SMITH"}],"circlet_count":0,"master_deck":["Judgement","ConjureBlade","MasterReality","Brilliance","Devotion","Blasphemy+1","Ragnarok+1","LessonLearned","Scrawl+1","Vault+1","Alpha","Wish","Omniscience+1","Establishment","SpiritShield","DevaForm","DeusExMachina","Venomology+1","Corpse Explosion","Phantasmal Killer","Die Die Die","Adrenaline+1","Envenom","Doppelganger","Burst","Wraith Form v2+1","Tools of the Trade","Night Terror+1","Unload","After Image+1","Bullet Time","Storm of Steel","Glass Knife","A Thousand Cuts","Deflect","Deflect","Adrenaline+1","After Image+1","After Image+1","Setup","TalkToTheHand+1","Distraction+1"],"relics":["Ring of the Serpent","Anchor","Singing Bowl","Prayer Wheel","CeramicFish","Golden Idol","DollysMirror","Blood Vial","Nunchaku","Centennial Puzzle","Smiling Mask","Black Star","Unceasing Top","Strange Spoon","Pantograph","Incense Burner","PreservedInsect","Potion Belt","Bottled Tornado","Red Mask","Eternal Feather","InkBottle"],"acts_visited":["Exordium","TheCity","TheBeyond"],"potions_floor_usage":[44,44,50,50,50,50],"damage_taken":[{"damage":0.0,"enemies":"2 Louse","floor":1.0,"turns":1.0},{"damage":0.0,"enemies":"Cultist","floor":2.0,"turns":3.0},{"damage":0.0,"enemies":"Jaw Worm","floor":3.0,"turns":1.0},{"damage":6.0,"enemies":"Blue Slaver","floor":4.0,"turns":5.0},{"damage":12.0,"enemies":"Large Slime","floor":5.0,"turns":4.0},{"damage":10.0,"enemies":"3 Sentries","floor":7.0,"turns":3.0},{"damage":0.0,"enemies":"Lagavulin","floor":10.0,"turns":6.0},{"damage":0.0,"enemies":"Looter","floor":11.0,"turns":2.0},{"damage":0.0,"enemies":"3 Sentries","floor":12.0,"turns":3.0},{"damage":0.0,"enemies":"Blue Slaver","floor":14.0,"turns":2.0},{"damage":16.0,"enemies":"Slime Boss","floor":16.0,"turns":6.0},{"damage":6.0,"enemies":"2 Thieves","floor":18.0,"turns":3.0},{"damage":0.0,"enemies":"Chosen","floor":19.0,"turns":4.0},{"damage":13.0,"enemies":"Shelled Parasite and Fungi","floor":20.0,"turns":4.0},{"damage":0.0,"enemies":"3 Cultists","floor":24.0,"turns":4.0},{"damage":14.0,"enemies":"Slavers","floor":28.0,"turns":3.0},{"damage":1.0,"enemies":"Centurion and Healer","floor":29.0,"turns":6.0},{"damage":0.0,"enemies":"Snake Plant","floor":31.0,"turns":2.0},{"damage":0.0,"enemies":"Champ","floor":33.0,"turns":8.0},{"damage":0.0,"enemies":"3 Darklings","floor":35.0,"turns":5.0},{"damage":9.0,"enemies":"3 Shapes","floor":36.0,"turns":5.0},{"damage":0.0,"enemies":"Maw","floor":37.0,"turns":8.0},{"damage":1.0,"enemies":"4 Shapes","floor":38.0,"turns":4.0},{"damage":0.0,"enemies":"Mind Bloom Boss Battle","floor":39.0,"turns":6.0},{"damage":0,"enemies":"Giant Head","floor":44,"turns":6},{"damage":0,"enemies":"Reptomancer","floor":46,"turns":7},{"damage":0,"enemies":"Giant Head","floor":48,"turns":6},{"damage":2,"enemies":"Donu and Deca","floor":50,"turns":6}],"seed_played":"-6118528735333500462","potions_obtained":[{"floor":1.0,"key":"Poison Potion"},{"floor":2.0,"key":"SteroidPotion"},{"floor":5.0,"key":"DistilledChaos"},{"floor":10.0,"key":"Dexterity Potion"},{"floor":24.0,"key":"Fire Potion"},{"floor":29.0,"key":"AttackPotion"},{"floor":35.0,"key":"Fire Potion"},{"floor":39.0,"key":"GhostInAJar"},{"floor":46,"key":"BlessingOfTheForge"}],"is_trial":true,"path_per_floor":["M","M","M","M","M","R","E","R","T","E","M","?","?","M","R","B",null,"M","M","M","?","$","R","M","R","T","R","E","M","R","M","R","B",null,"M","M","M","M","?","R","$","R","T","E","?","E","?","E","R","B",null],"character_chosen":"THE_SILENT","items_purchased":["DollysMirror","Blood Vial","Nunchaku","DuplicationPotion","Strange Spoon","DistilledChaos","Setup"],"campfire_rested":1,"item_purchase_floors":[22,22,22,41,41,41,41],"current_hp_per_floor":[68,67,66,60,48,48,38,56,56,58,62,64,64,67,66,50,64,62,66,55,55,55,55,61,61,61,61,49,54,54,60,60,64,71,74,69,75,80,84,83,82,81,80,79,74,73,72,73,72,70],"gold":40,"neow_bonus":"","is_daily":false,"chose_seed":false,"campfire_upgraded":10,"win_rate":0.0,"timestamp":1611792984,"path_taken":["M","?","M","M","M","R","E","R","T","E","M","?","?","M","R","BOSS","M","M","M","?","$","R","M","R","T","R","E","M","R","M","R","BOSS","M","M","M","M","?","R","$","R","T","E","?","E","?","E","R","BOSS"],"items_purchased_type":["Relic","Relic","Relic","Potion","Relic","Potion","Card"],"build_version":"2020-12-22","purchased_purges":2,"victory":true,"max_hp_per_floor":[68,67,66,65,64,63,62,61,60,61,64,65,64,67,66,65,64,67,70,71,70,69,68,71,70,69,68,67,70,69,72,71,72,71,74,77,80,83,84,83,82,81,80,79,74,73,72,73,72,71],"card_choices":[{"not_picked":["Nirvana","BowlingBash"],"picked":"Deflect","floor":1.0},{"not_picked":["Well Laid Plans","Quick Slash","EmptyBody"],"picked":"SKIP","floor":2.0},{"not_picked":["Slice","Prepared","DeceiveReality"],"picked":"SKIP","floor":3.0},{"not_picked":["Poisoned Stab","Reflex","Deflect"],"picked":"SKIP","floor":4.0},{"not_picked":["Poisoned Stab","Reflex"],"picked":"Deflect","floor":4.0},{"not_picked":["Flechettes","Evaluate","Bouncing Flask"],"picked":"SKIP","floor":5.0},{"not_picked":["Finisher","Acrobatics","Sucker Punch"],"picked":"SKIP","floor":7.0},{"not_picked":["EmptyBody","Perseverance","Infinite Blades"],"picked":"Singing Bowl","floor":10.0},{"not_picked":["Indignation","Deflect","Accuracy"],"picked":"Singing Bowl","floor":11.0},{"not_picked":["Endless Agony","CutThroughFate","Leg Sweep"],"picked":"Singing Bowl","floor":11.0},{"not_picked":["ThirdEye","EmptyFist","FearNoEvil"],"picked":"Singing Bowl","floor":12.0},{"not_picked":["Crescendo","InnerPeace","Phantasmal Killer"],"picked":"Singing Bowl","floor":14.0},{"not_picked":["Prostrate","Reflex","Flying Knee"],"picked":"Singing Bowl","floor":14.0},{"not_picked":["Vault","Wraith Form v2"],"picked":"Adrenaline","floor":16.0},{"not_picked":["Halt","Slice","Vengeance+1"],"picked":"Singing Bowl","floor":18.0},{"not_picked":["Prostrate","Sucker Punch","CrushJoints+1"],"picked":"Singing Bowl","floor":18.0},{"not_picked":["Nirvana","InnerPeace","Dagger Spray"],"picked":"Singing Bowl","floor":19.0},{"not_picked":["Cloak And Dagger","Eviscerate","Flying Knee"],"picked":"Singing Bowl","floor":19.0},{"not_picked":["Fasting2","SashWhip","Expertise"],"picked":"Singing Bowl","floor":20.0},{"not_picked":["Cloak And Dagger","Acrobatics+1","Blur"],"picked":"SKIP","floor":20.0},{"not_picked":["Perseverance","FlurryOfBlows+1","Backflip"],"picked":"Singing Bowl","floor":24.0},{"not_picked":["WheelKick","Sucker Punch","Reflex"],"picked":"Singing Bowl","floor":24.0},{"not_picked":["BowlingBash","Cloak And Dagger"],"picked":"After Image","floor":28.0},{"not_picked":["Perseverance+1","PiercingWail","Leg Sweep"],"picked":"Singing Bowl","floor":29.0},{"not_picked":["ClearTheMind","Acrobatics","Leg Sweep"],"picked":"Singing Bowl","floor":29.0},{"not_picked":["Prepared","Outmaneuver+1","Flying Knee"],"picked":"Singing Bowl","floor":31.0},{"not_picked":["Adaptation+1","BowlingBash","Deflect"],"picked":"Singing Bowl","floor":31.0},{"not_picked":["Wraith Form v2","Die Die Die","Malaise"],"picked":"Singing Bowl","floor":33.0},{"not_picked":["EmptyBody","Slice","Predator"],"picked":"Singing Bowl","floor":35.0},{"not_picked":["CutThroughFate","WindmillStrike","ThirdEye"],"picked":"Singing Bowl","floor":35.0},{"not_picked":["CutThroughFate+1","Backflip+1","Pray"],"picked":"Singing Bowl","floor":36.0},{"not_picked":["Bane","Weave","Crescendo"],"picked":"Singing Bowl","floor":36.0},{"not_picked":["Judgement","Acrobatics+1","FlurryOfBlows"],"picked":"Singing Bowl","floor":37.0},{"not_picked":["Dodge and Roll","Predator","Poisoned Stab"],"picked":"Singing Bowl","floor":37.0},{"not_picked":["Bane","Cloak And Dagger+1","BattleHymn+1"],"picked":"Singing Bowl","floor":38.0},{"not_picked":["PiercingWail","Deadly Poison+1","Flechettes+1"],"picked":"Singing Bowl","floor":38.0},{"not_picked":["Bullet Time","Deflect+1","Halt"],"picked":"Singing Bowl","floor":39.0},{"not_picked":["Bullet Time","Terror"],"picked":"TalkToTheHand+1","floor":44},{"not_picked":["Sucker Punch+1","Evaluate"],"picked":"Distraction+1","floor":46},{"not_picked":["Outmaneuver","Pray","Blade Dance+1"],"picked":"Singing Bowl","floor":48}],"player_experience":424323,"relics_obtained":[{"floor":7.0,"key":"Anchor"},{"floor":9.0,"key":"Singing Bowl"},{"floor":10.0,"key":"Prayer Wheel"},{"floor":12.0,"key":"CeramicFish"},{"floor":26.0,"key":"Centennial Puzzle"},{"floor":28.0,"key":"Smiling Mask"},{"floor":39.0,"key":"Unceasing Top"},{"floor":43.0,"key":"Pantograph"},{"floor":44,"key":"Incense Burner"},{"floor":44,"key":"PreservedInsect"},{"floor":46,"key":"Potion Belt"},{"floor":46,"key":"Bottled Tornado"},{"floor":48,"key":"Eternal Feather"},{"floor":48,"key":"InkBottle"}],"event_choices":[{"damage_healed":0.0,"max_hp_gain":0.0,"max_hp_loss":0.0,"gold_gain":30.0,"event_name":"Dead Adventurer","player_choice":"Searched \u00273\u0027 times","floor":12.0,"gold_loss":0.0,"damage_taken":0.0},{"damage_healed":0.0,"max_hp_gain":0.0,"max_hp_loss":0.0,"gold_gain":0.0,"event_name":"Golden Idol","player_choice":"Take Wound","floor":13.0,"gold_loss":0.0,"damage_taken":0.0,"relics_obtained":["Golden Idol"],"cards_obtained":["Injury"]},{"cards_removed":["Grand Finale"],"damage_healed":0.0,"max_hp_gain":0.0,"max_hp_loss":0.0,"gold_gain":0.0,"event_name":"Back to Basics","player_choice":"Elegance","floor":21.0,"gold_loss":0.0,"damage_taken":0.0},{"damage_healed":0.0,"max_hp_gain":0.0,"max_hp_loss":0.0,"gold_gain":0.0,"event_name":"MindBloom","player_choice":"Fight","floor":39.0,"gold_loss":0.0,"damage_taken":0.0},{"damage_healed":0,"gold_gain":0,"player_choice":"Max HP","damage_taken":0,"max_hp_gain":0,"max_hp_loss":4,"event_name":"Winding Halls","floor":45,"gold_loss":0},{"damage_healed":0,"gold_gain":0,"player_choice":"Paid","damage_taken":0,"relics_obtained":["Red Mask"],"max_hp_gain":0,"max_hp_loss":0,"event_name":"Tomb of Lord Red Mask","floor":47,"gold_loss":386}],"is_beta":false,"boss_relics":[{"not_picked":["Snecko Eye","HoveringKite"],"picked":"Ring of the Serpent"},{"not_picked":["Fusion Hammer","Empty Cage"],"picked":"Black Star"}],"items_purged_floors":[22,41],"is_endless":false,"potions_floor_spawned":[1,2,5,10,24,29,35,39,46],"ascension_level":1}}