{"host":"k2mw1od0xoi9pcfj","time":1611799604,"event":{"mods":["100% Spire Juice","Act Like it!","Aspiration","BaseMod","Beaked The Cultist","Downfall","Energized Spire","Hermit","Highlight Path","Minty Spire (QoL Compilation)","Permanent Neow","Relic Stats","Replay The Spire","Retaliation","StSLib","TheHeartMod"],"gold_per_floor":[110,133,151,168,181,209,228,259,308,308,339,350,370,389,389,484,584,599,619,619,465,465,490,508,528,528,556,405,420,430,430,430,528,528,548,548,548,548,605,637,651,669,669,669,701,395,452,531,531,531,531,531,531,576,576],"floor_reached":54,"language":"ENG","playtime":7202,"items_purged":[],"score":1063,"play_id":"e30e5e72-ef10-444d-b6da-f0772b7bf707","local_time":"20210127200644","is_ascension_mode":false,"campfire_choices":[{"floor":15,"key":"RECALL"},{"data":"beaked:Ceremony","floor":32,"key":"SMITH"},{"data":"Madness","floor":44,"key":"SMITH"},{"data":"beaked:MachineEssence","floor":49,"key":"SMITH"},{"data":"beaked:Ceremony","floor":52,"key":"SMITH"}],"circlet_count":0,"master_deck":["beaked:Strike_Y","beaked:Strike_Y","beaked:Strike_Y","beaked:Strike_Y","beaked:Defend_Y","beaked:Defend_Y","beaked:Defend_Y","beaked:Defend_Y","beaked:Ceremony+1","beaked:Ceremony+1","beaked:Ceremony","beaked:Insight","beaked:Brace","beaked:BloodForTheGods","beaked:MachineEssence+1","beaked:Insight","beaked:Daydream","beaked:Sacrifice","beaked:Resilience","ReplayTheSpireMod:Prepare the Ceremony","beaked:MimicHuntress","ReplayTheSpireMod:Prepare the Ceremony+1","Writhe","beaked:Sacrifice","ReplayTheSpireMod:Reroute Power+1","ReplayTheSpireMod:Brewmster","Jack Of All Trades","Madness+1","Lockon+1","beaked:Insight+1","beaked:BraceForImpact+1"],"relics":["beaked:MendingPlumage","aspiration:Nostalgia","Sizzling Blood","Bag of Preparation","Mirror","Dream Catcher","Guardian:PocketSentry","Replay:Wanted Poster","OrangePellets","Nilry\u0027s Codex","Torii","Regal Pillow","Blood Vial","Blue Doll","BranchBurnRelic","aspiration:DefectSkillbook","Ring of Peace","ReplayTheSpireMod:Ring of Challenge","Toxic Egg 2","White Beast Statue","Thread and Needle","Membership Card","Ginger","Garlic"],"acts_visited":["Exordium","TheCity","TheBeyond","TheEnding"],"potions_floor_usage":[11,23,39,40,41,54],"damage_taken":[{"damage":15,"enemies":"Cultist","floor":1,"turns":4},{"damage":15,"enemies":"Jaw Worm","floor":3,"turns":5},{"damage":17,"enemies":"2 Louse","floor":4,"turns":5},{"damage":39,"enemies":"Exordium Thugs","floor":5,"turns":10},{"damage":53,"enemies":"3 Sentries","floor":6,"turns":8},{"damage":15,"enemies":"Looter","floor":7,"turns":4},{"damage":16,"enemies":"Lagavulin","floor":8,"turns":7},{"damage":30,"enemies":"Gremlin Nob","floor":11,"turns":5},{"damage":25,"enemies":"Blue Slaver","floor":12,"turns":9},{"damage":69,"enemies":"Lots of Slimes","floor":13,"turns":9},{"damage":12,"enemies":"Large Slime","floor":14,"turns":8},{"damage":105,"enemies":"Fading Forest","floor":16,"turns":11},{"damage":58,"enemies":"Shell Parasite","floor":18,"turns":9},{"damage":61,"enemies":"3 Byrds","floor":19,"turns":7},{"damage":77,"enemies":"Book of Stabbing","floor":23,"turns":10},{"damage":71,"enemies":"3 Cultists","floor":24,"turns":9},{"damage":35,"enemies":"Centurion and Healer","floor":25,"turns":5},{"damage":18,"enemies":"Replay:Snechameleon","floor":27,"turns":9},{"damage":4,"enemies":"Snake Plant","floor":29,"turns":7},{"damage":51,"enemies":"Shelled Parasite and Fungi","floor":30,"turns":8},{"damage":57,"enemies":"Pondfish","floor":33,"turns":10},{"damage":15,"enemies":"3 Shapes","floor":35,"turns":6},{"damage":44,"enemies":"Orb Walker","floor":39,"turns":5},{"damage":46,"enemies":"Giant Head","floor":40,"turns":9},{"damage":53,"enemies":"Transient","floor":41,"turns":5},{"damage":9,"enemies":"3 Darklings","floor":42,"turns":6},{"damage":115,"enemies":"Reptomancer","floor":45,"turns":8},{"damage":36,"enemies":"Maw","floor":47,"turns":7},{"damage":137,"enemies":"Awakened One","floor":50,"turns":12},{"damage":261,"enemies":"Shield and Spear","floor":54,"turns":9}],"seed_played":"3614118653907993436","potions_obtained":[{"floor":3,"key":"Energy Potion"},{"floor":4,"key":"CultistPotion"},{"floor":5,"key":"Swift Potion"},{"floor":10,"key":"FairyPotion"},{"floor":10,"key":"EntropicBrew"},{"floor":11,"key":"Swift Potion"},{"floor":27,"key":"bronze:BurnAndBuffPotion"}],"is_trial":false,"path_per_floor":["M","T","M","M","M","E","M","E","T","?","E","M","M","M","R","B",null,"M","M","?","$","?","E","M","M","T","E","$","M","M","?","R","B",null,"M","?","?","?","M","E","M","M","T","R","E","$","M","T","R","B",null,"R","$","E"],"character_chosen":"BEAKED_THE_CULTIST","items_purchased":["OrangePellets","Blue Doll","Membership Card","Ginger"],"campfire_rested":0,"item_purchase_floors":[21,28,46,46],"current_hp_per_floor":[49,49,48,48,40,11,12,18,18,18,14,49,54,54,54,48,54,57,53,53,53,37,37,68,74,74,77,77,80,74,74,74,86,86,92,92,82,82,92,95,63,95,95,95,98,98,95,95,95,104,104,104,104,0,0],"gold":576,"neow_bonus":"NOSTALGIA","is_daily":false,"chose_seed":false,"campfire_upgraded":4,"win_rate":0.0,"timestamp":1611799604,"path_taken":["M","?","M","M","M","E","M","E","T","?","E","?","?","M","R","BOSS","M","M","?","?","?","E","?","M","T","E","$","M","?","?","R","BOSS","M","?","?","?","?","E","M","?","T","R","E","$","M","?","R","BOSS","R","$","E"],"items_purchased_type":["Relic","Relic","Relic","Relic"],"build_version":"2020-12-22","purchased_purges":0,"victory":false,"max_hp_per_floor":[54,54,54,54,54,54,54,54,54,54,54,54,54,54,54,54,54,57,60,60,60,60,65,71,74,74,77,77,80,83,83,83,86,86,92,92,92,92,92,95,95,95,95,95,98,98,98,98,98,104,104,104,104,104,104],"relic_stats":{"Blood Vial":8,"OrangePellets":[23],"Dream Catcher":0,"Regal Pillow":0,"Torii":119,"counters":[30,225],"Bag of Preparation":[50],"Ginger":[12],"obtain_stats":[{"Regal Pillow":26,"Torii":23,"Nilry\u0027s Codex":22,"Blue Doll":28,"Sizzling Blood":0,"Bag of Preparation":6,"Ginger":46,"Replay:Wanted Poster":17,"Blood Vial":27,"BranchBurnRelic":32,"Dream Catcher":9,"aspiration:DefectSkillbook":34,"Ring of Peace":38,"Toxic Egg 2":40,"aspiration:Nostalgia":0,"Dead Branch":31,"Thread and Needle":45,"Guardian:PocketSentry":11,"White Beast Statue":43,"OrangePellets":21,"Garlic":48,"Membership Card":46,"beaked:MendingPlumage":0,"ReplayTheSpireMod:Ring of Challenge":38,"Mirror":8},{"Regal Pillow":17,"Torii":15,"Nilry\u0027s Codex":14,"Blue Doll":18,"Sizzling Blood":0,"Bag of Preparation":5,"Ginger":27,"Replay:Wanted Poster":12,"Blood Vial":18,"BranchBurnRelic":20,"Dream Catcher":7,"aspiration:DefectSkillbook":21,"Ring of Peace":22,"Toxic Egg 2":24,"aspiration:Nostalgia":0,"Dead Branch":20,"Thread and Needle":27,"Guardian:PocketSentry":8,"White Beast Statue":26,"OrangePellets":14,"Garlic":28,"Membership Card":27,"beaked:MendingPlumage":0,"ReplayTheSpireMod:Ring of Challenge":22,"Mirror":7},{"Regal Pillow":124,"Torii":110,"Nilry\u0027s Codex":100,"Blue Doll":133,"Sizzling Blood":0,"Bag of Preparation":32,"Ginger":197,"Replay:Wanted Poster":84,"Blood Vial":133,"BranchBurnRelic":148,"Dream Catcher":43,"aspiration:DefectSkillbook":158,"Ring of Peace":164,"Toxic Egg 2":178,"aspiration:Nostalgia":0,"Dead Branch":148,"Thread and Needle":197,"Guardian:PocketSentry":48,"White Beast Statue":189,"OrangePellets":100,"Garlic":204,"Membership Card":197,"beaked:MendingPlumage":0,"ReplayTheSpireMod:Ring of Challenge":164,"Mirror":43}]},"card_choices":[{"not_picked":["beaked:SurvivalInstinct","beaked:Negation","ReplayTheSpireMod:RavenHex"],"picked":"SKIP","floor":1},{"not_picked":["beaked:Replenish","beaked:Poke"],"picked":"beaked:Insight","floor":3},{"not_picked":["beaked:FeelMyPain","beaked:DigDeeper"],"picked":"beaked:Brace","floor":4},{"not_picked":["ReplayTheSpireMod:RavenHex","beaked:Windmill"],"picked":"beaked:BloodForTheGods","floor":5},{"not_picked":["beaked:CursingBlood","beaked:DesperateSwing","beaked:Poke"],"picked":"SKIP","floor":6},{"not_picked":["beaked:Overexert","beaked:Resilience","beaked:DigDeep"],"picked":"SKIP","floor":7},{"not_picked":["beaked:Tradeoff","beaked:BounceBack"],"picked":"beaked:MachineEssence","floor":8},{"not_picked":["beaked:Negation","beaked:Tradeoff"],"picked":"beaked:Insight","floor":11},{"not_picked":["beaked:BloodForTheGods","beaked:Mantra"],"picked":"beaked:Daydream","floor":12},{"not_picked":["beaked:SurvivalInstinct","beaked:Tweet","beaked:BounceBack"],"picked":"SKIP","floor":13},{"not_picked":["beaked:SurvivalInstinct","beaked:DigDeep","beaked:BloodForTheGods"],"picked":"SKIP","floor":14},{"not_picked":["beaked:LiftOff","beaked:VolatileMisfortune"],"picked":"beaked:Sacrifice","floor":16},{"not_picked":["beaked:HuntressEssence","beaked:Flinch"],"picked":"beaked:Resilience","floor":18},{"not_picked":["beaked:Tweet","beaked:Negation","beaked:HuntressEssence"],"picked":"SKIP","floor":19},{"not_picked":["beaked:DesperateSwing","beaked:CursingBlood","beaked:WindBringer"],"picked":"SKIP","floor":23},{"not_picked":["beaked:Cower+1","beaked:Evade"],"picked":"ReplayTheSpireMod:Prepare the Ceremony","floor":24},{"not_picked":["beaked:Evade","beaked:Windmill"],"picked":"beaked:MimicHuntress","floor":25},{"not_picked":["beaked:Windmill+1","beaked:Poke","beaked:SacrificialAttack"],"picked":"SKIP","floor":27},{"not_picked":["beaked:Cower","beaked:BloodForTheGods","beaked:WarriorEssence"],"picked":"SKIP","floor":29},{"not_picked":["beaked:TuckingFeathers","beaked:CursingBlood"],"picked":"ReplayTheSpireMod:Prepare the Ceremony+1","floor":30},{"not_picked":["beaked:Caw","beaked:LiftOff"],"picked":"beaked:Sacrifice","floor":33},{"not_picked":["Stack+1","Leap+1","beaked:TuckingFeathers"],"picked":"ReplayTheSpireMod:Reroute Power+1","floor":35},{"not_picked":["Mayhem","Dark Shackles","Transmutation"],"picked":"ReplayTheSpireMod:Brewmster","floor":37},{"not_picked":["Blind","Impatience","ReplayTheSpireMod:Necrogeddon"],"picked":"Jack Of All Trades","floor":37},{"not_picked":["Thinking Ahead","Dark Shackles","Survey Options"],"picked":"Madness","floor":37},{"not_picked":["beaked:Redirect","Go for the Eyes+1","beaked:Tradeoff+1"],"picked":"Lockon+1","floor":39},{"not_picked":["beaked:DigDeep+1","ReplayTheSpireMod:GoodbyeWorld","beaked:Resilience+1","beaked:Redirect+1"],"picked":"SKIP","floor":40},{"not_picked":["Stack+1","beaked:Poke+1","beaked:Tradeoff+1","beaked:DigDeep+1"],"picked":"SKIP","floor":41},{"not_picked":["Beam Cell","ReplayTheSpireMod:Repulse+1","Skim+1"],"picked":"beaked:Insight+1","floor":42},{"not_picked":["beaked:DarkTribute+1","beaked:Tweet+1","beaked:Poke"],"picked":"beaked:BraceForImpact+1","floor":45},{"not_picked":["beaked:Redirect+1","beaked:Resilience+1","Panic Button+1","Steam+1"],"picked":"SKIP","floor":47}],"player_experience":853108,"relics_obtained":[{"floor":6,"key":"Bag of Preparation"},{"floor":8,"key":"Mirror"},{"floor":9,"key":"Dream Catcher"},{"floor":11,"key":"Guardian:PocketSentry"},{"floor":22,"key":"Nilry\u0027s Codex"},{"floor":23,"key":"Torii"},{"floor":26,"key":"Regal Pillow"},{"floor":27,"key":"Blood Vial"},{"floor":38,"key":"Ring of Peace"},{"floor":38,"key":"ReplayTheSpireMod:Ring of Challenge"},{"floor":40,"key":"Toxic Egg 2"},{"floor":43,"key":"White Beast Statue"},{"floor":45,"key":"Thread and Needle"},{"floor":48,"key":"Garlic"}],"event_choices":[{"damage_healed":0,"gold_gain":0,"player_choice":"Got Potions","damage_taken":0,"max_hp_gain":0,"max_hp_loss":0,"event_name":"Lab","floor":10,"gold_loss":0},{"cards_removed":["beaked:Strike_Y"],"damage_healed":0,"gold_gain":0,"player_choice":"Purged","damage_taken":0,"max_hp_gain":0,"max_hp_loss":0,"event_name":"Purifier","floor":20,"gold_loss":0},{"damage_healed":0,"gold_gain":0,"player_choice":"Obtained Book","damage_taken":16,"max_hp_gain":0,"max_hp_loss":0,"event_name":"Cursed Tome","floor":22,"gold_loss":0},{"damage_healed":0,"gold_gain":0,"player_choice":"Opened","damage_taken":0,"relics_obtained":["Dead Branch"],"max_hp_gain":0,"max_hp_loss":0,"event_name":"The Mausoleum","floor":31,"gold_loss":0,"cards_obtained":["Writhe"]},{"cards_removed":["beaked:Strike_Y"],"damage_healed":0,"gold_gain":0,"player_choice":"Removed Attack","damage_taken":0,"max_hp_gain":0,"max_hp_loss":0,"event_name":"Falling","floor":36,"gold_loss":0},{"damage_healed":0,"gold_gain":0,"player_choice":"Memory 3","damage_taken":10,"max_hp_gain":0,"max_hp_loss":0,"event_name":"SensoryStone","floor":37,"gold_loss":0}],"is_beta":false,"boss_relics":[{"not_picked":["beaked:SacredDeck","aspiration:RitualDagger"],"picked":"Replay:Wanted Poster"},{"not_picked":["SacredBark","aspiration:SilentSkillbook"],"picked":"aspiration:DefectSkillbook"}],"items_purged_floors":[],"is_endless":false,"potions_floor_spawned":[3,4,5,11,12,14,19,27,29,30,35,45,47],"killed_by":"Shield and Spear","ascension_level":0}}