{"host":"npubv26u89aif4fa","time":1611805893,"event":{"mods":["Astrologer","BaseMod","Better Vampires","Better-Laid Plans","Colored Powertips","GifTheSpireLib","GungeonMod","HornydragonMod","Hubris","Jedi Mod","Minty Spire (QoL Compilation)","Quick Restart","Remilia（蕾米莉亚）","Replay The Spire","StSLib","Td1madao Mod","The Administrix","The Alterego","The Bug Knight","The Cursed","The Runesmith","Yuri Mod","残留之物"],"gold_per_floor":[114,114,127,138,138,167,167,195,195,226,246,246,272,3,3,98,98,116,166,183,196,207,239,239,257,282,314,314,346,24,35,35,138,138,150,150,164,176,193,225,239,266,292,292,292,69,84,84,84,84,84,84,84,114,114],"floor_reached":56,"language":"ZHS","playtime":4787,"items_purged":["alterego_mod:BrynhildrsRune","alterego_mod:Strike","alterego_mod:Defend"],"score":1527,"play_id":"38c7fb7a-cc4a-458b-8976-64326255697e","local_time":"20210128115133","is_ascension_mode":true,"campfire_choices":[{"floor":7.0,"key":"RECALL"},{"data":"alterego_mod:Belts","floor":12.0,"key":"SMITH"},{"floor":15.0,"key":"DIG"},{"data":"alterego_mod:Belts","floor":24.0,"key":"SMITH"},{"floor":32.0,"key":"REST"},{"floor":45.0,"key":"REST"},{"floor":49.0,"key":"REST"},{"floor":52.0,"key":"REST"}],"circlet_count":0,"master_deck":["alterego_mod:Strike","alterego_mod:Strike","alterego_mod:Strike","alterego_mod:Defend+1","alterego_mod:Defend","alterego_mod:Defend+1","alterego_mod:Impale","alterego_mod:BigMeatyClaws","alterego_mod:Table+1","Sickly","alterego_mod:Belts+1","alterego_mod:Cushion+1","alterego_mod:SakuraFive","alterego_mod:Maid+1","alterego_mod:Belts+1","alterego_mod:BiFurious+1","alterego_mod:Maid+1","alterego_mod:STier","alterego_mod:SakuraLabyrinth+1","alterego_mod:Rip+1","alterego_mod:Bunnysuit+1","alterego_mod:MaintainEyeContact","alterego_mod:PurpleHair+1","alterego_mod:Belts+1","alterego_mod:ClassAdvantage","alterego_mod:ChallengeComplete+1","alterego_mod:BeGentle+1","alterego_mod:SakuraLabyrinth+1","alterego_mod:Cushion+1","alterego_mod:Belts+1","alterego_mod:ChallengeComplete+1"],"relics":["alterego_mod:MasochisticConstitution","NeowsBlessing","ReplayTheSpireMod:Ring of Addiction","Ring of Misfortune","White Beast Statue","hubris:EmptyBottle","hubris:PeanutButter","hubris:SlimyHat","Sundial","Vajra","Replay:Mystery Machine","alterego_mod:SistersRibbon","Thread and Needle","ChewingGum","hubris:Reverence","HornCleat","alterego_mod:SomeoneToFightFor","The Courier","jedi:fakemustache","Gremlin Food","SlaversCollar","Lantern","Pear","PreservedInsect","hubris:Icosahedron","DollysMirror","Centennial Puzzle","ReplayTheSpireMod:Shallot"],"acts_visited":["Exordium","TheCity","TheBeyond","TheEnding"],"potions_floor_usage":[55,55,55,55,55,55],"damage_taken":[{"damage":5.0,"enemies":"2 Louse","floor":1.0,"turns":3.0},{"damage":4.0,"enemies":"Jaw Worm","floor":3.0,"turns":5.0},{"damage":3.0,"enemies":"Cultist","floor":4.0,"turns":3.0},{"damage":20.0,"enemies":"Gremlin Nob","floor":6.0,"turns":6.0},{"damage":1.0,"enemies":"Lagavulin","floor":8.0,"turns":10.0},{"damage":4.0,"enemies":"Replay:BlueRogue","floor":10.0,"turns":4.0},{"damage":17.0,"enemies":"2 Fungi Beasts","floor":11.0,"turns":4.0},{"damage":3.0,"enemies":"Gremlin Nob","floor":13.0,"turns":6.0},{"damage":2.0,"enemies":"Fading Forest","floor":16.0,"turns":11.0},{"damage":0.0,"enemies":"Spheric Guardian","floor":18.0,"turns":3.0},{"damage":1.0,"enemies":"Chosen","floor":20.0,"turns":3.0},{"damage":12.0,"enemies":"Sentry and Sphere","floor":21.0,"turns":4.0},{"damage":0.0,"enemies":"Cultist and Chosen","floor":22.0,"turns":4.0},{"damage":9.0,"enemies":"Gremlin Leader","floor":23.0,"turns":6.0},{"damage":1.0,"enemies":"Snake Plant","floor":25.0,"turns":4.0},{"damage":6.0,"enemies":"Book of Stabbing","floor":27.0,"turns":3.0},{"damage":1.0,"enemies":"HollowMod:Nosk","floor":29.0,"turns":10.0},{"damage":2.0,"enemies":"Centurion and Healer","floor":31.0,"turns":7.0},{"damage":8.0,"enemies":"hubris:MusketHawk","floor":33.0,"turns":9.0},{"damage":3.0,"enemies":"3 Darklings","floor":35.0,"turns":7.0},{"damage":0.0,"enemies":"Orb Walker","floor":37.0,"turns":2.0},{"damage":6.0,"enemies":"3 Darklings","floor":38.0,"turns":9.0},{"damage":0.0,"enemies":"Writhing Mass","floor":39.0,"turns":7.0},{"damage":10.0,"enemies":"Nemesis","floor":40.0,"turns":7.0},{"damage":4.0,"enemies":"Maw","floor":41.0,"turns":9.0},{"damage":2.0,"enemies":"Reptomancer","floor":42.0,"turns":7.0},{"damage":3.0,"enemies":"Jaw Worm Horde","floor":47.0,"turns":10.0},{"damage":8.0,"enemies":"Awakened One","floor":50.0,"turns":9.0},{"damage":2,"enemies":"Shield and Spear","floor":54,"turns":5},{"damage":0,"enemies":"The Heart","floor":55,"turns":6}],"seed_played":"8804638775621829146","potions_obtained":[{"floor":1.0,"key":"SkillPotion"},{"floor":2.0,"key":"SkillPotion"},{"floor":2.0,"key":"Explosive Potion"},{"floor":4.0,"key":"PlaceholderMod:PlaceholderPotion"},{"floor":6.0,"key":"Swift Potion"},{"floor":8.0,"key":"FearPotion"},{"floor":10.0,"key":"FearPotion"},{"floor":13.0,"key":"ColorlessPotion"},{"floor":16.0,"key":"BlessingOfTheForge"},{"floor":18.0,"key":"ColorlessPotion"},{"floor":21.0,"key":"AttackPotion"},{"floor":22.0,"key":"Ancient Potion"},{"floor":23.0,"key":"AttackPotion"},{"floor":25.0,"key":"AttackPotion"},{"floor":27.0,"key":"SkillPotion"},{"floor":29.0,"key":"Block Potion"},{"floor":31.0,"key":"Reflective Coating"},{"floor":33.0,"key":"Elixir"},{"floor":35.0,"key":"Fire Potion"},{"floor":37.0,"key":"Ancient Potion"},{"floor":38.0,"key":"Venom Potion"},{"floor":40.0,"key":"LifebloodPotion"},{"floor":42.0,"key":"LifebloodPotion"},{"floor":47.0,"key":"LiquidMemories"},{"floor":54,"key":"LiquidMemories"}],"is_trial":false,"path_per_floor":["M","?","M","M","?","E","R","E","T","E","M","R","E","$","R","B",null,"M","?","M","M","M","E","R","M","T","E","?","E","$","M","R","B",null,"M","?","M","M","M","E","M","E","T","?","R","$","M","T","R","B",null,"R","$","E","B",null],"character_chosen":"The_Alterego","items_purchased":["alterego_mod:Maid+1","alterego_mod:SistersRibbon","jedi:fakemustache","Gremlin Food","DollysMirror"],"campfire_rested":4,"item_purchase_floors":[14,14,30,30,46],"current_hp_per_floor":[71,71,72,73,73,54,54,54,54,51,35,35,33,33,33,32,79,79,79,82,71,71,63,63,63,63,58,58,58,78,77,87,78,86,84,76,76,71,71,62,59,75,75,75,99,99,98,98,101,94,102,102,102,101,101],"gold":114,"neow_bonus":"THREE_ENEMY_KILL","is_daily":false,"chose_seed":false,"campfire_upgraded":2,"win_rate":0.0,"timestamp":1611805893,"path_taken":["M","?","M","M","?","E","R","E","T","E","M","R","E","$","R","BOSS","M","?","?","M","M","E","R","M","T","E","?","E","?","M","R","BOSS","M","?","M","M","?","E","M","E","T","?","R","$","M","?","R","BOSS","R","$","E","BOSS"],"items_purchased_type":["Card","Relic","Relic","Relic","Relic"],"build_version":"2020-12-22","purchased_purges":3,"victory":true,"max_hp_per_floor":[71,71,72,73,73,74,74,75,75,76,77,77,78,78,78,79,79,79,79,83,84,84,85,85,86,86,85,85,86,86,87,87,86,86,87,87,85,86,86,87,88,99,99,99,99,99,101,101,101,102,102,102,102,103,101],"card_choices":[{"not_picked":["alterego_mod:Punishment","alterego_mod:Skirt"],"picked":"alterego_mod:Table","floor":1.0},{"not_picked":["alterego_mod:1TonWallop","alterego_mod:Schoolgirl"],"picked":"alterego_mod:Belts","floor":3.0},{"not_picked":["alterego_mod:SakuraLabyrinth","alterego_mod:IdEs"],"picked":"alterego_mod:Cushion","floor":4.0},{"not_picked":["alterego_mod:Cushion","alterego_mod:Punishment"],"picked":"alterego_mod:SakuraFive","floor":6.0},{"not_picked":["alterego_mod:BiFurious","alterego_mod:RingBreak"],"picked":"alterego_mod:Maid","floor":8.0},{"not_picked":["alterego_mod:Schoolgirl","alterego_mod:Rip"],"picked":"alterego_mod:Belts","floor":10.0},{"not_picked":["alterego_mod:GoddessCore","alterego_mod:Pet"],"picked":"alterego_mod:BiFurious","floor":11.0},{"not_picked":["alterego_mod:Cooking","alterego_mod:BusterCard","alterego_mod:1TonWallop"],"picked":"SKIP","floor":13.0},{"not_picked":["alterego_mod:TrickOrTreatment","alterego_mod:Alter"],"picked":"alterego_mod:STier","floor":16.0},{"not_picked":["alterego_mod:Bloomers+1","alterego_mod:Rip","alterego_mod:Cooking"],"picked":"SKIP","floor":18.0},{"not_picked":["alterego_mod:GachaTicket+1","alterego_mod:Complex"],"picked":"alterego_mod:SakuraLabyrinth+1","floor":20.0},{"not_picked":["alterego_mod:Jiggle","alterego_mod:1TonWallop","alterego_mod:Antipathy"],"picked":"SKIP","floor":21.0},{"not_picked":["alterego_mod:Pet","alterego_mod:BustOut","alterego_mod:MagicResistance"],"picked":"SKIP","floor":22.0},{"not_picked":["alterego_mod:Pet","alterego_mod:BustOut","alterego_mod:MagicResistance"],"picked":"SKIP","floor":22.0},{"not_picked":["alterego_mod:Belle","alterego_mod:Cooking"],"picked":"alterego_mod:Rip+1","floor":23.0},{"not_picked":["alterego_mod:Exercise","alterego_mod:Valentines"],"picked":"alterego_mod:Bunnysuit","floor":25.0},{"not_picked":["alterego_mod:Mirror","alterego_mod:Undulate"],"picked":"alterego_mod:MaintainEyeContact","floor":27.0},{"not_picked":["alterego_mod:BiFurious","alterego_mod:MagicResistance+1"],"picked":"alterego_mod:PurpleHair","floor":29.0},{"not_picked":["alterego_mod:Cycle+1","alterego_mod:Jiggle+1"],"picked":"alterego_mod:Belts+1","floor":31.0},{"not_picked":["alterego_mod:PainIsPleasure","alterego_mod:Tantrum"],"picked":"alterego_mod:ClassAdvantage","floor":33.0},{"not_picked":["alterego_mod:Complex","alterego_mod:TrashNCrash","alterego_mod:Maid+1"],"picked":"SKIP","floor":35.0},{"not_picked":["alterego_mod:Bloomers","alterego_mod:BusterCard"],"picked":"alterego_mod:ChallengeComplete+1","floor":37.0},{"not_picked":["alterego_mod:GoddessCore+1","alterego_mod:Punishment+1","alterego_mod:Birthday"],"picked":"SKIP","floor":38.0},{"not_picked":["alterego_mod:Cooking","alterego_mod:Bunnysuit","alterego_mod:DeftHands+1"],"picked":"SKIP","floor":39.0},{"not_picked":["alterego_mod:BusterCard+1","alterego_mod:RocketPunch+1"],"picked":"alterego_mod:BeGentle+1","floor":40.0},{"not_picked":["alterego_mod:BiFurious","alterego_mod:Collar"],"picked":"alterego_mod:SakuraLabyrinth+1","floor":41.0},{"not_picked":["alterego_mod:DiscoLights+1","alterego_mod:Lingerie"],"picked":"alterego_mod:Cushion+1","floor":42.0},{"not_picked":["alterego_mod:Mirror","alterego_mod:Clap"],"picked":"alterego_mod:ChallengeComplete+1","floor":47.0},{"not_picked":["alterego_mod:BreastValley+1","alterego_mod:Exercise+1","alterego_mod:Clones+1"],"picked":"SKIP","floor":54}],"player_experience":358621,"relics_obtained":[{"floor":2.0,"key":"ReplayTheSpireMod:Ring of Addiction"},{"floor":2.0,"key":"Ring of Misfortune"},{"floor":2.0,"key":"White Beast Statue"},{"floor":2.0,"key":"hubris:EmptyBottle"},{"floor":6.0,"key":"hubris:PeanutButter"},{"floor":8.0,"key":"hubris:SlimyHat"},{"floor":9.0,"key":"Sundial"},{"floor":10.0,"key":"Vajra"},{"floor":13.0,"key":"Replay:Mystery Machine"},{"floor":15.0,"key":"Thread and Needle"},{"floor":23.0,"key":"hubris:Reverence"},{"floor":27.0,"key":"HornCleat"},{"floor":29.0,"key":"The Courier"},{"floor":40.0,"key":"Lantern"},{"floor":42.0,"key":"Pear"},{"floor":43.0,"key":"PreservedInsect"},{"floor":48.0,"key":"Centennial Puzzle"},{"floor":54,"key":"ReplayTheSpireMod:Shallot"}],"event_choices":[{"damage_healed":0.0,"max_hp_gain":0.0,"max_hp_loss":0.0,"gold_gain":100.0,"event_name":"The Joust","player_choice":"Bet on Murderer","floor":19.0,"gold_loss":50.0,"damage_taken":0.0},{"damage_healed":0.0,"max_hp_gain":0.0,"max_hp_loss":0.0,"gold_gain":0.0,"event_name":"爱的神圣花园","player_choice":"Choice 2","floor":28.0,"gold_loss":0.0,"damage_taken":0.0,"relics_obtained":["alterego_mod:SomeoneToFightFor"]},{"damage_healed":0.0,"max_hp_gain":0.0,"max_hp_loss":0.0,"gold_gain":0.0,"event_name":"Wheel of Change","player_choice":"Damaged","floor":36.0,"gold_loss":0.0,"damage_taken":8.0}],"is_beta":false,"boss_relics":[{"not_picked":["hubris:GrandSneckoEye","Tiny House"],"picked":"ChewingGum"},{"not_picked":["Abe\u0027s Treasure","Replay:Grab Bag"],"picked":"SlaversCollar"}],"items_purged_floors":[14,30,46],"is_endless":false,"potions_floor_spawned":[1,3,4,6,8,10,11,13,16,18,20,21,22,23,25,27,29,31,33,35,37,38,39,40,41,42,47,54],"ascension_level":1}}