{"host":"ishme5wb80o83upk","time":1611835994,"event":{"mods":["BaseMod","Minty Spire (QoL Compilation)","StSLib","The Runesmith"],"gold_per_floor":[115,130,130,150,160,193,16,16,16],"floor_reached":8,"language":"KOR","playtime":319,"items_purged":["Runesmith:Strike_RS"],"score":110,"play_id":"6180f5c5-4fb8-4587-b5b1-c8f3a43c46e0","local_time":"20210128211314","is_ascension_mode":true,"campfire_choices":[],"circlet_count":0,"master_deck":["AscendersBane","Runesmith:Strike_RS","Runesmith:Strike_RS","Runesmith:Strike_RS","Runesmith:Defend_RS","Runesmith:Defend_RS","Runesmith:Defend_RS","Runesmith:CraftFirestone","Runesmith:Fortify","Apotheosis","Runesmith:BackupBattery","Runesmith:EarthShield","Runesmith:CraftProtectio","Runesmith:HeatedChisel","Discovery"],"relics":["Runesmith:BrokenRuby","Mango"],"acts_visited":["Exordium"],"potions_floor_usage":[],"damage_taken":[{"damage":2.0,"enemies":"Small Slimes","floor":1.0,"turns":4.0},{"damage":0.0,"enemies":"Cultist","floor":2.0,"turns":3.0},{"damage":0.0,"enemies":"2 Louse","floor":4.0,"turns":2.0},{"damage":3.0,"enemies":"Looter","floor":5.0,"turns":3.0},{"damage":2.0,"enemies":"Lagavulin","floor":6.0,"turns":6.0},{"damage":74,"enemies":"Gremlin Nob","floor":8,"turns":4}],"seed_played":"7477623864002960648","potions_obtained":[],"is_trial":false,"path_per_floor":["M","M","?","M","M","E","$","E"],"character_chosen":"RUNESMITH_CLASS","items_purchased":["Discovery"],"campfire_rested":0,"item_purchase_floors":[7],"current_hp_per_floor":[42,42,42,42,39,51,51,0,0],"gold":16,"neow_bonus":"RANDOM_COLORLESS_2","is_daily":false,"chose_seed":false,"campfire_upgraded":0,"win_rate":0.0,"timestamp":1611835994,"path_taken":["M","M","?","M","M","E","$","E"],"items_purchased_type":["Card"],"build_version":"2020-12-22","purchased_purges":1,"victory":false,"max_hp_per_floor":[66,66,66,66,66,80,80,80,80],"card_choices":[{"not_picked":["Violence","Chrysalis"],"picked":"Apotheosis","floor":0.0},{"not_picked":["Runesmith:HeatExchange","Runesmith:StaticCage"],"picked":"Runesmith:BackupBattery","floor":1.0},{"not_picked":["Runesmith:FrozenChisel","Runesmith:MakeshiftArmor"],"picked":"Runesmith:EarthShield","floor":2.0},{"not_picked":["Runesmith:Accelerate","Runesmith:RunicBlueprint"],"picked":"Runesmith:CraftProtectio","floor":4.0},{"not_picked":["Runesmith:Augment","Runesmith:StaticCage","Runesmith:EarthShield"],"picked":"SKIP","floor":5.0},{"not_picked":["Runesmith:ArcReactor","Runesmith:StaticCage"],"picked":"Runesmith:HeatedChisel","floor":6.0}],"player_experience":1165616,"relics_obtained":[{"floor":6.0,"key":"Mango"}],"event_choices":[{"cards_removed":["Runesmith:Defend_RS"],"damage_healed":0.0,"max_hp_gain":0.0,"max_hp_loss":0.0,"gold_gain":0.0,"event_name":"Bonfire Elementals","player_choice":"Offered Basic","floor":3.0,"gold_loss":0.0,"damage_taken":0.0}],"is_beta":false,"boss_relics":[],"items_purged_floors":[7],"is_endless":false,"potions_floor_spawned":[],"killed_by":"Gremlin Nob","ascension_level":18}}