{"host":"ht9iioopw3yi2xz6","time":1611826741,"event":{"mods":["AchievementEnabler","BaseMod","Colored Map","Downfall","Infinite Spire","Minty Spire (QoL Compilation)","Replay The Spire","Shop Mod","StSLib","The Jungle"],"gold_per_floor":[118,136,151,76,89,123,139,168,191,191,211,222,222,222,222,327,327,341,354,369,369,442,442,442],"floor_reached":23,"language":"ENG","playtime":1494,"items_purged":["Strike_R"],"score":205,"play_id":"78e5c7b5-5fc5-437e-ad4f-84ac93e631c0","local_time":"20210128193901","is_ascension_mode":false,"campfire_choices":[{"data":"Berserk","floor":10,"key":"SMITH"},{"data":"Combust","floor":13,"key":"SMITH"},{"data":"Metallicize","floor":15,"key":"SMITH"}],"circlet_count":0,"master_deck":["Strike_R","Strike_R+1","Strike_R","Strike_R","Defend_R","Defend_R","Defend_R","Defend_R+1","Bash","Combust+1","True Grit","Pommel Strike","Carnage","Cleave","Metallicize+1","Berserk+1","Bloodletting","Feed","Battle Trance","ReplayTheSpireMod:Stacked+1","ReplayTheSpireMod:Splinters","Armaments"],"relics":["Burning Blood","Potion Belt","Simple Rune","Pet Ghost","Black Star"],"acts_visited":["Exordium","TheCity"],"potions_floor_usage":[7,11,19,22,23],"damage_taken":[{"damage":6,"enemies":"Cultist","floor":1,"turns":3},{"damage":2,"enemies":"Small Slimes","floor":2,"turns":2},{"damage":0,"enemies":"2 Louse","floor":3,"turns":2},{"damage":6,"enemies":"Large Slime","floor":5,"turns":5},{"damage":28,"enemies":"Gremlin Nob","floor":6,"turns":4},{"damage":6,"enemies":"Gremlin Gang","floor":7,"turns":3},{"damage":19,"enemies":"3 Sentries","floor":8,"turns":6},{"damage":0,"enemies":"3 Louse","floor":11,"turns":3},{"damage":15,"enemies":"Red Slaver","floor":12,"turns":5},{"damage":20,"enemies":"The Guardian","floor":16,"turns":11},{"damage":29,"enemies":"Shell Parasite","floor":18,"turns":6},{"damage":11,"enemies":"3 Byrds","floor":19,"turns":4},{"damage":53,"enemies":"Snake Plant","floor":20,"turns":6},{"damage":29,"enemies":"Book of Stabbing","floor":23,"turns":5}],"seed_played":"-5279329276493804089","potions_obtained":[{"floor":2,"key":"LifebloodPotion"},{"floor":6,"key":"SpeedPotion"},{"floor":8,"key":"Toxic Potion"},{"floor":11,"key":"sneckomod:MuddlingPotion"},{"floor":12,"key":"Fire Potion"},{"floor":20,"key":"Elixir"},{"floor":22,"key":"BloodPotion"},{"floor":22,"key":"Weak Potion"},{"floor":22,"key":"SneckoOil"}],"is_trial":false,"path_per_floor":["M","M","M","$","M","E","M","E","T","R","M","M","R","?","R","B",null,"M","M","M","?","?","E"],"character_chosen":"IRONCLAD","items_purchased":[],"campfire_rested":0,"item_purchase_floors":[],"current_hp_per_floor":[80,80,80,80,80,58,58,45,45,45,51,42,42,42,42,28,80,60,58,11,11,28,0,0],"gold":442,"neow_bonus":"","is_daily":false,"chose_seed":false,"campfire_upgraded":3,"win_rate":0.0,"timestamp":1611826741,"path_taken":["M","M","M","$","M","E","M","E","T","R","M","M","R","?","R","BOSS","M","M","M","?","?","E"],"items_purchased_type":[],"build_version":"2020-12-22","purchased_purges":1,"victory":false,"max_hp_per_floor":[80,80,80,80,80,80,80,80,80,80,80,80,80,80,80,80,80,83,86,86,86,86,86,86],"card_choices":[{"not_picked":["Iron Wave","Replay:Undeath\u0027s Touch"],"picked":"Combust","floor":1},{"not_picked":["Sword Boomerang","Run Through"],"picked":"True Grit","floor":2},{"not_picked":["Replay:Undeath\u0027s Touch","Shrug It Off"],"picked":"Pommel Strike","floor":3},{"not_picked":["True Grit","Pommel Strike"],"picked":"Carnage","floor":5},{"not_picked":["Blood for Blood","Barricade"],"picked":"Cleave","floor":6},{"not_picked":["Feel No Pain","Life Link"],"picked":"Metallicize","floor":7},{"not_picked":["Defy Death","Massacre"],"picked":"Berserk","floor":8},{"not_picked":["Cleave","Warcry","Clash"],"picked":"SKIP","floor":11},{"not_picked":["Sword Boomerang","Clothesline"],"picked":"Bloodletting","floor":12},{"not_picked":["Eclipse","Replay:Many Hands"],"picked":"Feed","floor":16},{"not_picked":["Iron Wave","Anger"],"picked":"Battle Trance","floor":18},{"not_picked":["Twin Strike","Burning Pact","Pommel Strike"],"picked":"SKIP","floor":19},{"not_picked":["Perfected Strike","Body Slam"],"picked":"ReplayTheSpireMod:Stacked+1","floor":20},{"not_picked":["Abandon","Replay:Many Hands"],"picked":"Armaments","floor":22}],"player_experience":217039,"relics_obtained":[{"floor":6,"key":"Potion Belt"},{"floor":8,"key":"Simple Rune"},{"floor":9,"key":"Pet Ghost"}],"event_choices":[],"is_beta":false,"boss_relics":[{"not_picked":["Runic Cube","ReplayTheSpireMod:SealedPack"],"picked":"Black Star"}],"items_purged_floors":[4],"is_endless":false,"potions_floor_spawned":[2,6,8,11,12,20],"killed_by":"Book of Stabbing","ascension_level":0}}