{"host":"6bsan6hkua32tfq7","time":1611849587,"event":{"mods":["BaseMod","Better Third Choice","Colored Map","Highlight Path","Minty Spire (QoL Compilation)","StSLib"],"gold_per_floor":[110,110,35,35,54,54,354,385,385,385,403,403,416,451,451,523,523,534,550,560,560,560],"floor_reached":21,"language":"ENG","playtime":2308,"items_purged":["Defend_R"],"score":428,"play_id":"332855a5-1a43-4d41-ab0d-3084982720ad","local_time":"20210128165947","is_ascension_mode":true,"campfire_choices":[{"data":"Shockwave","floor":6,"key":"SMITH"},{"data":"1","floor":10,"key":"LIFT"},{"data":"2","floor":12,"key":"LIFT"},{"data":"Fire Breathing","floor":15,"key":"SMITH"}],"circlet_count":0,"master_deck":["AscendersBane","Strike_R","Strike_R","Strike_R","Defend_R","Defend_R","Defend_R","Bash","Clothesline","Shockwave+1","Heavy Blade","Fire Breathing+1","Barricade","Rage+1","True Grit"],"relics":["Burning Blood","NeowsBlessing","Pantograph","Old Coin","Singing Bowl","Girya","Meat on the Bone","Empty Cage"],"acts_visited":["Exordium","TheCity"],"potions_floor_usage":[18,21,21],"damage_taken":[{"damage":0,"enemies":"2 Louse","floor":1,"turns":2},{"damage":0,"enemies":"Small Slimes","floor":5,"turns":1},{"damage":0,"enemies":"Lagavulin","floor":8,"turns":1},{"damage":6,"enemies":"Jaw Worm","floor":11,"turns":4},{"damage":10,"enemies":"Red Slaver","floor":13,"turns":4},{"damage":24,"enemies":"Gremlin Nob","floor":14,"turns":4},{"damage":28,"enemies":"Slime Boss","floor":16,"turns":7},{"damage":11,"enemies":"Shell Parasite","floor":18,"turns":5},{"damage":20,"enemies":"3 Byrds","floor":19,"turns":9},{"damage":44,"enemies":"Snecko","floor":20,"turns":8},{"damage":44,"enemies":"Sentry and Sphere","floor":21,"turns":5}],"seed_played":"-4176501657732209972","potions_obtained":[{"floor":8,"key":"HeartOfIron"},{"floor":11,"key":"SteroidPotion"},{"floor":20,"key":"Energy Potion"}],"is_trial":false,"path_per_floor":["M","?","$","?","M","R","T","E","T","R","M","R","M","E","R","B",null,"M","M","M","M"],"character_chosen":"IRONCLAD","items_purchased":[],"campfire_rested":0,"item_purchase_floors":[],"current_hp_per_floor":[74,63,63,68,74,74,74,82,82,82,84,84,80,62,62,62,79,74,60,36,0,0],"gold":560,"neow_bonus":"THREE_ENEMY_KILL","is_daily":false,"chose_seed":false,"campfire_upgraded":2,"win_rate":0.0,"timestamp":1611849587,"path_taken":["M","?","$","?","M","R","?","E","T","R","M","R","?","E","R","BOSS","M","M","M","?"],"items_purchased_type":[],"build_version":"2020-12-22","purchased_purges":1,"victory":false,"max_hp_per_floor":[75,75,75,80,80,80,80,82,82,82,84,84,84,84,84,84,84,84,84,86,86,86],"card_choices":[{"not_picked":["Perfected Strike","Rupture"],"picked":"Clothesline","floor":1},{"not_picked":["Anger","Burning Pact"],"picked":"Shockwave","floor":5},{"not_picked":["Shockwave","Cleave","Headbutt"],"picked":"Singing Bowl","floor":8},{"not_picked":["Clothesline","Corruption","Flex"],"picked":"Singing Bowl","floor":11},{"not_picked":["Headbutt","Combust"],"picked":"Heavy Blade","floor":13},{"not_picked":["Intimidate","Shrug It Off"],"picked":"Fire Breathing","floor":14},{"not_picked":["Juggernaut","Berserk"],"picked":"Barricade","floor":16},{"not_picked":["Feel No Pain","Wild Strike"],"picked":"Rage+1","floor":18},{"not_picked":["Pommel Strike","Flex"],"picked":"True Grit","floor":19},{"not_picked":["Clothesline","Body Slam","Entrench"],"picked":"Singing Bowl","floor":20}],"player_experience":5324355,"relics_obtained":[{"floor":7,"key":"Old Coin"},{"floor":8,"key":"Singing Bowl"},{"floor":9,"key":"Girya"},{"floor":14,"key":"Meat on the Bone"}],"event_choices":[{"damage_healed":0,"gold_gain":0,"player_choice":"Relic ","damage_taken":11,"max_hp_gain":0,"max_hp_loss":0,"event_name":"betterThird:BetterScrap","floor":2,"gold_loss":0,"cards_obtained":["EmptyMind"]},{"damage_healed":0,"gold_gain":0,"player_choice":"Donut","damage_taken":0,"max_hp_gain":5,"max_hp_loss":0,"event_name":"Big Fish","floor":4,"gold_loss":0}],"is_beta":false,"boss_relics":[{"not_picked":["Runic Cube","Pandora\u0027s Box"],"picked":"Empty Cage"}],"items_purged_floors":[3],"is_endless":false,"potions_floor_spawned":[8,11,14,20],"killed_by":"Sentry and Sphere","ascension_level":20}}