{"host":"qljq6nt1bltq73k9","time":1611837288,"event":{"mods":["BaseMod","Colored Map","Colored Powertips","Minty Spire (QoL Compilation)","Quick Restart","Replay The Spire","StSLib","[IsaacMod]ÒÔÈö¼âËþ"],"gold_per_floor":[99999,99059,99072,99090,98258,98289,98316,98316,98316,98336,98352,98385,98337,98350,98350,98448,98448,98466,98481,98492,98442,98456,98482,98482,98494,98572,97728,97747,97197,97107,97117,97117,97218,97218,97228,97241,96726,96726,96788,96821,96853,96853,96853,96853,96444,95952,95952,95966,95966,95966,95966,95966,95505,95535,95584,95584],"floor_reached":55,"language":"ZHS","playtime":5209,"items_purged":["Defend_B","Strike_B","Injury","Strike_B","Strike_B","Zap","Dualcast","Defend_B+1"],"score":1117,"play_id":"f992a0ca-ecad-4a56-9378-5c6ba70447da","local_time":"20210128203448","is_ascension_mode":false,"campfire_choices":[{"floor":8.0,"key":"RECALL"},{"floor":15.0,"key":"DIG"},{"data":"BasicCrystalCard","floor":32.0,"key":"SMITH"},{"data":"BasicCrystalCard","floor":42.0,"key":"SMITH"},{"data":"Discovery","floor":44.0,"key":"SMITH"},{"data":"DoctorFetus","floor":49.0,"key":"SMITH"},{"data":"ElectricPowerLearning","floor":49.0,"key":"SMITH"},{"data":"EpicFetus","floor":52.0,"key":"SMITH"},{"data":"Heatsinks","floor":52.0,"key":"SMITH"}],"circlet_count":0,"master_deck":["Defend_B+1","Genetic Algorithm","Purity","Lockon","Self Repair","Rip and Tear","Doom and Gloom","Sweeping Beam","Amplify","Defragment+1","Heatsinks","BasicCrystalCard+1","Creative AI","Skim","ElectricPowerLearning+1","BasicCrystalCard+1","Hello World","Heatsinks+1","Discovery+1","EpicFetus+1","FIFO Queue","Barrage","ReplayTheSpireMod:Brewmster","Thunder Strike","Core Surge","Defragment+1","Echo Form","Static Discharge","ReplayTheSpireMod:Brewmster","ReplayTheSpireMod:Brewmster","Echo Form","Machine Learning","Magnetism","Sadistic Nature","Static Discharge","DoctorFetus+1","FIFO Queue","Doom and Gloom","Mayhem","Jack Of All Trades","Discovery"],"relics":["Cracked Core","HushsDoor","GuppysTail","Onion Ring","Simple Rune","DollysMirror","WingedGreaves","BelialBook","Medical Kit","Thread and Needle","Potion Belt","Prayer Wheel","TheBean","Snack Pack","Replay:Ancient Bell","Blue Doll","Mummified Hand","GuppysPaw","Turnip","Membership Card","Regal Pillow","PokeGo","Orichalcum","Calipers","Replay:Frozen Program","Replay:Bronze Core","GuppysHairball","Frozen Eye","Replay:Mystery Machine","Replay:Ringing Soul","Mercury Hourglass","Letter Opener","Divine Protection","Art of War","Replay:WaspNest","SalivaCoin","Replay:Arrowhead","BFFS","Replay:PocketPolymizer","Ice Cream","Centennial Puzzle","ReplayTheSpireMod:ShopPack","DoctorsRemote","Akabeko"],"acts_visited":["Exordium","TheCity","TheBeyond","TheEnding"],"potions_floor_usage":[55,55,55,55,55,55,55,55,55,55,55],"damage_taken":[{"damage":0.0,"enemies":"Small Slimes","floor":1.0,"turns":3.0},{"damage":0.0,"enemies":"Cultist","floor":3.0,"turns":1.0},{"damage":0.0,"enemies":"2 Louse","floor":4.0,"turns":2.0},{"damage":0.0,"enemies":"3 Sentries","floor":6.0,"turns":2.0},{"damage":0.0,"enemies":"Lagavulin","floor":7.0,"turns":2.0},{"damage":0.0,"enemies":"Gremlin Gang","floor":10.0,"turns":3.0},{"damage":0.0,"enemies":"Lots of Slimes","floor":11.0,"turns":2.0},{"damage":0.0,"enemies":"Gremlin Nob","floor":12.0,"turns":2.0},{"damage":0.0,"enemies":"Large Slime","floor":14.0,"turns":4.0},{"damage":18.0,"enemies":"Fading Forest","floor":16.0,"turns":11.0},{"damage":8.0,"enemies":"Shell Parasite","floor":18.0,"turns":4.0},{"damage":12.0,"enemies":"Chosen","floor":19.0,"turns":5.0},{"damage":17.0,"enemies":"Sentry and Sphere","floor":20.0,"turns":6.0},{"damage":12.0,"enemies":"Centurion and Healer","floor":22.0,"turns":4.0},{"damage":25.0,"enemies":"Gremlin Leader","floor":23.0,"turns":8.0},{"damage":21.0,"enemies":"Snake Plant","floor":25.0,"turns":5.0},{"damage":31.0,"enemies":"Cultist and Chosen","floor":28.0,"turns":6.0},{"damage":2.0,"enemies":"3 Cultists","floor":31.0,"turns":4.0},{"damage":0.0,"enemies":"Collector","floor":33.0,"turns":6.0},{"damage":6.0,"enemies":"3 Shapes","floor":35.0,"turns":3.0},{"damage":0.0,"enemies":"3 Darklings","floor":36.0,"turns":3.0},{"damage":0.0,"enemies":"R_Hoarder","floor":40.0,"turns":3.0},{"damage":0.0,"enemies":"Giant Head","floor":41.0,"turns":4.0},{"damage":0.0,"enemies":"Sphere and 2 Shapes","floor":48.0,"turns":3.0},{"damage":0.0,"enemies":"Donu and Deca","floor":50.0,"turns":3.0},{"damage":0.0,"enemies":"Shield and Spear","floor":54.0,"turns":3.0},{"damage":64,"enemies":"Delirium","floor":55,"turns":5}],"seed_played":"-5214529818123204143","potions_obtained":[{"floor":1.0,"key":"Milkshake"},{"floor":4.0,"key":"Strength Potion"},{"floor":10.0,"key":"SkillPotion"},{"floor":12.0,"key":"Block Potion"},{"floor":19.0,"key":"Fire Potion"},{"floor":20.0,"key":"Venom Potion"},{"floor":25.0,"key":"BlessingOfTheForge"},{"floor":36.0,"key":"Regen Potion"},{"floor":41.0,"key":"Elixir"},{"floor":54.0,"key":"Block Potion"}],"is_trial":false,"path_per_floor":["M","$","M","M","$","E","E","R","T","M","M","E","?","M","R_BF","B",null,"M","M","M","?","M","E","?","M","T","$","M","$","?","M","R","B",null,"M","M","$","?","?","E","E","R","T","R","$","$","?","M","R","B",null,"R","$","E","B"],"character_chosen":"DEFECT","items_purchased":["Onion Ring","Fruit Juice","Block Potion","Toxic Potion","Simple Rune","DollysMirror","Purity","WingedGreaves","BelialBook","Medical Kit","Self Repair","Rip and Tear","Fruit Juice","Dexterity Potion","Flashbang","Membership Card","Regal Pillow","PokeGo","Discovery","EpicFetus","FIFO Queue","Orichalcum","Calipers","Replay:Frozen Program","ReplayTheSpireMod:Brewmster","CultistPotion","Strength Potion","GuppysHairball","FairyPotion","Frozen Eye","Replay:Mystery Machine","Replay:Ringing Soul","Static Discharge","Bomb","ReplayTheSpireMod:Brewmster","Art of War","Replay:WaspNest","Magnetism","Swift Potion","SalivaCoin","Replay:Arrowhead","BFFS","Sadistic Nature","Static Discharge","Ice Cream","Centennial Puzzle","DuplicationPotion","ReplayTheSpireMod:ShopPack"],"campfire_rested":0,"item_purchase_floors":[2,2,2,2,2,2,2,5,5,5,5,5,27,27,27,27,27,27,27,27,27,29,29,29,29,29,29,34,34,37,37,37,37,37,37,45,45,45,45,46,46,46,46,46,53,53,53,53],"current_hp_per_floor":[68,73,73,73,73,73,73,73,73,73,73,73,73,73,73,73,73,72,67,59,59,54,45,45,35,35,40,23,23,23,30,30,39,64,60,64,67,67,51,59,71,71,71,71,74,77,80,80,83,85,85,88,91,91,0,0],"gold":95584,"neow_bonus":"TRANSFORM_TWO_CARDS","is_daily":false,"chose_seed":false,"campfire_upgraded":7,"win_rate":0.0,"timestamp":1611837288,"path_taken":["M","$","M","M","$","E","E","R","T","M","M","E","?","M","R_BF","BOSS","M","M","M","?","M","E","?","?","T","$","M","$","?","M","R","BOSS","M","M","$","?","?","E","E","R","T","R","$","$","?","M","R","BOSS","R","$","E","BOSS"],"items_purchased_type":["Relic","Potion","Potion","Potion","Relic","Relic","Card","Relic","Relic","Relic","Card","Card","Potion","Potion","Potion","Relic","Relic","Relic","Card","Card","Card","Relic","Relic","Relic","Card","Potion","Potion","Relic","Potion","Relic","Relic","Relic","Card","Card","Card","Relic","Relic","Card","Potion","Relic","Relic","Relic","Card","Card","Relic","Relic","Potion","Relic"],"build_version":"2020-12-22","purchased_purges":8,"victory":false,"max_hp_per_floor":[68,73,73,73,73,73,73,73,73,73,73,73,73,73,73,73,73,73,73,73,73,73,73,73,73,73,78,78,78,78,78,78,78,64,64,64,67,67,67,70,73,73,73,73,76,79,82,82,85,85,85,88,91,91,91,91],"card_choices":[{"not_picked":[],"picked":"ChaosCard","floor":0.0},{"not_picked":["Reinforced Body","Self Repair"],"picked":"Bomb","floor":1.0},{"not_picked":["Leap","Aggregate","Stack"],"picked":"SKIP","floor":3.0},{"not_picked":["Gash","Genetic Algorithm"],"picked":"Lockon","floor":4.0},{"not_picked":["Rebound","Panic Button"],"picked":"Doom and Gloom","floor":6.0},{"not_picked":["ReplayGash","Cancel"],"picked":"Sweeping Beam","floor":7.0},{"not_picked":["Barrage","Cold Snap"],"picked":"Amplify","floor":10.0},{"not_picked":["Sunder","Beam Cell","Aggregate"],"picked":"SKIP","floor":10.0},{"not_picked":["Force Field","Fan"],"picked":"Defragment","floor":11.0},{"not_picked":["Distribution","Redo"],"picked":"Heatsinks","floor":11.0},{"not_picked":["Panic Button","Scrape"],"picked":"Ball Lightning","floor":12.0},{"not_picked":["Force Field","BootSequence"],"picked":"BasicCrystalCard","floor":14.0},{"not_picked":["Reprogram","Beam Cell","Gash"],"picked":"SKIP","floor":14.0},{"not_picked":["Core Surge","Thunder Strike"],"picked":"Creative AI","floor":16.0},{"not_picked":["Writhe","AbeCurse"],"picked":"Injury","floor":17.0},{"not_picked":["ReplayTheSpireMod:Doomed","ReplayTheSpireMod:Restless Dread"],"picked":"Spreading Infection","floor":17.0},{"not_picked":["CurseOfTheBell","ReplayTheSpireMod:Faulty Equipment"],"picked":"CommonCold","floor":17.0},{"not_picked":["ReplayGash","Rebound"],"picked":"Skim","floor":18.0},{"not_picked":["Cold Snap","ReplayTheSpireMod:Reroute Power","Go for the Eyes"],"picked":"SKIP","floor":18.0},{"not_picked":["Sweeping Beam","Double Energy"],"picked":"ElectricPowerLearning","floor":19.0},{"not_picked":["ReplayGash+1","Glacier+1","Auto Shields"],"picked":"SKIP","floor":19.0},{"not_picked":["Turbo","Rebound"],"picked":"BasicCrystalCard","floor":20.0},{"not_picked":["FTL","Lockon","Ball Lightning"],"picked":"SKIP","floor":20.0},{"not_picked":["Turbo","BasicCrystalCard"],"picked":"Hello World","floor":22.0},{"not_picked":["Stack+1","Gash","Conserve Battery+1"],"picked":"SKIP","floor":22.0},{"not_picked":["ElectricPowerLearning","Sweeping Beam+1","Lockon"],"picked":"SKIP","floor":23.0},{"not_picked":["Ball Lightning","ReplaySolidLightProjector"],"picked":"Heatsinks","floor":25.0},{"not_picked":["Conserve Battery","Coolheaded","Hologram"],"picked":"SKIP","floor":25.0},{"not_picked":["Steam","Ball Lightning"],"picked":"Barrage","floor":28.0},{"not_picked":["Steam","Blizzard","BasicCrystalCard"],"picked":"SKIP","floor":28.0},{"not_picked":["Stack","Go for the Eyes"],"picked":"Thunder Strike","floor":31.0},{"not_picked":["Barrage+1","Aggregate","Glacier"],"picked":"SKIP","floor":31.0},{"not_picked":["Electrodynamics","Hyperbeam"],"picked":"Core Surge","floor":33.0},{"not_picked":["Genetic Algorithm","ReplaySolidLightProjector"],"picked":"Defragment+1","floor":35.0},{"not_picked":["Tempest","Sweeping Beam+1","Steam+1"],"picked":"SKIP","floor":35.0},{"not_picked":["Compile Driver+1","Coolheaded+1"],"picked":"Echo Form","floor":36.0},{"not_picked":["Streamline+1","Leap","Conserve Battery"],"picked":"SKIP","floor":36.0},{"not_picked":["Defragment+1","Streamline"],"picked":"Echo Form","floor":40.0},{"not_picked":["Turbo+1","Multi-Cast"],"picked":"Machine Learning","floor":41.0},{"not_picked":["Survey Options","Replay:Sssssssssstrike"],"picked":"DoctorFetus","floor":47.0},{"not_picked":["Barrage","Doom and Gloom+1","Cancel+1"],"picked":"SKIP","floor":48.0},{"not_picked":["Go for the Eyes","Panic Button+1","Redo+1"],"picked":"SKIP","floor":48.0},{"not_picked":["Battery","HandOfGreed"],"picked":"Mayhem","floor":53.0},{"not_picked":["Metamorphosis","Flash of Steel"],"picked":"Jack Of All Trades","floor":53.0},{"not_picked":["Flash of Steel","Replay:Sssssssssshield"],"picked":"Discovery","floor":53.0},{"not_picked":["Steam","Conserve Battery+1","Sweeping Beam"],"picked":"SKIP","floor":54.0}],"player_experience":371804,"relics_obtained":[{"floor":6.0,"key":"Thread and Needle"},{"floor":7.0,"key":"Potion Belt"},{"floor":9.0,"key":"Prayer Wheel"},{"floor":12.0,"key":"TheBean"},{"floor":15.0,"key":"Snack Pack"},{"floor":23.0,"key":"Turnip"},{"floor":39.0,"key":"Mercury Hourglass"},{"floor":40.0,"key":"Letter Opener"},{"floor":41.0,"key":"Divine Protection"},{"floor":43.0,"key":"Damocles"},{"floor":48.0,"key":"Replay:PocketPolymizer"},{"floor":54.0,"key":"DoctorsRemote"},{"floor":54.0,"key":"Akabeko"}],"event_choices":[{"damage_healed":0.0,"max_hp_gain":0.0,"max_hp_loss":0.0,"gold_gain":0.0,"event_name":"World of Goop","player_choice":"Left Gold","floor":13.0,"gold_loss":48.0,"damage_taken":0.0},{"damage_healed":0.0,"max_hp_gain":0.0,"max_hp_loss":0.0,"gold_gain":0.0,"event_name":"The Joust","player_choice":"Bet on Murderer","floor":21.0,"gold_loss":50.0,"damage_taken":0.0},{"cards_removed":["Spreading Infection"],"damage_healed":0.0,"max_hp_gain":0.0,"max_hp_loss":0.0,"gold_gain":0.0,"event_name":"Purifier","player_choice":"Purged","floor":24.0,"gold_loss":0.0,"damage_taken":0.0},{"cards_removed":["CommonCold"],"damage_healed":0.0,"max_hp_gain":0.0,"max_hp_loss":0.0,"gold_gain":0.0,"event_name":"Designer","player_choice":"Upgrade and Remove","floor":30.0,"gold_loss":90.0,"damage_taken":0.0,"cards_upgraded":["Defragment"]},{"damage_healed":0.0,"max_hp_gain":0.0,"max_hp_loss":0.0,"gold_gain":0.0,"event_name":"Tomb of Lord Red Mask","player_choice":"Ignored","floor":38.0,"gold_loss":0.0,"damage_taken":0.0},{"damage_healed":0.0,"max_hp_gain":0.0,"max_hp_loss":0.0,"gold_gain":0.0,"event_name":"SensoryStone","player_choice":"Memory 1","floor":47.0,"gold_loss":0.0,"damage_taken":0.0}],"is_beta":false,"boss_relics":[{"not_picked":["Snecko Eye","Astrolabe"],"picked":"Replay:Ancient Bell"},{"not_picked":["Happy Flower","Pen Nib"],"picked":"Blue Doll"},{"not_picked":["Shuriken","PillsDrop"],"picked":"Mummified Hand"},{"not_picked":["D4","Void"],"picked":"GuppysPaw"},{"not_picked":[]},{"not_picked":["Runic Dome","Honey Jar"],"picked":"Replay:Bronze Core"},{"not_picked":[]}],"items_purged_floors":[2,5,27,29,37,45,46,53],"is_endless":false,"potions_floor_spawned":[1,4,6,10,12,19,20,25,31,36,40,41,48,54],"killed_by":"Delirium","ascension_level":0}}