{"host":"840yoaz69lavfcgt","time":1611812991,"event":{"mods":["BaseMod","Colored Powertips","DeckTracker","Highlight Path","Minty Spire (QoL Compilation)","Synergy Search"],"gold_per_floor":[109,123,140,156,171,201,201,228,228,260,277,292,367,383,383,484,484,496,496,318,338,4,36,36,67,67,67,78,78,108,128,128,231,231,246,300,300,26,44,75,89,89,89,89,121,121,131,181,181,181,181,181,0,26,26,26],"floor_reached":55,"language":"ENG","playtime":3278,"items_purged":[],"score":947,"play_id":"bd4b9bb1-a201-419a-a64b-57475373c985","local_time":"20210128004951","is_ascension_mode":true,"campfire_choices":[{"floor":15.0,"key":"REST"},{"floor":27,"key":"RECALL"},{"data":"Cleave","floor":29,"key":"SMITH"},{"data":"Demon Form","floor":32,"key":"SMITH"},{"data":"Dramatic Entrance","floor":42,"key":"SMITH"},{"data":"Mayhem","floor":44,"key":"SMITH"},{"data":"Anger","floor":49,"key":"SMITH"},{"data":"Pommel Strike","floor":52,"key":"SMITH"}],"circlet_count":0,"master_deck":["Defend_R","Defend_R","Defend_R","Defend_R","Bash","Twin Strike","Sword Boomerang","Cleave+1","Headbutt","Reckless Charge","Headbutt","Anger+1","Body Slam","Wild Strike","Rage+1","Wild Strike+1","Demon Form+1","Armaments+1","Bite","Bite","Bite","Bite","Bite","Iron Wave+1","Evolve","Cleave","Hemokinesis","Intimidate+1","Headbutt+1","Disarm+1","Entrench+1","Offering+1","Perfected Strike+1","Sword Boomerang","Mayhem+1","Flash of Steel","Dramatic Entrance+1","Shrug It Off+1","Flex+1","Headbutt+1","Flex+1","Pommel Strike+1","Wild Strike","Cleave+1","Shrug It Off+1","Limit Break+1","Wild Strike","Demon Form"],"relics":["Burning Blood","Art of War","Mercury Hourglass","HornCleat","Bottled Flame","Toxic Egg 2","Anchor","Busted Crown","Brimstone","Matryoshka","Darkstone Periapt","Calipers","Boot","Happy Flower","Philosopher\u0027s Stone","Mango","Bag of Preparation","Whetstone","Bronze Scales","Juzu Bracelet","Kunai","Prayer Wheel","Bag of Marbles"],"acts_visited":["Exordium","TheCity","TheBeyond","TheEnding"],"potions_floor_usage":[16,16,23,33,36,50,54],"damage_taken":[{"damage":1.0,"enemies":"Cultist","floor":1.0,"turns":3.0},{"damage":3.0,"enemies":"Jaw Worm","floor":2.0,"turns":4.0},{"damage":7.0,"enemies":"Small Slimes","floor":3.0,"turns":3.0},{"damage":14.0,"enemies":"Blue Slaver","floor":4.0,"turns":3.0},{"damage":12.0,"enemies":"Lots of Slimes","floor":5.0,"turns":4.0},{"damage":36.0,"enemies":"Lagavulin","floor":6.0,"turns":5.0},{"damage":4.0,"enemies":"3 Sentries","floor":8.0,"turns":4.0},{"damage":6.0,"enemies":"Gremlin Nob","floor":10.0,"turns":4.0},{"damage":9.0,"enemies":"Exordium Thugs","floor":11.0,"turns":4.0},{"damage":0.0,"enemies":"Looter","floor":12.0,"turns":2.0},{"damage":0.0,"enemies":"3 Louse","floor":14.0,"turns":1.0},{"damage":11,"enemies":"Slime Boss","floor":16,"turns":6},{"damage":2,"enemies":"Shell Parasite","floor":18,"turns":3},{"damage":0,"enemies":"Chosen","floor":21,"turns":3},{"damage":4,"enemies":"Book of Stabbing","floor":23,"turns":3},{"damage":3,"enemies":"Gremlin Leader","floor":25,"turns":3},{"damage":0,"enemies":"Centurion and Healer","floor":28,"turns":3},{"damage":35,"enemies":"Book of Stabbing","floor":30,"turns":4},{"damage":0,"enemies":"Snecko","floor":31,"turns":3},{"damage":1,"enemies":"Collector","floor":33,"turns":5},{"damage":0,"enemies":"3 Shapes","floor":35,"turns":1},{"damage":19,"enemies":"2 Orb Walkers","floor":36,"turns":4},{"damage":2,"enemies":"3 Darklings","floor":39,"turns":3},{"damage":6,"enemies":"Reptomancer","floor":40,"turns":3},{"damage":15,"enemies":"Maw","floor":41,"turns":5},{"damage":8,"enemies":"Giant Head","floor":45,"turns":4},{"damage":0,"enemies":"Sphere and 2 Shapes","floor":47,"turns":1},{"damage":13,"enemies":"Mind Bloom Boss Battle","floor":48,"turns":3},{"damage":80,"enemies":"Donu and Deca","floor":50,"turns":6},{"damage":69,"enemies":"Shield and Spear","floor":54,"turns":4},{"damage":15,"enemies":"The Heart","floor":55,"turns":2}],"seed_played":"8854686472267329581","potions_obtained":[{"floor":1.0,"key":"BlessingOfTheForge"},{"floor":2.0,"key":"Energy Potion"},{"floor":8.0,"key":"BlessingOfTheForge"},{"floor":12.0,"key":"Fire Potion"},{"floor":23,"key":"SteroidPotion"},{"floor":28,"key":"FairyPotion"},{"floor":30,"key":"Strength Potion"},{"floor":33,"key":"SkillPotion"}],"is_trial":false,"path_per_floor":["M","M","M","M","M","E","T","E","T","E","M","M","?","M","R","B",null,"M","?","$","M","$","E","?","E","T","R","M","R","E","M","R","B",null,"M","?","?","$","M","E","M","R","T","R","E","?","M","?","R","B",null,"R","$","E","B"],"character_chosen":"IRONCLAD","items_purchased":["Brimstone","Iron Wave","Matryoshka","Cleave","Hemokinesis","Shrug It Off+1","Flex+1","Energy Potion","Bag of Preparation","Limit Break+1","Wild Strike"],"campfire_rested":1,"item_purchase_floors":[20,20,22,22,22,38,38,38,38,53,53],"current_hp_per_floor":[80,80,79,71,65,35,35,37,37,37,34,40,29,35,59,54,80,80,56,56,56,56,56,51,56,56,56,56,56,29,43,43,53,56,56,63,53,53,62,68,64,64,64,64,70,63,69,66,66,21,70,70,70,11,0,0],"gold":26,"neow_bonus":"RANDOM_COMMON_RELIC","is_daily":false,"chose_seed":false,"campfire_upgraded":6,"win_rate":0.0,"timestamp":1611812991,"path_taken":["M","M","M","M","M","E","?","E","T","E","?","M","?","M","R","BOSS","M","?","$","M","$","E","?","E","T","R","M","R","E","?","R","BOSS","M","?","?","$","M","E","M","R","T","R","E","?","M","?","R","BOSS","R","$","E","BOSS"],"items_purchased_type":["Relic","Card","Relic","Card","Card","Card","Card","Potion","Relic","Card","Card"],"build_version":"2020-12-22","purchased_purges":0,"victory":false,"max_hp_per_floor":[80,80,80,80,80,80,80,80,80,80,80,80,80,80,80,80,80,80,56,56,56,56,56,56,56,56,56,56,56,56,56,56,56,56,56,70,70,70,70,70,70,70,70,70,70,70,70,70,70,70,70,70,70,70,70,70],"card_choices":[{"not_picked":["Carnage","Pummel"],"picked":"Twin Strike","floor":1.0},{"not_picked":["Twin Strike","Sever Soul"],"picked":"Sword Boomerang","floor":2.0},{"not_picked":["Twin Strike","Seeing Red"],"picked":"Cleave","floor":3.0},{"not_picked":["Burning Pact","Clothesline"],"picked":"Headbutt","floor":4.0},{"not_picked":["Shrug It Off","Rampage"],"picked":"Reckless Charge","floor":5.0},{"not_picked":["Battle Trance","Cleave"],"picked":"Headbutt","floor":6.0},{"not_picked":["Impervious","Sever Soul"],"picked":"Anger","floor":8.0},{"not_picked":["Pummel","Heavy Blade"],"picked":"Body Slam","floor":10.0},{"not_picked":["Bloodletting+1","Iron Wave"],"picked":"Wild Strike","floor":11.0},{"not_picked":["Bloodletting+1","Clothesline"],"picked":"Rage+1","floor":12.0},{"not_picked":["Flex+1","Cleave"],"picked":"Wild Strike","floor":14.0},{"not_picked":["Reaper","Feed"],"picked":"Demon Form","floor":16},{"not_picked":[],"picked":"Armaments+1","floor":18},{"not_picked":[],"picked":"Evolve","floor":21},{"not_picked":["Evolve"],"picked":"SKIP","floor":23},{"not_picked":[],"picked":"Intimidate+1","floor":25},{"not_picked":[],"picked":"Headbutt+1","floor":28},{"not_picked":[],"picked":"Disarm+1","floor":30},{"not_picked":[],"picked":"Entrench+1","floor":31},{"not_picked":[],"picked":"Offering+1","floor":33},{"not_picked":[],"picked":"Perfected Strike+1","floor":35},{"not_picked":[],"picked":"Sword Boomerang","floor":36},{"not_picked":[],"picked":"Mayhem","floor":37},{"not_picked":[],"picked":"Flash of Steel","floor":37},{"not_picked":[],"picked":"Dramatic Entrance","floor":37},{"not_picked":[],"picked":"Headbutt+1","floor":39},{"not_picked":[],"picked":"Flex+1","floor":40},{"not_picked":[],"picked":"Pommel Strike","floor":41},{"not_picked":[],"picked":"Wild Strike","floor":45},{"not_picked":[],"picked":"Cleave+1","floor":47},{"not_picked":[],"picked":"Shrug It Off+1","floor":48},{"not_picked":[],"picked":"Demon Form","floor":54}],"player_experience":254284,"relics_obtained":[{"floor":6.0,"key":"Mercury Hourglass"},{"floor":7.0,"key":"HornCleat"},{"floor":8.0,"key":"Bottled Flame"},{"floor":9.0,"key":"Toxic Egg 2"},{"floor":10.0,"key":"Anchor"},{"floor":23,"key":"Darkstone Periapt"},{"floor":25,"key":"Calipers"},{"floor":26,"key":"Boot"},{"floor":30,"key":"Happy Flower"},{"floor":36,"key":"Mango"},{"floor":40,"key":"Whetstone"},{"floor":43,"key":"Bronze Scales"},{"floor":43,"key":"Juzu Bracelet"},{"floor":45,"key":"Kunai"},{"floor":48,"key":"Prayer Wheel"},{"floor":54,"key":"Bag of Marbles"}],"event_choices":[{"damage_healed":0.0,"max_hp_gain":0.0,"max_hp_loss":0.0,"gold_gain":75.0,"event_name":"World of Goop","player_choice":"Gather Gold","floor":13.0,"gold_loss":0.0,"damage_taken":11.0},{"damage_healed":0,"gold_gain":0,"player_choice":"Became a vampire","damage_taken":0,"max_hp_gain":0,"max_hp_loss":24,"event_name":"Vampires","floor":19,"gold_loss":0,"cards_obtained":["Bite","Bite","Bite","Bite","Bite"]},{"damage_healed":0,"gold_gain":0,"player_choice":"Damaged","damage_taken":5,"max_hp_gain":0,"max_hp_loss":0,"event_name":"Wheel of Change","floor":24,"gold_loss":0},{"damage_healed":0,"gold_gain":0,"player_choice":"Fight","damage_taken":0,"max_hp_gain":0,"max_hp_loss":0,"event_name":"Mysterious Sphere","floor":36,"gold_loss":0},{"damage_healed":0,"gold_gain":0,"player_choice":"Memory 3","damage_taken":10,"max_hp_gain":0,"max_hp_loss":0,"event_name":"SensoryStone","floor":37,"gold_loss":0},{"damage_healed":0,"gold_gain":0,"player_choice":"Damaged","damage_taken":7,"max_hp_gain":0,"max_hp_loss":0,"event_name":"Wheel of Change","floor":46,"gold_loss":0},{"damage_healed":0,"gold_gain":0,"player_choice":"Fight","damage_taken":0,"max_hp_gain":0,"max_hp_loss":0,"event_name":"MindBloom","floor":48,"gold_loss":0}],"is_beta":false,"boss_relics":[{"not_picked":["Snecko Eye","Runic Dome"],"picked":"Busted Crown"},{"not_picked":["Cursed Key","SlaversCollar"],"picked":"Philosopher\u0027s Stone"}],"items_purged_floors":[],"is_endless":false,"potions_floor_spawned":[1,2,8,12,23,28,30,33,35,45,47,48],"killed_by":"The Heart","ascension_level":1}}