{"host":"wq5h7jomr5a1xww7","time":1611795931,"event":{"mods":["BaseMod","Highlight Path","Minty Spire (QoL Compilation)","Relic Stats","StSLib"],"gold_per_floor":[109,34,34,34,46,76,76,111,191,466,466,493,512,531,531,633,633,652,90,101,121,42,42,54,86,86,86,105,133,143,171,171,270,270,283,295,306,357,374,374,403,162,188,188,217,217,73,99,99,99,99,99,36,68,68],"floor_reached":56,"language":"ENG","playtime":3448,"items_purged":["Pain","Strike_R","Strike_R"],"score":1619,"play_id":"06df8e15-33ec-45ee-ba33-04a8019d0afa","local_time":"20210127190531","is_ascension_mode":true,"campfire_choices":[{"data":"Bash","floor":7.0,"key":"SMITH"},{"data":"Hemokinesis","floor":11.0,"key":"SMITH"},{"data":"Disarm","floor":15.0,"key":"SMITH"},{"data":"True Grit","floor":23.0,"key":"SMITH"},{"data":"Spot Weakness","floor":27.0,"key":"SMITH"},{"data":"Pummel","floor":32.0,"key":"SMITH"},{"data":"Disarm","floor":40.0,"key":"SMITH"},{"floor":44.0,"key":"RECALL"},{"floor":46.0,"key":"DIG"},{"floor":49.0,"key":"DIG"},{"floor":52.0,"key":"DIG"}],"circlet_count":0,"master_deck":["Strike_R","Strike_R","Strike_R","Defend_R","Defend_R","Defend_R","Defend_R","Bash+1","Whirlwind+1","Pummel+1","Hemokinesis+1","Ghostly Armor","Disarm+1","Shrug It Off","Perfected Strike+1","Spot Weakness+1","True Grit+1","Disarm+1","Battle Trance+1","Armaments+1","Shrug It Off+1","Second Wind+1","Flame Barrier+1","Seeing Red+1","Spot Weakness+1","Inflame","Purity+1"],"relics":["Burning Blood","StoneCalendar","Omamori","Akabeko","Mango","Letter Opener","Question Card","Coffee Dripper","Vajra","Singing Bowl","White Beast Statue","MealTicket","Toxic Egg 2","Dead Branch","StrikeDummy","SacredBark","Shovel","Lantern","Membership Card","Sundial","Pen Nib","Eternal Feather","Paper Frog","Self Forming Clay","Shuriken"],"acts_visited":["Exordium","TheCity","TheBeyond","TheEnding"],"potions_floor_usage":[54,55,55,55],"damage_taken":[{"damage":14.0,"enemies":"Cultist","floor":1.0,"turns":4.0},{"damage":10.0,"enemies":"Small Slimes","floor":5.0,"turns":2.0},{"damage":28.0,"enemies":"Gremlin Nob","floor":6.0,"turns":4.0},{"damage":21.0,"enemies":"Lagavulin","floor":8.0,"turns":6.0},{"damage":2.0,"enemies":"Gremlin Nob","floor":12.0,"turns":2.0},{"damage":0.0,"enemies":"2 Louse","floor":13.0,"turns":3.0},{"damage":0.0,"enemies":"Lots of Slimes","floor":14.0,"turns":2.0},{"damage":15.0,"enemies":"Hexaghost","floor":16.0,"turns":8.0},{"damage":4.0,"enemies":"Chosen","floor":18.0,"turns":4.0},{"damage":2.0,"enemies":"Spheric Guardian","floor":20.0,"turns":2.0},{"damage":0.0,"enemies":"Centurion and Healer","floor":21.0,"turns":2.0},{"damage":6.0,"enemies":"Snecko","floor":24.0,"turns":3.0},{"damage":26.0,"enemies":"Slavers","floor":25.0,"turns":3.0},{"damage":10.0,"enemies":"Chosen and Byrds","floor":28.0,"turns":2.0},{"damage":0.0,"enemies":"Book of Stabbing","floor":29.0,"turns":5.0},{"damage":10.0,"enemies":"Cultist and Chosen","floor":30.0,"turns":2.0},{"damage":14.0,"enemies":"Slavers","floor":31.0,"turns":5.0},{"damage":0.0,"enemies":"Champ","floor":33.0,"turns":5.0},{"damage":2.0,"enemies":"3 Darklings","floor":35.0,"turns":2.0},{"damage":4.0,"enemies":"3 Shapes","floor":36.0,"turns":5.0},{"damage":7.0,"enemies":"Sphere and 2 Shapes","floor":37.0,"turns":7.0},{"damage":54.0,"enemies":"2 Orb Walkers","floor":38.0,"turns":5.0},{"damage":0.0,"enemies":"4 Shapes","floor":39.0,"turns":3.0},{"damage":35.0,"enemies":"Nemesis","floor":41.0,"turns":7.0},{"damage":25.0,"enemies":"Reptomancer","floor":45.0,"turns":5.0},{"damage":22.0,"enemies":"Giant Head","floor":48.0,"turns":7.0},{"damage":77.0,"enemies":"Awakened One","floor":50.0,"turns":13.0},{"damage":64,"enemies":"Shield and Spear","floor":54,"turns":7},{"damage":53,"enemies":"The Heart","floor":55,"turns":8}],"seed_played":"-7957368338959866959","potions_obtained":[{"floor":6.0,"key":"Swift Potion"},{"floor":13.0,"key":"Ancient Potion"},{"floor":14.0,"key":"DistilledChaos"},{"floor":20.0,"key":"DistilledChaos"},{"floor":24.0,"key":"LiquidMemories"},{"floor":25.0,"key":"ElixirPotion"},{"floor":28.0,"key":"Dexterity Potion"},{"floor":29.0,"key":"Weak Potion"},{"floor":31.0,"key":"SpeedPotion"},{"floor":33.0,"key":"Regen Potion"},{"floor":35.0,"key":"Regen Potion"},{"floor":37.0,"key":"BloodPotion"},{"floor":38.0,"key":"ColorlessPotion"},{"floor":41.0,"key":"BloodPotion"},{"floor":45.0,"key":"DistilledChaos"},{"floor":48.0,"key":"Weak Potion"},{"floor":54,"key":"LiquidBronze"}],"is_trial":false,"path_per_floor":["M","$","?","?","M","E","R","E","T","?","R","E","M","M","R","B",null,"M","$","M","M","?","R","M","E","T","R","M","E","M","E","R","B",null,"M","M","M","?","M","R","E","$","T","R","E","R","$","E","R","B",null,"R","$","E","B",null],"character_chosen":"IRONCLAD","items_purchased":["Vajra","Singing Bowl","Spot Weakness","Fire Potion","AttackPotion","Membership Card","Regen Potion","Inflame","Purity+1","SpeedPotion","Ancient Potion"],"campfire_rested":0,"item_purchase_floors":[19,19,19,19,19,42,42,47,47,53,53],"current_hp_per_floor":[72,72,54,54,50,28,28,27,27,27,27,31,37,43,43,34,94,94,94,94,94,94,94,96,76,76,76,72,78,76,70,70,78,102,104,104,105,84,90,90,63,78,78,78,86,86,101,87,102,31,110,110,110,98,51],"gold":68,"neow_bonus":"ONE_RARE_RELIC","is_daily":false,"chose_seed":false,"campfire_upgraded":7,"win_rate":0.0,"timestamp":1611795931,"path_taken":["M","$","?","?","M","E","R","E","T","?","R","E","M","M","R","BOSS","M","$","?","M","?","R","M","E","T","R","M","E","M","E","R","BOSS","M","?","M","?","M","R","E","$","T","R","E","R","$","E","R","BOSS","R","$","E","BOSS"],"items_purchased_type":["Relic","Relic","Card","Potion","Potion","Relic","Potion","Card","Card","Potion","Potion"],"build_version":"2020-12-22","purchased_purges":3,"victory":true,"max_hp_per_floor":[80,80,80,80,80,80,80,94,94,94,94,94,94,94,94,94,94,94,94,94,94,94,94,96,96,96,96,96,96,98,100,100,102,102,104,104,106,106,106,106,108,108,108,108,108,108,108,110,110,110,110,110,110,112,112],"relic_stats":{"Singing Bowl":18,"counters":[29,133],"Self Forming Clay":[39],"Dead Branch":[146],"StoneCalendar":[173],"Eternal Feather":15,"Pen Nib":[4],"Letter Opener":[323],"Question Card":22,"Burning Blood":156,"Shovel":3,"Sundial":[4],"Shuriken":[1],"MealTicket":30,"obtain_stats":[{"Lantern":41,"Singing Bowl":19,"SacredBark":34,"Vajra":19,"StoneCalendar":0,"Mango":8,"Burning Blood":0,"Shovel":38,"Sundial":45,"MealTicket":25,"Toxic Egg 2":26,"Paper Frog":49,"Self Forming Clay":52,"Dead Branch":29,"Eternal Feather":48,"Pen Nib":46,"Omamori":3,"Letter Opener":9,"Question Card":12,"Akabeko":6,"White Beast Statue":22,"Shuriken":54,"Coffee Dripper":17,"Membership Card":42,"StrikeDummy":31},{"Lantern":24,"Singing Bowl":9,"SacredBark":18,"Vajra":9,"StoneCalendar":0,"Mango":4,"Burning Blood":0,"Shovel":22,"Sundial":25,"MealTicket":13,"Toxic Egg 2":13,"Paper Frog":26,"Self Forming Clay":27,"Dead Branch":15,"Eternal Feather":26,"Pen Nib":25,"Omamori":1,"Letter Opener":4,"Question Card":5,"Akabeko":3,"White Beast Statue":11,"Shuriken":28,"Coffee Dripper":8,"Membership Card":24,"StrikeDummy":17},{"Lantern":93,"Singing Bowl":35,"SacredBark":64,"Vajra":35,"StoneCalendar":0,"Mango":16,"Burning Blood":0,"Shovel":83,"Sundial":98,"MealTicket":45,"Toxic Egg 2":45,"Paper Frog":105,"Self Forming Clay":118,"Dead Branch":52,"Eternal Feather":105,"Pen Nib":98,"Omamori":4,"Letter Opener":16,"Question Card":18,"Akabeko":10,"White Beast Statue":39,"Shuriken":125,"Coffee Dripper":31,"Membership Card":93,"StrikeDummy":59}]},"card_choices":[{"not_picked":["Rampage","Inflame"],"picked":"Whirlwind","floor":1.0},{"not_picked":["Clash","Cleave"],"picked":"Pummel","floor":5.0},{"not_picked":["Evolve","Twin Strike"],"picked":"Hemokinesis","floor":6.0},{"not_picked":["Twin Strike","Clothesline"],"picked":"Ghostly Armor","floor":8.0},{"not_picked":["Headbutt","Clash"],"picked":"Disarm","floor":12.0},{"not_picked":["Offering","Clash","Perfected Strike"],"picked":"Shrug It Off","floor":13.0},{"not_picked":["Flex+1","Sword Boomerang","Searing Blow"],"picked":"Perfected Strike+1","floor":18.0},{"not_picked":["Perfected Strike","Thunderclap","Iron Wave"],"picked":"True Grit","floor":20.0},{"not_picked":["Pommel Strike","Sentinel+1","Cleave"],"picked":"Disarm","floor":21.0},{"not_picked":["Armaments","Anger","Uppercut","Dual Wield"],"picked":"Singing Bowl","floor":24.0},{"not_picked":["Reaper","Fire Breathing","Wild Strike+1"],"picked":"Battle Trance+1","floor":25.0},{"not_picked":["Sever Soul","Anger","Sword Boomerang"],"picked":"Armaments+1","floor":28.0},{"not_picked":["Armaments+1","Berserk","Battle Trance+1"],"picked":"Shrug It Off+1","floor":29.0},{"not_picked":["Body Slam+1","Shrug It Off+1","Metallicize","True Grit+1"],"picked":"Singing Bowl","floor":30.0},{"not_picked":["Searing Blow","Havoc+1","Sentinel+1","Rampage+1"],"picked":"Singing Bowl","floor":31.0},{"not_picked":["Impervious+1","Juggernaut","Reaper","Brutality"],"picked":"Singing Bowl","floor":33.0},{"not_picked":["Power Through+1","Pommel Strike+1","Sword Boomerang+1","Intimidate+1"],"picked":"Singing Bowl","floor":35.0},{"not_picked":["Flex+1","Body Slam","Clash"],"picked":"Second Wind+1","floor":36.0},{"not_picked":["Warcry+1","Offering+1","Flex+1","Twin Strike"],"picked":"Singing Bowl","floor":37.0},{"not_picked":["Power Through+1","Wild Strike","Clash"],"picked":"Flame Barrier+1","floor":38.0},{"not_picked":["Limit Break+1","Warcry+1","Intimidate+1"],"picked":"Seeing Red+1","floor":39.0},{"not_picked":["Rupture+1","Sword Boomerang+1","Feed","Pommel Strike+1"],"picked":"Singing Bowl","floor":41.0},{"not_picked":["Ghostly Armor+1","Dropkick+1","Twin Strike"],"picked":"Spot Weakness+1","floor":45.0},{"not_picked":["Cleave+1","Clash+1","Fiend Fire","Bludgeon"],"picked":"Singing Bowl","floor":48.0},{"not_picked":["Barricade","Havoc+1","Sentinel+1","Twin Strike"],"picked":"Singing Bowl","floor":54}],"player_experience":80111,"relics_obtained":[{"floor":6.0,"key":"Akabeko"},{"floor":8.0,"key":"Mango"},{"floor":9.0,"key":"Letter Opener"},{"floor":12.0,"key":"Question Card"},{"floor":25.0,"key":"MealTicket"},{"floor":26.0,"key":"Toxic Egg 2"},{"floor":29.0,"key":"Dead Branch"},{"floor":31.0,"key":"StrikeDummy"},{"floor":38.0,"key":"Shovel"},{"floor":41.0,"key":"Lantern"},{"floor":45.0,"key":"Sundial"},{"floor":46.0,"key":"Pen Nib"},{"floor":48.0,"key":"Eternal Feather"},{"floor":49.0,"key":"Paper Frog"},{"floor":52.0,"key":"Self Forming Clay"},{"floor":54,"key":"Shuriken"}],"event_choices":[{"damage_healed":0.0,"max_hp_gain":0.0,"max_hp_loss":0.0,"gold_gain":0.0,"event_name":"Scrap Ooze","player_choice":"Success","floor":3.0,"gold_loss":0.0,"damage_taken":18.0,"relics_obtained":["Omamori"]},{"damage_healed":0.0,"max_hp_gain":0.0,"max_hp_loss":0.0,"gold_gain":0.0,"event_name":"Living Wall","player_choice":"Grow","floor":4.0,"gold_loss":0.0,"damage_taken":0.0,"cards_upgraded":["Whirlwind"]},{"damage_healed":0.0,"max_hp_gain":0.0,"max_hp_loss":0.0,"gold_gain":275.0,"event_name":"Golden Shrine","player_choice":"Desecrate","floor":10.0,"gold_loss":0.0,"damage_taken":0.0,"cards_obtained":["Regret"]},{"damage_healed":0.0,"max_hp_gain":0.0,"max_hp_loss":0.0,"gold_gain":0.0,"event_name":"WeMeetAgain","player_choice":"Paid Gold","floor":22.0,"gold_loss":79.0,"damage_taken":0.0,"relics_obtained":["White Beast Statue"]},{"damage_healed":0.0,"max_hp_gain":0.0,"max_hp_loss":0.0,"gold_gain":0.0,"event_name":"Mysterious Sphere","player_choice":"Fight","floor":38.0,"gold_loss":0.0,"damage_taken":0.0}],"is_beta":false,"boss_relics":[{"not_picked":["Runic Dome","Runic Cube"],"picked":"Coffee Dripper"},{"not_picked":["Snecko Eye","Black Blood"],"picked":"SacredBark"}],"items_purged_floors":[2,42,47],"is_endless":false,"potions_floor_spawned":[6,13,14,20,24,25,28,29,30,31,33,35,36,37,38,39,41,45,48,54],"ascension_level":1}}