{"host":"n605f8gctjc87d7h","time":1611819448,"event":{"mods":["Aspiration","Bard","BaseMod","Better Match","Better Note","Better Skull","Better Third Choice","Conspire","Downfall","Halation","Hermit","Infinite Spire","Minty Spire (QoL Compilation)","Replay The Spire","Retaliation","Shade Mod","Spicy Shops","StSLib","The IronCluck","The Jungle"],"gold_per_floor":[113,63,63,80,80,80,92,124,124,134,134,147,147,165,165,262,262,272,282,282,294,294,294,294,294],"floor_reached":24,"language":"ENG","playtime":1508,"items_purged":[],"score":307,"play_id":"0c5c0cf2-10b3-457f-9320-78db017c4a2d","local_time":"20210127233728","is_ascension_mode":true,"campfire_choices":[{"floor":6,"key":"REST"},{"data":"Prepared","floor":11,"key":"SMITH"},{"floor":13,"key":"REST"},{"data":"Reflex","floor":15,"key":"SMITH"},{"floor":23,"key":"REST"}],"circlet_count":0,"master_deck":["AscendersBane","Strike_G","Strike_G+1","Strike_G+1","Strike_G","Defend_G","Defend_G","Defend_G","Survivor","Neutralize+1","Reflex+1","Prepared+1","ReplayTheSpireMod:The Works","Underhanded Strike","Backflip","Caltrops","Storm of Steel","Backstab","Tactician","ReplayTheSpireMod:Haul"],"relics":["Ring of the Snake","Whetstone","Quantum Egg","Gambling Chip","Empty Cage","infinitespire:Lucky Rock"],"acts_visited":["Exordium","TheCity"],"potions_floor_usage":[8,8,16,18,24],"damage_taken":[{"damage":2,"enemies":"2 Louse","floor":1,"turns":3},{"damage":7,"enemies":"conspire:RoseBush","floor":4,"turns":5},{"damage":0,"enemies":"Jaw Worm","floor":7,"turns":3},{"damage":17,"enemies":"Lagavulin","floor":8,"turns":5},{"damage":0,"enemies":"3 Louse","floor":10,"turns":3},{"damage":3,"enemies":"Blue Slaver","floor":12,"turns":4},{"damage":4,"enemies":"Exordium Wildlife","floor":14,"turns":5},{"damage":48,"enemies":"Hexaghost","floor":16,"turns":12},{"damage":1,"enemies":"Spheric Guardian","floor":18,"turns":3},{"damage":4,"enemies":"Chosen","floor":19,"turns":4},{"damage":48,"enemies":"Snecko","floor":21,"turns":6},{"damage":33,"enemies":"conspire:HollyBat","floor":24,"turns":7}],"seed_played":"-9151693493574998122","potions_obtained":[{"floor":4,"key":"AttackPotion"},{"floor":7,"key":"SteroidPotion"},{"floor":14,"key":"Fire Potion"},{"floor":16,"key":"Swift Potion"},{"floor":21,"key":"Toxic Potion"}],"is_trial":false,"path_per_floor":["M","?","$","M","?","R","M","E","T","M","R","M","R","M","R","B",null,"M","M","$","M","AVR","R","M"],"character_chosen":"THE_SILENT","items_purchased":[],"campfire_rested":3,"item_purchase_floors":[],"current_hp_per_floor":[61,61,61,54,40,61,61,44,44,44,44,41,62,58,58,10,55,54,50,50,2,2,23,0,0],"gold":294,"neow_bonus":"RANDOM_COMMON_RELIC","is_daily":false,"chose_seed":false,"campfire_upgraded":2,"win_rate":0.0,"timestamp":1611819448,"path_taken":["M","?","$","M","?","R","M","E","T","M","R","M","R","?","R","BOSS","M","M","$","M","AVR","R","M"],"items_purchased_type":[],"build_version":"2020-12-22","purchased_purges":0,"victory":false,"max_hp_per_floor":[70,70,70,70,70,70,70,70,70,70,70,70,70,70,70,70,70,70,70,70,70,70,70,70,70],"card_choices":[{"not_picked":["Finisher","Cloak And Dagger"],"picked":"Reflex","floor":1},{"not_picked":["Dagger Spray","ReplayTheSpireMod:Exploit Weakness"],"picked":"Prepared","floor":4},{"not_picked":["Hidden Blade","Flying Knee"],"picked":"ReplayTheSpireMod:The Works","floor":7},{"not_picked":["Dagger Throw","Crippling Poison"],"picked":"Underhanded Strike","floor":8},{"not_picked":["Dodge and Roll","Deflect"],"picked":"Backflip","floor":10},{"not_picked":["All Out Attack","Hidden Blade","Sucker Punch"],"picked":"SKIP","floor":12},{"not_picked":["PiercingWail","Toxin Wave"],"picked":"Caltrops","floor":14},{"not_picked":["Malaise","After Image"],"picked":"Storm of Steel","floor":16},{"not_picked":["Finisher","Quick Slash"],"picked":"Backstab","floor":18},{"not_picked":["Predator","Backflip"],"picked":"Tactician","floor":19},{"not_picked":["Deadly Poison","Outmaneuver","Dagger Throw"],"picked":"SKIP","floor":21}],"player_experience":776702,"relics_obtained":[{"floor":8,"key":"Quantum Egg"},{"floor":9,"key":"Gambling Chip"}],"event_choices":[{"cards_removed":["Defend_G"],"damage_healed":0,"gold_gain":0,"player_choice":"Card Removal","damage_taken":0,"max_hp_gain":0,"max_hp_loss":0,"event_name":"The Cleric","floor":2,"gold_loss":50},{"damage_healed":54,"gold_gain":0,"player_choice":"Upgrade","damage_taken":14,"max_hp_gain":0,"max_hp_loss":70,"event_name":"betterThird:BetterShining","floor":5,"gold_loss":0,"cards_upgraded":["Strike_G","Neutralize"]}],"is_beta":false,"boss_relics":[{"not_picked":["Snecko Eye","Philosopher\u0027s Stone"],"picked":"Empty Cage"}],"items_purged_floors":[],"is_endless":false,"potions_floor_spawned":[4,7,14,16,21],"killed_by":"conspire:HollyBat","ascension_level":11}}