{"host":"4nqeo0vu1vuav7gg","time":1611852734,"event":{"mods":["AchievementEnabler","BaseMod","Block Reminder","Colored Map","Colored Powertips","Highlight Path","Minty Spire (QoL Compilation)","Quick Restart","Rare Cards Sparkle","Relic Relevance Reorder","StSLib"],"gold_per_floor":[114,114,39,39,57,86,86,116,141,141,141,184,184,184,184,274,274,297,104,119,119,133,133,133,133],"floor_reached":24,"language":"ENG","playtime":767,"items_purged":["Regret","Hello World+1"],"score":483,"play_id":"05b89b9a-14c5-4b44-b437-3d161b5e673e","local_time":"20210128175214","is_ascension_mode":true,"campfire_choices":[{"floor":7.0,"key":"REST"},{"data":"White Noise","floor":11.0,"key":"SMITH"},{"data":"Multi-Cast","floor":13,"key":"SMITH"},{"data":"Reinforced Body","floor":15,"key":"SMITH"},{"floor":23,"key":"REST"}],"circlet_count":0,"master_deck":["AscendersBane","Defend_B","Defend_B+1","Defend_B+1","Zap","Dualcast","White Noise+1","Darkness","Multi-Cast+1","Reinforced Body+1","Fission","Go for the Eyes+1","Loop+1","Loop","Ball Lightning","Coolheaded","Bite","Bite","Bite","Bite","Bite"],"relics":["Cracked Core","Orichalcum","NeowsBlessing","DataDisk","White Beast Statue","Ancient Tea Set","Golden Idol","Astrolabe"],"acts_visited":["Exordium","TheCity"],"potions_floor_usage":[12,16,24,24],"damage_taken":[{"damage":0.0,"enemies":"2 Louse","floor":1.0,"turns":1.0},{"damage":0.0,"enemies":"Cultist","floor":5.0,"turns":1.0},{"damage":0.0,"enemies":"Lagavulin","floor":6.0,"turns":1.0},{"damage":15.0,"enemies":"3 Sentries","floor":8.0,"turns":3.0},{"damage":14,"enemies":"Lagavulin","floor":12,"turns":3},{"damage":35,"enemies":"Hexaghost","floor":16,"turns":8},{"damage":8,"enemies":"3 Byrds","floor":18,"turns":4},{"damage":0,"enemies":"Spheric Guardian","floor":20,"turns":2},{"damage":30,"enemies":"Snake Plant","floor":22,"turns":4},{"damage":83,"enemies":"Gremlin Leader","floor":24,"turns":7}],"seed_played":"7106756980853048834","potions_obtained":[{"floor":5.0,"key":"Swift Potion"},{"floor":12,"key":"AttackPotion"},{"floor":16,"key":"FearPotion"},{"floor":18,"key":"GamblersBrew"},{"floor":20,"key":"GamblersBrew"}],"is_trial":false,"path_per_floor":["M","?","$","?","M","E","R","E","T","?","R","E","R","?","R","B",null,"M","$","M","?","M","R","E"],"character_chosen":"DEFECT","items_purchased":["Loop","Ball Lightning"],"campfire_rested":2,"item_purchase_floors":[19,19],"current_hp_per_floor":[64,64,64,43,43,43,64,49,49,49,49,37,37,37,37,4,54,48,48,50,50,24,45,0,0],"gold":133,"neow_bonus":"THREE_ENEMY_KILL","is_daily":false,"chose_seed":false,"campfire_upgraded":3,"win_rate":0.0,"timestamp":1611852734,"path_taken":["M","?","$","?","M","E","R","E","T","?","R","E","R","?","R","BOSS","M","?","M","?","M","R","E"],"items_purchased_type":["Card","Card"],"build_version":"2020-12-22","purchased_purges":2,"victory":false,"max_hp_per_floor":[71,71,71,71,71,71,71,71,71,71,71,71,71,71,71,71,71,71,71,71,71,71,71,71,71],"card_choices":[{"not_picked":["Hologram","Leap","Rebound"],"picked":"SKIP","floor":1.0},{"not_picked":["Beam Cell","Rebound"],"picked":"White Noise","floor":5.0},{"not_picked":["Steam Power","Aggregate"],"picked":"Darkness","floor":6.0},{"not_picked":["Conserve Battery","Sweeping Beam"],"picked":"Multi-Cast","floor":8.0},{"not_picked":["Scrape","Go for the Eyes"],"picked":"Reinforced Body","floor":12},{"not_picked":["Meteor Strike","Amplify"],"picked":"Fission","floor":16},{"not_picked":["Rebound","Lockon+1","Reprogram"],"picked":"SKIP","floor":18},{"not_picked":["Auto Shields","Lockon"],"picked":"Coolheaded","floor":20},{"not_picked":["Sweeping Beam","Hologram","Steam"],"picked":"SKIP","floor":22}],"player_experience":1077578,"relics_obtained":[{"floor":6.0,"key":"Ancient Tea Set"},{"floor":8.0,"key":"Blood Vial"},{"floor":9.0,"key":"Orichalcum"},{"floor":12,"key":"White Beast Statue"}],"event_choices":[{"damage_healed":0.0,"max_hp_gain":0.0,"max_hp_loss":0.0,"gold_gain":0.0,"event_name":"Big Fish","player_choice":"Box","floor":2.0,"gold_loss":0.0,"damage_taken":0.0,"relics_obtained":["DataDisk"],"cards_obtained":["Regret"]},{"damage_healed":0.0,"max_hp_gain":0.0,"max_hp_loss":0.0,"gold_gain":0.0,"event_name":"Shining Light","player_choice":"Entered Light","floor":4.0,"gold_loss":0.0,"damage_taken":21.0,"cards_upgraded":["Defend_B","Defend_B"]},{"damage_healed":0.0,"max_hp_gain":0.0,"max_hp_loss":0.0,"gold_gain":0.0,"event_name":"Golden Idol","player_choice":"Take Wound","floor":10.0,"gold_loss":0.0,"damage_taken":0.0,"relics_obtained":["Golden Idol"],"cards_obtained":["Injury"]},{"cards_removed":["Injury"],"damage_healed":0,"gold_gain":0,"player_choice":"Removed Curses","damage_taken":0,"max_hp_gain":0,"max_hp_loss":0,"event_name":"Fountain of Cleansing","floor":14,"gold_loss":0},{"damage_healed":0,"gold_gain":0,"player_choice":"Became a vampire (Vial)","damage_taken":0,"max_hp_gain":0,"max_hp_loss":0,"event_name":"Vampires","floor":21,"relics_lost":["Blood Vial"],"gold_loss":0,"cards_obtained":["Bite","Bite","Bite","Bite","Bite"]}],"is_beta":false,"boss_relics":[{"not_picked":["Ectoplasm","Sozu"],"picked":"Astrolabe"}],"items_purged_floors":[3,19],"is_endless":false,"potions_floor_spawned":[5,12,16,18,20,22],"killed_by":"Gremlin Leader","ascension_level":19}}