{"host":"pec1bvkeldr5yzx1","time":1611847759,"event":{"mods":["ATMod(°¢èªMod)","AchievementEnabler","Act Like it!","Aspiration","BaseMod","Better Altar","Better Match","Better Sensory Stone","Better Skull","Better Vampires","BetterRewards","Conspire","Dota2Spire","Energized Spire","Friendly Minions","GifTheSpireLib","Hubris","Minty Spire (QoL Compilation)","Replay The Spire","Spicy Shops","StSLib","Stuff the Spire","SuperFastMode","óô»ðÖ¸ÄÏ"],"gold_per_floor":[109,284,284,304,304,315,81,92,92,105,236,236,248,248,248],"floor_reached":14,"language":"ZHS","playtime":405,"items_purged":["Doubt","Writhe"],"score":124,"play_id":"391494e4-f654-4ae5-8a47-a2f95d951444","local_time":"20210128232919","is_ascension_mode":true,"campfire_choices":[],"circlet_count":0,"master_deck":["Strike_R","Strike_R","Strike_R","Strike_R","Defend_R","Defend_R","Defend_R","Defend_R","Bash","Carnage","Cleave","StuffTheSpire:PlasmaPunch+1","Heavy Blade","Anger","Wild Strike","Havoc","StuffTheSpire:TitanForm","Flex"],"relics":["Burning Blood","AT_ATBox","Blue Candle","hubris:SlimyHat","Matryoshka","Strawberry","AT_TheCollector","ReplayTheSpireMod:TigerMarble","AT_ChloranthyRing","hubris:OldNail","Mummified Hand","Dota2Spire:EtherealBlade"],"acts_visited":["Exordium"],"potions_floor_usage":[14,14],"damage_taken":[{"damage":0,"enemies":"2 Louse","floor":1,"turns":2},{"damage":1,"enemies":"Small Slimes","floor":4,"turns":3},{"damage":0,"enemies":"Cultist","floor":6,"turns":2},{"damage":0,"enemies":"Large Slime","floor":8,"turns":4},{"damage":9,"enemies":"Red Slaver","floor":10,"turns":4},{"damage":40,"enemies":"Gremlin Nob","floor":11,"turns":4},{"damage":4,"enemies":"Exordium Wildlife","floor":13,"turns":3},{"damage":20,"enemies":"Lagavulin","floor":14,"turns":3}],"seed_played":"-7751703941671317842","potions_obtained":[{"floor":8,"key":"Swift Potion"},{"floor":11,"key":"SmokeBomb"},{"floor":13,"key":"Swift Potion"}],"is_trial":false,"path_per_floor":["M","?","?","M","?","M","$","M","T","M","E","?","M","E"],"character_chosen":"IRONCLAD","items_purchased":["Blue Candle","hubris:SlimyHat","Matryoshka","Strawberry","ReplayTheSpireMod:TigerMarble","Carnage","AT_ChloranthyRing"],"campfire_rested":0,"item_purchase_floors":[0,0,0,0,0,0,7],"current_hp_per_floor":[39,39,39,44,44,50,50,60,60,57,23,23,25,5,5],"gold":248,"neow_bonus":"","is_daily":false,"chose_seed":false,"campfire_upgraded":0,"win_rate":0.0,"timestamp":1611847759,"path_taken":["M","?","?","M","?","M","$","M","T","?","E","?","?","E"],"items_purchased_type":["Relic","Relic","Relic","Relic","Relic","Card","Relic"],"build_version":"2020-12-22","purchased_purges":2,"victory":false,"max_hp_per_floor":[87,87,87,87,87,87,87,87,87,87,87,87,87,87,87],"card_choices":[{"not_picked":["Havoc","Carnage"],"picked":"Cleave","floor":1},{"not_picked":["ReplayTheSpireMod:Muscle Training","StuffTheSpire:Slingshot"],"picked":"Heavy Blade","floor":4},{"not_picked":["AT_GerminateFire","ReplayTheSpireMod:Corrosion Curse"],"picked":"Anger","floor":6},{"not_picked":["AT_BodySlamDance","Heavy Blade"],"picked":"Wild Strike","floor":8},{"not_picked":["AT_BodySlamDance","Wild Strike"],"picked":"Havoc","floor":10},{"not_picked":["Pummel","ReplayTheSpireMod:Strike From Hell"],"picked":"StuffTheSpire:TitanForm","floor":11},{"not_picked":["Defy Death","Thunderclap"],"picked":"Flex","floor":13}],"player_experience":115899,"relics_obtained":[{"floor":9,"key":"hubris:OldNail"},{"floor":9,"key":"Mummified Hand"},{"floor":11,"key":"Dota2Spire:EtherealBlade"}],"event_choices":[{"damage_healed":0,"gold_gain":175,"player_choice":"AGREE","damage_taken":0,"max_hp_gain":0,"max_hp_loss":0,"event_name":"Liars Game","floor":2,"gold_loss":0,"cards_obtained":["Doubt"]},{"damage_healed":0,"gold_gain":0,"cards_transformed":["Strike_R"],"player_choice":"Transformed","damage_taken":0,"max_hp_gain":0,"max_hp_loss":0,"event_name":"Transmorgrifier","floor":5,"gold_loss":0,"cards_obtained":["Replay:Many Hands"]},{"cards_removed":["Replay:Many Hands"],"damage_healed":0,"gold_gain":0,"player_choice":"Purged","damage_taken":0,"max_hp_gain":0,"max_hp_loss":0,"event_name":"Purifier","floor":12,"gold_loss":0}],"is_beta":false,"boss_relics":[],"items_purged_floors":[7,7],"is_endless":false,"potions_floor_spawned":[8,11,13],"killed_by":"Lagavulin","ascension_level":7}}