{"host":"na09lpbrez4gbfiz","time":1611836238,"event":{"mods":["Act Like it!","BaseMod","BetterRewards","Colored Map","Colored Powertips","DeckTracker","Googly Eyes","Highlight Path","Minty Spire (QoL Compilation)","Quick Restart","Spicy Shops","StSLib","SuperFastMode","Synergy Search"],"gold_per_floor":[119,194,209,209,209,237,237,266,293,73,73,88,13,23,23,126,126,111,126,26,44,44,44,61,61,61,61,61],"floor_reached":27,"language":"ENG","playtime":762,"items_purged":["Strike_R","Strike_R"],"score":369,"play_id":"77ca7b4a-87be-492a-ae9a-a7317dabeb08","local_time":"20210128131718","is_ascension_mode":true,"campfire_choices":[{"data":"Bash","floor":7.0,"key":"SMITH"},{"data":"Rampage","floor":11.0,"key":"SMITH"},{"data":"Inflame","floor":15.0,"key":"SMITH"},{"data":"True Grit","floor":23.0,"key":"SMITH"},{"data":"True Grit","floor":25.0,"key":"SMITH"}],"circlet_count":0,"master_deck":["AscendersBane","Strike_R","Strike_R","Defend_R","Defend_R","Defend_R","Defend_R","Bash+1","Ghostly Armor","True Grit+1","Inflame+1","Rampage+1","Headbutt","Barricade","Shrug It Off+1","True Grit+1"],"relics":["Burning Blood","NeowsBlessing","Dream Catcher","Lizard Tail","Omamori","Medical Kit","Busted Crown","Sundial"],"acts_visited":["Exordium","TheCity"],"potions_floor_usage":[27,27],"damage_taken":[{"damage":0.0,"enemies":"Jaw Worm","floor":1.0,"turns":1.0},{"damage":0.0,"enemies":"2 Louse","floor":3.0,"turns":1.0},{"damage":0.0,"enemies":"Lagavulin","floor":6.0,"turns":2.0},{"damage":18.0,"enemies":"Gremlin Nob","floor":8.0,"turns":4.0},{"damage":0.0,"enemies":"Cultist","floor":12.0,"turns":3.0},{"damage":15.0,"enemies":"Large Slime","floor":14.0,"turns":9.0},{"damage":48.0,"enemies":"Hexaghost","floor":16.0,"turns":12.0},{"damage":18.0,"enemies":"2 Thieves","floor":18.0,"turns":4.0},{"damage":0.0,"enemies":"Chosen","floor":19.0,"turns":4.0},{"damage":36.0,"enemies":"Snake Plant","floor":21.0,"turns":5.0},{"damage":49.0,"enemies":"Cultist and Chosen","floor":24.0,"turns":10.0},{"damage":35,"enemies":"Gremlin Leader","floor":27,"turns":4}],"seed_played":"4922980473406606917","potions_obtained":[{"floor":1.0,"key":"PowerPotion"},{"floor":6.0,"key":"DuplicationPotion"},{"floor":8.0,"key":"Regen Potion"},{"floor":12.0,"key":"PowerPotion"},{"floor":19.0,"key":"SkillPotion"},{"floor":24.0,"key":"BlessingOfTheForge"}],"is_trial":false,"path_per_floor":["M","?","M","?","?","E","R","E","T","$","R","M","$","M","R","B",null,"M","M","$","M","?","R","M","R","T","E"],"character_chosen":"IRONCLAD","items_purchased":["Medical Kit","Rampage"],"campfire_rested":0,"item_purchase_floors":[10,10],"current_hp_per_floor":[78,67,73,66,66,72,72,60,60,60,60,66,66,57,57,30,68,56,62,62,32,32,32,35,35,35,0,0],"gold":61,"neow_bonus":"THREE_ENEMY_KILL","is_daily":false,"chose_seed":false,"campfire_upgraded":5,"win_rate":0.0,"timestamp":1611836238,"path_taken":["M","?","M","?","?","E","R","E","T","$","R","?","$","M","R","BOSS","M","M","$","M","?","R","M","R","T","E"],"items_purchased_type":["Relic","Card"],"build_version":"2020-12-22","purchased_purges":2,"victory":false,"max_hp_per_floor":[80,80,80,80,80,80,80,80,80,80,80,80,80,80,80,80,80,80,80,80,80,80,80,80,80,80,80,80],"card_choices":[{"not_picked":["Headbutt","Clash"],"picked":"Ghostly Armor","floor":1.0},{"not_picked":["Feel No Pain","Cleave"],"picked":"True Grit","floor":3.0},{"not_picked":["Armaments","Spot Weakness"],"picked":"Inflame","floor":6.0},{"not_picked":["Armaments","Ghostly Armor","Clash"],"picked":"SKIP","floor":8.0},{"not_picked":["Headbutt","Thunderclap","Sword Boomerang"],"picked":"SKIP","floor":12.0},{"not_picked":["Thunderclap","Sword Boomerang"],"picked":"Headbutt","floor":12.0},{"not_picked":["Anger","Body Slam","Uppercut"],"picked":"SKIP","floor":14.0},{"not_picked":["Exhume","Demon Form"],"picked":"Barricade","floor":16.0},{"not_picked":["Anger+1"],"picked":"SKIP","floor":18.0},{"not_picked":["Ghostly Armor+1"],"picked":"SKIP","floor":19.0},{"not_picked":[],"picked":"Shrug It Off+1","floor":21.0},{"not_picked":["Searing Blow+1"],"picked":"SKIP","floor":24.0}],"player_experience":178614,"relics_obtained":[{"floor":6.0,"key":"Dream Catcher"},{"floor":8.0,"key":"Lizard Tail"},{"floor":9.0,"key":"Omamori"},{"floor":26.0,"key":"Sundial"}],"event_choices":[{"damage_healed":0.0,"max_hp_gain":0.0,"max_hp_loss":0.0,"gold_gain":75.0,"event_name":"World of Goop","player_choice":"Gather Gold","floor":2.0,"gold_loss":0.0,"damage_taken":11.0},{"cards_removed":["Strike_R"],"damage_healed":0.0,"max_hp_gain":0.0,"max_hp_loss":0.0,"gold_gain":0.0,"event_name":"Golden Wing","player_choice":"Card Removal","floor":4.0,"gold_loss":0.0,"damage_taken":7.0},{"damage_healed":0.0,"max_hp_gain":0.0,"max_hp_loss":0.0,"gold_gain":0.0,"event_name":"The Woman in Blue","player_choice":"Bought 0 Potions","floor":5.0,"gold_loss":0.0,"damage_taken":0.0},{"damage_healed":0.0,"max_hp_gain":0.0,"max_hp_loss":0.0,"gold_gain":0.0,"event_name":"The Library","player_choice":"Read","floor":22.0,"gold_loss":0.0,"damage_taken":0.0,"cards_obtained":["True Grit"]}],"is_beta":false,"boss_relics":[{"not_picked":["Coffee Dripper","Ectoplasm"],"picked":"Busted Crown"}],"items_purged_floors":[13,20],"is_endless":false,"potions_floor_spawned":[1,6,8,12,19,24],"killed_by":"Gremlin Leader","ascension_level":10}}