{"host":"684z1xpuwaoqmmh1","time":1611824520,"event":{"mods":["BaseMod","Downfall","Hermit","Jorbs\u0027s Wanderer Trilogy","Marisa????????","Minty Spire (QoL Compilation)","Robot Space Explorer","Shade Mod","StSLib","The Bug Knight","The Cursed","The Dragon Tamer","The Hayseed","The Hierophant","The Marked","The Mystic","The Runesmith","The Senshi"],"gold_per_floor":[112,131,50,66,66,101,101,101,125,125,169,181,193,193],"floor_reached":13,"language":"ENG","playtime":512,"items_purged":[],"score":114,"play_id":"da9bd183-b75a-486d-84a1-27ee17f456b1","local_time":"20210128110200","is_ascension_mode":true,"campfire_choices":[{"data":"Runesmith:LithiumIon","floor":8,"key":"SMITH"},{"data":"Runesmith:CraftMedicinae","floor":10,"key":"SMITH"}],"circlet_count":0,"master_deck":["Runesmith:Strike_RS","Runesmith:Strike_RS","Runesmith:Strike_RS","Runesmith:Strike_RS","Runesmith:Defend_RS","Runesmith:Defend_RS","Runesmith:Defend_RS","Runesmith:Defend_RS","Runesmith:CraftFirestone","Runesmith:Fortify","Runesmith:CraftVitae","Runesmith:EnergizedChisel","Runesmith:LithiumIon+1","Runesmith:Refine","Runesmith:CraftMedicinae+1","Runesmith:BackupBattery"],"relics":["Runesmith:BrokenRuby","bronze:BronzeIdol","Blue Candle","CeramicFish","MawBank","Golden Idol"],"acts_visited":["Exordium"],"potions_floor_usage":[6],"damage_taken":[{"damage":0,"enemies":"Small Slimes","floor":1,"turns":4},{"damage":1,"enemies":"2 Louse","floor":2,"turns":3},{"damage":0,"enemies":"Cultist","floor":4,"turns":4},{"damage":26,"enemies":"Gremlin Nob","floor":6,"turns":5},{"damage":10,"enemies":"Lagavulin","floor":11,"turns":6},{"damage":52,"enemies":"Gremlin Nob","floor":13,"turns":4}],"seed_played":"1538297046651695049","potions_obtained":[{"floor":2,"key":"FearPotion"},{"floor":11,"key":"SteroidPotion"}],"is_trial":false,"path_per_floor":["M","M","$","M","?","E","?","R","T","R","E","?","E"],"character_chosen":"RUNESMITH_CLASS","items_purchased":["Runesmith:LithiumIon"],"campfire_rested":0,"item_purchase_floors":[3],"current_hp_per_floor":[77,76,76,76,81,55,50,50,50,50,40,40,0,0],"gold":193,"neow_bonus":"TEN_PERCENT_HP_BONUS","is_daily":false,"chose_seed":false,"campfire_upgraded":2,"win_rate":0.0,"timestamp":1611824520,"path_taken":["M","M","$","M","?","E","?","R","T","R","E","?","E"],"items_purchased_type":["Card"],"build_version":"2020-12-22","purchased_purges":0,"victory":false,"max_hp_per_floor":[77,77,77,77,82,82,82,82,82,82,82,76,76,76],"card_choices":[{"not_picked":["Runesmith:Grindstone","Runesmith:RuneHurl"],"picked":"Runesmith:CraftVitae","floor":1},{"not_picked":["Runesmith:Superposition","Runesmith:RuneHurl"],"picked":"Runesmith:EnergizedChisel","floor":2},{"not_picked":["Runesmith:Grindstone","Runesmith:HeatExchange"],"picked":"Runesmith:Refine","floor":4},{"not_picked":["Runesmith:RunicBlueprint","Runesmith:Permafrost"],"picked":"Runesmith:CraftMedicinae","floor":6},{"not_picked":["Runesmith:Reinforce","Runesmith:RunicBlueprint"],"picked":"Runesmith:BackupBattery","floor":11}],"player_experience":2975194,"relics_obtained":[{"floor":6,"key":"bronze:BronzeIdol"},{"floor":9,"key":"CeramicFish"},{"floor":11,"key":"MawBank"}],"event_choices":[{"damage_healed":0,"gold_gain":0,"player_choice":"Donut","damage_taken":0,"max_hp_gain":5,"max_hp_loss":0,"event_name":"Big Fish","floor":5,"gold_loss":0},{"damage_healed":0,"gold_gain":0,"player_choice":"Lose Max HP","damage_taken":0,"relics_obtained":["Golden Idol"],"max_hp_gain":0,"max_hp_loss":6,"event_name":"Golden Idol","floor":12,"gold_loss":0}],"is_beta":false,"boss_relics":[],"items_purged_floors":[],"is_endless":false,"potions_floor_spawned":[2,11],"killed_by":"Gremlin Nob","ascension_level":5}}