{"host":"ojezjkpqju62j8xy","time":1611840249,"event":{"mods":["ATMod(°¢èªMod)","Act Like it!","Aspiration","BaseMod","Conspire","Minty Spire (QoL Compilation)","Pale of the Ancients","Replay The Spire","Spicy Shops","StSLib","[GremlinLeader]The Maniac","¡¾ÒÅÎï¿¨ÅÆ¡¿REMEMod"],"gold_per_floor":[115,95,109,109,143,143,178,178,178,198,239,239,282,282,282,386,386,409,409,409],"floor_reached":19,"language":"ZHS","playtime":471,"items_purged":[],"score":303,"play_id":"1b46414e-72e3-42e2-acc7-e4aee6bd2f5c","local_time":"20210128212409","is_ascension_mode":true,"campfire_choices":[{"floor":6,"key":"RECALL"},{"floor":12,"key":"REST"},{"floor":15,"key":"DIG"}],"circlet_count":0,"master_deck":["Strike_P","Strike_P","Strike_P","Strike_P","Defend_P","Defend_P","Defend_P","Defend_P","Eruption","Vigilance","AT_FamilyPortrait","REME_DataAnalysis","AT_DivineConfetti","SignatureMove","Indignation","JustLucky","Crescendo","AT_MachinaRedman","WreathOfFlame","Judgement","EmptyFist"],"relics":["PureWater","AT_ATBox","REME_ComplimentaryCards","NeowsBlessing","aspiration:BabyByrd","CeramicFish","Pear","Pet Ghost","Replay:Baseball","Nunchaku","Dream Catcher","SlaversCollar"],"acts_visited":["Exordium","TheCity"],"potions_floor_usage":[11,16],"damage_taken":[{"damage":0,"enemies":"Jaw Worm","floor":1,"turns":1},{"damage":0,"enemies":"Cultist","floor":3,"turns":1},{"damage":0,"enemies":"conspire:MimicChest","floor":5,"turns":1},{"damage":0,"enemies":"Gremlin Nob","floor":7,"turns":2},{"damage":0,"enemies":"Small Slimes","floor":10,"turns":3},{"damage":20,"enemies":"3 Sentries","floor":11,"turns":6},{"damage":2,"enemies":"Lagavulin","floor":13,"turns":3},{"damage":70,"enemies":"Hexaghost","floor":16,"turns":6},{"damage":20,"enemies":"2 Thieves","floor":18,"turns":4},{"damage":14,"enemies":"Shell Parasite","floor":19,"turns":2}],"seed_played":"2963126320914499923","potions_obtained":[{"floor":1,"key":"Elixir"},{"floor":2,"key":"SkillPotion"},{"floor":10,"key":"Fire Potion"},{"floor":11,"key":"Swift Potion"},{"floor":13,"key":"Strength Potion"}],"is_trial":false,"path_per_floor":["M","?","M","?","?","R","E","?","T","M","E","R","E","T","R","B",null,"M","M"],"character_chosen":"WATCHER","items_purchased":[],"campfire_rested":1,"item_purchase_floors":[],"current_hp_per_floor":[65,65,65,65,65,65,75,75,75,75,55,79,77,77,77,7,63,43,29,29],"gold":409,"neow_bonus":"THREE_ENEMY_KILL","is_daily":false,"chose_seed":false,"campfire_upgraded":0,"win_rate":0.0,"timestamp":1611840249,"path_taken":["M","?","?","?","?","R","E","?","T","M","E","R","E","?","R","BOSS","M","M"],"items_purchased_type":[],"build_version":"2020-12-22","purchased_purges":0,"victory":false,"max_hp_per_floor":[72,72,72,72,72,72,82,82,82,82,82,82,82,82,82,82,82,82,82,82],"card_choices":[{"not_picked":["EmptyBody","Sanctity"],"picked":"AT_DivineConfetti","floor":1},{"not_picked":["PathToVictory","Nirvana"],"picked":"SignatureMove","floor":3},{"not_picked":["Replay:DivineShield","Prostrate"],"picked":"Indignation","floor":5},{"not_picked":["EmptyBody","Replay:BluntJabs"],"picked":"JustLucky","floor":7},{"not_picked":["FlyingSleeves","FlurryOfBlows"],"picked":"Crescendo","floor":10},{"not_picked":["CrushJoints","Tantrum"],"picked":"AT_MachinaRedman","floor":11},{"not_picked":["JustLucky","Fasting2"],"picked":"WreathOfFlame","floor":13},{"not_picked":["DevaForm","Scrawl"],"picked":"Judgement","floor":16},{"not_picked":["REME_Repentance","Pray+1"],"picked":"EmptyFist","floor":18}],"player_experience":1414971,"relics_obtained":[{"floor":5,"key":"CeramicFish"},{"floor":7,"key":"Pear"},{"floor":11,"key":"Pet Ghost"},{"floor":13,"key":"Replay:Baseball"},{"floor":14,"key":"Nunchaku"},{"floor":15,"key":"Dream Catcher"}],"event_choices":[{"damage_healed":0,"gold_gain":0,"player_choice":"Bought 1 Potion","damage_taken":0,"max_hp_gain":0,"max_hp_loss":0,"event_name":"The Woman in Blue","floor":2,"gold_loss":0},{"damage_healed":0,"gold_gain":0,"player_choice":"Disagree","damage_taken":0,"max_hp_gain":0,"max_hp_loss":0,"event_name":"conspire:LoneGhost","floor":8,"gold_loss":0}],"is_beta":false,"boss_relics":[{"not_picked":["Replay:Drink Me","aspiration:IroncladSkillbook"],"picked":"SlaversCollar"}],"items_purged_floors":[],"is_endless":false,"potions_floor_spawned":[1,10,11,13],"killed_by":"Shell Parasite","ascension_level":6}}