{"host":"vumwfieg2b2mnrfl","time":1611873012,"event":{"mods":["AchievementEnabler","BaseMod","Minty Spire (QoL Compilation)","Rare Cards Sparkle","Relic Stats"],"gold_per_floor":[117,140,105,123,123,150,150,150,150,150,179,179,212,225,225,322,322,332,257,267,11,29,29,64,79,79,96,96,96,106,106,106],"floor_reached":31,"language":"ENG","playtime":1051,"items_purged":["Defend_B","Strike_B"],"score":410,"play_id":"749f0e4d-152a-4291-a2c6-c921b1835b47","local_time":"20210128163012","is_ascension_mode":true,"campfire_choices":[{"data":"Capacitor","floor":7,"key":"SMITH"},{"data":"Doom and Gloom","floor":10,"key":"SMITH"},{"data":"Zap","floor":12,"key":"SMITH"},{"floor":15,"key":"REST"},{"floor":23,"key":"REST"},{"floor":28,"key":"REST"}],"circlet_count":0,"master_deck":["AscendersBane","Strike_B+1","Strike_B+1","Defend_B","Defend_B","Defend_B","Zap+1","Dualcast","Hologram","Doom and Gloom+1","Steam","Capacitor+1","Ball Lightning","Capacitor","Amplify","Redo+1","Chill+1","Zap+1","Barrage+1","Chaos","Compile Driver"],"relics":["Cracked Core","Lantern","Bag of Preparation","InkBottle","Whetstone","Bronze Scales","Darkstone Periapt","SlaversCollar","DollysMirror","Regal Pillow","Pear"],"acts_visited":["Exordium","TheCity"],"potions_floor_usage":[11,16,24],"damage_taken":[{"damage":1,"enemies":"Cultist","floor":1,"turns":3},{"damage":0,"enemies":"2 Louse","floor":4,"turns":2},{"damage":23,"enemies":"Lagavulin","floor":6,"turns":7},{"damage":4,"enemies":"3 Sentries","floor":11,"turns":4},{"damage":36,"enemies":"Lagavulin","floor":13,"turns":7},{"damage":0,"enemies":"Small Slimes","floor":14,"turns":1},{"damage":24,"enemies":"The Guardian","floor":16,"turns":9},{"damage":22,"enemies":"Shell Parasite","floor":18,"turns":6},{"damage":17,"enemies":"2 Thieves","floor":20,"turns":3},{"damage":42,"enemies":"Snecko","floor":22,"turns":6},{"damage":21,"enemies":"Slavers","floor":24,"turns":3},{"damage":15,"enemies":"Snake Plant","floor":25,"turns":4},{"damage":10,"enemies":"Centurion and Healer","floor":27,"turns":7},{"damage":28,"enemies":"Snecko","floor":30,"turns":5},{"damage":22,"enemies":"3 Cultists","floor":31,"turns":3}],"seed_played":"-9076800156205604168","potions_obtained":[{"floor":1,"key":"Explosive Potion"},{"floor":6,"key":"SpeedPotion"},{"floor":11,"key":"Explosive Potion"},{"floor":13,"key":"FairyPotion"},{"floor":16,"key":"PotionOfCapacity"},{"floor":25,"key":"PotionOfCapacity"},{"floor":27,"key":"Strength Potion"}],"is_trial":false,"path_per_floor":["M","T","$","M","$","E","R","?","T","R","E","R","E","M","R","B",null,"M","$","M","$","M","R","E","M","T","M","R","?","M","M"],"character_chosen":"DEFECT","items_purchased":["Doom and Gloom","DollysMirror"],"campfire_rested":3,"item_purchase_floors":[3,21],"current_hp_per_floor":[67,67,67,67,67,44,44,44,44,44,40,40,4,4,26,2,57,35,35,18,18,22,44,23,8,18,8,48,48,20,0,0],"gold":106,"neow_bonus":"RANDOM_COMMON_RELIC","is_daily":false,"chose_seed":false,"campfire_upgraded":3,"win_rate":0.0,"timestamp":1611873012,"path_taken":["M","?","?","M","$","E","R","?","T","R","E","R","E","M","R","BOSS","M","$","?","$","M","R","E","M","T","M","R","?","M","M"],"items_purchased_type":["Card","Relic"],"build_version":"2020-12-22","purchased_purges":2,"victory":false,"max_hp_per_floor":[75,75,75,75,75,75,75,75,75,75,75,75,75,75,75,75,75,75,75,75,75,75,75,75,75,85,85,85,85,85,85,85],"relic_stats":{"Darkstone Periapt":0,"Regal Pillow":15,"counters":[15,70],"Bronze Scales":[147],"Bag of Preparation":[28],"Whetstone":["Strike_B","Strike_B"],"obtain_stats":[{"Darkstone Periapt":13,"SlaversCollar":17,"Lantern":0,"Regal Pillow":24,"Pear":26,"DollysMirror":21,"Bronze Scales":11,"Bag of Preparation":2,"Whetstone":9,"Cracked Core":0,"InkBottle":6},{"Darkstone Periapt":5,"SlaversCollar":7,"Lantern":0,"Regal Pillow":11,"Pear":12,"DollysMirror":9,"Bronze Scales":4,"Bag of Preparation":1,"Whetstone":3,"Cracked Core":0,"InkBottle":3},{"Darkstone Periapt":23,"SlaversCollar":33,"Lantern":0,"Regal Pillow":51,"Pear":55,"DollysMirror":42,"Bronze Scales":16,"Bag of Preparation":3,"Whetstone":12,"Cracked Core":0,"InkBottle":12}],"InkBottle":[20]},"card_choices":[{"not_picked":["Reprogram","BootSequence"],"picked":"Hologram","floor":1},{"not_picked":["Reinforced Body","Storm"],"picked":"Steam","floor":4},{"not_picked":["Core Surge","Redo"],"picked":"Capacitor","floor":6},{"not_picked":["Reprogram","Compile Driver","Sunder"],"picked":"SKIP","floor":11},{"not_picked":["Gash","Hologram"],"picked":"Ball Lightning","floor":13},{"not_picked":["Static Discharge","Stack"],"picked":"Capacitor","floor":14},{"not_picked":["Hyperbeam","Reboot"],"picked":"Amplify","floor":16},{"not_picked":["Stack+1","Streamline"],"picked":"Redo+1","floor":18},{"not_picked":["Rip and Tear+1","White Noise+1"],"picked":"Chill+1","floor":20},{"not_picked":["Go for the Eyes","Gash","Rip and Tear"],"picked":"SKIP","floor":22},{"not_picked":["Leap","Streamline"],"picked":"Barrage+1","floor":24},{"not_picked":["Amplify","Gash"],"picked":"Chaos","floor":25},{"not_picked":["Stack","Conserve Battery"],"picked":"Compile Driver","floor":27},{"not_picked":["Heatsinks+1","Beam Cell","Sweeping Beam+1"],"picked":"SKIP","floor":30}],"player_experience":486253,"relics_obtained":[{"floor":2,"key":"Bag of Preparation"},{"floor":6,"key":"InkBottle"},{"floor":9,"key":"Whetstone"},{"floor":11,"key":"Bronze Scales"},{"floor":13,"key":"Darkstone Periapt"},{"floor":24,"key":"Regal Pillow"},{"floor":26,"key":"Pear"}],"event_choices":[{"cards_removed":["Strike_B"],"damage_healed":0,"gold_gain":0,"player_choice":"Offered Basic","damage_taken":0,"max_hp_gain":0,"max_hp_loss":0,"event_name":"Bonfire Elementals","floor":8,"gold_loss":0},{"damage_healed":0,"gold_gain":0,"player_choice":"Ignored","damage_taken":0,"max_hp_gain":0,"max_hp_loss":0,"event_name":"Ghosts","floor":29,"gold_loss":0}],"is_beta":false,"boss_relics":[{"not_picked":["Snecko Eye","Astrolabe"],"picked":"SlaversCollar"}],"items_purged_floors":[19,21],"is_endless":false,"potions_floor_spawned":[1,6,11,13,16,18,25,27],"killed_by":"3 Cultists","ascension_level":10}}