{"host":"2d0rd30cigwncx1y","time":1611852477,"event":{"mods":["BaseMod","Colored Map","Colored Powertips","Downfall","MarisaÅiñ∂âJÅ@ñÇóùçπÅj","Minty Spire (QoL Compilation)","Replay The Spire","StSLib","The Alterego","The Marked","The Servant 0.9.4"],"gold_per_floor":[99,113,126,126,136,161,185,185,216,236,269,269,282,40,50,50,50,50],"floor_reached":16,"language":"ENG","playtime":1597,"items_purged":["bronze:Strike"],"score":112,"play_id":"12bdae00-7ac4-483a-9d16-1bbbf0329a26","local_time":"20210128174757","is_ascension_mode":false,"campfire_choices":[{"data":"bronze:Replicate","floor":1,"key":"SMITH"},{"data":"bronze:BuggyMess","floor":12,"key":"SMITH"}],"circlet_count":0,"master_deck":["bronze:Strike","bronze:Strike","bronze:Defend","bronze:Defend+1","bronze:Defend","bronze:Defend","bronze:Replicate+1","bronze:Goto","bronze:Overload","bronze:Return","bronze:Frontload","bronze:Shield","bronze:BuggyMess+1","bronze:BugBarrage"],"relics":["bronze:BronzeCore","Anchor","Pet Ghost","Happy Flower","PreservedInsect","Blue Doll"],"acts_visited":["Exordium"],"potions_floor_usage":[11,16],"damage_taken":[{"damage":5,"enemies":"Jaw Worm","floor":2,"turns":4},{"damage":0,"enemies":"Cultist","floor":3,"turns":3},{"damage":0,"enemies":"Small Slimes","floor":5,"turns":4},{"damage":4,"enemies":"Lagavulin","floor":9,"turns":8},{"damage":12,"enemies":"Exordium Thugs","floor":10,"turns":5},{"damage":7,"enemies":"Replay:BlueRogue","floor":11,"turns":10},{"damage":11,"enemies":"Blue Slaver","floor":13,"turns":5},{"damage":0,"enemies":"downfall:FleeingMerchant","floor":14,"turns":4},{"damage":0,"enemies":"Exordium Wildlife","floor":15,"turns":3},{"damage":42,"enemies":"WA_ARCHETYPE_RETAIN","floor":16,"turns":9}],"seed_played":"7560077143104786090","potions_obtained":[{"floor":5,"key":"PowerPotion"},{"floor":9,"key":"Elixir"},{"floor":11,"key":"champ:CounterPotion"},{"floor":13,"key":"SteroidPotion"}],"is_trial":false,"path_per_floor":["R","M","M","?","M","T","T","?","E","M","E","R","M","$","M","B"],"character_chosen":"THE_AUTOMATON","items_purchased":["Blue Doll"],"campfire_rested":0,"item_purchase_floors":[14],"current_hp_per_floor":[77,72,72,72,72,72,72,72,68,56,49,49,38,38,38,0,0,0],"gold":50,"neow_bonus":"TEN_PERCENT_HP_BONUS","is_daily":false,"chose_seed":false,"campfire_upgraded":2,"win_rate":0.0,"timestamp":1611852477,"path_taken":["R","M","M","?","M","?","T","?","E","M","E","R","M","$","M","BOSS"],"items_purchased_type":["Relic"],"build_version":"2020-12-22","purchased_purges":1,"victory":false,"max_hp_per_floor":[77,77,77,77,77,77,77,77,77,77,77,77,77,77,77,77,77,77],"card_choices":[{"not_picked":["bronze:DelayedSlice","bronze:Philosophize"],"picked":"bronze:Overload","floor":2},{"not_picked":["bronze:DelayedSlice","bronze:DelayedGuard"],"picked":"bronze:Return","floor":3},{"not_picked":["bronze:BitShift","bronze:Fortify"],"picked":"bronze:Frontload","floor":5},{"not_picked":["bronze:Invalidate","bronze:Turbo","bronze:CleanCode"],"picked":"SKIP","floor":9},{"not_picked":["bronze:BitShift","bronze:Iterate"],"picked":"bronze:Shield","floor":10},{"not_picked":["bronze:Shell","bronze:Iterate"],"picked":"bronze:BuggyMess","floor":11},{"not_picked":["bronze:Return","bronze:DigitalCarnage","bronze:FineTuning"],"picked":"SKIP","floor":13},{"not_picked":["bronze:BitShift","bronze:CutThrough"],"picked":"bronze:BugBarrage","floor":14},{"not_picked":["bronze:FollowUp","bronze:Return","bronze:Overheat"],"picked":"SKIP","floor":15}],"player_experience":99529,"relics_obtained":[{"floor":6,"key":"Anchor"},{"floor":7,"key":"Pet Ghost"},{"floor":9,"key":"Happy Flower"},{"floor":11,"key":"PreservedInsect"}],"event_choices":[],"is_beta":false,"boss_relics":[],"items_purged_floors":[14],"is_endless":false,"potions_floor_spawned":[5,9,11,13],"killed_by":"WA_ARCHETYPE_RETAIN","ascension_level":0}}