{"host":"kkntor5wdjky96yl","time":1611852785,"event":{"mods":["AchievementEnabler","BaseMod","Colored Map","KOR Keyword Fix","Minty Spire (QoL Compilation)","Shop Mod","StSLib","SuperFastMode","Swap Starting Deck Mod"],"gold_per_floor":[112,112,127,142,142,171,171,202,202,202,218,218,218,230,230,333,333,351,169,169,188,131,462,462,472,495,523,523,623,651,667,667,768,768,784,784,162,162,210,210,240,240,240,240,272,290,321,338,338,338],"floor_reached":51,"language":"KOR","playtime":1227,"items_purged":["Choke","Regret"],"score":1376,"play_id":"0b674c0a-941c-47fa-86c3-1ff81e433f01","local_time":"20210129015305","is_ascension_mode":true,"campfire_choices":[{"data":"Accuracy","floor":7,"key":"SMITH"},{"data":"Cloak And Dagger","floor":10,"key":"SMITH"},{"data":"Cloak And Dagger","floor":13,"key":"SMITH"},{"data":"Cloak And Dagger","floor":15,"key":"SMITH"},{"data":"Finisher","floor":24,"key":"SMITH"},{"data":"Phantasmal Killer","floor":28,"key":"SMITH"},{"data":"Terror","floor":32,"key":"SMITH"},{"data":"1","floor":40,"key":"LIFT"},{"data":"2","floor":42,"key":"LIFT"},{"data":"Doubt","floor":44,"key":"PURGE"},{"floor":49,"key":"REST"}],"circlet_count":0,"master_deck":["Slice","Slice","Slice","Slice","Finisher+1","Cloak And Dagger+1","Cloak And Dagger+1","Cloak And Dagger+1","Cloak And Dagger+1","Blade Dance+1","Accuracy+1","Blade Dance","Phantasmal Killer+1","Terror+1","Phantasmal Killer","Dark Shackles+1","Blade Dance+1","Calculated Gamble+1"],"relics":["Ring of the Snake","swapstartingdeckmod:DeadBlossom","Blood Vial","The Courier","Ninja Scroll","Cursed Key","Oddly Smooth Stone","MerchantsRug","Old Coin","Snake Skull","Turnip","Lizard Tail","Darkstone Periapt","Centennial Puzzle","Black Star","Vajra","Ice Cream","Girya","Peace Pipe","CaptainsWheel","Pantograph","MealTicket","Eternal Feather","War Paint","Bronze Scales","Potion Belt"],"acts_visited":["Exordium","TheCity","TheBeyond"],"potions_floor_usage":[1,41],"damage_taken":[{"damage":0,"enemies":"Small Slimes","floor":1,"turns":1},{"damage":0,"enemies":"2 Louse","floor":3,"turns":2},{"damage":0,"enemies":"Cultist","floor":4,"turns":2},{"damage":14,"enemies":"Lagavulin","floor":6,"turns":3},{"damage":4,"enemies":"3 Sentries","floor":8,"turns":3},{"damage":0,"enemies":"Looter","floor":11,"turns":1},{"damage":0,"enemies":"Blue Slaver","floor":14,"turns":1},{"damage":0,"enemies":"Slime Boss","floor":16,"turns":4},{"damage":0,"enemies":"2 Thieves","floor":18,"turns":1},{"damage":0,"enemies":"Shell Parasite","floor":21,"turns":1},{"damage":0,"enemies":"Book of Stabbing","floor":23,"turns":2},{"damage":0,"enemies":"Snecko","floor":25,"turns":1},{"damage":0,"enemies":"Slavers","floor":27,"turns":2},{"damage":0,"enemies":"Colosseum Slavers","floor":29,"turns":1},{"damage":0,"enemies":"Colosseum Nobs","floor":29,"turns":2},{"damage":14,"enemies":"Gremlin Leader","floor":30,"turns":2},{"damage":7,"enemies":"3 Cultists","floor":31,"turns":3},{"damage":22,"enemies":"Collector","floor":33,"turns":3},{"damage":0,"enemies":"Orb Walker","floor":35,"turns":1},{"damage":1,"enemies":"2 Orb Walkers","floor":39,"turns":2},{"damage":26,"enemies":"Nemesis","floor":41,"turns":3},{"damage":0,"enemies":"Reptomancer","floor":45,"turns":2},{"damage":0,"enemies":"3 Darklings","floor":46,"turns":3},{"damage":0,"enemies":"Nemesis","floor":47,"turns":1},{"damage":0,"enemies":"Spire Growth","floor":48,"turns":2},{"damage":16,"enemies":"Awakened One","floor":50,"turns":4}],"seed_played":"3638516466304678011","potions_obtained":[{"floor":1,"key":"Fruit Juice"},{"floor":8,"key":"BlessingOfTheForge"},{"floor":14,"key":"LiquidMemories"},{"floor":16,"key":"DuplicationPotion"},{"floor":23,"key":"SpeedPotion"},{"floor":27,"key":"LiquidBronze"},{"floor":35,"key":"Block Potion"},{"floor":45,"key":"SteroidPotion"}],"is_trial":false,"path_per_floor":["M","?","M","M","$","E","R","E","T","R","M","?","R","M","R","B",null,"M","$","?","M","$","E","R","M","T","E","R","?","E","M","R","B",null,"M","?","$","?","?","R","E","R","T","R","E","M","E","M","R","B",null],"character_chosen":"THE_SILENT","items_purchased":["Oddly Smooth Stone","MerchantsRug","Vajra","Ice Cream","Girya"],"campfire_rested":1,"item_purchase_floors":[19,22,37,37,37],"current_hp_per_floor":[66,66,66,66,66,52,52,49,49,49,50,50,50,51,51,52,61,62,62,62,63,63,64,64,65,65,66,66,68,55,49,49,28,46,47,47,47,47,47,47,22,22,25,25,26,27,28,29,46,44],"gold":338,"neow_bonus":"","is_daily":false,"chose_seed":false,"campfire_upgraded":7,"win_rate":0.0,"timestamp":1611852785,"path_taken":["M","?","M","M","$","E","R","E","T","R","M","?","R","M","R","BOSS","M","$","?","M","$","E","R","M","T","E","R","?","E","M","R","BOSS","M","?","$","?","?","R","E","R","T","R","E","M","E","M","R","BOSS"],"items_purchased_type":["Relic","Relic","Relic","Relic","Relic"],"build_version":"2020-12-22","purchased_purges":2,"victory":true,"max_hp_per_floor":[75,75,75,75,75,75,75,75,75,75,75,75,75,75,75,75,75,75,75,75,75,75,75,75,75,75,75,75,75,75,75,75,75,75,75,75,75,71,71,71,71,71,77,77,77,77,77,77,77,77],"card_choices":[{"not_picked":["Expertise","Dagger Throw"],"picked":"Choke","floor":1},{"not_picked":["Sucker Punch","Underhanded Strike"],"picked":"Accuracy","floor":3},{"not_picked":["Dagger Spray","Bane","Cloak And Dagger"],"picked":"SKIP","floor":4},{"not_picked":["Bane","Noxious Fumes"],"picked":"Blade Dance","floor":6},{"not_picked":["Tactician","Slice","Backflip"],"picked":"SKIP","floor":8},{"not_picked":["Escape Plan","Heel Hook","Bane"],"picked":"SKIP","floor":11},{"not_picked":["Choke","Escape Plan","Acrobatics"],"picked":"SKIP","floor":14},{"not_picked":["Tools of the Trade","Die Die Die"],"picked":"Phantasmal Killer","floor":16},{"not_picked":["Dagger Spray","Quick Slash+1","Escape Plan+1"],"picked":"SKIP","floor":18},{"not_picked":["Endless Agony+1","Dagger Throw","Deflect"],"picked":"SKIP","floor":21},{"not_picked":["Flechettes","Outmaneuver","Prepared"],"picked":"SKIP","floor":23},{"not_picked":["Deflect","Prepared","Dodge and Roll"],"picked":"SKIP","floor":25},{"not_picked":["Blade Dance","Masterful Stab+1","Crippling Poison"],"picked":"SKIP","floor":27},{"not_picked":["Concentrate","Deadly Poison+1","Malaise"],"picked":"SKIP","floor":30},{"not_picked":["Riddle With Holes+1","Deflect","Acrobatics"],"picked":"SKIP","floor":31},{"not_picked":["Corpse Explosion","Die Die Die"],"picked":"Phantasmal Killer","floor":33},{"not_picked":["Escape Plan","PiercingWail","Prepared"],"picked":"SKIP","floor":35},{"not_picked":["Swift Strike","Trip"],"picked":"Dark Shackles","floor":36},{"not_picked":["Malaise","Backflip+1","Bane"],"picked":"SKIP","floor":41},{"not_picked":["Underhanded Strike","Heel Hook"],"picked":"Blade Dance+1","floor":45},{"not_picked":["Unload","Blade Dance"],"picked":"Calculated Gamble+1","floor":46},{"not_picked":["Heel Hook","Poisoned Stab+1","Distraction+1"],"picked":"SKIP","floor":47},{"not_picked":["Prepared+1","Distraction+1","Poisoned Stab+1"],"picked":"SKIP","floor":48}],"player_experience":112953,"relics_obtained":[{"floor":6,"key":"Blood Vial"},{"floor":8,"key":"The Courier"},{"floor":9,"key":"Ninja Scroll"},{"floor":23,"key":"Old Coin"},{"floor":26,"key":"Snake Skull"},{"floor":27,"key":"Turnip"},{"floor":29,"key":"Lizard Tail"},{"floor":29,"key":"Darkstone Periapt"},{"floor":30,"key":"Centennial Puzzle"},{"floor":39,"key":"Peace Pipe"},{"floor":41,"key":"CaptainsWheel"},{"floor":41,"key":"Pantograph"},{"floor":43,"key":"MealTicket"},{"floor":45,"key":"Eternal Feather"},{"floor":45,"key":"War Paint"},{"floor":47,"key":"Bronze Scales"},{"floor":47,"key":"Potion Belt"}],"event_choices":[{"damage_healed":0,"gold_gain":0,"player_choice":"Leave","damage_taken":0,"max_hp_gain":0,"max_hp_loss":0,"event_name":"The Cleric","floor":2,"gold_loss":0},{"damage_healed":0,"gold_gain":0,"player_choice":"Upgraded","damage_taken":0,"max_hp_gain":0,"max_hp_loss":0,"event_name":"Upgrade Shrine","floor":12,"gold_loss":0,"cards_upgraded":["Cloak And Dagger"]},{"damage_healed":0,"gold_gain":0,"player_choice":"Read","damage_taken":0,"max_hp_gain":0,"max_hp_loss":0,"event_name":"The Library","floor":20,"gold_loss":0,"cards_obtained":["Terror"]},{"damage_healed":0,"gold_gain":0,"player_choice":"Fight","damage_taken":0,"max_hp_gain":0,"max_hp_loss":0,"event_name":"Colosseum","floor":29,"gold_loss":0},{"damage_healed":0,"gold_gain":0,"player_choice":"Fought Nobs","damage_taken":0,"max_hp_gain":0,"max_hp_loss":0,"event_name":"Colosseum","floor":29,"gold_loss":0},{"damage_healed":0,"gold_gain":0,"player_choice":"Memory 1","damage_taken":0,"max_hp_gain":0,"max_hp_loss":0,"event_name":"SensoryStone","floor":36,"gold_loss":0},{"damage_healed":0,"gold_gain":0,"player_choice":"Max HP","damage_taken":0,"max_hp_gain":0,"max_hp_loss":4,"event_name":"Winding Halls","floor":38,"gold_loss":0},{"damage_healed":0,"gold_gain":0,"player_choice":"Fight","damage_taken":0,"max_hp_gain":0,"max_hp_loss":0,"event_name":"Mysterious Sphere","floor":39,"gold_loss":0}],"is_beta":false,"boss_relics":[{"not_picked":["Fusion Hammer","Ring of the Serpent"],"picked":"Cursed Key"},{"not_picked":["Pandora\u0027s Box","Busted Crown"],"picked":"Black Star"}],"items_purged_floors":[19,37],"is_endless":false,"potions_floor_spawned":[1,8,14,16,23,27,35,45],"ascension_level":6}}