{"host":"ga4s3hj9m6nkn6gp","time":1611865842,"event":{"mods":["AchievementEnabler","BaseMod","Bestiary","Colored Powertips","Highlight Path","Minty Spire (QoL Compilation)","Relic Stats","everything is the same but u backflip on backflip"],"gold_per_floor":[361,375,375,385,33,33,98,113,166,192,207,224,224,236,236,309,309,321,321,6,19,19,33,33,65,65,75,75,75,109,22,22,22,22],"floor_reached":33,"language":"ENG","playtime":1791,"items_purged":["Strike_G","Strike_G"],"score":624,"play_id":"72cdea6e-a06b-4c6b-97ab-fd9644535e29","local_time":"20210128213042","is_ascension_mode":true,"campfire_choices":[{"data":"Underhanded Strike","floor":6,"key":"SMITH"},{"data":"Catalyst","floor":13,"key":"SMITH"},{"floor":15,"key":"DIG"},{"data":"Wraith Form v2","floor":24,"key":"SMITH"},{"data":"Bouncing Flask","floor":28,"key":"SMITH"},{"floor":32,"key":"DIG"}],"circlet_count":0,"master_deck":["AscendersBane","Strike_G+1","Strike_G+1","Defend_G+1","Defend_G+1","Defend_G+1","Defend_G+1","Defend_G+1","Survivor","Neutralize","Terror","Bouncing Flask+1","Dagger Throw","Underhanded Strike+1","Dash","Catalyst+1","PiercingWail","Glass Knife","Wraith Form v2+1","CurseOfTheBell","Prepared+1","Corpse Explosion"],"relics":["Ring of the Snake","Membership Card","Letter Opener","Centennial Puzzle","Nunchaku","Shovel","Meat on the Bone","Calling Bell","Boot","Gremlin Horn","Bird Faced Urn","Eternal Feather","Medical Kit","Oddly Smooth Stone","White Beast Statue","Ancient Tea Set","ClockworkSouvenir","Kunai"],"acts_visited":["Exordium","TheCity"],"potions_floor_usage":[4,7,10,16,25,25,30,33],"damage_taken":[{"damage":1,"enemies":"2 Louse","floor":1,"turns":4},{"damage":2,"enemies":"Small Slimes","floor":2,"turns":4},{"damage":1,"enemies":"Cultist","floor":4,"turns":5},{"damage":21,"enemies":"Lagavulin Event","floor":7,"turns":5},{"damage":0,"enemies":"3 Louse","floor":8,"turns":3},{"damage":6,"enemies":"Gremlin Nob","floor":10,"turns":3},{"damage":4,"enemies":"Blue Slaver","floor":11,"turns":3},{"damage":7,"enemies":"Lots of Slimes","floor":12,"turns":5},{"damage":0,"enemies":"3 Louse","floor":14,"turns":3},{"damage":6,"enemies":"Hexaghost","floor":16,"turns":9},{"damage":17,"enemies":"Chosen","floor":18,"turns":5},{"damage":18,"enemies":"Shell Parasite","floor":21,"turns":7},{"damage":2,"enemies":"Centurion and Healer","floor":23,"turns":8},{"damage":15,"enemies":"Book of Stabbing","floor":25,"turns":5},{"damage":1,"enemies":"Snecko","floor":27,"turns":4},{"damage":25,"enemies":"Slavers","floor":30,"turns":4},{"damage":89,"enemies":"Champ","floor":33,"turns":10}],"seed_played":"4151696121844091814","potions_obtained":[{"floor":1,"key":"CultistPotion"},{"floor":2,"key":"CunningPotion"},{"floor":4,"key":"Dexterity Potion"},{"floor":8,"key":"DistilledChaos"},{"floor":18,"key":"GamblersBrew"},{"floor":23,"key":"DuplicationPotion"},{"floor":25,"key":"Swift Potion"},{"floor":27,"key":"Weak Potion"},{"floor":30,"key":"Ancient Potion"}],"is_trial":false,"path_per_floor":["M","M","?","M","$","R","?","M","T","E","M","M","R","M","R","B",null,"M","?","$","M","?","M","R","E","T","M","R","?","E","$","R","B"],"character_chosen":"THE_SILENT","items_purchased":["Membership Card","Letter Opener","Underhanded Strike","Eternal Feather","Medical Kit","DuplicationPotion","ClockworkSouvenir"],"campfire_rested":0,"item_purchase_floors":[5,5,5,20,20,20,31],"current_hp_per_floor":[58,56,49,48,48,48,27,27,27,21,17,10,10,10,10,16,49,32,32,32,28,28,40,52,39,39,40,52,52,39,39,51,0,0],"gold":22,"neow_bonus":"TWO_FIFTY_GOLD","is_daily":false,"chose_seed":false,"campfire_upgraded":4,"win_rate":0.0,"timestamp":1611865842,"path_taken":["M","M","?","M","$","R","?","M","T","E","M","M","R","M","R","BOSS","M","?","$","?","?","M","R","E","T","M","R","?","E","$","R","BOSS"],"items_purchased_type":["Relic","Relic","Card","Relic","Relic","Potion","Relic"],"build_version":"2020-12-22","purchased_purges":2,"victory":false,"max_hp_per_floor":[60,60,60,60,60,60,60,60,60,60,60,60,60,60,60,60,60,60,60,60,60,60,60,60,60,60,60,60,60,60,60,60,60,60],"relic_stats":{"Gremlin Horn":[3,3],"counters":[17,87],"Eternal Feather":36,"Letter Opener":[64],"Boot":[12],"Medical Kit":[4],"Centennial Puzzle":[33],"Nunchaku":[8],"Shovel":2,"Bird Faced Urn":[8],"Kunai":[1],"obtain_stats":[{"Gremlin Horn":17,"Oddly Smooth Stone":25,"Eternal Feather":20,"Letter Opener":5,"Boot":17,"Medical Kit":20,"Ancient Tea Set":30,"White Beast Statue":26,"ClockworkSouvenir":31,"Calling Bell":17,"Centennial Puzzle":7,"Nunchaku":9,"Shovel":10,"Bird Faced Urn":17,"Membership Card":5,"Kunai":32,"Ring of the Snake":0,"Meat on the Bone":15},{"Gremlin Horn":10,"Oddly Smooth Stone":14,"Eternal Feather":11,"Letter Opener":3,"Boot":10,"Medical Kit":11,"Ancient Tea Set":16,"White Beast Statue":14,"ClockworkSouvenir":16,"Calling Bell":10,"Centennial Puzzle":4,"Nunchaku":5,"Shovel":6,"Bird Faced Urn":10,"Membership Card":3,"Kunai":16,"Ring of the Snake":0,"Meat on the Bone":9},{"Gremlin Horn":44,"Oddly Smooth Stone":69,"Eternal Feather":49,"Letter Opener":13,"Boot":44,"Medical Kit":49,"Ancient Tea Set":77,"White Beast Statue":69,"ClockworkSouvenir":77,"Calling Bell":44,"Centennial Puzzle":18,"Nunchaku":21,"Shovel":24,"Bird Faced Urn":44,"Membership Card":13,"Kunai":77,"Ring of the Snake":0,"Meat on the Bone":35}],"Ring of the Snake":[34],"Meat on the Bone":48},"card_choices":[{"not_picked":["Flechettes","Underhanded Strike"],"picked":"Terror","floor":1},{"not_picked":["Concentrate","Acrobatics"],"picked":"Bouncing Flask","floor":2},{"not_picked":["Accuracy","Cloak And Dagger"],"picked":"Dagger Throw","floor":4},{"not_picked":["Outmaneuver","Predator"],"picked":"Dash","floor":7},{"not_picked":["Blur","Bouncing Flask","Deflect"],"picked":"SKIP","floor":8},{"not_picked":["Setup","Masterful Stab"],"picked":"Catalyst","floor":10},{"not_picked":["Setup","Endless Agony","Quick Slash"],"picked":"SKIP","floor":11},{"not_picked":["Poisoned Stab","Dagger Throw"],"picked":"PiercingWail","floor":12},{"not_picked":["Dagger Throw","Flying Knee"],"picked":"Glass Knife","floor":14},{"not_picked":["After Image","Venomology"],"picked":"Wraith Form v2","floor":16},{"not_picked":["Caltrops+1","Cloak And Dagger","Flechettes"],"picked":"SKIP","floor":18},{"not_picked":["Crippling Poison","Acrobatics"],"picked":"Prepared+1","floor":21},{"not_picked":["Slice","Backflip","Blade Dance"],"picked":"SKIP","floor":23},{"not_picked":["Caltrops+1","Backflip"],"picked":"Corpse Explosion","floor":25},{"not_picked":["Deflect","Bane","All Out Attack"],"picked":"SKIP","floor":27},{"not_picked":["Deflect","Skewer","All Out Attack"],"picked":"SKIP","floor":30}],"player_experience":708400,"relics_obtained":[{"floor":7,"key":"Centennial Puzzle"},{"floor":9,"key":"Nunchaku"},{"floor":10,"key":"Shovel"},{"floor":15,"key":"Meat on the Bone"},{"floor":17,"key":"Boot"},{"floor":17,"key":"Gremlin Horn"},{"floor":17,"key":"Bird Faced Urn"},{"floor":25,"key":"Oddly Smooth Stone"},{"floor":26,"key":"White Beast Statue"},{"floor":30,"key":"Ancient Tea Set"},{"floor":32,"key":"Kunai"}],"event_choices":[{"cards_removed":["Strike_G"],"damage_healed":0,"gold_gain":0,"player_choice":"Card Removal","damage_taken":7,"max_hp_gain":0,"max_hp_loss":0,"event_name":"Golden Wing","floor":3,"gold_loss":0},{"damage_healed":0,"gold_gain":0,"player_choice":"Searched \u00271\u0027 times","damage_taken":0,"max_hp_gain":0,"max_hp_loss":0,"event_name":"Dead Adventurer","floor":7,"gold_loss":0},{"damage_healed":0,"gold_gain":0,"player_choice":"0 cards matched","damage_taken":0,"max_hp_gain":0,"max_hp_loss":0,"event_name":"Match and Keep!","floor":19,"gold_loss":0,"cards_obtained":[]},{"damage_healed":0,"gold_gain":0,"player_choice":"Ignored","damage_taken":0,"max_hp_gain":0,"max_hp_loss":0,"event_name":"Vampires","floor":22,"gold_loss":0},{"damage_healed":0,"gold_gain":0,"player_choice":"Simplicity","damage_taken":0,"max_hp_gain":0,"max_hp_loss":0,"event_name":"Back to Basics","floor":29,"gold_loss":0,"cards_upgraded":["Strike_G","Strike_G","Defend_G","Defend_G","Defend_G","Defend_G","Defend_G"]}],"is_beta":false,"boss_relics":[{"not_picked":["Black Star","Tiny House"],"picked":"Calling Bell"}],"items_purged_floors":[5,20],"is_endless":false,"potions_floor_spawned":[1,2,4,8,18,23,25,27,30],"killed_by":"Champ","ascension_level":20}}