{"host":"g01l53quoe6lrer0","time":1611841835,"event":{"mods":["2.2 Compatiblity","AchievementEnabler","BaseMod","Colored Map","Highlight Path","Keyboard Shortcuts","Minty Spire (QoL Compilation)","Permanent Neow","StSLib","SuperFastMode","everything is the same but u backflip on backflip"],"gold_per_floor":[110,110,7,7,24,44,70,89,162,162,19,30,30,47,47,146,146,159,159,234,249,149,165,116,131,131,131,131,145,163,180,180,282,282,300,350,369,244,244,244],"floor_reached":39,"language":"KOR","playtime":1270,"items_purged":["Defend_P","Strike_P","Strike_P"],"score":597,"play_id":"e1bca51f-f8bb-4c51-979b-82af0e14308d","local_time":"20210128225035","is_ascension_mode":true,"campfire_choices":[{"data":"MentalFortress","floor":10.0,"key":"SMITH"},{"data":"EmptyMind","floor":13.0,"key":"SMITH"},{"floor":15.0,"key":"REST"},{"floor":27.0,"key":"REST"},{"floor":28.0,"key":"REST"},{"floor":32.0,"key":"REST"}],"circlet_count":0,"master_deck":["AscendersBane","Strike_P","Eruption+1","Vigilance","FlurryOfBlows+1","FearNoEvil","MentalFortress+1","EmptyMind+1","MentalFortress","MentalFortress+1","FlurryOfBlows+1"],"relics":["PureWater","Yang","Empty Cage","WingedGreaves","Sozu","CaptainsWheel"],"acts_visited":["Exordium","TheCity","TheBeyond"],"potions_floor_usage":[],"damage_taken":[{"damage":0.0,"enemies":"Cultist","floor":1.0,"turns":2.0},{"damage":0.0,"enemies":"2 Louse","floor":5.0,"turns":2.0},{"damage":0.0,"enemies":"Jaw Worm","floor":6.0,"turns":1.0},{"damage":16.0,"enemies":"Gremlin Nob","floor":7.0,"turns":4.0},{"damage":0.0,"enemies":"2 Fungi Beasts","floor":8.0,"turns":2.0},{"damage":0.0,"enemies":"Exordium Wildlife","floor":12.0,"turns":3.0},{"damage":8.0,"enemies":"Blue Slaver","floor":14.0,"turns":3.0},{"damage":31.0,"enemies":"Hexaghost","floor":16.0,"turns":10.0},{"damage":0.0,"enemies":"Chosen","floor":18.0,"turns":4.0},{"damage":4.0,"enemies":"3 Byrds","floor":21.0,"turns":4.0},{"damage":8.0,"enemies":"Centurion and Healer","floor":23.0,"turns":4.0},{"damage":12.0,"enemies":"3 Cultists","floor":25.0,"turns":4.0},{"damage":0.0,"enemies":"Snecko","floor":29.0,"turns":3.0},{"damage":12.0,"enemies":"Snake Plant","floor":30.0,"turns":3.0},{"damage":23.0,"enemies":"Centurion and Healer","floor":31.0,"turns":4.0},{"damage":65.0,"enemies":"Champ","floor":33.0,"turns":9.0},{"damage":13.0,"enemies":"Orb Walker","floor":35.0,"turns":4.0},{"damage":0.0,"enemies":"Mind Bloom Boss Battle","floor":36.0,"turns":6.0},{"damage":15.0,"enemies":"3 Darklings","floor":37.0,"turns":4.0},{"damage":24,"enemies":"4 Shapes","floor":39,"turns":4}],"seed_played":"-6427440612048861257","potions_obtained":[{"floor":5.0,"key":"FairyPotion"},{"floor":7.0,"key":"Ancient Potion"},{"floor":14.0,"key":"Swift Potion"},{"floor":29.0,"key":"StancePotion"},{"floor":30.0,"key":"BlessingOfTheForge"},{"floor":31.0,"key":"Energy Potion"}],"is_trial":false,"path_per_floor":["M","?","$","?","M","M","E","M","T","R","$","M","R","M","R","B",null,"M","$","?","M","$","M","$","M","T","R","R","M","M","M","R","B",null,"M","?","M","$","M"],"character_chosen":"WATCHER","items_purchased":["FearNoEvil","MentalFortress","MentalFortress","PowerPotion"],"campfire_rested":4,"item_purchase_floors":[3,3,11,24],"current_hp_per_floor":[65,65,65,65,65,65,49,49,49,49,49,49,49,41,60,29,56,56,56,50,46,46,38,38,26,26,45,64,64,52,29,48,4,50,37,37,22,22,0,0],"gold":244,"neow_bonus":"REMOVE_TWO","is_daily":false,"chose_seed":false,"campfire_upgraded":2,"win_rate":0.0,"timestamp":1611841835,"path_taken":["M","?","?","?","M","M","E","M","T","R","$","M","R","M","R","BOSS","M","$","?","M","$","M","$","?","T","R","R","M","M","M","R","BOSS","M","?","M","$","M"],"items_purchased_type":["Card","Card","Card","Potion"],"build_version":"2020-12-22","purchased_purges":3,"victory":false,"max_hp_per_floor":[65,65,65,65,65,65,65,65,65,65,65,65,65,65,65,65,65,65,65,65,65,65,65,65,65,65,65,65,65,65,65,65,65,65,65,65,65,65,65,65],"card_choices":[{"not_picked":["TalkToTheHand","Evaluate"],"picked":"FlurryOfBlows","floor":1.0},{"not_picked":["Nirvana","DeceiveReality"],"picked":"EmptyMind","floor":5.0},{"not_picked":["FlyingSleeves","LikeWater","ClearTheMind"],"picked":"SKIP","floor":6.0},{"not_picked":["ThirdEye","LikeWater","PathToVictory"],"picked":"SKIP","floor":7.0},{"not_picked":["ThirdEye","LikeWater","PathToVictory"],"picked":"SKIP","floor":7.0},{"not_picked":["FlurryOfBlows","Halt","Crescendo"],"picked":"SKIP","floor":8.0},{"not_picked":["Prostrate","ThirdEye","EmptyBody"],"picked":"SKIP","floor":12.0},{"not_picked":["FlyingSleeves","Tantrum","CrushJoints"],"picked":"SKIP","floor":14.0},{"not_picked":["Evaluate","ThirdEye","Pray"],"picked":"SKIP","floor":18.0},{"not_picked":["Crescendo","Consecrate","DeceiveReality"],"picked":"SKIP","floor":21.0},{"not_picked":["JustLucky","Worship+1","FollowUp"],"picked":"SKIP","floor":23.0},{"not_picked":["EmptyBody","Consecrate","LikeWater+1"],"picked":"SKIP","floor":25.0},{"not_picked":["SashWhip+1","WheelKick+1","SignatureMove+1"],"picked":"SKIP","floor":29.0},{"not_picked":["SignatureMove+1","Meditate","Evaluate+1"],"picked":"SKIP","floor":30.0},{"not_picked":["Indignation","Crescendo","Tantrum"],"picked":"SKIP","floor":31.0},{"not_picked":["EmptyFist","EmptyBody"],"picked":"MentalFortress+1","floor":35.0},{"not_picked":["SashWhip","Consecrate+1"],"picked":"FlurryOfBlows+1","floor":36.0},{"not_picked":["Fasting2","Protect","Worship"],"picked":"SKIP","floor":37.0}],"player_experience":320470,"relics_obtained":[{"floor":9.0,"key":"Yang"},{"floor":26.0,"key":"WingedGreaves"},{"floor":36.0,"key":"CaptainsWheel"}],"event_choices":[{"damage_healed":0.0,"max_hp_gain":0.0,"max_hp_loss":0.0,"gold_gain":0.0,"event_name":"Upgrade Shrine","player_choice":"Upgraded","floor":2.0,"gold_loss":0.0,"damage_taken":0.0,"cards_upgraded":["Eruption"]},{"damage_healed":0.0,"max_hp_gain":0.0,"max_hp_loss":0.0,"gold_gain":0.0,"event_name":"Accursed Blacksmith","player_choice":"Forge","floor":4.0,"gold_loss":0.0,"damage_taken":0.0,"cards_upgraded":["FlurryOfBlows"]},{"damage_healed":0.0,"max_hp_gain":0.0,"max_hp_loss":0.0,"gold_gain":75.0,"event_name":"FaceTrader","player_choice":"Touch","floor":20.0,"gold_loss":0.0,"damage_taken":6.0},{"damage_healed":0.0,"max_hp_gain":0.0,"max_hp_loss":0.0,"gold_gain":0.0,"event_name":"MindBloom","player_choice":"Fight","floor":36.0,"gold_loss":0.0,"damage_taken":0.0}],"is_beta":false,"boss_relics":[{"not_picked":["Busted Crown","Philosopher\u0027s Stone"],"picked":"Empty Cage"},{"not_picked":["Calling Bell","SlaversCollar"],"picked":"Sozu"}],"items_purged_floors":[11,22,38],"is_endless":false,"potions_floor_spawned":[5,7,14,29,30,31,36],"killed_by":"4 Shapes","ascension_level":11}}