{"host":"ojezjkpqju62j8xy","time":1611803334,"event":{"mods":["ATMod(°¢èªMod)","Act Like it!","Aspiration","BaseMod","Conspire","Minty Spire (QoL Compilation)","Pale of the Ancients","Replay The Spire","Spicy Shops","StSLib","[GremlinLeader]The Maniac","¡¾ÒÅÎï¿¨ÅÆ¡¿REMEMod"],"gold_per_floor":[110,124,124,41,41,73,73,90,90,120,131,131,131,160,240,313,363,376,60,75,75,91,91,124,139,192,226,246,246,246,275,275,355,355,384,405,530,554,55,197,197,292,344,416,449,449,516,543,543,573,600,600],"floor_reached":51,"language":"ZHS","playtime":2181,"items_purged":["Normality"],"score":1575,"play_id":"28a470ed-940d-4e9d-9e53-9ab1f16670e5","local_time":"20210128110854","is_ascension_mode":true,"campfire_choices":[{"floor":7.0,"key":"RECALL"},{"floor":12.0,"key":"REST"},{"floor":23.0,"key":"REST"},{"data":"Feed","floor":29.0,"key":"SMITH"},{"floor":32.0,"key":"REST"},{"data":"Rupture","floor":41,"key":"SMITH"},{"data":"Burning Pact","floor":46,"key":"SMITH"},{"floor":49,"key":"DIG"}],"circlet_count":0,"master_deck":["AscendersBane","Strike_R","Strike_R","Strike_R","Strike_R","Strike_R","Defend_R","Defend_R+1","Defend_R","Defend_R","Bash","AT_ChampionKick+1","Devotion+1","Thunderclap","Anger","Immolate+1","Sentinel","Warcry","Replay:Undeath\u0027s Touch","Uppercut","Feed+1","Burning Pact+1","Warcry","Uppercut","Metallicize","Defy Death","Anger","Thunderclap","Life Link+1","Flex","Rupture+1","Eclipse","Armaments+1","Shrug It Off+1","Pain","Bloodletting","AT_CaressingTears+1","ReplayReversal","Thunderclap","Impervious","Infernal Blade+1","Pummel","Abandon+1","Dual Wield","conspire:ExplosiveBarrier","REME_Scribble"],"relics":["Burning Blood","AT_ATBox","REME_ComplimentaryCards","ReplayTheSpireMod:Ring of Collecting","ReplayTheSpireMod:Ring of Addiction","Toy Ornithopter","Chameleon Ring","Guide Book","Replay:Accelerometer","Ring of Peace","Bag of Marbles","Oddly Smooth Stone","Tiny House","Red Skull","Pocketwatch","Ring of Searing","CeramicFish","HornCleat","aspiration:RitualStick","aspiration:SecretTechniqueScroll","Membership Card","AT_SunfireAegis","REME_ArchaeologicalTools","Self Forming Clay","Incense Burner","Ring of Panic","aspiration:HiddenCompartment","Replay:Wax Seal","REME_PuzzleBoxRelic","Calipers"],"acts_visited":["Exordium","TheCity","TheBeyond"],"potions_floor_usage":[],"damage_taken":[{"damage":6.0,"enemies":"Cultist","floor":1.0,"turns":4.0},{"damage":7.0,"enemies":"Jaw Worm","floor":2.0,"turns":3.0},{"damage":30.0,"enemies":"Lagavulin","floor":6.0,"turns":7.0},{"damage":11.0,"enemies":"2 Louse","floor":8.0,"turns":2.0},{"damage":20.0,"enemies":"3 Sentries","floor":10.0,"turns":4.0},{"damage":10.0,"enemies":"Looter","floor":11.0,"turns":4.0},{"damage":0.0,"enemies":"Lagavulin","floor":14.0,"turns":5.0},{"damage":24.0,"enemies":"Fading Forest","floor":16.0,"turns":14.0},{"damage":24.0,"enemies":"2 Thieves","floor":18.0,"turns":4.0},{"damage":21.0,"enemies":"conspire:FuzzyDice","floor":20.0,"turns":5.0},{"damage":19.0,"enemies":"Sentry and Sphere","floor":22.0,"turns":5.0},{"damage":14.0,"enemies":"REME_1_Revenger","floor":24.0,"turns":5.0},{"damage":12.0,"enemies":"3 Cultists","floor":25.0,"turns":4.0},{"damage":26.0,"enemies":"Gremlin Leader","floor":27.0,"turns":4.0},{"damage":18.0,"enemies":"conspire:HollyBat","floor":28.0,"turns":7.0},{"damage":5.0,"enemies":"Centurion and Healer","floor":31.0,"turns":4.0},{"damage":15.0,"enemies":"Collector","floor":33.0,"turns":6.0},{"damage":11.0,"enemies":"Orb Walker","floor":35.0,"turns":3.0},{"damage":23.0,"enemies":"3 Shapes","floor":36.0,"turns":3.0},{"damage":30.0,"enemies":"3 Darklings","floor":38.0,"turns":4.0},{"damage":16.0,"enemies":"R_Hoarder","floor":40.0,"turns":4.0},{"damage":5,"enemies":"Giant Head","floor":42,"turns":4},{"damage":6,"enemies":"Nemesis","floor":44,"turns":7},{"damage":11,"enemies":"Sphere and 2 Shapes","floor":45,"turns":4},{"damage":32,"enemies":"R_Hoarder","floor":47,"turns":6},{"damage":0,"enemies":"Writhing Mass","floor":48,"turns":2},{"damage":7,"enemies":"Replay:Hell Engine","floor":50,"turns":5},{"damage":74,"enemies":"conspire:OrnateMirror","floor":51,"turns":1}],"seed_played":"1566353518419349036","potions_obtained":[{"floor":1.0,"key":"Elixir"},{"floor":3.0,"key":"PowerPotion"},{"floor":3.0,"key":"BlessingOfTheForge"},{"floor":6.0,"key":"PowerPotion"},{"floor":17.0,"key":"LiquidMemories"},{"floor":20.0,"key":"ElixirPotion"},{"floor":22.0,"key":"LiquidBronze"},{"floor":24.0,"key":"SteroidPotion"},{"floor":33.0,"key":"Fire Potion"},{"floor":36.0,"key":"PowerPotion"},{"floor":38.0,"key":"AttackPotion"},{"floor":40.0,"key":"Energy Potion"}],"is_trial":false,"path_per_floor":["M","M","?","$","?","E","R","M","T","E","M","R","?","E","R","B",null,"M","$","M","?","M","R","E","M","T","E","M","R","?","M","R","B",null,"M","M","?","M","$","E","R","E","T","E","M","R","E","M","R","B","B"],"character_chosen":"IRONCLAD","items_purchased":["Guide Book","Red Skull","Uppercut","Membership Card","AT_SunfireAegis","REME_ArchaeologicalTools","Impervious"],"campfire_rested":3,"item_purchase_floors":[4,19,19,39,39,39,39],"current_hp_per_floor":[75,74,74,74,74,55,55,50,50,36,32,56,56,67,67,49,76,72,72,57,57,47,72,67,69,69,52,40,40,16,21,50,50,88,83,66,66,47,47,42,42,47,47,67,64,64,42,52,52,57,0,0],"gold":600,"neow_bonus":"TEN_PERCENT_HP_BONUS","is_daily":false,"chose_seed":false,"campfire_upgraded":3,"win_rate":0.0,"timestamp":1611803334,"path_taken":["M","?","?","$","?","E","R","M","T","E","M","R","?","E","R","BOSS","M","$","M","?","M","R","E","M","T","E","M","R","?","M","R","BOSS","M","M","?","M","$","E","R","E","T","E","?","R","E","M","R","BOSS","BOSS"],"items_purchased_type":["Relic","Relic","Card","Relic","Relic","Relic","Card"],"build_version":"2020-12-22","purchased_purges":1,"victory":false,"max_hp_per_floor":[82,82,82,82,82,82,82,82,82,82,80,80,80,78,78,78,83,85,85,85,85,86,86,89,92,92,95,95,95,95,97,97,101,101,101,101,99,99,99,99,99,103,103,101,101,101,99,103,103,107,107,107],"card_choices":[{"not_picked":["Headbutt","Body Slam"],"picked":"Thunderclap","floor":1.0},{"not_picked":["AT_BodySlamDance","Heavy Blade"],"picked":"Anger","floor":2.0},{"not_picked":["Demonic Infusion","ReplayTheSpireMod:Muscle Training"],"picked":"Immolate","floor":6.0},{"not_picked":["Armaments","ReplayTheSpireMod:Strike From Hell"],"picked":"Sentinel","floor":8.0},{"not_picked":["Sentinel","Body Slam"],"picked":"Warcry","floor":10.0},{"not_picked":["ReplayTheSpireMod:Limb From Limb","Sword Boomerang"],"picked":"Replay:Undeath\u0027s Touch","floor":11.0},{"not_picked":["Metallicize","Perfected Strike"],"picked":"Uppercut","floor":14.0},{"not_picked":["Exhume","Replay:Many Hands"],"picked":"Feed","floor":16.0},{"not_picked":["Sword Boomerang","Perfected Strike"],"picked":"Burning Pact","floor":17.0},{"not_picked":["Havoc","Shrug It Off"],"picked":"Warcry","floor":18.0},{"not_picked":["Barricade","Disarm"],"picked":"Metallicize","floor":20.0},{"not_picked":["Clothesline","Twin Strike"],"picked":"Defy Death","floor":22.0},{"not_picked":["Warcry","conspire:Purge"],"picked":"Anger","floor":24.0},{"not_picked":["Shrug It Off","True Grit"],"picked":"Thunderclap","floor":25.0},{"not_picked":["Run Through","Dropkick"],"picked":"Life Link+1","floor":27.0},{"not_picked":["True Grit","Abandon"],"picked":"Flex","floor":28.0},{"not_picked":["Run Through","Shrug It Off"],"picked":"Rupture","floor":31.0},{"not_picked":["Fiend Fire","Barricade"],"picked":"Eclipse","floor":33.0},{"not_picked":["Intimidate+1","Body Slam+1"],"picked":"Armaments+1","floor":35.0},{"not_picked":["Replay:Undeath\u0027s Touch","Anger"],"picked":"Shrug It Off+1","floor":36.0},{"not_picked":["Sentinel","Pommel Strike+1"],"picked":"Bloodletting","floor":37.0},{"not_picked":["Havoc","Clothesline"],"picked":"AT_CaressingTears+1","floor":37.0},{"not_picked":["Run Through","True Grit"],"picked":"ReplayReversal","floor":37.0},{"not_picked":["Entrench","Armaments"],"picked":"Thunderclap","floor":38.0},{"not_picked":["Run Through","Cleave+1"],"picked":"Infernal Blade+1","floor":40.0},{"not_picked":["Eclipse","Anger"],"picked":"Pummel","floor":42},{"not_picked":["Pommel Strike","Perfected Strike"],"picked":"Abandon+1","floor":44},{"not_picked":["Entrench","Clash"],"picked":"Dual Wield","floor":45},{"not_picked":["Havoc","Disarm"],"picked":"conspire:ExplosiveBarrier","floor":47},{"not_picked":["Run Through","Reckless Charge"],"picked":"REME_Scribble","floor":48}],"player_experience":1401971,"relics_obtained":[{"floor":3.0,"key":"ReplayTheSpireMod:Ring of Collecting"},{"floor":3.0,"key":"ReplayTheSpireMod:Ring of Addiction"},{"floor":3.0,"key":"Toy Ornithopter"},{"floor":3.0,"key":"Chameleon Ring"},{"floor":6.0,"key":"Replay:Accelerometer"},{"floor":9.0,"key":"Ring of Peace"},{"floor":10.0,"key":"Bag of Marbles"},{"floor":14.0,"key":"Oddly Smooth Stone"},{"floor":24.0,"key":"Pocketwatch"},{"floor":26.0,"key":"Ring of Searing"},{"floor":26.0,"key":"CeramicFish"},{"floor":27.0,"key":"HornCleat"},{"floor":40.0,"key":"Self Forming Clay"},{"floor":42,"key":"Incense Burner"},{"floor":43,"key":"Ring of Panic"},{"floor":43,"key":"aspiration:HiddenCompartment"},{"floor":44,"key":"Replay:Wax Seal"},{"floor":47,"key":"REME_PuzzleBoxRelic"},{"floor":49,"key":"Calipers"}],"event_choices":[{"damage_healed":0.0,"max_hp_gain":0.0,"max_hp_loss":0.0,"gold_gain":0.0,"event_name":"conspire:LoneGhost","player_choice":"Disagree","floor":5.0,"gold_loss":0.0,"damage_taken":0.0},{"damage_healed":0.0,"max_hp_gain":0.0,"max_hp_loss":0.0,"gold_gain":0.0,"event_name":"Upgrade Shrine","player_choice":"Upgraded","floor":13.0,"gold_loss":0.0,"damage_taken":0.0,"cards_upgraded":["Immolate"]}],"is_beta":false,"boss_relics":[{"not_picked":["Electric Blood","aspiration:RitualDagger"],"picked":"Tiny House"},{"not_picked":["Runic Pyramid","Runic Cube"],"picked":"aspiration:SecretTechniqueScroll"}],"items_purged_floors":[19],"is_endless":false,"potions_floor_spawned":[1,6,11,20,22,24,33,36,38,40,45],"killed_by":"conspire:OrnateMirror","ascension_level":20}}