{"host":"2ttsipbxjlhedj1t","time":1611815698,"event":{"mods":["2.2 Compatiblity","Act Like it!","BaseMod","Colored Map","Colored Powertips","Curses Come First","Highlight Path","Minty Spire (QoL Compilation)","Quick Restart","Robot Space Explorer","Shop Mod","StSLib"],"gold_per_floor":[111,131,47,47,67,67,100,111,157,82,92,92,92,92],"floor_reached":13,"language":"ENG","playtime":678,"items_purged":[],"score":94,"play_id":"e661a0d0-722f-4b63-9501-7a895715fbca","local_time":"20210128013458","is_ascension_mode":true,"campfire_choices":[{"data":"Havoc","floor":6,"key":"SMITH"},{"data":"Dark Embrace","floor":12,"key":"SMITH"}],"circlet_count":0,"master_deck":["Strike_R","Strike_R","Strike_R","Strike_R","Defend_R","Defend_R","Defend_R","Defend_R","Bash","Wild Strike","Disarm","Havoc+1","Burning Pact","Fire Breathing","Dark Embrace+1","Impervious","Armaments"],"relics":["Burning Blood","Kunai","Bag of Preparation","Vajra"],"acts_visited":["Exordium"],"potions_floor_usage":[7],"damage_taken":[{"damage":8,"enemies":"Jaw Worm","floor":1,"turns":4},{"damage":6,"enemies":"Cultist","floor":2,"turns":3},{"damage":0,"enemies":"2 Louse","floor":5,"turns":4},{"damage":20,"enemies":"Gremlin Nob","floor":7,"turns":4},{"damage":6,"enemies":"2 Fungi Beasts","floor":8,"turns":3},{"damage":7,"enemies":"Blue Slaver","floor":11,"turns":4},{"damage":0,"enemies":"Lagavulin","floor":13,"turns":1}],"seed_played":"-8235668894205930489","potions_obtained":[{"floor":1,"key":"FearPotion"},{"floor":5,"key":"Energy Potion"},{"floor":11,"key":"GamblersBrew"}],"is_trial":false,"path_per_floor":["M","M","$","?","M","R","E","M","T","$","M","R","E"],"character_chosen":"IRONCLAD","items_purchased":["Burning Pact","Block Potion","Impervious"],"campfire_rested":0,"item_purchase_floors":[3,3,10],"current_hp_per_floor":[78,78,78,78,80,80,66,66,66,66,65,65,65,65],"gold":92,"neow_bonus":"TRANSFORM_CARD","is_daily":false,"chose_seed":false,"campfire_upgraded":2,"win_rate":0.0,"timestamp":1611815698,"path_taken":["M","M","$","?","?","R","E","M","T","?","?","R","E"],"items_purchased_type":["Card","Potion","Card"],"build_version":"2020-12-22","purchased_purges":0,"victory":false,"max_hp_per_floor":[80,80,80,80,80,80,80,80,80,80,80,80,80,80],"card_choices":[{"not_picked":["Entrench","Uppercut"],"picked":"Disarm","floor":1},{"not_picked":["Cleave","True Grit"],"picked":"Havoc","floor":2},{"not_picked":["Clash","Sword Boomerang"],"picked":"Fire Breathing","floor":5},{"not_picked":["Heavy Blade","Second Wind","Sword Boomerang"],"picked":"SKIP","floor":7},{"not_picked":["True Grit","Perfected Strike"],"picked":"Dark Embrace","floor":8},{"not_picked":["Infernal Blade","Warcry"],"picked":"Armaments","floor":11}],"player_experience":361099,"relics_obtained":[{"floor":7,"key":"Bag of Preparation"},{"floor":9,"key":"Vajra"}],"event_choices":[{"damage_healed":0,"gold_gain":0,"player_choice":"Gave Potion","damage_taken":0,"relics_obtained":["Kunai"],"max_hp_gain":0,"max_hp_loss":0,"event_name":"WeMeetAgain","floor":4,"gold_loss":0}],"is_beta":false,"boss_relics":[],"items_purged_floors":[],"is_endless":false,"potions_floor_spawned":[1,5,11],"killed_by":"Lagavulin","ascension_level":2}}