{"host":"yecadp3kwkksam5a","time":1611843038,"event":{"mods":["BaseMod","Minty Spire (QoL Compilation)","StSLib","SuperFastMode","The Cursed"],"gold_per_floor":[115,128,128,143,162,162,176,186,236,236,236,252,266,191,191,289,289,309,309,324,67,67,97,97,109,109,109,109,109,177,187,187,282,282,301,398,448,467,481,507,156,225,225,256,256,285,285,304,304,304,304,304,4,30,30],"floor_reached":56,"language":"KOR","playtime":2488,"items_purged":["Defend_P","Strike_P","Strike_P","Defend_P"],"score":2164,"play_id":"8779a7c9-d429-483d-a1be-d93ba637cd3f","local_time":"20210128231038","is_ascension_mode":true,"campfire_choices":[{"data":"Eruption","floor":6.0,"key":"SMITH"},{"data":"Tantrum","floor":10.0,"key":"SMITH"},{"data":"Adaptation","floor":15.0,"key":"SMITH"},{"data":"Omniscience","floor":24.0,"key":"SMITH"},{"floor":27.0,"key":"DIG"},{"floor":29.0,"key":"DIG"},{"floor":32.0,"key":"DIG"},{"floor":45.0,"key":"DIG"},{"floor":47.0,"key":"DIG"},{"floor":49.0,"key":"RECALL"},{"floor":52.0,"key":"DIG"}],"circlet_count":0,"master_deck":["Strike_P","Defend_P","Defend_P","Eruption+1","Vigilance","Tantrum+1","Adaptation+1","Omniscience+1","TalkToTheHand","Adaptation+1","InnerPeace"],"relics":["VioletLotus","MealTicket","Busted Crown","TheAbacus","FossilizedHelix","Shovel","SsserpentHead","Orichalcum","Nunchaku","Runic Pyramid","Mango","Letter Opener","Lee\u0027s Waffle","Oddly Smooth Stone","Regal Pillow","Prayer Wheel","Gambling Chip","Shuriken","ClockworkSouvenir","Unceasing Top"],"acts_visited":["Exordium","TheCity","TheBeyond","TheEnding"],"potions_floor_usage":[55,55],"damage_taken":[{"damage":5.0,"enemies":"Small Slimes","floor":1.0,"turns":4.0},{"damage":2.0,"enemies":"Cultist","floor":2.0,"turns":3.0},{"damage":3.0,"enemies":"Jaw Worm","floor":4.0,"turns":4.0},{"damage":4.0,"enemies":"Red Slaver","floor":5.0,"turns":6.0},{"damage":2.0,"enemies":"2 Fungi Beasts","floor":7.0,"turns":4.0},{"damage":1.0,"enemies":"3 Louse","floor":8.0,"turns":3.0},{"damage":24.0,"enemies":"Exordium Thugs","floor":12.0,"turns":3.0},{"damage":0.0,"enemies":"Large Slime","floor":13.0,"turns":3.0},{"damage":0.0,"enemies":"Slime Boss","floor":16.0,"turns":6.0},{"damage":21.0,"enemies":"Shell Parasite","floor":18.0,"turns":4.0},{"damage":21.0,"enemies":"2 Thieves","floor":20.0,"turns":3.0},{"damage":0.0,"enemies":"Slavers","floor":23.0,"turns":1.0},{"damage":2.0,"enemies":"Centurion and Healer","floor":25.0,"turns":5.0},{"damage":0.0,"enemies":"Chosen and Byrds","floor":30.0,"turns":2.0},{"damage":16.0,"enemies":"Snake Plant","floor":31.0,"turns":3.0},{"damage":0.0,"enemies":"Automaton","floor":33.0,"turns":2.0},{"damage":11.0,"enemies":"3 Shapes","floor":35.0,"turns":4.0},{"damage":16.0,"enemies":"2 Orb Walkers","floor":36.0,"turns":3.0},{"damage":0.0,"enemies":"3 Darklings","floor":38.0,"turns":2.0},{"damage":11.0,"enemies":"Sphere and 2 Shapes","floor":39.0,"turns":2.0},{"damage":0.0,"enemies":"Giant Head","floor":40.0,"turns":3.0},{"damage":0.0,"enemies":"4 Shapes","floor":42.0,"turns":1.0},{"damage":14.0,"enemies":"Nemesis","floor":44.0,"turns":2.0},{"damage":0.0,"enemies":"Giant Head","floor":46.0,"turns":2.0},{"damage":0.0,"enemies":"3 Darklings","floor":48.0,"turns":1.0},{"damage":0.0,"enemies":"Donu and Deca","floor":50.0,"turns":1.0},{"damage":0,"enemies":"Shield and Spear","floor":54,"turns":1},{"damage":4,"enemies":"The Heart","floor":55,"turns":3}],"seed_played":"-7662668345512218300","potions_obtained":[{"floor":2.0,"key":"FearPotion"},{"floor":5.0,"key":"SpeedPotion"},{"floor":7.0,"key":"Energy Potion"},{"floor":18.0,"key":"StancePotion"},{"floor":30.0,"key":"Fruit Juice"},{"floor":38.0,"key":"Energy Potion"},{"floor":39.0,"key":"Strength Potion"},{"floor":42.0,"key":"GamblersBrew"},{"floor":44.0,"key":"SteroidPotion"}],"is_trial":false,"path_per_floor":["M","M","?","M","M","R","M","M","T","R","?","M","M","$","R","B",null,"M","?","M","$","?","E","R","M","T","R","?","R","M","M","R","B",null,"M","?","?","M","M","E","$","M","T","E","R","E","R","M","R","B",null,"R","$","E","B",null],"character_chosen":"WATCHER","items_purchased":["TheAbacus","InnerPeace","Lee\u0027s Waffle","ClockworkSouvenir"],"campfire_rested":0,"item_purchase_floors":[21,41,41,53],"current_hp_per_floor":[60,58,58,55,51,51,49,48,48,48,48,24,24,39,39,39,64,43,30,9,24,24,24,24,22,22,22,22,22,22,6,6,6,59,48,46,46,46,40,40,103,103,103,89,89,89,89,89,89,89,100,100,103,103,99],"gold":30,"neow_bonus":"BOSS_RELIC","is_daily":false,"chose_seed":true,"campfire_upgraded":4,"win_rate":0.0,"timestamp":1611843038,"path_taken":["M","M","?","?","M","R","M","M","T","R","?","M","M","$","R","BOSS","M","?","M","$","?","E","R","M","T","R","?","R","?","M","R","BOSS","M","?","?","M","M","E","$","?","T","E","R","E","R","M","R","BOSS","R","$","E","BOSS"],"items_purchased_type":["Relic","Card","Relic","Relic"],"build_version":"2020-12-22","purchased_purges":4,"victory":true,"max_hp_per_floor":[72,72,72,72,72,72,72,72,72,72,72,72,72,72,72,72,72,72,77,77,77,77,77,77,77,77,77,77,77,77,77,77,77,77,77,91,91,91,96,96,103,103,103,103,103,103,103,103,103,103,103,103,103,103,103],"card_choices":[{"not_picked":["PathToVictory","WreathOfFlame","Pray"],"picked":"SKIP","floor":1.0},{"not_picked":["Consecrate","ClearTheMind","Evaluate"],"picked":"SKIP","floor":2.0},{"not_picked":["Pray","FlyingSleeves","WaveOfTheHand"],"picked":"SKIP","floor":4.0},{"not_picked":["PathToVictory","ThirdEye","Devotion"],"picked":"SKIP","floor":5.0},{"not_picked":["Halt","BowlingBash","EmptyBody"],"picked":"SKIP","floor":7.0},{"not_picked":["Halt","BowlingBash","EmptyBody"],"picked":"SKIP","floor":7.0},{"not_picked":["ThirdEye","DeceiveReality"],"picked":"Tantrum","floor":8.0},{"not_picked":["ClearTheMind","FlurryOfBlows"],"picked":"Adaptation","floor":12.0},{"not_picked":["Perseverance","Consecrate","PathToVictory"],"picked":"SKIP","floor":13.0},{"not_picked":["Blasphemy","DevaForm"],"picked":"Omniscience","floor":16.0},{"not_picked":["Swivel+1"],"picked":"SKIP","floor":18.0},{"not_picked":["ThirdEye+1"],"picked":"SKIP","floor":20.0},{"not_picked":["Wallop"],"picked":"SKIP","floor":23.0},{"not_picked":["FlyingSleeves"],"picked":"SKIP","floor":25.0},{"not_picked":[],"picked":"TalkToTheHand","floor":30.0},{"not_picked":["WheelKick"],"picked":"SKIP","floor":31.0},{"not_picked":["EmptyFist+1"],"picked":"SKIP","floor":35.0},{"not_picked":["Collect+1"],"picked":"SKIP","floor":38.0},{"not_picked":["EmptyBody+1"],"picked":"SKIP","floor":39.0},{"not_picked":["Swivel"],"picked":"SKIP","floor":40.0},{"not_picked":["Protect+1"],"picked":"SKIP","floor":42.0},{"not_picked":["DeceiveReality"],"picked":"SKIP","floor":44.0},{"not_picked":["ThirdEye"],"picked":"SKIP","floor":46.0},{"not_picked":["ReachHeaven+1"],"picked":"SKIP","floor":48.0},{"not_picked":["SashWhip"],"picked":"SKIP","floor":48.0},{"not_picked":["Prostrate"],"picked":"SKIP","floor":54}],"player_experience":516463,"relics_obtained":[{"floor":9.0,"key":"MealTicket"},{"floor":23.0,"key":"FossilizedHelix"},{"floor":26.0,"key":"Shovel"},{"floor":29.0,"key":"Orichalcum"},{"floor":32.0,"key":"Nunchaku"},{"floor":36.0,"key":"Mango"},{"floor":40.0,"key":"Letter Opener"},{"floor":44.0,"key":"Oddly Smooth Stone"},{"floor":45.0,"key":"Regal Pillow"},{"floor":46.0,"key":"Prayer Wheel"},{"floor":47.0,"key":"Gambling Chip"},{"floor":52.0,"key":"Shuriken"},{"floor":54,"key":"Unceasing Top"}],"event_choices":[{"cards_removed":["Strike_P"],"damage_healed":0.0,"max_hp_gain":0.0,"max_hp_loss":0.0,"gold_gain":0.0,"event_name":"Purifier","player_choice":"Purged","floor":3.0,"gold_loss":0.0,"damage_taken":0.0},{"damage_healed":0.0,"max_hp_gain":0.0,"max_hp_loss":0.0,"gold_gain":0.0,"event_name":"The Woman in Blue","player_choice":"Bought 0 Potions","floor":11.0,"gold_loss":0.0,"damage_taken":0.0},{"damage_healed":0.0,"max_hp_gain":5.0,"max_hp_loss":0.0,"gold_gain":0.0,"event_name":"Forgotten Altar","player_choice":"Shed Blood","floor":19.0,"gold_loss":0.0,"damage_taken":18.0},{"damage_healed":0.0,"max_hp_gain":0.0,"max_hp_loss":0.0,"gold_gain":0.0,"event_name":"Cursed Tome","player_choice":"Ignored","floor":22.0,"gold_loss":0.0,"damage_taken":0.0},{"damage_healed":0.0,"max_hp_gain":0.0,"max_hp_loss":0.0,"gold_gain":0.0,"event_name":"FaceTrader","player_choice":"Trade","floor":28.0,"gold_loss":0.0,"damage_taken":0.0,"relics_obtained":["SsserpentHead"]},{"damage_healed":0.0,"max_hp_gain":0.0,"max_hp_loss":0.0,"gold_gain":0.0,"event_name":"Mysterious Sphere","player_choice":"Fight","floor":36.0,"gold_loss":0.0,"damage_taken":0.0},{"damage_healed":0.0,"max_hp_gain":0.0,"max_hp_loss":0.0,"gold_gain":0.0,"event_name":"Duplicator","player_choice":"Copied","floor":37.0,"gold_loss":0.0,"damage_taken":0.0,"cards_obtained":["Adaptation"]}],"is_beta":false,"boss_relics":[{"not_picked":["Snecko Eye","Runic Dome"],"picked":"Busted Crown"},{"not_picked":["SlaversCollar","Pandora\u0027s Box"],"picked":"Runic Pyramid"}],"items_purged_floors":[14,21,41,53],"is_endless":false,"potions_floor_spawned":[2,5,7,18,20,30,38,39,42,44,48],"ascension_level":9}}