{"host":"iv8ljmz7si0xetfh","time":1611846103,"event":{"mods":["100% Spire Juice","BaseMod","Bestiary","Better Note","Colored Map","Colored Powertips","Dark Map","DeckTracker","Displayed Cursed Tome","Downfall","Highlight Path","Minty Spire (QoL Compilation)","Prisma Mod","Rare Cards Sparkle","Relic Stats","StSLib","The Alterego","Unceasing Turn Reminder"],"gold_per_floor":[99,114,129,129,144,159,209,209,239,414,174,189,189,204,219,319,319,219,234,114,26,26,41,41,41,41],"floor_reached":25,"language":"ENG","playtime":3116,"items_purged":[],"score":228,"play_id":"f5db0b93-640f-4064-b36b-dfd2584b479e","local_time":"20210128150143","daily_mods":["Draft","Green Cards","downfall:Hexed"],"is_ascension_mode":false,"campfire_choices":[{"data":"Moonworks:SealedMemories","floor":1,"key":"SMITH"},{"data":"Moonworks:NicePresent","floor":8,"key":"SMITH"},{"floor":13,"key":"RECALL"},{"data":"Moonworks:EvilMastermind","floor":18,"key":"SMITH"}],"circlet_count":0,"master_deck":["Moonworks:TreasureThief","Moonworks:AwakeningOfTalent","Moonworks:LulusLuckyEgg","Moonworks:LulusLuckyEgg","Moonworks:LulusLuckyEgg","Moonworks:IndiscriminateFireSupport+1","Moonworks:DeployBits","Moonworks:SakisCookie","Moonworks:TacticalRetreat","Moonworks:NicePresent+1","Moonworks:Assault","Moonworks:Bloodlust","Moonworks:Flamethrower","Moonworks:FullSpeedAlicianrone","Moonworks:SakisCookie","Moonworks:WindyEnchantment","Moonworks:Dinner","Moonworks:Heat300Percent","Moonworks:UnluckyCharm","Moonworks:LulusLuckyEgg","Moonworks:EvilMastermind+1","Moonworks:WindyEnchantment+1","Moonworks:RagingMadness"],"relics":["Moonworks:BrokenBomb","Moonworks:Homemark","Velvet Choker","Oddly Smooth Stone","Dream Catcher","bronze:MakeshiftBattery","downfall:HeartBlessingRed","Shuriken"],"acts_visited":["Exordium","TheCity"],"potions_floor_usage":[],"damage_taken":[{"damage":12,"enemies":"Cultist","floor":2,"turns":2},{"damage":0,"enemies":"Jaw Worm","floor":3,"turns":2},{"damage":0,"enemies":"Small Slimes","floor":5,"turns":1},{"damage":10,"enemies":"3 Louse","floor":6,"turns":2},{"damage":10,"enemies":"Gremlin Nob","floor":9,"turns":3},{"damage":8,"enemies":"2 Fungi Beasts","floor":12,"turns":2},{"damage":0,"enemies":"Exordium Thugs","floor":14,"turns":2},{"damage":8,"enemies":"Blue Slaver","floor":15,"turns":3},{"damage":29,"enemies":"Slime Boss","floor":16,"turns":6},{"damage":4,"enemies":"Chosen","floor":19,"turns":3},{"damage":12,"enemies":"downfall:FleeingMerchant","floor":21,"turns":4},{"damage":32,"enemies":"Snecko","floor":23,"turns":6},{"damage":53,"enemies":"Book of Stabbing","floor":25,"turns":4}],"seed_played":"9192803745042345800","potions_obtained":[{"floor":3,"key":"Ancient Potion"},{"floor":5,"key":"Guardian:BlockOnCardUsePotion"},{"floor":14,"key":"EssenceOfSteel"}],"is_trial":false,"path_per_floor":["R","M","M","?","M","M","T","R","E","?","?","M","R","M","M","B",null,"R","M","?","$","?","M","T","E"],"character_chosen":"THE_STARBREAKER","items_purchased":["Moonworks:RagingMadness"],"campfire_rested":0,"item_purchase_floors":[21],"current_hp_per_floor":[60,56,58,60,60,56,56,56,56,56,49,50,50,57,55,40,60,60,60,60,60,60,40,40,0,0],"gold":41,"neow_bonus":"","is_daily":true,"chose_seed":false,"campfire_upgraded":3,"win_rate":0.0,"timestamp":1611846103,"path_taken":["R","?","M","?","M","?","T","R","E","?","?","M","R","M","M","BOSS","R","M","?","?","?","?","T","E"],"items_purchased_type":["Card"],"build_version":"2020-12-22","purchased_purges":0,"victory":false,"max_hp_per_floor":[60,60,60,60,60,60,60,60,60,60,60,60,60,60,60,60,60,60,60,60,60,60,60,60,60,60],"relic_stats":{"Dream Catcher":0,"counters":[13,40],"Shuriken":[0],"obtain_stats":[{"Dream Catcher":9,"downfall:HeartBlessingRed":18,"Shuriken":24,"Moonworks:Homemark":0,"Velvet Choker":0,"Oddly Smooth Stone":7,"bronze:MakeshiftBattery":17,"Moonworks:BrokenBomb":0},{"Dream Catcher":5,"downfall:HeartBlessingRed":9,"Shuriken":12,"Moonworks:Homemark":0,"Velvet Choker":0,"Oddly Smooth Stone":4,"bronze:MakeshiftBattery":9,"Moonworks:BrokenBomb":0},{"Dream Catcher":10,"downfall:HeartBlessingRed":23,"Shuriken":36,"Moonworks:Homemark":0,"Velvet Choker":0,"Oddly Smooth Stone":7,"bronze:MakeshiftBattery":23,"Moonworks:BrokenBomb":0}]},"card_choices":[{"not_picked":["Moonworks:JonathanRush","Moonworks:LulusLuckyEgg"],"picked":"Moonworks:TreasureThief","floor":0},{"not_picked":["Moonworks:IndiscriminateFireSupport","Moonworks:AngelHand"],"picked":"Moonworks:AwakeningOfTalent","floor":0},{"not_picked":["Moonworks:ImOnFire","Moonworks:IndiscriminateFireSupport"],"picked":"Moonworks:LulusLuckyEgg","floor":0},{"not_picked":["Moonworks:EvilSpyWorkPreparation","Moonworks:ImOnFire"],"picked":"Moonworks:CloudOfSeagulls","floor":0},{"not_picked":["Moonworks:SakisCookie","Moonworks:EvilSpyWorkPreparation"],"picked":"Moonworks:SealedMemories","floor":0},{"not_picked":["Moonworks:IndiscriminateFireSupport","Moonworks:NicePresent"],"picked":"Moonworks:LulusLuckyEgg","floor":0},{"not_picked":["Moonworks:ExtendedPhotonRifle","Moonworks:TreasureThief"],"picked":"Moonworks:LulusLuckyEgg","floor":0},{"not_picked":["Moonworks:SakisCookie","Moonworks:MiracleRedBeanIceCream"],"picked":"Moonworks:IndiscriminateFireSupport","floor":0},{"not_picked":["Moonworks:TreasureThief","Moonworks:CloudOfSeagulls"],"picked":"Moonworks:DeployBits","floor":0},{"not_picked":["Moonworks:CloudOfSeagulls","Moonworks:NicePresent"],"picked":"Moonworks:SakisCookie","floor":0},{"not_picked":["Moonworks:NicePresent","Moonworks:IndiscriminateFireSupport"],"picked":"Moonworks:TacticalRetreat","floor":0},{"not_picked":["Moonworks:SakisCookie","Moonworks:IndiscriminateFireSupport"],"picked":"Moonworks:NicePresent","floor":0},{"not_picked":["Moonworks:FinalSurgery","Moonworks:TreasureThief"],"picked":"Moonworks:Assault","floor":0},{"not_picked":["Moonworks:ReproductionOfRecords","Moonworks:AngelHand"],"picked":"Moonworks:Bloodlust","floor":0},{"not_picked":["Moonworks:LulusLuckyEgg","Moonworks:EvilSpyWorkPreparation"],"picked":"Moonworks:Flamethrower","floor":0},{"not_picked":["Moonworks:BigMagnum","Moonworks:UnpaidWork","Moonworks:CloudOfSeagulls"],"picked":"SKIP","floor":2},{"not_picked":["Moonworks:EvilSpyWorkPreparation","Moonworks:ScrambledEve"],"picked":"Moonworks:FullSpeedAlicianrone","floor":3},{"not_picked":["Moonworks:ImmovableObject","Moonworks:Assault"],"picked":"Moonworks:SakisCookie","floor":5},{"not_picked":["Moonworks:BigMagnum","Moonworks:Assault"],"picked":"Moonworks:WindyEnchantment","floor":6},{"not_picked":["Moonworks:JonathanRush","Moonworks:TreasureThief"],"picked":"Moonworks:Dinner","floor":9},{"not_picked":["Moonworks:UnpaidWork","Moonworks:SakisCookie"],"picked":"Moonworks:Heat300Percent","floor":12},{"not_picked":["Moonworks:EvilSpyWorkPreparation","Moonworks:LulusLuckyEgg"],"picked":"Moonworks:UnluckyCharm","floor":14},{"not_picked":["Moonworks:JonathanRush","Moonworks:SealedMemories"],"picked":"Moonworks:LulusLuckyEgg","floor":15},{"not_picked":["Moonworks:Accelerator","Moonworks:LeapThroughSpace"],"picked":"Moonworks:EvilMastermind","floor":16},{"not_picked":["Moonworks:Assault","Moonworks:JonathanRush"],"picked":"Moonworks:WindyEnchantment+1","floor":19},{"not_picked":["Moonworks:DevilHand","Moonworks:ReproductionOfRecords+1","Moonworks:LulusLuckyEgg"],"picked":"SKIP","floor":21},{"not_picked":["Moonworks:IndiscriminateFireSupport+1","Moonworks:AngelHand","Moonworks:CloudOfSeagulls"],"picked":"SKIP","floor":23}],"player_experience":348681,"relics_obtained":[{"floor":7,"key":"Oddly Smooth Stone"},{"floor":9,"key":"Dream Catcher"},{"floor":24,"key":"Shuriken"}],"event_choices":[{"cards_removed":["Moonworks:CloudOfSeagulls"],"damage_healed":5,"gold_gain":0,"player_choice":"Offered Common","damage_taken":0,"max_hp_gain":0,"max_hp_loss":0,"event_name":"Bonfire Elementals","floor":4,"gold_loss":0},{"cards_removed":["Moonworks:CloudOfSeagulls"],"damage_healed":5,"gold_gain":0,"player_choice":"Offered Special","damage_taken":0,"max_hp_gain":0,"max_hp_loss":0,"event_name":"Bonfire Elementals","floor":4,"gold_loss":0},{"damage_healed":0,"gold_gain":175,"player_choice":"AGREE","damage_taken":0,"max_hp_gain":0,"max_hp_loss":0,"event_name":"Liars Game","floor":10,"gold_loss":0,"cards_obtained":["Doubt"]},{"cards_removed":["Doubt"],"damage_healed":0,"gold_gain":0,"player_choice":"Card Removal","damage_taken":7,"max_hp_gain":0,"max_hp_loss":0,"event_name":"Golden Wing","floor":11,"gold_loss":0}],"is_beta":false,"boss_relics":[{"not_picked":["Runic Dome","SacredBark"],"picked":"bronze:MakeshiftBattery"}],"items_purged_floors":[],"is_endless":false,"potions_floor_spawned":[3,5,14,15],"killed_by":"Book of Stabbing","ascension_level":0}}