{"host":"oz4ht6ec7xzo36kd","time":1611855573,"event":{"mods":["Act Like it!","BaseMod","Friendly Minions","Marisa¡]Ãú«B¡@Å]²z¨F¡^","Minty Spire (QoL Compilation)","Remilia¡]Á¢¦Ì²ú?¡^","StSLib","The Marked","The Servant 0.9.4","WarShipGirlsR/??¤Ö¤kR mod","Youmu¡]»î¾z§¯?¡^"],"gold_per_floor":[111,111,72,92,111,143,143,153,232,248,262,273,283,301,301,402,402,422,422,18,38,18,18,28,62,62,62,62,62,162,178,178,282,282,295,312,6,6,6,6,6],"floor_reached":40,"language":"ZHT","playtime":1873,"items_purged":[],"score":460,"play_id":"ab112223-97ad-4d8c-8b8b-7d977bf4b29e","local_time":"20210129013933","is_ascension_mode":false,"campfire_choices":[{"floor":7,"key":"RECALL"},{"floor":15,"key":"DIG"},{"floor":23,"key":"DIG"},{"floor":27,"key":"DIG"},{"floor":29,"key":"DIG"},{"floor":32,"key":"DIG"}],"circlet_count":0,"master_deck":["theMarked:SoldierOfQuellstein","Bandage Up","theMarked:Determination","theMarked:Memento","theMarked:BanishingStrike","theMarked:Reabsorb","theMarked:WardOff","theMarked:Seal","theMarked:SwordAndMagic","theMarked:AttractMetal","theMarked:RepellingDischarge","theMarked:Indomitable","theMarked:Abjuration","theMarked:OneWithTheBlade","theMarked:Overcharge","theMarked:Determination+1","theMarked:ResourceFulStrike","theMarked:SuspiciousRaven","theMarked:Defy+1","theMarked:DispelDoubt","theMarked:WastefulAttack","theMarked:Seal","theMarked:MagusForm+1","theMarked:Determination+1","theMarked:Challenge","theMarked:Determination+1","theMarked:UnarmedFury","theMarked:MysticalArsenal+1","theMarked:LightningStrikesTwice+1"],"relics":["theMarked:ArtifactOfAir","Shovel","Anchor","Mercury Hourglass","Lantern","Coffee Dripper","FaceOfCleric","ClockworkSouvenir","Pear","Ancient Tea Set","Bottled Tornado","Frozen Egg 2","Blue Candle","Question Card","Turnip","Letter Opener","StoneCalendar","Pandora\u0027s Box","theMarked:SecretDocuments"],"acts_visited":["Exordium","TheCity","TheBeyond"],"potions_floor_usage":[6,6,8,16,25,25,35,40],"damage_taken":[{"damage":1,"enemies":"Cultist","floor":1,"turns":4},{"damage":5,"enemies":"Small Slimes","floor":4,"turns":4},{"damage":0,"enemies":"2 Louse","floor":5,"turns":3},{"damage":30,"enemies":"Gremlin Nob","floor":6,"turns":4},{"damage":30,"enemies":"Gremlin Gang","floor":8,"turns":7},{"damage":0,"enemies":"Lots of Slimes","floor":10,"turns":3},{"damage":0,"enemies":"Large Slime","floor":11,"turns":3},{"damage":0,"enemies":"2 Fungi Beasts","floor":12,"turns":3},{"damage":0,"enemies":"Red Slaver","floor":13,"turns":2},{"damage":0,"enemies":"Blue Slaver","floor":14,"turns":2},{"damage":9,"enemies":"The Guardian","floor":16,"turns":9},{"damage":17,"enemies":"Spheric Guardian","floor":18,"turns":4},{"damage":7,"enemies":"3 Byrds","floor":21,"turns":4},{"damage":2,"enemies":"Centurion and Healer","floor":24,"turns":6},{"damage":47,"enemies":"Gremlin Leader","floor":25,"turns":4},{"damage":3,"enemies":"Colosseum Slavers","floor":30,"turns":2},{"damage":20,"enemies":"Colosseum Nobs","floor":30,"turns":3},{"damage":0,"enemies":"Shelled Parasite and Fungi","floor":31,"turns":2},{"damage":5,"enemies":"Collector","floor":33,"turns":8},{"damage":0,"enemies":"3 Shapes","floor":35,"turns":3},{"damage":38,"enemies":"3 Darklings","floor":36,"turns":5},{"damage":68,"enemies":"Reptomancer","floor":40,"turns":4}],"seed_played":"-2877497353495457028","potions_obtained":[{"floor":4,"key":"GamblersBrew"},{"floor":5,"key":"BlessingOfTheForge"},{"floor":6,"key":"EssenceOfSteel"},{"floor":12,"key":"Block Potion"},{"floor":21,"key":"SkillPotion"},{"floor":24,"key":"Energy Potion"},{"floor":33,"key":"DistilledChaos"},{"floor":36,"key":"PowerPotion"}],"is_trial":false,"path_per_floor":["M","?","$","M","M","E","R","M","T","M","M","M","M","M","R","B",null,"M","?","$","M","?","R","M","E","T","R","$","R","?","M","R","B",null,"M","M","$","?","?","E"],"character_chosen":"THE_DEFAULT","items_purchased":["theMarked:Determination","ClockworkSouvenir","Pear","theMarked:SecretDocuments"],"campfire_rested":0,"item_purchase_floors":[3,20,20,37],"current_hp_per_floor":[70,70,70,65,69,43,43,17,17,21,25,29,29,33,33,28,70,53,53,63,61,61,61,64,22,22,22,22,22,9,14,14,14,87,88,51,51,51,51,0,0],"gold":6,"neow_bonus":"RANDOM_COLORLESS","is_daily":false,"chose_seed":false,"campfire_upgraded":0,"win_rate":0.0,"timestamp":1611855573,"path_taken":["M","?","$","M","?","E","R","?","T","M","M","?","M","M","R","BOSS","M","?","?","?","?","R","?","E","T","R","?","R","?","M","R","BOSS","M","M","$","?","?","E"],"items_purchased_type":["Card","Relic","Relic","Relic"],"build_version":"2020-12-22","purchased_purges":0,"victory":false,"max_hp_per_floor":[70,70,70,70,70,70,70,70,70,70,70,70,70,70,70,70,70,70,70,80,81,81,81,82,83,83,83,83,83,85,86,86,87,87,88,89,89,89,89,89,89],"card_choices":[{"not_picked":["Blind","Swift Strike"],"picked":"Bandage Up","floor":0},{"not_picked":["theMarked:LightningStrikesTwice","theMarked:SelfDefenseTraining"],"picked":"theMarked:HeightenedSenses","floor":1},{"not_picked":["theMarked:SwordAndMagic","theMarked:TwofoldDefense"],"picked":"theMarked:Memento","floor":4},{"not_picked":["theMarked:TakeCover","theMarked:Standoff"],"picked":"theMarked:BanishingStrike","floor":5},{"not_picked":["theMarked:WardOff","theMarked:Parkour"],"picked":"theMarked:Reabsorb","floor":6},{"not_picked":["theMarked:Frustration","theMarked:Memento"],"picked":"theMarked:WardOff","floor":8},{"not_picked":["theMarked:EmpowerWeapon","theMarked:Aftermath"],"picked":"theMarked:Seal","floor":10},{"not_picked":["theMarked:WastefulAttack","theMarked:TunnelVision"],"picked":"theMarked:SwordAndMagic","floor":11},{"not_picked":["theMarked:BanishingStrike","theMarked:PowerFlow"],"picked":"theMarked:AttractMetal","floor":12},{"not_picked":["theMarked:BanishingStrike","theMarked:Static"],"picked":"theMarked:RepellingDischarge","floor":13},{"not_picked":["theMarked:ChainLightning","theMarked:Overthink"],"picked":"theMarked:Indomitable","floor":14},{"not_picked":["theMarked:Vacuum","theMarked:Levitate"],"picked":"theMarked:Abjuration","floor":16},{"not_picked":["theMarked:Convert","theMarked:Aftermath"],"picked":"theMarked:OneWithTheBlade","floor":18},{"not_picked":["theMarked:TwofoldDefense","theMarked:Reabsorb"],"picked":"theMarked:Overcharge","floor":21},{"not_picked":["theMarked:ChainLightning","theMarked:TwofoldDefense","theMarked:ElectricStrings+1"],"picked":"SKIP","floor":24},{"not_picked":["theMarked:TakeCover","theMarked:TheMission"],"picked":"theMarked:Determination+1","floor":25},{"not_picked":["theMarked:TakeCover+1","theMarked:PowerFlow+1","theMarked:Aftermath"],"picked":"theMarked:ResourceFulStrike","floor":30},{"not_picked":["theMarked:WastefulAttack","theMarked:WardOff+1","theMarked:ElectricStrings+1"],"picked":"theMarked:SuspiciousRaven","floor":31},{"not_picked":["theMarked:EternalStudent","theMarked:TakeOffHeels","theMarked:ThrowWeapon"],"picked":"theMarked:Defy","floor":33},{"not_picked":["theMarked:Memento+1","theMarked:Maelstrom+1","theMarked:TakeCover"],"picked":"theMarked:MysticalArsenal+1","floor":35},{"not_picked":["theMarked:TakeCover+1","theMarked:MysticalArsenal+1","theMarked:TwofoldDefense+1"],"picked":"theMarked:LightningStrikesTwice+1","floor":36}],"player_experience":413783,"relics_obtained":[{"floor":6,"key":"Anchor"},{"floor":9,"key":"Mercury Hourglass"},{"floor":15,"key":"Lantern"},{"floor":23,"key":"Ancient Tea Set"},{"floor":25,"key":"Bottled Tornado"},{"floor":26,"key":"Frozen Egg 2"},{"floor":27,"key":"Blue Candle"},{"floor":29,"key":"Question Card"},{"floor":30,"key":"Turnip"},{"floor":30,"key":"Letter Opener"},{"floor":32,"key":"StoneCalendar"}],"event_choices":[{"cards_removed":["theMarked:HeightenedSenses"],"damage_healed":0,"gold_gain":0,"player_choice":"Gave Card","damage_taken":0,"relics_obtained":["Shovel"],"max_hp_gain":0,"max_hp_loss":0,"event_name":"WeMeetAgain","floor":2,"gold_loss":0},{"damage_healed":0,"gold_gain":0,"player_choice":"Trade","damage_taken":0,"relics_obtained":["FaceOfCleric"],"max_hp_gain":0,"max_hp_loss":0,"event_name":"FaceTrader","floor":19,"gold_loss":0},{"damage_healed":0,"gold_gain":0,"player_choice":"Fight","damage_taken":0,"max_hp_gain":0,"max_hp_loss":0,"event_name":"Colosseum","floor":30,"gold_loss":0},{"damage_healed":0,"gold_gain":0,"player_choice":"Fought Nobs","damage_taken":0,"max_hp_gain":0,"max_hp_loss":0,"event_name":"Colosseum","floor":30,"gold_loss":0},{"cards_removed":["theMarked:Electrocute"],"damage_healed":0,"gold_gain":0,"player_choice":"Removed Attack","damage_taken":0,"max_hp_gain":0,"max_hp_loss":0,"event_name":"Falling","floor":38,"gold_loss":0},{"damage_healed":0,"gold_gain":0,"player_choice":"Forge","damage_taken":0,"max_hp_gain":0,"max_hp_loss":0,"event_name":"Accursed Blacksmith","floor":39,"gold_loss":0,"cards_upgraded":["theMarked:Defy"]}],"is_beta":false,"boss_relics":[{"not_picked":["Snecko Eye","Runic Dome"],"picked":"Coffee Dripper"},{"not_picked":["Fusion Hammer","SacredBark"],"picked":"Pandora\u0027s Box"}],"items_purged_floors":[],"is_endless":false,"potions_floor_spawned":[4,5,6,12,21,24,30,33,36],"killed_by":"Reptomancer","ascension_level":0}}