{"host":"k85tjwrh7mjrrc9a","time":1611867143,"event":{"mods":["AchievementEnabler","BaseMod","Colored Powertips","Highlight Path","Minty Spire (QoL Compilation)","Rare Cards Sparkle","StSLib"],"gold_per_floor":[359,359,359,9,9,9,36,1,28,28,45,16,16,16,16,92,92,92,47,47,0,0,0,0,0,0,0,0,0,0,0,0,0,0],"floor_reached":33,"language":"ENG","playtime":1253,"items_purged":["Regret"],"score":437,"play_id":"4bd05c46-440c-4f29-8fd7-cd1d005a274b","local_time":"20210128155223","is_ascension_mode":true,"campfire_choices":[{"data":"Bash","floor":6.0,"key":"SMITH"},{"data":"Flame Barrier","floor":10.0,"key":"SMITH"},{"floor":15.0,"key":"REST"},{"floor":23,"key":"REST"},{"data":"Barricade","floor":30,"key":"SMITH"},{"floor":32,"key":"REST"}],"circlet_count":0,"master_deck":["AscendersBane","Strike_R","Strike_R","Strike_R","Strike_R","Defend_R","Defend_R","Defend_R","Defend_R","Bash+1","Flame Barrier+1","Cleave","Wild Strike","Sword Boomerang","Barricade+1","Pommel Strike","Iron Wave","Spot Weakness+1","Whirlwind","Heavy Blade","Shrug It Off","Disarm","Fire Breathing+1"],"relics":["Burning Blood","PreservedInsect","Matryoshka","Dream Catcher","MealTicket","Orichalcum","Smiling Mask","Regal Pillow","Kunai","Ectoplasm","Red Skull"],"acts_visited":["Exordium","TheCity"],"potions_floor_usage":[16,20,29,29],"damage_taken":[{"damage":8.0,"enemies":"2 Louse","floor":1.0,"turns":3.0},{"damage":48.0,"enemies":"Lagavulin","floor":7.0,"turns":7.0},{"damage":0.0,"enemies":"Small Slimes","floor":11.0,"turns":5.0},{"damage":46,"enemies":"Hexaghost","floor":16,"turns":11},{"damage":9,"enemies":"Spheric Guardian","floor":18,"turns":4},{"damage":11,"enemies":"2 Thieves","floor":19,"turns":4},{"damage":32,"enemies":"Centurion and Healer","floor":20,"turns":7},{"damage":15,"enemies":"Cultist and Chosen","floor":24,"turns":6},{"damage":24,"enemies":"Shelled Parasite and Fungi","floor":27,"turns":5},{"damage":31,"enemies":"Sentry and Sphere","floor":28,"turns":6},{"damage":20,"enemies":"Centurion and Healer","floor":29,"turns":4},{"damage":72,"enemies":"Automaton","floor":33,"turns":12}],"seed_played":"3170527946287019834","potions_obtained":[{"floor":1.0,"key":"Weak Potion"},{"floor":7.0,"key":"SkillPotion"},{"floor":19,"key":"Weak Potion"},{"floor":20,"key":"BloodPotion"},{"floor":24,"key":"CultistPotion"},{"floor":28,"key":"Swift Potion"}],"is_trial":false,"path_per_floor":["M","?","?","$","?","R","E","?","T","R","M","$","?","T","R","B",null,"M","M","M","?","?","R","M","$","T","M","M","M","R","$","R","B"],"character_chosen":"IRONCLAD","items_purchased":["Matryoshka","Wild Strike"],"campfire_rested":3,"item_purchase_floors":[4,12],"current_hp_per_floor":[66,59,59,59,59,59,17,34,34,34,40,55,37,37,68,28,58,55,50,24,24,24,59,50,65,65,47,22,21,21,36,68,0,0],"gold":0,"neow_bonus":"TWO_FIFTY_GOLD","is_daily":false,"chose_seed":false,"campfire_upgraded":3,"win_rate":0.0,"timestamp":1611867143,"path_taken":["M","?","?","$","?","R","E","?","T","R","M","$","?","?","R","BOSS","M","?","M","?","?","R","?","$","T","M","M","M","R","$","R","BOSS"],"items_purchased_type":["Relic","Card"],"build_version":"2020-12-22","purchased_purges":1,"victory":false,"max_hp_per_floor":[68,68,68,68,68,68,68,68,68,68,68,68,68,68,68,68,68,68,68,68,68,68,68,68,68,68,68,68,68,68,68,68,68,68],"card_choices":[{"not_picked":["Infernal Blade","Rupture","Clash"],"picked":"SKIP","floor":1.0},{"not_picked":["Sword Boomerang","Warcry"],"picked":"Flame Barrier","floor":7.0},{"not_picked":["Flex","Iron Wave"],"picked":"Cleave","floor":11.0},{"not_picked":["Anger","Flex"],"picked":"Sword Boomerang","floor":15.0},{"not_picked":["Exhume","Feed"],"picked":"Barricade","floor":16},{"not_picked":["Wild Strike","Sword Boomerang","Clash"],"picked":"SKIP","floor":18},{"not_picked":["Spot Weakness","Seeing Red"],"picked":"Pommel Strike","floor":19},{"not_picked":["Intimidate","Heavy Blade"],"picked":"Iron Wave","floor":20},{"not_picked":["Havoc+1","Cleave"],"picked":"Spot Weakness+1","floor":23},{"not_picked":["Bloodletting","Anger"],"picked":"Whirlwind","floor":24},{"not_picked":["Pommel Strike","Iron Wave"],"picked":"Heavy Blade","floor":27},{"not_picked":["Pummel","Sword Boomerang"],"picked":"Shrug It Off","floor":28},{"not_picked":["Corruption","Reckless Charge"],"picked":"Disarm","floor":29},{"not_picked":["Perfected Strike+1","Warcry"],"picked":"Fire Breathing+1","floor":32}],"player_experience":235063,"relics_obtained":[{"floor":7.0,"key":"Dream Catcher"},{"floor":9.0,"key":"MealTicket"},{"floor":9.0,"key":"Orichalcum"},{"floor":14.0,"key":"Regal Pillow"},{"floor":14.0,"key":"Kunai"},{"floor":26,"key":"Red Skull"}],"event_choices":[{"cards_removed":["Strike_R"],"damage_healed":0.0,"max_hp_gain":0.0,"max_hp_loss":0.0,"gold_gain":0.0,"event_name":"Golden Wing","player_choice":"Card Removal","floor":2.0,"gold_loss":0.0,"damage_taken":7.0},{"damage_healed":0.0,"max_hp_gain":0.0,"max_hp_loss":0.0,"gold_gain":0.0,"event_name":"Big Fish","player_choice":"Box","floor":3.0,"gold_loss":0.0,"damage_taken":0.0,"relics_obtained":["PreservedInsect"],"cards_obtained":["Regret"]},{"damage_healed":0.0,"max_hp_gain":0.0,"max_hp_loss":0.0,"gold_gain":0.0,"event_name":"Liars Game","player_choice":"Ignored","floor":5.0,"gold_loss":0.0,"damage_taken":0.0},{"damage_healed":17.0,"max_hp_gain":0.0,"max_hp_loss":0.0,"gold_gain":0.0,"event_name":"The Cleric","player_choice":"Healed","floor":8.0,"gold_loss":35.0,"damage_taken":0.0},{"damage_healed":0.0,"max_hp_gain":0.0,"max_hp_loss":0.0,"gold_gain":0.0,"event_name":"Scrap Ooze","player_choice":"Success","floor":13.0,"gold_loss":0.0,"damage_taken":18.0,"relics_obtained":["Smiling Mask"]},{"damage_healed":0,"gold_gain":0,"player_choice":"Paid Fearfully","damage_taken":0,"max_hp_gain":0,"max_hp_loss":0,"event_name":"Masked Bandits","floor":21,"gold_loss":47},{"damage_healed":0,"gold_gain":0,"player_choice":"Ignored","damage_taken":0,"max_hp_gain":0,"max_hp_loss":0,"event_name":"Transmorgrifier","floor":22,"gold_loss":0}],"is_beta":false,"boss_relics":[{"not_picked":["Runic Pyramid","SacredBark"],"picked":"Ectoplasm"}],"items_purged_floors":[4],"is_endless":false,"potions_floor_spawned":[1,7,19,20,24,28],"killed_by":"Automaton","ascension_level":16}}