{"host":"vyiqbz5w606ur92t","time":1611867108,"event":{"mods":["BaseMod","Downfall","Minty Spire (QoL Compilation)","StSLib"],"gold_per_floor":[99,119,138,148,58,74,74,88,116,133,133,156,56,90,109,206,206,206,217,217,245,51,61,88,188,203,203,232,247,279,80,91,191,191,91,91,109,94,94,454,454,354,382,382,400,27,27,57,68,68,68,98,20,20,20,20],"floor_reached":57,"language":"ENG","playtime":6905,"items_purged":["Guardian:Strike_Guardian","downfall:Bewildered"],"score":1441,"play_id":"3ad24f89-d0d6-4be5-9fbd-783bfe314092","local_time":"20210128205148","is_ascension_mode":true,"campfire_choices":[{"data":"Guardian:TwinSlam","floor":1,"key":"SMITH"},{"floor":11,"key":"REST"},{"data":"Guardian:ConstructionForm","floor":13,"key":"SMITH"},{"data":"Guardian:DonusPower","floor":18,"key":"SMITH"},{"data":"Guardian:FloatingOrbs","floor":27,"key":"SMITH"},{"floor":35,"key":"RECALL"},{"floor":54,"key":"REST"}],"circlet_count":0,"master_deck":["Guardian:CurlUp","Guardian:TwinSlam+1","Guardian:ShieldSpikes","Guardian:PolyBeam","Guardian:ConstructionForm+1","Guardian:PiercingHide","Guardian:DonusPower+1","Guardian:EvasiveProtocol","Guardian:ChargeUp","Guardian:ConstructionForm","Guardian:SentryBeam","Guardian:RevengeProtocol","Guardian:ShieldCharger","Guardian:ChargeUp","Guardian:DecasProtection+1","Guardian:PiercingHide","Guardian:FloatingOrbs+1","Guardian:BodySlam","Guardian:ShieldSpikes+1","Guardian:PrismaticBarrier","Guardian:ChargeUp","Guardian:ExploitGems","Guardian:RollAttack+1","Guardian:Clone","Guardian:BronzeArmor+1","Guardian:WalkerClaw","Guardian:Harden","expansioncontent:LastStand","Guardian:GuardianWhirl+1","Guardian:FloatingOrbs+1","Guardian:PrismaticBeam","Guardian:ArmoredProtocol"],"relics":["Guardian:ModeShifter","Letter Opener","Singing Bowl","Odd Mushroom","downfall:HeartBlessingGreen","Bottled Tornado","Pandora\u0027s Box","sneckomod:BabySnecko","Red Mask","Happy Flower","Ancient Tea Set","Guardian:PickAxe","Fusion Hammer","downfall:HeartBlessingBlue","Ornamental Fan","downfall:HeartBlessingRed","Mummified Hand","Slimebound:StickyStick","Toolbox","Orichalcum","Bag of Preparation"],"acts_visited":["Exordium","TheCity","TheBeyond","TheEnding"],"potions_floor_usage":[8,16,16,21,28,30,30,33,56,56,56],"damage_taken":[{"damage":5,"enemies":"Jaw Worm","floor":2,"turns":4},{"damage":1,"enemies":"Small Slimes","floor":3,"turns":5},{"damage":0,"enemies":"2 Louse","floor":4,"turns":4},{"damage":5,"enemies":"downfall:FleeingMerchant","floor":5,"turns":4},{"damage":1,"enemies":"Blue Slaver","floor":6,"turns":4},{"damage":14,"enemies":"Exordium Wildlife","floor":8,"turns":7},{"damage":36,"enemies":"3 Sentries","floor":9,"turns":18},{"damage":0,"enemies":"2 Fungi Beasts","floor":10,"turns":5},{"damage":6,"enemies":"The Mushroom Lair","floor":12,"turns":5},{"damage":0,"enemies":"Lagavulin","floor":14,"turns":7},{"damage":4,"enemies":"Exordium Thugs","floor":15,"turns":6},{"damage":22,"enemies":"IC_STATUS_ARCHETYPE","floor":16,"turns":13},{"damage":0,"enemies":"Spheric Guardian","floor":19,"turns":6},{"damage":6,"enemies":"Masked Bandits","floor":21,"turns":6},{"damage":0,"enemies":"downfall:FleeingMerchant","floor":22,"turns":4},{"damage":6,"enemies":"Chosen","floor":23,"turns":4},{"damage":0,"enemies":"Centurion and Healer","floor":26,"turns":9},{"damage":23,"enemies":"Gremlin Leader","floor":28,"turns":6},{"damage":0,"enemies":"Sentry and Sphere","floor":29,"turns":4},{"damage":6,"enemies":"Slavers","floor":30,"turns":4},{"damage":0,"enemies":"downfall:FleeingMerchant","floor":31,"turns":4},{"damage":0,"enemies":"Shelled Parasite and Fungi","floor":32,"turns":4},{"damage":22,"enemies":"DF_ARCHETYPE_CLAW","floor":33,"turns":7},{"damage":6,"enemies":"3 Shapes","floor":37,"turns":4},{"damage":0,"enemies":"downfall:FleeingMerchant","floor":38,"turns":4},{"damage":12,"enemies":"downfall:FleeingMerchant","floor":40,"turns":3},{"damage":0,"enemies":"Nemesis","floor":43,"turns":7},{"damage":0,"enemies":"Orb Walker","floor":45,"turns":4},{"damage":0,"enemies":"Reptomancer","floor":48,"turns":5},{"damage":0,"enemies":"Transient","floor":49,"turns":5},{"damage":18,"enemies":"WA_ARCHETYPE_DIVINITY","floor":50,"turns":9},{"damage":0,"enemies":"downfall:CharBossMerchant","floor":52,"turns":5},{"damage":0,"enemies":"downfall:NeowBoss","floor":55,"turns":11},{"damage":0,"enemies":"downfall:NeowBossFinal","floor":56,"turns":8}],"seed_played":"-4726255102691371777","potions_obtained":[{"floor":3,"key":"Dexterity Potion"},{"floor":6,"key":"EssenceOfSteel"},{"floor":12,"key":"LiquidBronze"},{"floor":15,"key":"Swift Potion"},{"floor":16,"key":"Strength Potion"},{"floor":23,"key":"Block Potion"},{"floor":28,"key":"champ:CounterPotion"},{"floor":29,"key":"hexamod:SoulburnPotion"},{"floor":30,"key":"bronze:BurnAndBuffPotion"},{"floor":45,"key":"ColorlessPotion"},{"floor":48,"key":"CultistPotion"},{"floor":52,"key":"GamblersBrew"}],"is_trial":false,"path_per_floor":["R","M","M","M","$","M","T","M","E","M","R","?","R","E","M","B",null,"R","M","?","?","$","M","T","?","M","R","E","M","E","$","M","B",null,"R","?","M","$","?","$","T","R","E","R","M","$","R","E","M","B",null,"E","$","R","B","B",null],"character_chosen":"GUARDIAN","items_purchased":["Guardian:FloatingOrbs","Guardian:PickAxe","Guardian:PrismaticBarrier","Slimebound:StickyStick","Toolbox","expansioncontent:LastStand","Guardian:ArmoredProtocol"],"campfire_rested":2,"item_purchase_floors":[22,31,31,46,46,46,53],"current_hp_per_floor":[80,75,74,74,69,68,68,54,18,18,42,36,36,36,32,10,80,80,80,80,74,74,70,70,70,72,72,49,49,43,43,43,21,84,94,94,88,88,88,76,76,76,76,76,76,76,76,76,76,58,94,94,94,94,94,94],"gold":20,"neow_bonus":"TRANSFORM_CARD","is_daily":false,"chose_seed":false,"campfire_upgraded":4,"win_rate":0.0,"timestamp":1611867108,"path_taken":["R","M","M","M","$","M","T","M","E","M","R","?","R","E","M","BOSS","R","M","?","?","?","M","T","?","?","R","E","M","E","$","M","BOSS","R","?","M","?","?","$","T","R","E","R","M","?","R","E","M","BOSS","E","$","R","BOSS","BOSS"],"items_purchased_type":["Card","Relic","Card","Relic","Relic","Card","Card"],"build_version":"2020-12-22","purchased_purges":2,"victory":true,"max_hp_per_floor":[80,80,80,80,80,80,80,80,80,80,80,80,80,80,80,80,80,80,80,80,80,80,82,82,82,84,84,84,84,84,84,84,84,84,94,94,94,94,94,94,94,94,94,94,94,94,94,94,94,94,94,94,94,94,94,94],"card_choices":[{"not_picked":["Guardian:Recover","Guardian:Incinerate"],"picked":"Guardian:DecasProtection","floor":2},{"not_picked":["Guardian:GuardianWhirl","Guardian:CrystalBeam"],"picked":"Guardian:ShieldSpikes","floor":3},{"not_picked":["Guardian:PrismaticBeam","Guardian:Reroute"],"picked":"Guardian:PolyBeam","floor":4},{"not_picked":["Guardian:Incinerate","Guardian:TemporalStrike"],"picked":"Guardian:Gem_Crimson","floor":5},{"not_picked":["Guardian:Emergency","Guardian:Clone"],"picked":"Guardian:ConstructionForm","floor":6},{"not_picked":["Guardian:TemporalStrike","Guardian:Emergency","Guardian:Gem_Lightblue"],"picked":"SKIP","floor":8},{"not_picked":["Guardian:SentryBeam","Guardian:PrismaticBarrier"],"picked":"Guardian:Gem_Orange","floor":9},{"not_picked":["Guardian:ChargeCore","Guardian:RollAttack"],"picked":"Guardian:PiercingHide","floor":10},{"not_picked":["Guardian:Emergency","Guardian:Gem_Green"],"picked":"Guardian:DonusPower","floor":12},{"not_picked":["Guardian:Gem_Purple","Guardian:VentSteam"],"picked":"Guardian:EvasiveProtocol","floor":14},{"not_picked":["Guardian:Planning","Guardian:RefractedBeam"],"picked":"Guardian:ChargeUp","floor":15},{"not_picked":["Guardian:GatlingBeam","Guardian:GemFire"],"picked":"Guardian:ConstructionForm","floor":16},{"not_picked":["Guardian:RollAttack","Guardian:Gem_White"],"picked":"Guardian:DecasProtection+1","floor":19},{"not_picked":["Guardian:Reroute+1","Guardian:TemporalStrike+1"],"picked":"Guardian:PiercingHide","floor":21},{"not_picked":["Guardian:Planning","Guardian:Suspension"],"picked":"Guardian:Gem_Synthetic","floor":22},{"not_picked":["Guardian:Orbwalk","Guardian:Incinerate","Guardian:VentSteam"],"picked":"Singing Bowl","floor":23},{"not_picked":["Guardian:Gem_Lightblue","Guardian:CrystalBeam+1","Guardian:Incinerate"],"picked":"Singing Bowl","floor":26},{"not_picked":["Guardian:PiercingHide","Guardian:WalkerClaw"],"picked":"Guardian:BodySlam","floor":28},{"not_picked":["Guardian:Gem_Yellow","Guardian:SpikerProtocol+1"],"picked":"Guardian:Gem_Cyan","floor":29},{"not_picked":["Guardian:TemporalShield","Guardian:Preprogram"],"picked":"Guardian:ShieldSpikes+1","floor":30},{"not_picked":["Guardian:Repulse","Guardian:StasisField"],"picked":"Guardian:PrimingBeam","floor":31},{"not_picked":["Guardian:Gem_Lightblue","Guardian:Planning"],"picked":"Guardian:ChargeUp","floor":32},{"not_picked":["Guardian:StasisStrike","Guardian:FastForward"],"picked":"Guardian:ExploitGems","floor":33},{"not_picked":["Guardian:Gem_Fragmented","Guardian:Reroute+1"],"picked":"Guardian:RollAttack+1","floor":37},{"not_picked":["Guardian:VentSteam","Guardian:Gem_Lightblue"],"picked":"Guardian:Clone","floor":38},{"not_picked":["Guardian:PiercingHide+1","Guardian:BodySlam"],"picked":"Guardian:BronzeArmor+1","floor":40},{"not_picked":["Guardian:PiercingHide","Guardian:Gem_Orange"],"picked":"Guardian:WalkerClaw","floor":43},{"not_picked":["Guardian:SentryBeam","Guardian:ShieldCharger"],"picked":"Guardian:Harden","floor":45},{"not_picked":["Guardian:TemporalShield+1","Guardian:Gem_Cyan"],"picked":"Guardian:GuardianWhirl+1","floor":48},{"not_picked":["Guardian:PolyBeam","Guardian:BronzeArmor"],"picked":"Guardian:FloatingOrbs+1","floor":49},{"not_picked":["Guardian:Recover+1","Guardian:Preprogram+1"],"picked":"Guardian:PrismaticBeam","floor":52}],"player_experience":1169535,"relics_obtained":[{"floor":7,"key":"Letter Opener"},{"floor":9,"key":"Singing Bowl"},{"floor":12,"key":"Odd Mushroom"},{"floor":14,"key":"Bottled Tornado"},{"floor":21,"key":"Red Mask"},{"floor":28,"key":"Happy Flower"},{"floor":30,"key":"Ancient Tea Set"},{"floor":41,"key":"Ornamental Fan"},{"floor":43,"key":"Mummified Hand"},{"floor":48,"key":"Orichalcum"},{"floor":52,"key":"Bag of Preparation"}],"event_choices":[{"damage_healed":0,"gold_gain":0,"player_choice":"Fought Mushrooms","damage_taken":0,"max_hp_gain":0,"max_hp_loss":0,"event_name":"Mushrooms","floor":12,"gold_loss":0},{"damage_healed":0,"gold_gain":0,"player_choice":"Fought Bandits","damage_taken":0,"max_hp_gain":0,"max_hp_loss":0,"event_name":"Masked Bandits","floor":21,"gold_loss":0},{"cards_removed":["Guardian:PrimingBeam"],"damage_healed":0,"gold_gain":0,"player_choice":"Removed Attack","damage_taken":0,"max_hp_gain":0,"max_hp_loss":0,"event_name":"Falling","floor":36,"gold_loss":0}],"is_beta":false,"boss_relics":[{"not_picked":["Philosopher\u0027s Stone","Calling Bell"],"picked":"Pandora\u0027s Box"},{"not_picked":["bronze:MakeshiftBattery","Empty Cage"],"picked":"Fusion Hammer"}],"items_purged_floors":[5,22],"is_endless":false,"potions_floor_spawned":[3,6,12,15,16,23,28,29,30,45,48,49,52],"ascension_level":1}}