{"host":"ucgrft0m53zzt06v","time":1611804603,"event":{"mods":["BaseMod","Colored Map","Colored Powertips","Conspire","HololiveMod","KinomotoSakuraMod(木之本樱)","Lobotomy","Minty Spire (QoL Compilation)","Quick Restart","Replay The Spire","RumiaBox-露米娅的神秘盒子","Shop Mod","Spicy Shops","StSLib","Td1madao Mod","The Senshi","Waifu the Spire","WarShipGirlsR/战舰少女R mod"],"gold_per_floor":[117,136,148,165,165,181,81,81,104,124,224,224,237,46,46,208,208,218,254,311,348,348],"floor_reached":21,"language":"ZHS","playtime":1808,"items_purged":["Regret"],"score":175,"play_id":"cb70ef96-00f1-4a1f-8783-b6425757d7cd","local_time":"20210128113003","is_ascension_mode":false,"campfire_choices":[{"data":"rmod:expedition","floor":8.0,"key":"SMITH"},{"data":"rmod:expedition+1","floor":12.0,"key":"SMITH"}],"circlet_count":0,"master_deck":["rmod:strick","rmod:strick","rmod:strick","rmod:strick","rmod:defend","rmod:defend","rmod:defend","rmod:defend","rmod:basicallowance+1","rmod:maingunfire","rmod:intelligenceanalysis","rmod:selfconfidence","rmod:luckystar","rmod:expedition+2","Hololive_OvertimeWork","conspire:SpireCoStock","conspire:SpireCoStock","Prepared","rmod:chargemoney","Adoration"],"relics":["rmod:firstchargereward","PrismaticShard","Hololive_LightStick","BargainBundle","Philosopher\u0027s Stone"],"acts_visited":["TheCity"],"potions_floor_usage":[20,20,20],"damage_taken":[{"damage":0.0,"enemies":"conspire:RoseBush","floor":1.0,"turns":4.0},{"damage":0.0,"enemies":"Jaw Worm","floor":2.0,"turns":4.0},{"damage":0.0,"enemies":"Cultist","floor":3.0,"turns":2.0},{"damage":0.0,"enemies":"3 Louse","floor":4.0,"turns":1.0},{"damage":4.0,"enemies":"Red Slaver","floor":6.0,"turns":3.0},{"damage":0.0,"enemies":"Lots of Slimes","floor":10.0,"turns":2.0},{"damage":0.0,"enemies":"Large Slime","floor":13.0,"turns":2.0},{"damage":15.0,"enemies":"Fading Forest","floor":16.0,"turns":12.0},{"damage":17.0,"enemies":"2 Thieves","floor":18.0,"turns":3.0},{"damage":7.0,"enemies":"3 Byrds","floor":19.0,"turns":4.0},{"damage":15,"enemies":"Centurion and Healer","floor":20,"turns":6},{"damage":53,"enemies":"Snake Plant","floor":21,"turns":5}],"seed_played":"-6380232266062470827","potions_obtained":[{"floor":1.0,"key":"LiquidMemories"},{"floor":2.0,"key":"LiquidBronze"},{"floor":3.0,"key":"PowerPotion"},{"floor":6.0,"key":"Swift Potion"},{"floor":15.0,"key":"Doom Potion"},{"floor":20,"key":"BlessingOfTheForge"}],"is_trial":false,"path_per_floor":["M","M","M","M","?","M","?","R","T","M","?","R","M","$","R_BF","B",null,"M","M","M","M"],"character_chosen":"PRAEFECT","items_purchased":["BargainBundle","Elixir","Regen Potion","rmod:chargemoney"],"campfire_rested":0,"item_purchase_floors":[14,14,14,14],"current_hp_per_floor":[75,75,75,75,75,71,71,71,71,71,71,71,71,71,71,66,75,58,51,51,0,0],"gold":348,"neow_bonus":"RANDOM_EVENT","is_daily":false,"chose_seed":false,"campfire_upgraded":2,"win_rate":0.0,"timestamp":1611804603,"path_taken":["M","M","M","M","?","M","?","R","T","M","?","R","M","$","R_BF","BOSS","M","M","M","M"],"items_purchased_type":["Relic","Potion","Potion","Card"],"build_version":"2020-12-22","purchased_purges":1,"victory":false,"max_hp_per_floor":[75,75,75,75,75,75,75,75,75,75,75,75,75,75,75,75,75,75,75,75,75,75],"card_choices":[{"not_picked":["rmod:bulid","rmod:steelsupply"],"picked":"rmod:intelligenceanalysis","floor":1.0},{"not_picked":["rmod:generalist","rmod:goodsister"],"picked":"rmod:selfconfidence","floor":2.0},{"not_picked":["rmod:firesupport","rmod:punchline"],"picked":"rmod:luckystar","floor":3.0},{"not_picked":["rmod:wolves","rmod:ammunitionsupply"],"picked":"rmod:expedition","floor":4.0},{"not_picked":["Lantern","Anger"],"picked":"Hololive_OvertimeWork","floor":6.0},{"not_picked":["ClowCardTheArrow","Leg Sweep"],"picked":"Prepared","floor":10.0},{"not_picked":["Metamorphosis","PathToVictory","FearNoEvil"],"picked":"SKIP","floor":13.0},{"not_picked":["Violence","Hololive_HighAtkLowDef"],"picked":"Adoration","floor":16.0},{"not_picked":["Cleave","rmod:intelligenceanalysis","BattleHymn"],"picked":"SKIP","floor":18.0},{"not_picked":["theSenshi:SailorMarsAssists","BasicCrystalCard","FollowUp"],"picked":"SKIP","floor":19.0},{"not_picked":["CrushJoints","rmod:smokecover","Christmas"],"picked":"SKIP","floor":20}],"player_experience":93376,"relics_obtained":[{"floor":9.0,"key":"Hololive_LightStick"}],"event_choices":[{"damage_healed":0.0,"max_hp_gain":0.0,"max_hp_loss":0.0,"gold_gain":0.0,"event_name":"Living Wall","player_choice":"Grow","floor":0.0,"gold_loss":0.0,"damage_taken":0.0,"cards_upgraded":["rmod:basicallowance"]},{"damage_healed":0.0,"max_hp_gain":0.0,"max_hp_loss":0.0,"gold_gain":0.0,"event_name":"conspire:Investor","player_choice":"Invest 2","floor":7.0,"gold_loss":0.0,"damage_taken":0.0},{"damage_healed":0.0,"max_hp_gain":0.0,"max_hp_loss":0.0,"gold_gain":100.0,"event_name":"Golden Shrine","player_choice":"Pray","floor":11.0,"gold_loss":0.0,"damage_taken":0.0},{"damage_healed":0.0,"max_hp_gain":0.0,"max_hp_loss":0.0,"gold_gain":0.0,"event_name":"Lab","player_choice":"Got Potions","floor":15.0,"gold_loss":0.0,"damage_taken":0.0}],"is_beta":false,"boss_relics":[{"not_picked":["Calling Bell","Ring of Chaos"],"picked":"Philosopher\u0027s Stone"}],"items_purged_floors":[14],"is_endless":false,"potions_floor_spawned":[1,2,3,6,20],"killed_by":"Snake Plant","ascension_level":0}}