{"host":"ew66i0vuc7r9fnl7","time":1611809014,"event":{"mods":["100% Spire Juice","BaseMod","DeckTracker","Minty Spire (QoL Compilation)","StSLib"],"gold_per_floor":[115,290,304,379,399,399,177,191,191,105,105,36,36,36,36,36,36],"floor_reached":16,"language":"KOR","playtime":680,"items_purged":["Doubt"],"score":98,"play_id":"f7f3f0f1-2dc7-4bb0-8e21-69d12f3ac282","local_time":"20210128134334","is_ascension_mode":false,"campfire_choices":[{"data":"Moonworks:Ambush","floor":6,"key":"SMITH"},{"data":"Moonworks:LulusLuckyEgg","floor":11,"key":"SMITH"},{"floor":13,"key":"REST"},{"floor":15,"key":"RECALL"}],"circlet_count":0,"master_deck":["Moonworks:Strike","Moonworks:Strike","Moonworks:Strike","Moonworks:Strike","Moonworks:Defend","Moonworks:Defend","Moonworks:Defend","Moonworks:Defend","Moonworks:Ambush+1","Moonworks:LongDistanceShot","Moonworks:LulusLuckyEgg+1","Moonworks:AwakeningOfTalent","Moonworks:StiffCrystal+1"],"relics":["Moonworks:BrokenBomb","Moonworks:Homemark","NeowsBlessing","PreservedInsect","Toxic Egg 2"],"acts_visited":["Exordium"],"potions_floor_usage":[],"damage_taken":[{"damage":0,"enemies":"Cultist","floor":1,"turns":1},{"damage":0,"enemies":"Small Slimes","floor":3,"turns":1},{"damage":0,"enemies":"2 Louse","floor":5,"turns":1},{"damage":0,"enemies":"2 Fungi Beasts","floor":8,"turns":3},{"damage":20,"enemies":"3 Sentries","floor":10,"turns":10},{"damage":38,"enemies":"Hexaghost","floor":16,"turns":13}],"seed_played":"4829573002532054106","potions_obtained":[{"floor":8,"key":"ColorlessPotion"}],"is_trial":false,"path_per_floor":["M","?","M","?","M","R","$","M","T","E","R","$","R","?","R","B"],"character_chosen":"THE_STARBREAKER","items_purchased":["PreservedInsect","Moonworks:StiffCrystal+1"],"campfire_rested":1,"item_purchase_floors":[7,12],"current_hp_per_floor":[60,60,60,49,49,49,49,49,49,29,29,29,47,47,47,9,9],"gold":36,"neow_bonus":"THREE_ENEMY_KILL","is_daily":false,"chose_seed":false,"campfire_upgraded":2,"win_rate":0.0,"timestamp":1611809014,"path_taken":["M","?","M","?","M","R","$","M","T","E","R","$","R","?","R","BOSS"],"items_purchased_type":["Relic","Card"],"build_version":"2020-12-22","purchased_purges":1,"victory":false,"max_hp_per_floor":[60,60,60,60,60,60,60,60,60,60,60,60,60,60,60,60,60],"card_choices":[{"not_picked":["Moonworks:CloudOfSeagulls","Moonworks:TreasureThief"],"picked":"Moonworks:LulusLuckyEgg","floor":1},{"not_picked":["Moonworks:BigMagnum","Moonworks:UnluckyCharm","Moonworks:Poppoformation"],"picked":"SKIP","floor":3},{"not_picked":["Moonworks:SelfDestruct","Moonworks:IndiscriminateFireSupport","Moonworks:AwakeningOfTalent"],"picked":"SKIP","floor":5},{"not_picked":["Moonworks:SakisCookie","Moonworks:BigMagnum"],"picked":"Moonworks:AwakeningOfTalent","floor":8},{"not_picked":["Moonworks:LeapThroughSpace","Moonworks:MixPhenomenon+1","Moonworks:DeployBits+1"],"picked":"SKIP","floor":10}],"player_experience":613716,"relics_obtained":[{"floor":10,"key":"Toxic Egg 2"}],"event_choices":[{"damage_healed":0,"gold_gain":175,"player_choice":"AGREE","damage_taken":0,"max_hp_gain":0,"max_hp_loss":0,"event_name":"Liars Game","floor":2,"gold_loss":0,"cards_obtained":["Doubt"]},{"damage_healed":0,"gold_gain":75,"player_choice":"Gather Gold","damage_taken":11,"max_hp_gain":0,"max_hp_loss":0,"event_name":"World of Goop","floor":4,"gold_loss":0},{"damage_healed":0,"gold_gain":0,"player_choice":"Leave","damage_taken":0,"max_hp_gain":0,"max_hp_loss":0,"event_name":"The Cleric","floor":14,"gold_loss":0}],"is_beta":false,"boss_relics":[],"items_purged_floors":[7],"is_endless":false,"potions_floor_spawned":[8],"killed_by":"Hexaghost","ascension_level":0}}