{"host":"mnpd8gh7cwxsn5kh","time":1611865132,"event":{"mods":["BaseMod","Block Reminder","Colored Map","Colored Powertips","Highlight Path","Minty Spire (QoL Compilation)","Relic Sorter","Relic Stats"],"gold_per_floor":[118,135,135,135,135,135,169,194,217,251,272,272,272,288,288,417,417,417,417,417,417,417,417,417,417,417,60,60,60,60],"floor_reached":29,"language":"ENG","playtime":2009,"items_purged":[],"score":355,"play_id":"7b27443b-66e9-483c-bb0e-b11e8b651e06","local_time":"20210128211852","is_ascension_mode":true,"campfire_choices":[{"data":"Zap","floor":6,"key":"SMITH"},{"data":"Chill","floor":15,"key":"SMITH"},{"floor":24,"key":"REST"}],"circlet_count":0,"master_deck":["Strike_B","Strike_B","Strike_B","Defend_B","Defend_B","Defend_B","Defend_B","Zap+1","Dualcast","Chill+1","Capacitor","Conserve Battery","Chill","Hello World","Streamline","Echo Form","Cold Snap","Defragment+1","Coolheaded+1","Tempest"],"relics":["Cracked Core","NeowsBlessing","Golden Idol","Strawberry","Ancient Tea Set","Ornamental Fan","Ectoplasm","Happy Flower","Gremlin Horn","Prayer Wheel","Bronze Scales","Calipers","MealTicket"],"acts_visited":["Exordium","TheCity"],"potions_floor_usage":[10,16,22,23,29],"damage_taken":[{"damage":0,"enemies":"Jaw Worm","floor":1,"turns":1},{"damage":0,"enemies":"2 Louse","floor":2,"turns":1},{"damage":0,"enemies":"Lagavulin","floor":7,"turns":1},{"damage":0,"enemies":"Cultist","floor":8,"turns":3},{"damage":51,"enemies":"Gremlin Nob","floor":10,"turns":5},{"damage":4,"enemies":"3 Louse","floor":11,"turns":3},{"damage":0,"enemies":"Large Slime","floor":14,"turns":5},{"damage":20,"enemies":"The Guardian","floor":16,"turns":16},{"damage":19,"enemies":"Chosen","floor":18,"turns":5},{"damage":5,"enemies":"3 Byrds","floor":21,"turns":5},{"damage":23,"enemies":"Shelled Parasite and Fungi","floor":22,"turns":6},{"damage":21,"enemies":"Book of Stabbing","floor":23,"turns":7},{"damage":32,"enemies":"Slavers","floor":25,"turns":10},{"damage":6,"enemies":"Centurion and Healer","floor":29,"turns":1}],"seed_played":"-8861916074993626530","potions_obtained":[{"floor":1,"key":"Swift Potion"},{"floor":10,"key":"Ancient Potion"},{"floor":11,"key":"SkillPotion"},{"floor":16,"key":"BlessingOfTheForge"},{"floor":21,"key":"Energy Potion"},{"floor":25,"key":"ColorlessPotion"}],"is_trial":false,"path_per_floor":["M","M","?","?","?","R","E","M","T","E","M","?","?","M","R","B",null,"M","?","T","M","M","E","R","E","T","$","?","M"],"character_chosen":"DEFECT","items_purchased":["Calipers","PowerPotion"],"campfire_rested":1,"item_purchase_floors":[27,27],"current_hp_per_floor":[75,75,80,74,74,74,81,81,81,30,26,26,26,26,26,6,81,62,62,62,57,34,13,37,5,5,5,5,0,0],"gold":60,"neow_bonus":"THREE_ENEMY_KILL","is_daily":false,"chose_seed":false,"campfire_upgraded":2,"win_rate":0.0,"timestamp":1611865132,"path_taken":["M","M","?","?","?","R","E","?","T","E","M","?","?","M","R","BOSS","M","?","?","M","?","E","R","E","T","$","?","M"],"items_purchased_type":["Relic","Potion"],"build_version":"2020-12-22","purchased_purges":0,"victory":false,"max_hp_per_floor":[75,75,80,74,74,74,81,81,81,81,81,81,81,81,81,81,81,81,81,81,81,81,81,81,81,81,81,81,81,81],"relic_stats":{"Happy Flower":[9],"Gremlin Horn":[2,2],"counters":[14,69],"Golden Idol":78,"Ornamental Fan":[56],"Bronze Scales":[0],"Prayer Wheel":0,"MealTicket":0,"Ectoplasm":180,"obtain_stats":[{"Calipers":27,"NeowsBlessing":0,"Happy Flower":20,"Gremlin Horn":23,"Golden Idol":4,"Ancient Tea Set":9,"Ornamental Fan":10,"Strawberry":7,"Bronze Scales":26,"Prayer Wheel":25,"MealTicket":28,"Ectoplasm":17,"Cracked Core":0},{"Calipers":13,"NeowsBlessing":0,"Happy Flower":9,"Gremlin Horn":12,"Golden Idol":2,"Ancient Tea Set":4,"Ornamental Fan":5,"Strawberry":3,"Bronze Scales":13,"Prayer Wheel":13,"MealTicket":13,"Ectoplasm":8,"Cracked Core":0},{"Calipers":68,"NeowsBlessing":0,"Happy Flower":40,"Gremlin Horn":58,"Golden Idol":2,"Ancient Tea Set":6,"Ornamental Fan":11,"Strawberry":3,"Bronze Scales":68,"Prayer Wheel":68,"MealTicket":68,"Ectoplasm":35,"Cracked Core":0}]},"card_choices":[{"not_picked":["Barrage","Redo"],"picked":"Chill","floor":1},{"not_picked":["Sweeping Beam","Heatsinks"],"picked":"Capacitor","floor":2},{"not_picked":["Capacitor","Storm"],"picked":"Conserve Battery","floor":7},{"not_picked":["Rebound","Stack","Gash"],"picked":"SKIP","floor":8},{"not_picked":["Barrage","Sweeping Beam"],"picked":"Chill","floor":10},{"not_picked":["Aggregate","Thunder Strike","Turbo"],"picked":"SKIP","floor":11},{"not_picked":["Redo","Stack"],"picked":"Streamline","floor":14},{"not_picked":["Multi-Cast","Electrodynamics"],"picked":"Echo Form","floor":16},{"not_picked":["FTL","Barrage"],"picked":"Cold Snap","floor":18},{"not_picked":["Melter","Turbo"],"picked":"Defragment+1","floor":21},{"not_picked":["Ball Lightning+1","Aggregate"],"picked":"Coolheaded+1","floor":22},{"not_picked":["Recycle","Beam Cell","Leap"],"picked":"SKIP","floor":23},{"not_picked":["Aggregate","Go for the Eyes"],"picked":"Tempest","floor":25}],"player_experience":148229,"relics_obtained":[{"floor":7,"key":"Strawberry"},{"floor":9,"key":"Ancient Tea Set"},{"floor":10,"key":"Ornamental Fan"},{"floor":20,"key":"Happy Flower"},{"floor":23,"key":"Gremlin Horn"},{"floor":25,"key":"Prayer Wheel"},{"floor":26,"key":"Bronze Scales"}],"event_choices":[{"damage_healed":0,"gold_gain":0,"player_choice":"Donut","damage_taken":0,"max_hp_gain":5,"max_hp_loss":0,"event_name":"Big Fish","floor":3,"gold_loss":0},{"damage_healed":0,"gold_gain":0,"player_choice":"Lose Max HP","damage_taken":0,"relics_obtained":["Golden Idol"],"max_hp_gain":0,"max_hp_loss":6,"event_name":"Golden Idol","floor":4,"gold_loss":0},{"damage_healed":0,"gold_gain":0,"player_choice":"Bought 0 Potions","damage_taken":0,"max_hp_gain":0,"max_hp_loss":0,"event_name":"The Woman in Blue","floor":5,"gold_loss":0},{"damage_healed":0,"gold_gain":0,"player_choice":"Searched \u00270\u0027 times","damage_taken":0,"max_hp_gain":0,"max_hp_loss":0,"event_name":"Dead Adventurer","floor":12,"gold_loss":0},{"damage_healed":0,"gold_gain":0,"cards_transformed":["Strike_B"],"player_choice":"Transformed","damage_taken":0,"max_hp_gain":0,"max_hp_loss":0,"event_name":"Transmorgrifier","floor":13,"gold_loss":0,"cards_obtained":["Hello World"]},{"damage_healed":0,"gold_gain":0,"player_choice":"Ignored","damage_taken":0,"max_hp_gain":0,"max_hp_loss":0,"event_name":"Beggar","floor":19,"gold_loss":0},{"damage_healed":0,"gold_gain":0,"player_choice":"Gave Potion","damage_taken":0,"relics_obtained":["MealTicket"],"max_hp_gain":0,"max_hp_loss":0,"event_name":"WeMeetAgain","floor":28,"gold_loss":0}],"is_beta":false,"boss_relics":[{"not_picked":["Coffee Dripper","Tiny House"],"picked":"Ectoplasm"}],"items_purged_floors":[],"is_endless":false,"potions_floor_spawned":[1,10,11,16,21,25],"killed_by":"Centurion and Healer","ascension_level":4}}