{"host":"jpcy2bclvs7juczu","time":1611872104,"event":{"mods":["Alarm Clock","BaseMod","Bestiary","Block Reminder","Colored Map","Colored Powertips","Curses Come First","Dark Map","Minty Spire (QoL Compilation)","Quick Restart","RNG Fix","Relic Stats","Slay the Relics Exporter","StSLib","ojb\u0027s Better Paths Mod","ojb\u0027s Info Mod","slay the spire mod where everything is the same but ironclad has a cowboy hat"],"gold_per_floor":[116,127,127,142,142,142,177,190,215,215,240,17,65,109,109,109,109],"floor_reached":16,"language":"ENG","playtime":429,"items_purged":[],"score":220,"play_id":"61753366-a1f5-4053-b769-3646567d8270","local_time":"20210128171504","is_ascension_mode":true,"campfire_choices":[{"data":"Cleave","floor":6.0,"key":"SMITH"},{"floor":10.0,"key":"REST"},{"floor":15,"key":"REST"}],"circlet_count":0,"master_deck":["AscendersBane","Strike_R","Strike_R","Strike_R","Strike_R","Strike_R","Defend_R","Defend_R","Defend_R","Defend_R","Bash","Cleave+1","Power Through","Second Wind","Reaper","Iron Wave","Reaper"],"relics":["Philosopher\u0027s Stone","Golden Idol","Frozen Egg 2","Lantern","Regal Pillow","MealTicket"],"acts_visited":["Exordium"],"potions_floor_usage":[14,14],"damage_taken":[{"damage":7.0,"enemies":"Cultist","floor":1.0,"turns":3.0},{"damage":8.0,"enemies":"2 Louse","floor":2.0,"turns":3.0},{"damage":8.0,"enemies":"Jaw Worm","floor":4.0,"turns":3.0},{"damage":30.0,"enemies":"3 Sentries","floor":7.0,"turns":14.0},{"damage":0.0,"enemies":"Red Slaver","floor":8.0,"turns":2.0},{"damage":0,"enemies":"3 Louse","floor":11,"turns":3},{"damage":34,"enemies":"Gremlin Nob","floor":14,"turns":4},{"damage":63,"enemies":"Slime Boss","floor":16,"turns":9}],"seed_played":"-6171555697291535380","potions_obtained":[{"floor":2.0,"key":"BlessingOfTheForge"},{"floor":7.0,"key":"SteroidPotion"},{"floor":11,"key":"SkillPotion"}],"is_trial":false,"path_per_floor":["M","M","?","M","?","R","E","M","T","R","M","$","T","E","R","B"],"character_chosen":"IRONCLAD","items_purchased":["Lantern","Fire Potion"],"campfire_rested":2,"item_purchase_floors":[12,12],"current_hp_per_floor":[61,53,53,45,45,45,15,15,15,35,43,43,43,15,50,0,0],"gold":109,"neow_bonus":"BOSS_RELIC","is_daily":false,"chose_seed":false,"campfire_upgraded":1,"win_rate":0.0,"timestamp":1611872104,"path_taken":["M","M","?","M","?","R","E","M","T","R","M","$","?","E","R","BOSS"],"items_purchased_type":["Relic","Potion"],"build_version":"2020-12-22","purchased_purges":0,"victory":false,"max_hp_per_floor":[75,75,68,68,68,68,68,68,68,68,68,68,68,68,68,68,68],"relic_stats":{"Regal Pillow":15,"counters":[8,41],"Golden Idol":27,"MealTicket":0,"obtain_stats":[{"Lantern":12,"Regal Pillow":13,"Golden Idol":3,"Philosopher\u0027s Stone":0,"MealTicket":14,"Frozen Egg 2":7,"Burning Blood":0},{"Lantern":6,"Regal Pillow":6,"Golden Idol":2,"Philosopher\u0027s Stone":0,"MealTicket":7,"Frozen Egg 2":4,"Burning Blood":0},{"Lantern":28,"Regal Pillow":28,"Golden Idol":6,"Philosopher\u0027s Stone":0,"MealTicket":32,"Frozen Egg 2":23,"Burning Blood":0}]},"card_choices":[{"not_picked":["Armaments","Sword Boomerang"],"picked":"Cleave","floor":1.0},{"not_picked":["Perfected Strike","Shrug It Off"],"picked":"Power Through","floor":2.0},{"not_picked":["Warcry","Headbutt"],"picked":"Second Wind","floor":4.0},{"not_picked":["Blood for Blood","Bloodletting"],"picked":"Reaper","floor":7.0},{"not_picked":["Disarm","Power Through"],"picked":"Iron Wave","floor":8.0},{"not_picked":["Rampage","Cleave","Havoc"],"picked":"SKIP","floor":11},{"not_picked":["Sword Boomerang","Intimidate"],"picked":"Reaper","floor":14}],"player_experience":1504912,"relics_obtained":[{"floor":7.0,"key":"Frozen Egg 2"},{"floor":13,"key":"Regal Pillow"},{"floor":14,"key":"MealTicket"}],"event_choices":[{"damage_healed":0.0,"max_hp_gain":0.0,"max_hp_loss":7.0,"gold_gain":0.0,"event_name":"Golden Idol","player_choice":"Lose Max HP","floor":3.0,"gold_loss":0.0,"damage_taken":0.0,"relics_obtained":["Golden Idol"]},{"damage_healed":0.0,"max_hp_gain":0.0,"max_hp_loss":0.0,"gold_gain":0.0,"event_name":"Golden Wing","player_choice":"Ignored","floor":5.0,"gold_loss":0.0,"damage_taken":0.0}],"is_beta":false,"boss_relics":[],"items_purged_floors":[],"is_endless":false,"potions_floor_spawned":[2,7,11],"killed_by":"Slime Boss","ascension_level":20}}