{"host":"w01zow3jg16g8jdh","time":1611848672,"event":{"mods":["AchievementEnabler","BaseMod","DeckTracker","Keyboard Shortcuts","Minty Spire (QoL Compilation)","Permanent Neow","StSLib","SuperFastMode"],"gold_per_floor":[116,116,116,41,41,82,97,133,211,286,336,336,336],"floor_reached":12,"language":"KOR","playtime":140,"items_purged":["Defend_G"],"score":222,"play_id":"37330e7b-10e7-4876-abcb-6aad8405dc91","local_time":"20210129004432","is_ascension_mode":true,"campfire_choices":[],"circlet_count":0,"master_deck":["AscendersBane","Strike_G","Strike_G","Strike_G","Strike_G","Defend_G+1","Defend_G","Defend_G","Defend_G+1","Survivor","Neutralize","Blade Dance","Caltrops","Endless Agony","Acrobatics"],"relics":["Ring of the Snake","NeowsBlessing","Golden Idol","SsserpentHead","Snake Skull","War Paint","Ornamental Fan"],"acts_visited":["Exordium"],"potions_floor_usage":[8,12],"damage_taken":[{"damage":0,"enemies":"Cultist","floor":1,"turns":1},{"damage":0,"enemies":"Lagavulin","floor":6,"turns":1},{"damage":0,"enemies":"Jaw Worm","floor":7,"turns":1},{"damage":35,"enemies":"3 Sentries","floor":8,"turns":11},{"damage":6,"enemies":"2 Louse","floor":10,"turns":2},{"damage":7,"enemies":"Lagavulin","floor":12,"turns":5}],"seed_played":"-8440693434810257053","potions_obtained":[{"floor":7,"key":"PowerPotion"},{"floor":8,"key":"Weak Potion"}],"is_trial":false,"path_per_floor":["M","?","?","$","?","E","M","E","T","M","?","E"],"character_chosen":"THE_SILENT","items_purchased":[],"campfire_rested":0,"item_purchase_floors":[],"current_hp_per_floor":[59,52,52,52,52,52,52,17,17,11,11,4,4],"gold":336,"neow_bonus":"THREE_ENEMY_KILL","is_daily":false,"chose_seed":false,"campfire_upgraded":0,"win_rate":0.0,"timestamp":1611848672,"path_taken":["M","?","?","?","?","E","M","E","T","?","?","E"],"items_purchased_type":[],"build_version":"2020-12-22","purchased_purges":1,"victory":false,"max_hp_per_floor":[66,66,60,60,60,60,60,60,60,60,60,60,60],"card_choices":[{"not_picked":["Poisoned Stab","Backflip"],"picked":"Blade Dance","floor":1},{"not_picked":["Slice","Flying Knee","Sucker Punch"],"picked":"SKIP","floor":6},{"not_picked":["Sucker Punch","Deflect"],"picked":"Caltrops","floor":7},{"not_picked":["Terror","Predator"],"picked":"Endless Agony","floor":8},{"not_picked":["Poisoned Stab","Terror"],"picked":"Acrobatics","floor":10}],"player_experience":328204,"relics_obtained":[{"floor":6,"key":"Snake Skull"},{"floor":8,"key":"War Paint"},{"floor":9,"key":"Ornamental Fan"}],"event_choices":[{"cards_removed":["Strike_G"],"damage_healed":0,"gold_gain":0,"player_choice":"Card Removal","damage_taken":7,"max_hp_gain":0,"max_hp_loss":0,"event_name":"Golden Wing","floor":2,"gold_loss":0},{"damage_healed":0,"gold_gain":0,"player_choice":"Lose Max HP","damage_taken":0,"relics_obtained":["Golden Idol"],"max_hp_gain":0,"max_hp_loss":6,"event_name":"Golden Idol","floor":3,"gold_loss":0},{"damage_healed":0,"gold_gain":0,"player_choice":"Trade","damage_taken":0,"relics_obtained":["SsserpentHead"],"max_hp_gain":0,"max_hp_loss":0,"event_name":"FaceTrader","floor":5,"gold_loss":0},{"damage_healed":0,"gold_gain":0,"player_choice":"Fled","damage_taken":0,"max_hp_gain":0,"max_hp_loss":0,"event_name":"Scrap Ooze","floor":11,"gold_loss":0}],"is_beta":false,"boss_relics":[],"items_purged_floors":[4],"is_endless":false,"potions_floor_spawned":[7,8],"killed_by":"Lagavulin","ascension_level":20}}