{"host":"6p0attdrtjqaih7v","time":1611807272,"event":{"mods":["2.2 Compatiblity","AchievementEnabler","Bard","BaseMod","Beaked The Cultist","Better Skull","Better Third Choice","Colored Powertips","Hermit","Highlight Path","Key Reminder","Mad Scientist","Minty Spire (QoL Compilation)","Permanent Neow","Quick Restart","Random Character Button","Relic Stats","Replay The Spire","Robot Space Explorer","Somnambulant","StSLib","The Hierophant","The Mystic","The Runesmith"],"gold_per_floor":[118,130,141,28,43,76,76,76,76,76,94,94,105,124,124,225,225,243,254,271,116,134,134,134,167,167,187,187],"floor_reached":27,"language":"ENG","playtime":1269,"items_purged":["MadScienceMod:Strike_MadScience"],"score":287,"play_id":"531e2951-8f3a-418f-8cda-a0133a5c7810","local_time":"20210127231432","is_ascension_mode":false,"campfire_choices":[{"data":"MadScienceMod:FlameCannon","floor":7,"key":"SMITH"},{"data":"MadScienceMod:Booster","floor":10,"key":"SMITH"},{"data":"MadScienceMod:EnergyBarrier","floor":15,"key":"SMITH"},{"data":"MadScienceMod:ArtilleryShot","floor":23,"key":"SMITH"}],"circlet_count":0,"master_deck":["MadScienceMod:Strike_MadScience","MadScienceMod:Strike_MadScience","MadScienceMod:Defend_MadScience","MadScienceMod:Defend_MadScience","MadScienceMod:Defend_MadScience","MadScienceMod:Defend_MadScience","MadScienceMod:PoweredStrike","MadScienceMod:HideBehindJunk","MadScienceMod:RadioactiveSword","MadScienceMod:ExtractOil","MadScienceMod:FlameThrower+1","MadScienceMod:MakeOrBreak","MadScienceMod:FlameCannon+1","MadScienceMod:Booster+1","MadScienceMod:Refuel","MadScienceMod:EnergyBarrier+1","MadScienceMod:Liquify","MadScienceMod:RadioactiveSword","MadScienceMod:Refuel+1","MadScienceMod:ImposingConstruct","MadScienceMod:ArtilleryShot+1","MadScienceMod:RecyclingStation+1"],"relics":["MadScienceMod:FuelTank","Tiny Chest","Counterbalance","Bottled Lightning","SlaversCollar","ReplayFunnel","Nilry\u0027s Codex","Iron Hammer","ReplayTheSpireMod:Ninjato"],"acts_visited":["Exordium","TheCity"],"potions_floor_usage":[16,25,27,27],"damage_taken":[{"damage":5,"enemies":"Small Slimes","floor":1,"turns":4},{"damage":0,"enemies":"2 Louse","floor":2,"turns":3},{"damage":0,"enemies":"Jaw Worm","floor":3,"turns":4},{"damage":5,"enemies":"Looter","floor":5,"turns":4},{"damage":20,"enemies":"3 Sentries","floor":6,"turns":7},{"damage":0,"enemies":"3 Louse","floor":11,"turns":1},{"damage":0,"enemies":"Large Slime","floor":13,"turns":1},{"damage":8,"enemies":"Lots of Slimes","floor":14,"turns":3},{"damage":0,"enemies":"Slime Boss","floor":16,"turns":4},{"damage":25,"enemies":"2 Thieves","floor":18,"turns":4},{"damage":0,"enemies":"Chosen","floor":19,"turns":3},{"damage":0,"enemies":"Snecko","floor":20,"turns":2},{"damage":21,"enemies":"Snake Plant","floor":22,"turns":3},{"damage":15,"enemies":"Slavers","floor":25,"turns":4},{"damage":20,"enemies":"Chosen and Byrds","floor":27,"turns":8}],"seed_played":"-2698776571255363640","potions_obtained":[{"floor":3,"key":"GamblersBrew"},{"floor":6,"key":"Weak Potion"},{"floor":11,"key":"Regen Potion"},{"floor":19,"key":"Fire Potion"},{"floor":22,"key":"Block Potion"}],"is_trial":false,"path_per_floor":["M","M","M","$","M","E","R","?","T","R","M","?","M","M","R","B",null,"M","M","M","$","M","R","?","E","T","M"],"character_chosen":"MAD_SCIENTIST","items_purchased":["MadScienceMod:MakeOrBreak","ReplayFunnel"],"campfire_rested":0,"item_purchase_floors":[4,21],"current_hp_per_floor":[70,70,70,70,65,45,45,38,38,38,38,38,38,30,30,30,75,50,50,50,50,29,29,13,10,10,0,0],"gold":187,"neow_bonus":"RANDOM_COMMON_RELIC","is_daily":false,"chose_seed":false,"campfire_upgraded":4,"win_rate":0.0,"timestamp":1611807272,"path_taken":["M","M","M","$","M","E","R","?","T","R","M","?","M","M","R","BOSS","M","M","M","$","M","R","?","E","T","M"],"items_purchased_type":["Card","Relic"],"build_version":"2020-12-22","purchased_purges":1,"victory":false,"max_hp_per_floor":[75,75,75,75,75,75,75,75,75,75,75,75,75,75,75,75,75,75,75,75,75,75,75,75,75,75,75,75],"relic_stats":{"counters":[15,55],"Tiny Chest":0,"obtain_stats":[{"MadScienceMod:FuelTank":0,"ReplayFunnel":21,"SlaversCollar":17,"ReplayTheSpireMod:Ninjato":26,"Nilry\u0027s Codex":24,"Counterbalance":6,"Tiny Chest":0,"Iron Hammer":25,"Bottled Lightning":9},{"MadScienceMod:FuelTank":0,"ReplayFunnel":12,"SlaversCollar":9,"ReplayTheSpireMod:Ninjato":14,"Nilry\u0027s Codex":13,"Counterbalance":5,"Tiny Chest":0,"Iron Hammer":14,"Bottled Lightning":5},{"MadScienceMod:FuelTank":0,"ReplayFunnel":40,"SlaversCollar":31,"ReplayTheSpireMod:Ninjato":47,"Nilry\u0027s Codex":43,"Counterbalance":22,"Tiny Chest":0,"Iron Hammer":47,"Bottled Lightning":22}]},"card_choices":[{"not_picked":["MadScienceMod:AntimatterBomb","MadScienceMod:Refuel"],"picked":"MadScienceMod:RadioactiveSword","floor":1},{"not_picked":["MadScienceMod:LightOnFire","MadScienceMod:AntimatterBomb"],"picked":"MadScienceMod:ExtractOil","floor":2},{"not_picked":["MadScienceMod:BoxOfScraps","MadScienceMod:ImposingConstruct"],"picked":"MadScienceMod:FlameThrower","floor":3},{"not_picked":["MadScienceMod:OilDrum","MadScienceMod:AcidSpray"],"picked":"MadScienceMod:FlameCannon","floor":5},{"not_picked":["MadScienceMod:FlameCannon","MadScienceMod:Detonate"],"picked":"MadScienceMod:Booster","floor":6},{"not_picked":["MadScienceMod:EnergyBarrier","MadScienceMod:Detonate","MadScienceMod:LightOnFire"],"picked":"SKIP","floor":11},{"not_picked":["MadScienceMod:FumeBlast","MadScienceMod:Bombardment"],"picked":"MadScienceMod:Refuel","floor":13},{"not_picked":["MadScienceMod:FragmentationGrenade","MadScienceMod:Strafe"],"picked":"MadScienceMod:EnergyBarrier","floor":14},{"not_picked":["MadScienceMod:Jetpack","MadScienceMod:CloneVats"],"picked":"MadScienceMod:Liquify","floor":16},{"not_picked":["MadScienceMod:FragmentationGrenade+1","MadScienceMod:AcidSpray"],"picked":"MadScienceMod:RadioactiveSword","floor":18},{"not_picked":["MadScienceMod:Strafe+1","MadScienceMod:LightOnFire"],"picked":"MadScienceMod:Refuel+1","floor":19},{"not_picked":["MadScienceMod:AntimatterBomb+1","MadScienceMod:RadioactiveSword"],"picked":"MadScienceMod:ImposingConstruct","floor":20},{"not_picked":["MadScienceMod:AutoStrike","MadScienceMod:CaptureMomentum"],"picked":"MadScienceMod:ArtilleryShot","floor":22},{"not_picked":["MadScienceMod:MechanicalClaw+1","MadScienceMod:AutoStrike"],"picked":"MadScienceMod:RecyclingStation+1","floor":25}],"player_experience":929319,"relics_obtained":[{"floor":6,"key":"Counterbalance"},{"floor":9,"key":"Bottled Lightning"},{"floor":24,"key":"Nilry\u0027s Codex"},{"floor":25,"key":"Iron Hammer"},{"floor":26,"key":"ReplayTheSpireMod:Ninjato"}],"event_choices":[{"cards_removed":["MadScienceMod:Strike_MadScience"],"damage_healed":0,"gold_gain":0,"player_choice":"Card Removal","damage_taken":7,"max_hp_gain":0,"max_hp_loss":0,"event_name":"Golden Wing","floor":8,"gold_loss":0},{"damage_healed":0,"gold_gain":0,"player_choice":"Grow","damage_taken":0,"max_hp_gain":0,"max_hp_loss":0,"event_name":"Living Wall","floor":12,"gold_loss":0,"cards_upgraded":["MadScienceMod:FlameThrower"]},{"damage_healed":0,"gold_gain":0,"player_choice":"Obtained Book","damage_taken":16,"max_hp_gain":0,"max_hp_loss":0,"event_name":"Cursed Tome","floor":24,"gold_loss":0}],"is_beta":false,"boss_relics":[{"not_picked":["Pandora\u0027s Box","Sozu"],"picked":"SlaversCollar"}],"items_purged_floors":[4],"is_endless":false,"potions_floor_spawned":[3,6,11,13,14,19,22],"killed_by":"Chosen and Byrds","ascension_level":0}}