{"host":"knoo6yq0od847mqf","time":1611841186,"event":{"mods":["100% Spire Juice","Arknights The Spire","BaseMod","Bestiary","Displayed Cursed Tome","Downfall","Hubris","Koishi","Luminous","Marisa????????","Minty Spire (QoL Compilation)","Replay The Spire","Spire Arcade","StSLib","The Alterego","The Bug Knight","The Marked","Wandering Minibosses","Yuri Mod"],"gold_per_floor":[110,120,130,10,10,10,28,61,61,61,95,109,125,122,2,99,99,111,111,1,1,13,39,39,39,66,12,7,7],"floor_reached":28,"language":"ENG","playtime":1372,"items_purged":[],"score":279,"play_id":"fe8b8d59-a077-4456-bfec-8e257855a2c6","local_time":"20210128143946","is_ascension_mode":false,"campfire_choices":[{"data":"Moonworks:DeployBits","floor":6,"key":"SMITH"},{"floor":10,"key":"REST"},{"floor":15,"key":"REST"},{"floor":24,"key":"REST"}],"circlet_count":0,"master_deck":["Moonworks:Strike","Moonworks:Strike","Moonworks:Strike","Moonworks:Strike","Moonworks:Defend","Moonworks:Defend","Moonworks:Defend","Moonworks:Defend","Moonworks:Ambush","Moonworks:LongDistanceShot","Moonworks:IndiscriminateFireSupport","Moonworks:DeployBits+1","Moonworks:x16BigRocket","Moonworks:NicePresent+1","Moonworks:EvilSpyWorkPreparation+1","Moonworks:DeployBits+1","Moonworks:SealedMemories+1","Moonworks:AccelHyper+1","Moonworks:AwakeningOfTalent","Moonworks:StiffCrystal+1","Moonworks:SakisCookie+1","Moonworks:LuckyCharm+1"],"relics":["Moonworks:BrokenBomb","Moonworks:Homemark","NeowsBlessing","Replay:Wax Seal","hubris:EvacipatedBox","hubris:BottledRain","Toxic Egg 2","Pear","Black Star","Strawberry","White Beast Statue","Potion Belt"],"acts_visited":["Exordium","TheCity"],"potions_floor_usage":[11,16,23,23,23,28,28],"damage_taken":[{"damage":0,"enemies":"Cultist","floor":1,"turns":1},{"damage":0,"enemies":"2 Louse","floor":2,"turns":1},{"damage":0,"enemies":"Jaw Worm","floor":3,"turns":1},{"damage":0,"enemies":"3 Louse","floor":7,"turns":1},{"damage":20,"enemies":"HollowMod:MossKnight","floor":8,"turns":6},{"damage":20,"enemies":"Replay:BlueRogue","floor":11,"turns":7},{"damage":0,"enemies":"Exordium Wildlife","floor":12,"turns":2},{"damage":0,"enemies":"2 Fungi Beasts","floor":13,"turns":3},{"damage":6,"enemies":"Blue Slaver","floor":14,"turns":5},{"damage":34,"enemies":"Hexaghost","floor":16,"turns":13},{"damage":0,"enemies":"Spheric Guardian","floor":18,"turns":3},{"damage":14,"enemies":"Shell Parasite","floor":20,"turns":5},{"damage":2,"enemies":"Cultist and Chosen","floor":22,"turns":5},{"damage":44,"enemies":"Slavers","floor":23,"turns":4},{"damage":39,"enemies":"Snecko","floor":25,"turns":7},{"damage":0,"enemies":"3 Cultists","floor":27,"turns":5},{"damage":13,"enemies":"Snake Plant","floor":28,"turns":1}],"seed_played":"-8884642839081916207","potions_obtained":[{"floor":7,"key":"Block Potion"},{"floor":11,"key":"SteroidPotion"},{"floor":12,"key":"SteroidPotion"},{"floor":13,"key":"SkillPotion"},{"floor":16,"key":"Moonworks:OneHundredPercentOrangeJuicePotion"},{"floor":20,"key":"PowerPotion"},{"floor":23,"key":"Venom Potion"},{"floor":25,"key":"Swift Potion"},{"floor":27,"key":"Slimebound:ThreeZeroPotion"}],"is_trial":false,"path_per_floor":["M","M","M","?","$","R","M","E","T","R","E","M","M","M","R","B",null,"M","?","M","$","M","E","R","M","T","M","M"],"character_chosen":"THE_STARBREAKER","items_purchased":["Replay:Wax Seal","hubris:EvacipatedBox"],"campfire_rested":3,"item_purchase_floors":[5,5],"current_hp_per_floor":[60,60,60,60,36,36,36,16,16,34,24,24,24,18,39,5,70,70,70,56,56,54,17,40,1,1,4,0,0],"gold":7,"neow_bonus":"THREE_ENEMY_KILL","is_daily":false,"chose_seed":false,"campfire_upgraded":1,"win_rate":0.0,"timestamp":1611841186,"path_taken":["M","?","M","?","?","R","M","E","T","R","E","?","?","?","R","BOSS","M","?","M","$","?","E","R","M","T","M","?"],"items_purchased_type":["Relic","Relic"],"build_version":"2020-12-22","purchased_purges":0,"victory":false,"max_hp_per_floor":[60,60,60,60,60,60,60,60,60,60,70,70,70,70,70,70,70,70,70,70,70,70,77,77,77,77,77,77,77],"card_choices":[{"not_picked":["Moonworks:EvilSpyWorkPreparation","Moonworks:CloudOfSeagulls"],"picked":"Moonworks:IndiscriminateFireSupport","floor":1},{"not_picked":["Moonworks:JonathanRush","Moonworks:SakisCookie"],"picked":"Moonworks:DeployBits","floor":2},{"not_picked":["Moonworks:LulusLuckyEgg","Moonworks:JonathanRush"],"picked":"Moonworks:NicePresent","floor":3},{"not_picked":["Moonworks:Accelerator","Moonworks:BigMagnum","Moonworks:JonathanRush"],"picked":"SKIP","floor":7},{"not_picked":["Moonworks:LulusLuckyEgg","Moonworks:NicePresent"],"picked":"Moonworks:x16BigRocket","floor":8},{"not_picked":["Moonworks:JonathanRush","Moonworks:Assault"],"picked":"Moonworks:NicePresent+1","floor":11},{"not_picked":["Moonworks:ExtendedPhotonRifle","Moonworks:CloudOfSeagulls"],"picked":"Moonworks:EvilSpyWorkPreparation+1","floor":12},{"not_picked":["Moonworks:JonathanRush","Moonworks:SakisCookie+1"],"picked":"Moonworks:DeployBits+1","floor":13},{"not_picked":["Moonworks:Accelerator","Moonworks:Assault"],"picked":"Moonworks:SealedMemories+1","floor":14},{"not_picked":["Moonworks:HolyNight","Moonworks:Accelerator"],"picked":"Moonworks:AccelHyper+1","floor":16},{"not_picked":["Moonworks:LulusLuckyEgg+1","Moonworks:DeployBits+1","Moonworks:MiracleWalker+1"],"picked":"SKIP","floor":18},{"not_picked":["Moonworks:Heat300Percent+1","Moonworks:DeployBits+1"],"picked":"Moonworks:AwakeningOfTalent","floor":20},{"not_picked":["Moonworks:CompletionReward","Moonworks:FinalSurgery"],"picked":"Moonworks:StiffCrystal+1","floor":22},{"not_picked":["Moonworks:LulusLuckyEgg+1","Moonworks:x16BigRocket+1","Moonworks:UnpaidWork+1"],"picked":"SKIP","floor":23},{"not_picked":["Moonworks:CloudOfSeagulls","Moonworks:ExtendedPhotonRifle"],"picked":"Moonworks:SakisCookie+1","floor":25},{"not_picked":["Moonworks:BigMagnum+1","Moonworks:Dinner+1"],"picked":"Moonworks:LuckyCharm+1","floor":27}],"player_experience":203714,"relics_obtained":[{"floor":8,"key":"hubris:BottledRain"},{"floor":9,"key":"Toxic Egg 2"},{"floor":11,"key":"Pear"},{"floor":23,"key":"Strawberry"},{"floor":23,"key":"White Beast Statue"},{"floor":26,"key":"Potion Belt"}],"event_choices":[{"damage_healed":0,"gold_gain":0,"player_choice":"Full Heal","damage_taken":0,"max_hp_gain":0,"max_hp_loss":0,"event_name":"Wheel of Change","floor":4,"gold_loss":0},{"cards_removed":["Moonworks:NicePresent"],"damage_healed":0,"gold_gain":0,"player_choice":"Purged","damage_taken":0,"max_hp_gain":0,"max_hp_loss":0,"event_name":"Purifier","floor":19,"gold_loss":0}],"is_beta":false,"boss_relics":[{"not_picked":["Replay:Ancient Bell","Ring of Chaos","hubris:Backtick"],"picked":"Black Star"}],"items_purged_floors":[],"is_endless":false,"potions_floor_spawned":[7,11,12,13,16,18,20,23,25,27],"killed_by":"Snake Plant","ascension_level":0}}