{"host":"08z5bj28eube4vug","time":1611810128,"event":{"mods":["2.2 Compatiblity","Abigail Mod","Act Like it!","BaseMod","Beaked The Cultist","Bestiary","Friendly Minions","Gensokyo","GungeonMod","Hallownest","Kiyohime????","Koishi","Lobotomy","Marisa????????","Minty Spire (QoL Compilation)","Prisma Mod","Remilia??????","Replay The Spire","StSLib","Td1madao Mod","The Alterego","The Bug Knight","The Jungle","The Sage","The Senshi","The Servant 0.9.4","Waifu the Spire","WarShipGirlsR/????R mod","Yuri Mod"],"gold_per_floor":[114,130,32,32,32,32,45,75,75,75,85,85,101,127,127,229,229,243,255,255,266,73,73,73],"floor_reached":23,"language":"ENG","playtime":1091,"items_purged":[],"score":316,"play_id":"606810e0-d099-4613-b489-23ea3bb9039e","local_time":"20210128080208","is_ascension_mode":true,"campfire_choices":[{"data":"Cursed Blade","floor":6,"key":"SMITH"},{"data":"Preparedness","floor":10,"key":"SMITH"},{"floor":12,"key":"REST"},{"data":"Fire Up","floor":15,"key":"SMITH"}],"circlet_count":0,"master_deck":["Strike_C","Strike_C","Strike_C","Strike_C","Defend_C","Defend_C","Defend_C","Defend_C","Knight Kick","Chip","Floating Swing Kick","Cursed Blade+1","Fire Up+1","Floating Swing Kick","Pod Laser+1","Fire Blade","Preparedness+1","Twin Teeth","Black Shadow","Load Balancing","Moon Tear+1","Defend System+1","Twin Teeth+1","Preloading+1"],"relics":["theSenshi:MoonKaleidoScopeRelic","DemoMod:WhiteGuonStone","Vajra","Du-Vu Doll","Black Star","MutagenicStrength","Guide Book"],"acts_visited":["Exordium","TheCity"],"potions_floor_usage":[2,8,14,16,19,23,23],"damage_taken":[{"damage":8,"enemies":"2 Louse","floor":1,"turns":3},{"damage":6,"enemies":"Small Slimes","floor":2,"turns":4},{"damage":0,"enemies":"Cultist","floor":7,"turns":3},{"damage":12,"enemies":"Gremlin Nob","floor":8,"turns":3},{"damage":8,"enemies":"Gremlin Gang","floor":11,"turns":2},{"damage":0,"enemies":"2 Fungi Beasts","floor":13,"turns":3},{"damage":0,"enemies":"Lagavulin","floor":14,"turns":5},{"damage":18,"enemies":"Hexaghost","floor":16,"turns":7},{"damage":33,"enemies":"3 Byrds","floor":18,"turns":5},{"damage":16,"enemies":"2 Thieves","floor":19,"turns":4},{"damage":11,"enemies":"Snake Plant","floor":21,"turns":4},{"damage":5,"enemies":"Replay:Snechameleon","floor":23,"turns":2}],"seed_played":"-9065148974933510871","potions_obtained":[{"floor":1,"key":"AttackPotion"},{"floor":2,"key":"Fire Potion"},{"floor":13,"key":"Swift Potion"},{"floor":18,"key":"Energy Potion"},{"floor":21,"key":"AttackPotion"}],"is_trial":false,"path_per_floor":["M","M","$","?","$","R","M","E","T","R","M","R","M","E","R","B",null,"M","M","?","M","$","E"],"character_chosen":"TD1MADAO_CLASS","items_purchased":["Fire Up","Floating Swing Kick","Guide Book","Swift Potion"],"campfire_rested":1,"item_purchase_floors":[3,3,22,22],"current_hp_per_floor":[55,49,49,49,49,49,49,37,37,37,29,50,50,50,50,32,61,28,12,12,1,1,0,0],"gold":73,"neow_bonus":"BOSS_RELIC","is_daily":false,"chose_seed":false,"campfire_upgraded":3,"win_rate":0.0,"timestamp":1611810128,"path_taken":["M","M","$","?","$","R","?","E","T","R","?","R","?","E","R","BOSS","M","M","?","M","$","E"],"items_purchased_type":["Card","Card","Relic","Potion"],"build_version":"2020-12-22","purchased_purges":0,"victory":false,"max_hp_per_floor":[70,70,70,70,70,70,70,70,70,70,70,70,70,70,70,70,70,70,70,70,70,70,70,70],"card_choices":[{"not_picked":["Cursed Blade","Trader"],"picked":"Floating Swing Kick","floor":1},{"not_picked":["Oblique Hack","White Contract"],"picked":"Cursed Blade","floor":2},{"not_picked":[],"picked":"Pod Laser","floor":4},{"not_picked":["Reflection Mechanism","Floating Swing Kick"],"picked":"Fire Blade","floor":7},{"not_picked":["Oblique Hack","Light Attack"],"picked":"Preparedness","floor":8},{"not_picked":["Lore","Three Hit"],"picked":"Twin Teeth","floor":11},{"not_picked":["White Contract","Black Execution"],"picked":"Black Shadow","floor":13},{"not_picked":["Floating Even","Thunder Jump"],"picked":"Load Balancing","floor":14},{"not_picked":["Im Angry","Black Contract"],"picked":"Moon Tear","floor":16},{"not_picked":["De Ware Chip","Black Execution"],"picked":"Defend System+1","floor":18},{"not_picked":["Floating Even","Resistance"],"picked":"Twin Teeth+1","floor":19},{"not_picked":["Twin Teeth","Afterwards"],"picked":"Preloading+1","floor":21}],"player_experience":857037,"relics_obtained":[{"floor":8,"key":"DemoMod:WhiteGuonStone"},{"floor":9,"key":"Vajra"},{"floor":14,"key":"Du-Vu Doll"}],"event_choices":[{"damage_healed":0,"gold_gain":0,"player_choice":"Inject Mutagens","damage_taken":0,"relics_obtained":["MutagenicStrength"],"max_hp_gain":0,"max_hp_loss":0,"event_name":"Drug Dealer","floor":20,"gold_loss":0}],"is_beta":false,"boss_relics":[{"not_picked":["SacredBark","Pandora\u0027s Box"],"picked":"Black Star"}],"items_purged_floors":[],"is_endless":false,"potions_floor_spawned":[1,2,13,18,21],"killed_by":"Replay:Snechameleon","ascension_level":8}}