{"host":"qy7jow5usmjkdnnq","time":1611874118,"event":{"mods":["BaseMod","Colored Map","Downfall","Minty Spire (QoL Compilation)","Permanent Neow","Relic Stats","StSLib"],"gold_per_floor":[99,117,129,129,153,183,183,212,12,0,10,20,195,295,312,417,417,417,433,433,433,446,479,549,564,583,583,583,602,629,295,313,411,411,411,425,441,494,505,531,531,542,442,474,494,521,534,544,558,558,558,591,67,67,67,67],"floor_reached":57,"language":"ENG","playtime":6118,"items_purged":["Guardian:Defend_Guardian","Guardian:Defend_Guardian"],"score":1752,"play_id":"5e225a8a-d541-4b0d-9e98-00851d2186b7","local_time":"20210128234838","is_ascension_mode":true,"campfire_choices":[{"floor":1,"key":"RECALL"},{"floor":9,"key":"REST"},{"data":"Guardian:TemporalShield","floor":18,"key":"SMITH"},{"data":"Guardian:VentSteam","floor":28,"key":"SMITH"},{"data":"expansioncontent:Chronoboost","floor":35,"key":"SMITH"},{"data":"Guardian:StasisField","floor":43,"key":"SMITH"},{"data":"Guardian:StasisEngine","floor":54,"key":"SMITH"}],"circlet_count":0,"master_deck":["Guardian:Defend_Guardian","Guardian:Defend_Guardian","Guardian:TwinSlam","Guardian:Preprogram","Guardian:DonusPower+1","Guardian:BronzeOrb","Guardian:FuturePlans","Guardian:ShieldCharger","Guardian:VentSteam+1","Guardian:SphericShield","Guardian:TemporalShield+1","Guardian:FastForward","Guardian:ShieldCharger","Guardian:Incinerate","Slimebound:Tackle+1","Slimebound:Tackle+1","Slimebound:Tackle+1","Guardian:WalkerClaw+1","Guardian:ChargeUp+1","expansioncontent:Chronoboost+1","Guardian:Clone","Guardian:StasisEngine+1","Guardian:Repulse","Guardian:FloatingOrbs+1","Guardian:StasisField+1","Flash of Steel","Guardian:FloatingOrbs"],"relics":["Guardian:ModeShifter","Nunchaku","sneckomod:BlankCard","Oddly Smooth Stone","Singing Bowl","Bag of Preparation","downfall:HeartBlessingRed","downfall:HeartBlessingGreen","Philosopher\u0027s Stone","Ginger","Meat on the Bone","Mummified Hand","Torii","sneckomod:SneckoTalon","The Courier","downfall:HeartBlessingBlue","Regal Pillow","hexamod:BolsterEngine","Pen Nib","champ:DuelingGlove","Guardian:BottledAnomaly","Guardian:PocketSentry"],"acts_visited":["Exordium","TheCity","TheBeyond","TheEnding"],"potions_floor_usage":[6,14,16,23,40,52,56,56],"damage_taken":[{"damage":5,"enemies":"2 Louse","floor":2,"turns":4},{"damage":7,"enemies":"Jaw Worm","floor":3,"turns":4},{"damage":35,"enemies":"3 Sentries","floor":6,"turns":12},{"damage":8,"enemies":"Gremlin Nob","floor":8,"turns":3},{"damage":0,"enemies":"downfall:FleeingMerchant","floor":10,"turns":4},{"damage":0,"enemies":"Small Slimes","floor":11,"turns":2},{"damage":3,"enemies":"Exordium Wildlife","floor":12,"turns":5},{"damage":15,"enemies":"downfall:Heads","floor":14,"turns":7},{"damage":0,"enemies":"2 Fungi Beasts","floor":15,"turns":4},{"damage":8,"enemies":"IC_STATUS_ARCHETYPE","floor":16,"turns":8},{"damage":2,"enemies":"Shell Parasite","floor":19,"turns":4},{"damage":0,"enemies":"Spheric Guardian","floor":22,"turns":4},{"damage":19,"enemies":"Gremlin Leader","floor":23,"turns":8},{"damage":14,"enemies":"Centurion and Healer","floor":25,"turns":12},{"damage":0,"enemies":"Cultist and Chosen","floor":26,"turns":4},{"damage":0,"enemies":"3 Cultists","floor":29,"turns":2},{"damage":11,"enemies":"Book of Stabbing","floor":30,"turns":3},{"damage":4,"enemies":"downfall:FleeingMerchant","floor":31,"turns":4},{"damage":3,"enemies":"Centurion and Healer","floor":32,"turns":4},{"damage":1,"enemies":"WA_ARCHETYPE_CALM","floor":33,"turns":7},{"damage":3,"enemies":"Orb Walker","floor":36,"turns":1},{"damage":0,"enemies":"3 Shapes","floor":37,"turns":4},{"damage":6,"enemies":"downfall:FleeingMerchant","floor":38,"turns":2},{"damage":33,"enemies":"Writhing Mass","floor":39,"turns":4},{"damage":31,"enemies":"Nemesis","floor":40,"turns":5},{"damage":0,"enemies":"Transient","floor":42,"turns":5},{"damage":0,"enemies":"Giant Head","floor":44,"turns":4},{"damage":8,"enemies":"4 Shapes","floor":45,"turns":4},{"damage":0,"enemies":"Nemesis","floor":46,"turns":5},{"damage":0,"enemies":"Spire Growth","floor":47,"turns":3},{"damage":10,"enemies":"Writhing Mass","floor":48,"turns":4},{"damage":0,"enemies":"Transient","floor":49,"turns":5},{"damage":0,"enemies":"SI_POISON_ARCHETYPE","floor":50,"turns":5},{"damage":4,"enemies":"downfall:CharBossMerchant","floor":52,"turns":6},{"damage":1,"enemies":"downfall:NeowBoss","floor":55,"turns":7},{"damage":28,"enemies":"downfall:NeowBossFinal","floor":56,"turns":5}],"seed_played":"-545338450656645428","potions_obtained":[{"floor":3,"key":"Fire Potion"},{"floor":6,"key":"ColorlessPotion"},{"floor":14,"key":"DuplicationPotion"},{"floor":15,"key":"BlessingOfTheForge"},{"floor":16,"key":"PowerPotion"},{"floor":22,"key":"Guardian:BlockOnCardUsePotion"},{"floor":23,"key":"FearPotion"},{"floor":30,"key":"SteroidPotion"},{"floor":39,"key":"Fruit Juice"},{"floor":40,"key":"Guardian:StasisDiscoveryPotion"},{"floor":44,"key":"Guardian:BlockOnCardUsePotion"}],"is_trial":false,"path_per_floor":["R","M","M","?","T","E","T","E","R","$","M","M","?","?","M","B",null,"R","M","?","?","M","E","T","M","M","?","R","M","E","$","M","B",null,"R","M","M","$","M","E","T","M","R","E","M","E","M","M","M","B",null,"E","$","R","B","B",null],"character_chosen":"GUARDIAN","items_purchased":["Guardian:Gem_Synthetic","expansioncontent:Chronoboost","Guardian:Gem_Red","Flash of Steel","Guardian:FloatingOrbs","champ:DuelingGlove","Guardian:BottledAnomaly","Guardian:PocketSentry","BlessingOfTheForge"],"campfire_rested":1,"item_purchase_floors":[31,31,38,38,38,53,53,53,53],"current_hp_per_floor":[72,67,60,60,60,25,25,17,41,41,41,38,38,23,23,15,64,64,62,62,62,62,45,45,43,43,43,43,43,46,54,51,50,76,76,73,73,67,48,36,36,50,60,60,66,68,70,62,64,64,102,100,100,100,99,71],"gold":67,"neow_bonus":"RANDOM_COMMON_RELIC","is_daily":false,"chose_seed":false,"campfire_upgraded":5,"win_rate":0.0,"timestamp":1611874118,"path_taken":["R","M","M","?","?","E","T","E","R","$","M","M","?","?","M","BOSS","R","M","?","?","M","E","T","M","M","?","R","M","E","$","M","BOSS","R","M","M","$","M","E","T","M","R","E","M","E","M","M","M","BOSS","E","$","R","BOSS","BOSS"],"items_purchased_type":["Card","Card","Card","Card","Card","Relic","Relic","Relic","Potion"],"build_version":"2020-12-22","purchased_purges":2,"victory":true,"max_hp_per_floor":[80,80,80,80,80,80,80,80,80,80,80,80,80,80,80,80,80,80,80,80,80,80,82,82,82,82,82,82,82,84,84,84,84,84,84,84,84,84,86,93,93,95,105,105,107,109,111,113,115,115,115,117,117,117,117,117],"relic_stats":{"Nunchaku":[43],"Regal Pillow":0,"Singing Bowl":22,"Torii":23,"counters":[36,174],"Mummified Hand":[95],"Pen Nib":[4],"Bag of Preparation":[64],"Ginger":[26],"obtain_stats":[{"champ:DuelingGlove":53,"Regal Pillow":44,"Singing Bowl":7,"downfall:HeartBlessingRed":9,"Torii":30,"sneckomod:BlankCard":5,"Guardian:ModeShifter":0,"Oddly Smooth Stone":6,"downfall:HeartBlessingGreen":9,"The Courier":40,"Pen Nib":52,"Bag of Preparation":8,"Guardian:PocketSentry":53,"Ginger":20,"sneckomod:SneckoTalon":34,"Nunchaku":0,"downfall:BrokenWingStatue":4,"Mummified Hand":24,"downfall:HeartBlessingBlue":43,"Philosopher\u0027s Stone":17,"hexamod:BolsterEngine":46,"Guardian:BottledAnomaly":53,"Meat on the Bone":23},{"champ:DuelingGlove":34,"Regal Pillow":27,"Singing Bowl":3,"downfall:HeartBlessingRed":4,"Torii":17,"sneckomod:BlankCard":2,"Guardian:ModeShifter":0,"Oddly Smooth Stone":3,"downfall:HeartBlessingGreen":4,"The Courier":25,"Pen Nib":34,"Bag of Preparation":4,"Guardian:PocketSentry":34,"Ginger":11,"sneckomod:SneckoTalon":20,"Nunchaku":0,"downfall:BrokenWingStatue":2,"Mummified Hand":13,"downfall:HeartBlessingBlue":26,"Philosopher\u0027s Stone":10,"hexamod:BolsterEngine":29,"Guardian:BottledAnomaly":34,"Meat on the Bone":13},{"champ:DuelingGlove":162,"Regal Pillow":130,"Singing Bowl":20,"downfall:HeartBlessingRed":23,"Torii":90,"sneckomod:BlankCard":8,"Guardian:ModeShifter":0,"Oddly Smooth Stone":20,"downfall:HeartBlessingGreen":23,"The Courier":121,"Pen Nib":162,"Bag of Preparation":23,"Guardian:PocketSentry":162,"Ginger":57,"sneckomod:SneckoTalon":105,"Nunchaku":0,"downfall:BrokenWingStatue":8,"Mummified Hand":69,"downfall:HeartBlessingBlue":126,"Philosopher\u0027s Stone":53,"hexamod:BolsterEngine":139,"Guardian:BottledAnomaly":162,"Meat on the Bone":69}],"Meat on the Bone":84},"card_choices":[{"not_picked":["Guardian:CrystalBeam","Guardian:GuardianWhirl"],"picked":"Guardian:Preprogram","floor":2},{"not_picked":["Guardian:CrystalBeam","Guardian:Gem_Blue"],"picked":"Guardian:DonusPower","floor":3},{"not_picked":["Guardian:ChargeCore","Guardian:Gem_Lightblue"],"picked":"Guardian:BronzeOrb","floor":6},{"not_picked":["Guardian:SentryBeam","Guardian:ArmoredProtocol"],"picked":"Guardian:FuturePlans","floor":8},{"not_picked":["Guardian:DonusPower","Guardian:Reroute"],"picked":"Guardian:ShieldCharger","floor":10},{"not_picked":["Guardian:Recover","Guardian:Incinerate"],"picked":"Guardian:Gem_Synthetic","floor":11},{"not_picked":["Guardian:DecasProtection","Guardian:RollAttack"],"picked":"Guardian:VentSteam","floor":12},{"not_picked":["Guardian:PrimingBeam","Guardian:Gem_Red"],"picked":"Guardian:TemporalShield","floor":14},{"not_picked":["Guardian:DonusPower","Guardian:PiercingHide"],"picked":"Guardian:Gem_Yellow","floor":15},{"not_picked":["Guardian:BaubleBeam","Guardian:GemFire"],"picked":"Guardian:FastForward","floor":16},{"not_picked":["Guardian:RollAttack","Guardian:BronzeArmor"],"picked":"Guardian:ShieldCharger","floor":19},{"not_picked":["Guardian:BronzeOrb+1","Guardian:ChargeUp"],"picked":"Guardian:Incinerate","floor":22},{"not_picked":["Guardian:CrystalBeam","Guardian:DonusPower","Guardian:Suspension"],"picked":"Singing Bowl","floor":23},{"not_picked":["Guardian:TemporalShield","Guardian:ShieldCharger"],"picked":"Guardian:Gem_Cyan","floor":25},{"not_picked":["Guardian:Recover","Guardian:PrismaticBeam"],"picked":"Guardian:Gem_White","floor":26},{"not_picked":["Guardian:ShieldCharger","Guardian:DecasProtection"],"picked":"Guardian:WalkerClaw+1","floor":29},{"not_picked":["Guardian:DecasProtection","Guardian:RefractedBeam+1","Guardian:SentryBeam"],"picked":"Singing Bowl","floor":30},{"not_picked":["Guardian:RefractedBeam","Guardian:ChargeCore+1"],"picked":"Guardian:ChargeUp+1","floor":31},{"not_picked":["Guardian:Recover","Guardian:RollAttack+1"],"picked":"Guardian:Clone","floor":32},{"not_picked":["Guardian:FastForward","Guardian:SphericShield"],"picked":"Guardian:StasisEngine","floor":33},{"not_picked":["Guardian:ChargeCore","Guardian:MultiBeam+1"],"picked":"Guardian:Repulse","floor":36},{"not_picked":["Guardian:RefractedBeam+1","Guardian:Gem_Lightblue"],"picked":"Guardian:FloatingOrbs+1","floor":37},{"not_picked":["Guardian:WalkerClaw+1","Guardian:Preprogram"],"picked":"Guardian:StasisField","floor":38},{"not_picked":["Guardian:TimeBomb","Guardian:BronzeOrb+1","Guardian:RollAttack"],"picked":"Singing Bowl","floor":39},{"not_picked":["Guardian:PrimingBeam","Guardian:StasisStrike","Guardian:CrystalBeam+1"],"picked":"Singing Bowl","floor":40},{"not_picked":["Guardian:ChargeCore","Guardian:ShieldCharger+1","Guardian:Harden"],"picked":"Singing Bowl","floor":42},{"not_picked":["Guardian:VentSteam+1","Guardian:Incinerate"],"picked":"Guardian:Gem_White","floor":44},{"not_picked":["Guardian:RollAttack+1","Guardian:VentSteam","Guardian:Harden"],"picked":"Singing Bowl","floor":45},{"not_picked":["Guardian:FuturePlans+1","Guardian:PolyBeam","Guardian:EvasiveProtocol+1"],"picked":"Singing Bowl","floor":46},{"not_picked":["Guardian:DecasProtection","Guardian:Incinerate","Guardian:RollAttack"],"picked":"Singing Bowl","floor":47},{"not_picked":["Guardian:CrystalBeam","Guardian:VentSteam","Guardian:Emergency+1"],"picked":"Singing Bowl","floor":48},{"not_picked":["Guardian:Gem_Blue","Guardian:PrimingBeam","Guardian:EvasiveProtocol+1"],"picked":"Singing Bowl","floor":49},{"not_picked":["Guardian:BronzeArmor","Guardian:Harden","Guardian:GuardianWhirl+1"],"picked":"Singing Bowl","floor":52}],"player_experience":673178,"relics_obtained":[{"floor":5,"key":"sneckomod:BlankCard"},{"floor":6,"key":"Oddly Smooth Stone"},{"floor":7,"key":"Singing Bowl"},{"floor":8,"key":"Bag of Preparation"},{"floor":23,"key":"Meat on the Bone"},{"floor":24,"key":"Mummified Hand"},{"floor":30,"key":"Torii"},{"floor":40,"key":"The Courier"},{"floor":44,"key":"Regal Pillow"},{"floor":46,"key":"hexamod:BolsterEngine"},{"floor":52,"key":"Pen Nib"}],"event_choices":[{"damage_healed":0,"gold_gain":0,"player_choice":"Stole Relic","damage_taken":0,"relics_obtained":["Ginger"],"max_hp_gain":0,"max_hp_loss":0,"event_name":"Addict","floor":20,"gold_loss":0,"cards_obtained":["Pride"]}],"is_beta":false,"boss_relics":[{"not_picked":["Fusion Hammer","Pandora\u0027s Box"],"picked":"Philosopher\u0027s Stone"},{"not_picked":["Tiny House","expansioncontent:StudyCardRelic"],"picked":"sneckomod:SneckoTalon"}],"items_purged_floors":[31,38],"is_endless":false,"potions_floor_spawned":[3,6,14,15,16,22,23,26,30,32,39,40,42,44,45],"ascension_level":6}}