{"host":"j4g6ia6asvpyu2b0","time":1611875753,"event":{"mods":["BaseMod","Colored Map","Minty Spire (QoL Compilation)","Permanent Neow","Quick Restart","Relic Stats","StSLib","Unceasing Turn Reminder"],"gold_per_floor":[366,269,269,283,283,313,313,341,367,377,388,416,416,428,428,530,530,547,577,652,155,170,195,213,248,271,271,287,318,334,344,344,446,446,463,463,207,219,266,298,298,324,324,355,371,204,254,254,254,254,254,254,29,64,64,64],"floor_reached":55,"language":"ENG","playtime":1747,"items_purged":["Doubt","Defend_R","Strike_R","Strike_R"],"score":1150,"play_id":"5aefe85d-a396-46ea-816d-31f750c5a320","local_time":"20210128161553","is_ascension_mode":true,"campfire_choices":[{"data":"Metallicize","floor":7.0,"key":"SMITH"},{"data":"1","floor":13.0,"key":"LIFT"},{"data":"2","floor":15.0,"key":"LIFT"},{"data":"3","floor":27,"key":"LIFT"},{"data":"Demon Form","floor":32,"key":"SMITH"},{"data":"Seeing Red","floor":41,"key":"SMITH"},{"floor":49,"key":"RECALL"},{"data":"Discovery","floor":52,"key":"SMITH"}],"circlet_count":0,"master_deck":["Strike_R","Strike_R","Strike_R","Defend_R","Defend_R","Defend_R","Bash+1","Headbutt","Clothesline","Metallicize+1","Thunderclap","Carnage","Spot Weakness","Seeing Red+1","Battle Trance","Dropkick","Demon Form+1","Thunderclap+1","Clothesline","Whirlwind","Spot Weakness","Dagger Throw+1","Reprogram+1","CutThroughFate","Uppercut","Impervious","Discovery+1","Conserve Battery","Riddle With Holes","Coolheaded+1","Turbo+1","Feel No Pain","Reinforced Body+1","Body Slam+1","Pommel Strike","Dodge and Roll","Heavy Blade","Shrug It Off+1"],"relics":["Burning Blood","Orichalcum","Bag of Marbles","Girya","Bag of Preparation","Blood Vial","Runic Dome","Red Mask","Happy Flower","PrismaticShard","Regal Pillow","Juzu Bracelet","Bronze Scales","Tiny Chest","Philosopher\u0027s Stone","Membership Card","TungstenRod","Ginger","Bird Faced Urn","MealTicket","Vajra","Unceasing Top","Gremlin Horn","Orrery","Thread and Needle","Nunchaku"],"acts_visited":["Exordium","TheCity","TheBeyond","TheEnding"],"potions_floor_usage":[29,55,55],"damage_taken":[{"damage":6.0,"enemies":"Cultist","floor":1.0,"turns":4.0},{"damage":3.0,"enemies":"Jaw Worm","floor":4.0,"turns":3.0},{"damage":18.0,"enemies":"3 Sentries","floor":6.0,"turns":10.0},{"damage":12.0,"enemies":"Gremlin Nob","floor":8.0,"turns":4.0},{"damage":0.0,"enemies":"2 Louse","floor":10.0,"turns":2.0},{"damage":5.0,"enemies":"Looter","floor":11.0,"turns":2.0},{"damage":4.0,"enemies":"3 Sentries","floor":12.0,"turns":5.0},{"damage":0.0,"enemies":"2 Fungi Beasts","floor":14.0,"turns":2.0},{"damage":2.0,"enemies":"Slime Boss","floor":16.0,"turns":6.0},{"damage":2.0,"enemies":"Chosen","floor":18.0,"turns":2.0},{"damage":6.0,"enemies":"Masked Bandits","floor":19.0,"turns":2.0},{"damage":2,"enemies":"2 Thieves","floor":22,"turns":2},{"damage":0,"enemies":"Slavers","floor":23,"turns":2},{"damage":0,"enemies":"Centurion and Healer","floor":24,"turns":3},{"damage":6,"enemies":"Gremlin Leader","floor":25,"turns":3},{"damage":0,"enemies":"3 Cultists","floor":28,"turns":2},{"damage":8,"enemies":"Slavers","floor":29,"turns":2},{"damage":0,"enemies":"Snecko","floor":30,"turns":2},{"damage":0,"enemies":"Centurion and Healer","floor":31,"turns":2},{"damage":68,"enemies":"Champ","floor":33,"turns":7},{"damage":0,"enemies":"3 Darklings","floor":35,"turns":1},{"damage":3,"enemies":"Orb Walker","floor":38,"turns":2},{"damage":6,"enemies":"2 Orb Walkers","floor":39,"turns":2},{"damage":10,"enemies":"Nemesis","floor":40,"turns":3},{"damage":7,"enemies":"Reptomancer","floor":42,"turns":4},{"damage":28,"enemies":"Nemesis","floor":44,"turns":5},{"damage":0,"enemies":"Maw","floor":45,"turns":5},{"damage":19,"enemies":"Mind Bloom Boss Battle","floor":47,"turns":4},{"damage":31,"enemies":"Awakened One","floor":50,"turns":7},{"damage":29,"enemies":"Shield and Spear","floor":54,"turns":4},{"damage":67,"enemies":"The Heart","floor":55,"turns":5}],"seed_played":"-2898844351808025103","potions_obtained":[{"floor":1.0,"key":"Regen Potion"},{"floor":8.0,"key":"Dexterity Potion"},{"floor":10.0,"key":"SpeedPotion"},{"floor":18.0,"key":"EssenceOfSteel"},{"floor":23,"key":"Swift Potion"},{"floor":24,"key":"DistilledChaos"},{"floor":25,"key":"Block Potion"},{"floor":31,"key":"FearPotion"},{"floor":33,"key":"SkillPotion"},{"floor":38,"key":"Swift Potion"}],"is_trial":false,"path_per_floor":["M","$","?","M","?","E","R","E","T","M","M","E","R","M","R","B",null,"M","?","?","$","M","E","M","E","T","R","M","E","M","M","R","B",null,"M","?","$","M","?","E","R","E","T","E","M","$","?","T","R","B",null,"R","$","E","B"],"character_chosen":"IRONCLAD","items_purchased":["Clothesline","Happy Flower","PrismaticShard","Whirlwind","Spot Weakness","Membership Card","Discovery","Vajra","Feel No Pain","Orrery","Thread and Needle"],"campfire_rested":0,"item_purchase_floors":[2,21,21,21,21,37,37,46,46,53,53],"current_hp_per_floor":[72,72,72,75,75,63,63,57,57,63,64,66,66,74,74,80,80,80,80,72,72,78,80,80,80,80,80,80,78,80,80,80,18,65,73,73,73,76,76,72,72,73,73,54,66,76,63,63,63,44,68,68,76,57,0,0],"gold":64,"neow_bonus":"TWO_FIFTY_GOLD","is_daily":false,"chose_seed":false,"campfire_upgraded":4,"win_rate":0.0,"timestamp":1611875753,"path_taken":["M","$","?","?","?","E","R","E","T","M","M","E","R","M","R","BOSS","M","?","?","$","M","E","?","E","T","R","M","E","M","M","R","BOSS","M","?","$","M","?","E","R","E","T","E","M","$","?","?","R","BOSS","R","$","E","BOSS"],"items_purchased_type":["Card","Relic","Relic","Card","Card","Relic","Card","Relic","Card","Relic","Relic"],"build_version":"2020-12-22","purchased_purges":4,"victory":false,"max_hp_per_floor":[80,80,80,80,80,80,80,80,80,80,80,80,80,80,80,80,80,80,80,80,80,80,80,80,80,80,80,80,80,80,80,80,80,80,80,76,76,76,76,76,76,76,76,76,76,76,76,76,76,76,76,76,76,76,76,76],"relic_stats":{"Regal Pillow":0,"Happy Flower":[22],"Gremlin Horn":[4,4],"counters":[31,109],"Bag of Preparation":[54],"Juzu Bracelet":0,"Ginger":[6],"Orichalcum":[324],"Burning Blood":144,"Blood Vial":24,"Nunchaku":[1],"Bronze Scales":[190],"Bird Faced Urn":[21],"Tiny Chest":1,"MealTicket":18,"obtain_stats":[{"Regal Pillow":23,"Gremlin Horn":48,"Vajra":46,"Bag of Preparation":9,"Juzu Bracelet":25,"Ginger":40,"PrismaticShard":21,"Burning Blood":0,"Blood Vial":12,"Nunchaku":54,"Tiny Chest":29,"Philosopher\u0027s Stone":34,"MealTicket":44,"Red Mask":19,"Girya":8,"Happy Flower":21,"Thread and Needle":53,"Orichalcum":3,"Runic Dome":17,"Bronze Scales":26,"Bird Faced Urn":42,"Orrery":53,"Bag of Marbles":6,"Membership Card":37,"TungstenRod":39,"Unceasing Top":47},{"Regal Pillow":13,"Gremlin Horn":28,"Vajra":27,"Bag of Preparation":4,"Juzu Bracelet":15,"Ginger":24,"PrismaticShard":11,"Burning Blood":0,"Blood Vial":7,"Nunchaku":30,"Tiny Chest":17,"Philosopher\u0027s Stone":20,"MealTicket":26,"Red Mask":11,"Girya":4,"Happy Flower":11,"Thread and Needle":29,"Orichalcum":1,"Runic Dome":9,"Bronze Scales":15,"Bird Faced Urn":25,"Orrery":29,"Bag of Marbles":3,"Membership Card":21,"TungstenRod":23,"Unceasing Top":28},{"Regal Pillow":46,"Gremlin Horn":93,"Vajra":89,"Bag of Preparation":21,"Juzu Bracelet":52,"Ginger":75,"PrismaticShard":42,"Burning Blood":0,"Blood Vial":30,"Nunchaku":104,"Tiny Chest":56,"Philosopher\u0027s Stone":67,"MealTicket":84,"Red Mask":42,"Girya":21,"Happy Flower":42,"Thread and Needle":100,"Orichalcum":4,"Runic Dome":38,"Bronze Scales":52,"Bird Faced Urn":79,"Orrery":100,"Bag of Marbles":17,"Membership Card":68,"TungstenRod":72,"Unceasing Top":93}],"TungstenRod":36,"Unceasing Top":[14]},"card_choices":[{"not_picked":["Havoc","Sentinel"],"picked":"Headbutt","floor":1.0},{"not_picked":["Twin Strike","Bloodletting"],"picked":"Metallicize","floor":4.0},{"not_picked":["True Grit","Warcry"],"picked":"Thunderclap","floor":6.0},{"not_picked":["Shrug It Off","Body Slam"],"picked":"Carnage","floor":8.0},{"not_picked":["Blood for Blood","Body Slam"],"picked":"Spot Weakness","floor":10.0},{"not_picked":["Intimidate","Thunderclap"],"picked":"Seeing Red","floor":11.0},{"not_picked":["Havoc","Berserk"],"picked":"Battle Trance","floor":12.0},{"not_picked":["Headbutt","Battle Trance"],"picked":"Dropkick","floor":14.0},{"not_picked":["Offering","Fiend Fire"],"picked":"Demon Form","floor":16.0},{"not_picked":["Heavy Blade+1","Sword Boomerang"],"picked":"Thunderclap+1","floor":18.0},{"not_picked":["Reckless Charge+1","Cleave"],"picked":"Clothesline","floor":19.0},{"not_picked":["Clash","PathToVictory"],"picked":"Dagger Throw+1","floor":22},{"not_picked":["Rampage","Chaos+1"],"picked":"Reprogram+1","floor":23},{"not_picked":["Go for the Eyes+1","WreathOfFlame","Chill"],"picked":"SKIP","floor":24},{"not_picked":["LikeWater","Flechettes","Hemokinesis"],"picked":"SKIP","floor":25},{"not_picked":["Thunderclap","PanicButton"],"picked":"CutThroughFate","floor":28},{"not_picked":["PathToVictory","Entrench+1","Multi-Cast"],"picked":"SKIP","floor":29},{"not_picked":["SignatureMove","Iron Wave"],"picked":"Uppercut","floor":30},{"not_picked":["PathToVictory","CrushJoints","Steam+1"],"picked":"SKIP","floor":31},{"not_picked":["Fiend Fire","Bullet Time"],"picked":"Impervious","floor":33},{"not_picked":["Catalyst","Protect+1","SashWhip"],"picked":"SKIP","floor":35},{"not_picked":["Forethought+1","Conclude+1"],"picked":"Conserve Battery","floor":38},{"not_picked":["Melter","SashWhip+1"],"picked":"Riddle With Holes","floor":39},{"not_picked":["Collect","Bane"],"picked":"Coolheaded+1","floor":40},{"not_picked":["Deadly Poison","Adaptation+1"],"picked":"Turbo+1","floor":42},{"not_picked":["Conclude","The Bomb","Steam"],"picked":"SKIP","floor":44},{"not_picked":["Barrage+1","Mind Blast","PanicButton"],"picked":"SKIP","floor":45},{"not_picked":["Finesse+1","Capacitor+1"],"picked":"Reinforced Body+1","floor":47},{"not_picked":["Sanctity+1","WheelKick"],"picked":"Body Slam+1","floor":53},{"not_picked":["Poisoned Stab","Defragment+1"],"picked":"Pommel Strike","floor":53},{"not_picked":["EmptyFist","Rampage"],"picked":"Dodge and Roll","floor":53},{"not_picked":["Stack","Crippling Poison"],"picked":"Heavy Blade","floor":53},{"not_picked":["Twin Strike+1","Protect+1"],"picked":"Shrug It Off+1","floor":54}],"player_experience":1064249,"relics_obtained":[{"floor":6.0,"key":"Bag of Marbles"},{"floor":8.0,"key":"Girya"},{"floor":9.0,"key":"Bag of Preparation"},{"floor":12.0,"key":"Blood Vial"},{"floor":19.0,"key":"Red Mask"},{"floor":23,"key":"Regal Pillow"},{"floor":25,"key":"Juzu Bracelet"},{"floor":26,"key":"Bronze Scales"},{"floor":29,"key":"Tiny Chest"},{"floor":39,"key":"TungstenRod"},{"floor":40,"key":"Ginger"},{"floor":42,"key":"Bird Faced Urn"},{"floor":44,"key":"MealTicket"},{"floor":47,"key":"Unceasing Top"},{"floor":48,"key":"Gremlin Horn"},{"floor":54,"key":"Nunchaku"}],"event_choices":[{"damage_healed":0.0,"max_hp_gain":0.0,"max_hp_loss":0.0,"gold_gain":0.0,"event_name":"WeMeetAgain","player_choice":"Gave Potion","floor":3.0,"gold_loss":0.0,"damage_taken":0.0,"relics_obtained":["Orichalcum"]},{"damage_healed":0.0,"max_hp_gain":0.0,"max_hp_loss":0.0,"gold_gain":0.0,"event_name":"Living Wall","player_choice":"Grow","floor":5.0,"gold_loss":0.0,"damage_taken":0.0,"cards_upgraded":["Bash"]},{"damage_healed":0.0,"max_hp_gain":0.0,"max_hp_loss":0.0,"gold_gain":0.0,"event_name":"Masked Bandits","player_choice":"Fought Bandits","floor":19.0,"gold_loss":0.0,"damage_taken":0.0},{"damage_healed":0,"gold_gain":75,"player_choice":"Touch","damage_taken":8,"max_hp_gain":0,"max_hp_loss":0,"event_name":"FaceTrader","floor":20,"gold_loss":0},{"damage_healed":0,"gold_gain":0,"player_choice":"Max HP","damage_taken":0,"max_hp_gain":0,"max_hp_loss":4,"event_name":"Winding Halls","floor":36,"gold_loss":0},{"damage_healed":0,"gold_gain":0,"player_choice":"Fight","damage_taken":0,"max_hp_gain":0,"max_hp_loss":0,"event_name":"Mysterious Sphere","floor":39,"gold_loss":0},{"damage_healed":0,"gold_gain":0,"player_choice":"Fight","damage_taken":0,"max_hp_gain":0,"max_hp_loss":0,"event_name":"MindBloom","floor":47,"gold_loss":0}],"is_beta":false,"boss_relics":[{"not_picked":["Runic Pyramid","Calling Bell"],"picked":"Runic Dome"},{"not_picked":["Velvet Choker","Pandora\u0027s Box"],"picked":"Philosopher\u0027s Stone"}],"items_purged_floors":[2,21,37,46],"is_endless":false,"potions_floor_spawned":[1,8,10,18,23,24,25,31,33,38,40,44,45],"killed_by":"The Heart","ascension_level":6}}