{"host":"e1pm3b7xpcm97e5w","time":1611870053,"event":{"mods":["BaseMod","Better Skull","Googly Eyes","Minty Spire (QoL Compilation)","Relic Stats","Shop Mod","Spicy Shops","StSLib"],"gold_per_floor":[20,36,36,49,68,68,95,60,60,86,86,104,104,118,118,217,217,236,161,171,171,22,22,22],"floor_reached":23,"language":"ENG","playtime":941,"items_purged":[],"score":322,"play_id":"f9ffd75a-de9b-42dd-9ba8-0ab9600d68b0","local_time":"20210128164053","is_ascension_mode":true,"campfire_choices":[{"data":"Eruption","floor":6,"key":"SMITH"},{"data":"LikeWater","floor":11,"key":"SMITH"},{"data":"LikeWater","floor":15,"key":"SMITH"}],"circlet_count":0,"master_deck":["AscendersBane","Strike_P","Strike_P","Strike_P","Strike_P","Defend_P","Defend_P","Defend_P","Defend_P","Eruption+1","Vigilance","FollowUp","LikeWater+1","EmptyBody","LikeWater+1","Meditate","ThirdEye","InnerPeace","Alpha","Necronomicurse"],"relics":["PureWater","Du-Vu Doll","Blood Vial","Bronze Scales","Shuriken","Blue Candle","Black Star","Necronomicon","Membership Card"],"acts_visited":["Exordium","TheCity"],"potions_floor_usage":[10,10,10,16,22,23],"damage_taken":[{"damage":0,"enemies":"Cultist","floor":1,"turns":2},{"damage":0,"enemies":"Jaw Worm","floor":2,"turns":4},{"damage":0,"enemies":"Small Slimes","floor":4,"turns":2},{"damage":4,"enemies":"Exordium Thugs","floor":5,"turns":4},{"damage":18,"enemies":"Lagavulin","floor":7,"turns":6},{"damage":5,"enemies":"3 Sentries","floor":10,"turns":6},{"damage":0,"enemies":"3 Louse","floor":12,"turns":4},{"damage":5,"enemies":"Exordium Wildlife","floor":14,"turns":4},{"damage":34,"enemies":"Slime Boss","floor":16,"turns":11},{"damage":6,"enemies":"Spheric Guardian","floor":18,"turns":7},{"damage":17,"enemies":"2 Thieves","floor":19,"turns":5},{"damage":23,"enemies":"Snake Plant","floor":20,"turns":4},{"damage":24,"enemies":"Slavers","floor":23,"turns":1}],"seed_played":"3139932147807138073","potions_obtained":[{"floor":1,"key":"Block Potion"},{"floor":2,"key":"SpeedPotion"},{"floor":5,"key":"EntropicBrew"},{"floor":10,"key":"FearPotion"},{"floor":20,"key":"Fruit Juice"}],"is_trial":false,"path_per_floor":["M","M","?","M","M","R","E","?","T","E","R","M","T","M","R","B",null,"M","M","M","?","$","E"],"character_chosen":"WATCHER","items_purchased":["Membership Card"],"campfire_rested":0,"item_purchase_floors":[22],"current_hp_per_floor":[65,65,65,65,61,61,43,61,61,58,58,60,60,57,57,25,60,56,41,20,4,9,0,0],"gold":22,"neow_bonus":"ONE_RARE_RELIC","is_daily":false,"chose_seed":false,"campfire_upgraded":3,"win_rate":0.0,"timestamp":1611870053,"path_taken":["M","?","?","M","M","R","E","?","T","E","R","M","?","M","R","BOSS","M","?","M","?","?","E"],"items_purchased_type":["Relic"],"build_version":"2020-12-22","purchased_purges":0,"victory":false,"max_hp_per_floor":[72,72,72,72,72,72,72,72,72,72,72,72,72,72,72,72,72,72,72,72,72,77,77,77],"relic_stats":{"Blood Vial":16,"counters":[13,60],"Shuriken":[4],"Bronze Scales":[90],"Blue Candle":[0],"Black Star":0,"Necronomicon":[0],"obtain_stats":[{"Du-Vu Doll":0,"Blood Vial":7,"Shuriken":10,"Bronze Scales":9,"Blue Candle":13,"Black Star":17,"Necronomicon":21,"Membership Card":22,"PureWater":0},{"Du-Vu Doll":0,"Blood Vial":5,"Shuriken":6,"Bronze Scales":5,"Blue Candle":7,"Black Star":9,"Necronomicon":12,"Membership Card":12,"PureWater":0},{"Du-Vu Doll":0,"Blood Vial":18,"Shuriken":24,"Bronze Scales":18,"Blue Candle":28,"Black Star":43,"Necronomicon":59,"Membership Card":59,"PureWater":0}]},"card_choices":[{"not_picked":["Vengeance","Study"],"picked":"FollowUp","floor":1},{"not_picked":["BowlingBash","ThirdEye"],"picked":"LikeWater","floor":2},{"not_picked":["Evaluate","SandsOfTime"],"picked":"EmptyBody","floor":4},{"not_picked":["CutThroughFate","Conclude"],"picked":"LikeWater","floor":5},{"not_picked":["Pray","Crescendo"],"picked":"Meditate","floor":7},{"not_picked":["DeusExMachina","Halt"],"picked":"ThirdEye","floor":10},{"not_picked":["Perseverance","Prostrate","FlurryOfBlows"],"picked":"SKIP","floor":12},{"not_picked":["Perseverance","FollowUp"],"picked":"InnerPeace","floor":14},{"not_picked":["Judgement","DevaForm"],"picked":"Alpha","floor":16},{"not_picked":["Halt","Crescendo","Worship"],"picked":"SKIP","floor":18},{"not_picked":["WreathOfFlame","FlurryOfBlows","Adaptation+1"],"picked":"SKIP","floor":19},{"not_picked":["EmptyBody","Prostrate","Swivel"],"picked":"SKIP","floor":20}],"player_experience":605165,"relics_obtained":[{"floor":7,"key":"Blood Vial"},{"floor":9,"key":"Bronze Scales"},{"floor":10,"key":"Shuriken"},{"floor":13,"key":"Blue Candle"},{"floor":21,"key":"Necronomicon"}],"event_choices":[{"damage_healed":0,"gold_gain":0,"player_choice":"Ignored","damage_taken":0,"max_hp_gain":0,"max_hp_loss":0,"event_name":"Liars Game","floor":3,"gold_loss":0},{"damage_healed":18,"gold_gain":0,"player_choice":"Healed","damage_taken":0,"max_hp_gain":0,"max_hp_loss":0,"event_name":"The Cleric","floor":8,"gold_loss":35},{"damage_healed":0,"gold_gain":0,"player_choice":"Obtained Book","damage_taken":16,"max_hp_gain":0,"max_hp_loss":0,"event_name":"Cursed Tome","floor":21,"gold_loss":0}],"is_beta":false,"boss_relics":[{"not_picked":["VioletLotus","Cursed Key"],"picked":"Black Star"}],"items_purged_floors":[],"is_endless":false,"potions_floor_spawned":[1,2,5,10,12,20],"killed_by":"Slavers","ascension_level":12}}