{"host":"9slw7l0ws16384qq","time":1611861901,"event":{"mods":["A Penny For Your Troubles","BaseMod","Colored Map","Downfall","Evolution","Hubris","Lobotomy","Minty Spire (QoL Compilation)","Replay The Spire","StS++","StSLib"],"gold_per_floor":[99,115,115,177,177,194,221,221,146,96,6,23,23,38,54,153,153,103,115,115,127,112,62,88,188,233,74,24,44,211,242,261,359,359,309,324,335,335,335,335,335,347,382,396,346,378,118,130,147,147,147,147],"floor_reached":50,"language":"FRA","playtime":4719,"items_purged":["Slimebound:Defend_Slimebound"],"score":663,"play_id":"9472cc51-14ce-4b61-b345-3e427e6607cf","local_time":"20210128202501","is_ascension_mode":true,"campfire_choices":[{"data":"Slimebound:CorrosiveSpit","floor":1.0,"key":"SMITH"},{"data":"Slimebound:Split","floor":8.0,"key":"SMITH"},{"data":"Slimebound:SpikyOuterGoop","floor":10.0,"key":"SMITH"},{"data":"Slimebound:SlimeBarrage","floor":13.0,"key":"SMITH"},{"data":"Slimebound:Repurpose","floor":18,"key":"SMITH"},{"data":"Slimebound:FormOfPuddle","floor":23,"key":"SMITH"},{"data":"Slimebound:Schlurp","floor":28,"key":"SMITH"},{"data":"Apotheosis","floor":35,"key":"SMITH"},{"data":"Slimebound:SpikyOuterGoop","floor":45,"key":"SMITH"}],"circlet_count":0,"master_deck":["Slimebound:Strike_Slimebound","Slimebound:Strike_Slimebound","Slimebound:Strike_Slimebound","Slimebound:Tackle","Slimebound:Defend_Slimebound","Slimebound:Defend_Slimebound","Slimebound:Defend_Slimebound","Slimebound:Split+1","Slimebound:CorrosiveSpit+1","Slimebound:Schlurp+1","Slimebound:SpikyOuterGoop+1","Slimebound:SamplingLick","Slimebound:SlimeBarrage+1","Slimebound:FormOfPuddle+1","Slimebound:Gluttony","Slimebound:TongueLash+1","Slimebound:SpikyOuterGoop+1","Apotheosis+1","Pot Of Greed","Pot Of Greed","Slimebound:Teamwork","Slimebound:SamplingLick+1","expansioncontent:InvincibleStrength","Slimebound:Recollect","Slimebound:DuplicatedForm","Pot Of Greed"],"relics":["Slimebound:AbsorbEndCombat","EVO:Axolotl","downfall:ShatteredFragment","StSpp:Monolith","Omamori","Slimebound:GreedOozeRelic","SacredBark","Slimebound:AggressiveSlimeRelic","Replay:Kaleidoscope","hubris:BottledRain","Boot","Oddly Smooth Stone","Grinning Jar","SlaversCollar","Replay:Mystery Machine","InkBottle","Blue Candle","Girya","Slimebound:MaxSlimesRelic"],"acts_visited":["Exordium","TheCity","TheBeyond"],"potions_floor_usage":[50,50,50,50,50],"damage_taken":[{"damage":12.0,"enemies":"2 Louse","floor":2.0,"turns":4.0},{"damage":18.0,"enemies":"3 Sentries","floor":4.0,"turns":7.0},{"damage":7.0,"enemies":"Small Slimes","floor":6.0,"turns":4.0},{"damage":0.0,"enemies":"downfall:FleeingMerchant","floor":11.0,"turns":4.0},{"damage":0.0,"enemies":"Cultist","floor":12.0,"turns":3.0},{"damage":0.0,"enemies":"3 Louse","floor":14.0,"turns":2.0},{"damage":0.0,"enemies":"Large Slime","floor":15.0,"turns":3.0},{"damage":50.0,"enemies":"SI_SHIV_ARCHETYPE","floor":16.0,"turns":5.0},{"damage":2,"enemies":"Chosen","floor":19,"turns":4},{"damage":10,"enemies":"Snake Plant","floor":21,"turns":4},{"damage":0,"enemies":"downfall:FleeingMerchant","floor":22,"turns":4},{"damage":4,"enemies":"Colosseum Nobs","floor":25,"turns":4},{"damage":3,"enemies":"downfall:FleeingMerchant","floor":27,"turns":4},{"damage":4,"enemies":"3 Cultists","floor":29,"turns":4},{"damage":5,"enemies":"downfall:FleeingMerchant","floor":30,"turns":4},{"damage":12,"enemies":"Gremlin Leader","floor":31,"turns":5},{"damage":11,"enemies":"Cultist and Chosen","floor":32,"turns":5},{"damage":26,"enemies":"IC_MUSHROOM_ARCHETYPE","floor":33,"turns":6},{"damage":1,"enemies":"Orb Walker","floor":36,"turns":3},{"damage":6,"enemies":"3 Shapes","floor":37,"turns":5},{"damage":6,"enemies":"Sphere and 2 Shapes","floor":42,"turns":6},{"damage":3,"enemies":"R_Hoarder","floor":43,"turns":6},{"damage":0,"enemies":"Writhing Mass","floor":44,"turns":6},{"damage":10,"enemies":"Nemesis","floor":46,"turns":5},{"damage":7,"enemies":"Maw","floor":48,"turns":6},{"damage":11,"enemies":"Sphere and 2 Shapes","floor":49,"turns":6},{"damage":111,"enemies":"WA_ARCHETYPE_DIVINITY","floor":50,"turns":3}],"seed_played":"5391011780428557426","potions_obtained":[{"floor":5.0,"key":"Fruit Juice"},{"floor":5.0,"key":"Cursed Concoction"},{"floor":5.0,"key":"Cursed Concoction"},{"floor":6.0,"key":"Swift Potion"},{"floor":15.0,"key":"LiquidBronze"},{"floor":25,"key":"EntropicBrew"}],"is_trial":false,"path_per_floor":["R","M","?","?","?","M","T","R","?","R","$","M","R","M","M","B",null,"R_BF","M","?","M","$","R","T","?","T","$","R","M","$","E","M","B",null,"R_BF","M","M","?","?","?","T","M","E","M","R","E","$","M","M","B"],"character_chosen":"SLIMEBOUND","items_purchased":["Oddly Smooth Stone","Apotheosis","Slimebound:MaxSlimesRelic"],"campfire_rested":0,"item_purchase_floors":[27,30,47],"current_hp_per_floor":[71,63,45,35,40,41,41,41,41,41,49,57,57,63,71,29,64,64,68,68,66,74,74,74,74,74,73,73,74,76,72,69,51,70,70,71,71,71,71,71,71,69,73,76,76,68,68,69,66,0,0,0],"gold":147,"neow_bonus":"TEN_PERCENT_HP_BONUS","is_daily":false,"chose_seed":false,"campfire_upgraded":9,"win_rate":0.0,"timestamp":1611861901,"path_taken":["R","M","?","?","?","?","T","R","?","R","$","M","R","M","M","BOSS","R_BF","M","?","M","$","R","T","?","?","?","R","M","$","E","M","BOSS","R_BF","M","M","?","?","?","T","?","E","?","R","E","$","M","M","BOSS"],"items_purchased_type":["Relic","Card","Relic"],"build_version":"2020-12-22","purchased_purges":1,"victory":false,"max_hp_per_floor":[71,71,71,71,76,76,76,76,76,76,76,76,76,76,76,76,76,76,76,76,76,76,76,76,76,76,76,76,76,76,76,76,76,76,76,76,76,76,76,76,76,76,76,76,76,76,76,76,76,76,76,76],"card_choices":[{"not_picked":["Slimebound:ComboTackle","Slimebound:Chomp"],"picked":"Slimebound:Schlurp","floor":2.0},{"not_picked":["Slimebound:MegaLick","Slimebound:LeechingTouch"],"picked":"Slimebound:SpikyOuterGoop","floor":4.0},{"not_picked":["Slimebound:FinishingTackle","Slimebound:Prepare","Slimebound:HauntingLick"],"picked":"SKIP","floor":6.0},{"not_picked":["Slimebound:ComboTackle","Slimebound:Grow"],"picked":"Slimebound:SamplingLick","floor":11.0},{"not_picked":["Slimebound:SplitBruiser","Slimebound:SplitAcid"],"picked":"Slimebound:SlimeBarrage","floor":12.0},{"not_picked":["Slimebound:Replication","Slimebound:PressTheAttack","Slimebound:Overexert"],"picked":"SKIP","floor":14.0},{"not_picked":["Slimebound:LeechEnergy","Slimebound:GoopTackle"],"picked":"Slimebound:Repurpose","floor":15.0},{"not_picked":["Slimebound:SamplingLick","Slimebound:FlameTackle"],"picked":"Slimebound:FormOfPuddle","floor":19},{"not_picked":["Slimebound:SplitBruiser","Slimebound:AcidTongue"],"picked":"Slimebound:TongueLash+1","floor":21},{"not_picked":["Slimebound:SplitBruiser","Slimebound:GoopTackle","Slimebound:LivingWall+1"],"picked":"SKIP","floor":22},{"not_picked":["Slimebound:DivideAndConquer+1","Slimebound:ServeAndProtect"],"picked":"Slimebound:SpikyOuterGoop","floor":27},{"not_picked":["Slimebound:SlimeTap+1","Slimebound:SplitLeeching+1","Slimebound:Replication"],"picked":"SKIP","floor":29},{"not_picked":["Slimebound:FormOfPuddle","Slimebound:SlimeSpikes","Slimebound:GoopSpray"],"picked":"SKIP","floor":30},{"not_picked":["Slimebound:GoopSpray","Slimebound:OozeBath","Slimebound:SlimeBarrage"],"picked":"SKIP","floor":31},{"not_picked":["Slimebound:GoopSpray","Slimebound:OozeBath","Slimebound:SlimeBarrage"],"picked":"SKIP","floor":31},{"not_picked":["Slimebound:FinishingTackle","Slimebound:SplitAcid+1","Slimebound:SplitLeeching"],"picked":"SKIP","floor":32},{"not_picked":["Slimebound:RallyTheTroops","Slimebound:OozeBath"],"picked":"Slimebound:Teamwork","floor":33},{"not_picked":["Slimebound:LivingWall","Slimebound:HauntingLick+1","Slimebound:SplitLeeching+1"],"picked":"SKIP","floor":36},{"not_picked":["Slimebound:GoopSpray+1","Slimebound:SplitBruiser"],"picked":"Slimebound:SamplingLick+1","floor":37},{"not_picked":["expansioncontent:DashGenerateEvil","expansioncontent:HyperBeam"],"picked":"expansioncontent:InvincibleStrength","floor":38},{"not_picked":["Slimebound:ViciousTackle","Slimebound:SplitMire+1"],"picked":"Slimebound:Recollect","floor":42},{"not_picked":["Slimebound:Grow+1","Slimebound:Chomp","Slimebound:ServeAndProtect"],"picked":"SKIP","floor":43},{"not_picked":["Slimebound:PressTheAttack","Slimebound:ServeAndProtect","Slimebound:ComboTackle"],"picked":"SKIP","floor":44},{"not_picked":["Slimebound:ViciousTackle","Slimebound:BestDefense+1","Slimebound:LeechingTouch"],"picked":"SKIP","floor":46},{"not_picked":["Slimebound:RainOfGoop+1","Slimebound:TongueLash+1","Slimebound:DivideAndConquer"],"picked":"SKIP","floor":48},{"not_picked":["Slimebound:SplitLeeching","Slimebound:RollThrough+1"],"picked":"Slimebound:DuplicatedForm","floor":49}],"player_experience":1508573,"relics_obtained":[{"floor":7.0,"key":"Omamori"},{"floor":24,"key":"Slimebound:AggressiveSlimeRelic"},{"floor":25,"key":"Replay:Kaleidoscope"},{"floor":25,"key":"hubris:BottledRain"},{"floor":26,"key":"Boot"},{"floor":31,"key":"Grinning Jar"},{"floor":40,"key":"Replay:Mystery Machine"},{"floor":41,"key":"InkBottle"},{"floor":43,"key":"Blue Candle"},{"floor":46,"key":"Girya"}],"event_choices":[{"damage_healed":0.0,"max_hp_gain":0.0,"max_hp_loss":0.0,"gold_gain":0.0,"event_name":"Lab","player_choice":"Got Potions","floor":5.0,"gold_loss":0.0,"damage_taken":0.0},{"damage_healed":0,"gold_gain":0,"player_choice":"Read","damage_taken":0,"max_hp_gain":0,"max_hp_loss":0,"event_name":"The Library","floor":20,"gold_loss":0,"cards_obtained":["Slimebound:Gluttony"]},{"cards_removed":["Slimebound:Repurpose"],"damage_healed":0,"gold_gain":0,"player_choice":"Removed Skill","damage_taken":0,"max_hp_gain":0,"max_hp_loss":0,"event_name":"Falling","floor":39,"gold_loss":0}],"is_beta":false,"boss_relics":[{"not_picked":["Replay:Drink Me","Honey Jar"],"picked":"SacredBark"},{"not_picked":["Cursed Key","Empty Cage"],"picked":"SlaversCollar"}],"items_purged_floors":[11],"is_endless":false,"potions_floor_spawned":[6,12,15,25,31,33,44,48],"killed_by":"WA_ARCHETYPE_DIVINITY","ascension_level":5}}