{"host":"dztixnx9b0gu6w9i","time":1611872003,"event":{"mods":["BaseMod","Bestiary","Minty Spire (QoL Compilation)","Relic Stats","Slay the Relics Exporter","SpireBot","ojb\u0027s Better Paths Mod","ojb\u0027s Info Mod"],"gold_per_floor":[361,18,35,35,53,53,93,93,93,113,147,165,184,184,184,277,277,300,319,319,337,358,358,358,273,273,273,23,23,37,72,72,151,151,164,164,176,191,206,241,256,256,256,286,286,320,345,345,345,345,345,345,345,43,75,75],"floor_reached":57,"language":"ENG","playtime":8552,"items_purged":["Writhe"],"score":2869,"play_id":"59deef25-270b-4ec7-ac8b-66ae3829aaf6","local_time":"20210128171323","is_ascension_mode":true,"campfire_choices":[{"data":"Dagger Spray","floor":6,"key":"SMITH"},{"data":"Deadly Poison","floor":15,"key":"SMITH"},{"data":"Wraith Form v2","floor":27,"key":"SMITH"},{"data":"Wraith Form v2","floor":29,"key":"SMITH"},{"data":"Accuracy","floor":32,"key":"SMITH"},{"floor":42,"key":"RECALL"},{"data":"Well Laid Plans","floor":45,"key":"SMITH"},{"data":"After Image","floor":49,"key":"SMITH"},{"data":"Accuracy","floor":53,"key":"SMITH"}],"circlet_count":0,"master_deck":["AscendersBane","Survivor","Neutralize","Poisoned Stab","Dagger Spray+1","Deadly Poison+1","Slice","Burst","Wraith Form v2+1","Poisoned Stab","Cloak And Dagger","All Out Attack","Cloak And Dagger","Escape Plan","Malaise","Storm of Steel","Cloak And Dagger","Choke","Terror","Leg Sweep","Wraith Form v2+1","Flechettes+1","Blade Dance","Accuracy+1","Finisher","PiercingWail+1","Infinite Blades","Corpse Explosion","Night Terror","Blade Dance","Blade Dance","Blade Dance","Well Laid Plans+1","Accuracy+1","After Image+1","Cloak And Dagger+1"],"relics":["Ring of the Snake","HornCleat","Bloody Idol","Mango","Pocketwatch","Incense Burner","Pandora\u0027s Box","Torii","Orrery","Question Card","SlaversCollar","InkBottle","Eternal Feather","Meat on the Bone","Toxic Egg 2","Tingsha","Medical Kit","Centennial Puzzle"],"acts_visited":["Exordium","TheCity","TheBeyond","TheEnding"],"potions_floor_usage":[7,16,31,41,56,56],"damage_taken":[{"damage":5,"enemies":"2 Louse","floor":1,"turns":3},{"damage":0,"enemies":"Small Slimes","floor":3,"turns":5},{"damage":0,"enemies":"Cultist","floor":5,"turns":3},{"damage":16,"enemies":"Gremlin Nob","floor":7,"turns":4},{"damage":6,"enemies":"Looter","floor":10,"turns":3},{"damage":7,"enemies":"3 Sentries","floor":11,"turns":6},{"damage":4,"enemies":"Large Slime","floor":12,"turns":7},{"damage":3,"enemies":"Exordium Thugs","floor":13,"turns":6},{"damage":4,"enemies":"The Guardian","floor":16,"turns":10},{"damage":0,"enemies":"Shell Parasite","floor":18,"turns":4},{"damage":0,"enemies":"Chosen","floor":19,"turns":5},{"damage":7,"enemies":"Snake Plant","floor":21,"turns":6},{"damage":3,"enemies":"Chosen and Byrds","floor":22,"turns":7},{"damage":2,"enemies":"3 Cultists","floor":30,"turns":8},{"damage":3,"enemies":"Slavers","floor":31,"turns":4},{"damage":47,"enemies":"Champ","floor":33,"turns":8},{"damage":1,"enemies":"3 Shapes","floor":35,"turns":5},{"damage":1,"enemies":"3 Darklings","floor":37,"turns":4},{"damage":2,"enemies":"Sphere and 2 Shapes","floor":38,"turns":7},{"damage":11,"enemies":"Transient","floor":39,"turns":6},{"damage":3,"enemies":"Reptomancer","floor":40,"turns":7},{"damage":3,"enemies":"Spire Growth","floor":41,"turns":6},{"damage":3,"enemies":"Nemesis","floor":44,"turns":6},{"damage":5,"enemies":"Giant Head","floor":46,"turns":10},{"damage":0,"enemies":"Mind Bloom Boss Battle","floor":47,"turns":9},{"damage":0,"enemies":"Donu and Deca","floor":50,"turns":6},{"damage":2,"enemies":"Time Eater","floor":51,"turns":8},{"damage":5,"enemies":"Shield and Spear","floor":55,"turns":9},{"damage":10,"enemies":"The Heart","floor":56,"turns":8}],"seed_played":"-8064823702735715791","potions_obtained":[{"floor":5,"key":"LiquidBronze"},{"floor":8,"key":"DuplicationPotion"},{"floor":8,"key":"CultistPotion"},{"floor":16,"key":"AttackPotion"},{"floor":21,"key":"Energy Potion"},{"floor":31,"key":"Energy Potion"},{"floor":41,"key":"AttackPotion"},{"floor":44,"key":"Energy Potion"}],"is_trial":false,"path_per_floor":["M","$","M","?","M","R","E","?","T","M","E","M","M","?","R","B",null,"M","M","?","M","M","?","?","?","T","R","$","R","M","E","R","B",null,"M","?","M","M","M","E","M","R","T","E","R","E","?","?","R","B","B",null,"R","$","E","B",null],"character_chosen":"THE_SILENT","items_purchased":["HornCleat","Orrery","Accuracy","DuplicationPotion","Medical Kit","Cloak And Dagger+1"],"campfire_rested":0,"item_purchase_floors":[2,28,28,54,54,54],"current_hp_per_floor":[54,54,54,54,54,54,52,52,52,46,39,35,32,32,32,28,63,63,63,63,56,53,53,53,53,53,53,53,53,56,58,58,16,60,64,64,68,71,65,67,69,69,69,71,74,74,74,70,70,70,68,70,70,70,70,60],"gold":75,"neow_bonus":"TWO_FIFTY_GOLD","is_daily":false,"chose_seed":false,"campfire_upgraded":8,"win_rate":0.0,"timestamp":1611872003,"path_taken":["M","$","M","?","M","R","E","?","T","?","E","M","M","?","R","BOSS","M","M","?","M","?","?","?","?","T","R","$","R","M","E","R","BOSS","M","?","M","?","M","E","M","R","T","E","R","E","?","?","R","BOSS","BOSS","R","$","E","BOSS"],"items_purchased_type":["Relic","Relic","Card","Potion","Relic","Card"],"build_version":"2020-12-22","purchased_purges":1,"victory":true,"max_hp_per_floor":[66,66,66,60,60,60,74,74,74,74,74,74,74,74,74,74,74,74,74,74,74,74,74,74,74,74,74,74,74,74,74,74,74,74,74,74,74,74,74,74,74,74,74,74,74,74,74,70,70,70,70,70,70,70,70,70],"relic_stats":{"Torii":20,"counters":[29,180],"Eternal Feather":3,"Tingsha":[30],"Question Card":11,"Medical Kit":[7],"Centennial Puzzle":[3],"Bloody Idol":60,"Pandora\u0027s Box":["Poisoned Stab","Cloak And Dagger","Flechettes","All Out Attack","Cloak And Dagger","Escape Plan","Malaise","Storm of Steel","Cloak And Dagger","Choke"],"obtain_stats":[{"Torii":25,"Golden Idol":4,"Mango":7,"Eternal Feather":43,"Tingsha":47,"Incense Burner":11,"Question Card":31,"Medical Kit":54,"SlaversCollar":34,"Centennial Puzzle":55,"HornCleat":2,"Bloody Idol":24,"Orrery":28,"Pandora\u0027s Box":17,"Toxic Egg 2":46,"InkBottle":40,"Ring of the Snake":0,"Pocketwatch":9,"Meat on the Bone":44},{"Torii":13,"Golden Idol":2,"Mango":4,"Eternal Feather":22,"Tingsha":25,"Incense Burner":6,"Question Card":15,"Medical Kit":27,"SlaversCollar":16,"Centennial Puzzle":28,"HornCleat":1,"Bloody Idol":13,"Orrery":13,"Pandora\u0027s Box":9,"Toxic Egg 2":24,"InkBottle":21,"Ring of the Snake":0,"Pocketwatch":4,"Meat on the Bone":23},{"Torii":69,"Golden Idol":8,"Mango":15,"Eternal Feather":124,"Tingsha":149,"Incense Burner":24,"Question Card":81,"Medical Kit":163,"SlaversCollar":89,"Centennial Puzzle":172,"HornCleat":3,"Bloody Idol":69,"Orrery":69,"Pandora\u0027s Box":47,"Toxic Egg 2":140,"InkBottle":118,"Ring of the Snake":0,"Pocketwatch":15,"Meat on the Bone":130}],"InkBottle":[34],"Ring of the Snake":[58],"Pocketwatch":[244],"Meat on the Bone":0},"card_choices":[{"not_picked":["Flechettes","Prepared"],"picked":"Poisoned Stab","floor":1},{"not_picked":["Slice","Bane"],"picked":"Dagger Spray","floor":3},{"not_picked":["Prepared","Distraction"],"picked":"Deadly Poison","floor":5},{"not_picked":["Distraction","Sucker Punch"],"picked":"Slice","floor":7},{"not_picked":["Underhanded Strike","Escape Plan","Quick Slash"],"picked":"SKIP","floor":10},{"not_picked":["Doppelganger","Dodge and Roll"],"picked":"Burst","floor":11},{"not_picked":["Dagger Throw","Prepared","Accuracy"],"picked":"SKIP","floor":12},{"not_picked":["Cloak And Dagger","Dodge and Roll","Underhanded Strike"],"picked":"SKIP","floor":13},{"not_picked":["Venomology","Burst"],"picked":"Wraith Form v2","floor":16},{"not_picked":["Prepared","Sucker Punch"],"picked":"Terror","floor":18},{"not_picked":["Dash+1","Dagger Throw"],"picked":"Leg Sweep","floor":19},{"not_picked":["All Out Attack+1","Infinite Blades","Terror"],"picked":"SKIP","floor":21},{"not_picked":["All Out Attack+1","Infinite Blades","Terror"],"picked":"SKIP","floor":21},{"not_picked":["Skewer","Dodge and Roll"],"picked":"Flechettes+1","floor":22},{"not_picked":["Setup","A Thousand Cuts"],"picked":"Blade Dance","floor":28},{"not_picked":["Deadly Poison","Grand Finale"],"picked":"Finisher","floor":28},{"not_picked":["Dagger Spray","Underhanded Strike","PiercingWail+1"],"picked":"SKIP","floor":30},{"not_picked":["Dagger Spray","Underhanded Strike"],"picked":"PiercingWail+1","floor":30},{"not_picked":["Bouncing Flask","Dagger Spray"],"picked":"Infinite Blades","floor":31},{"not_picked":["Die Die Die","Burst","Envenom"],"picked":"Corpse Explosion","floor":33},{"not_picked":["Distraction","Dodge and Roll","Flechettes+1","Bane"],"picked":"SKIP","floor":35},{"not_picked":["Leg Sweep","Crippling Poison","Concentrate"],"picked":"Blade Dance","floor":37},{"not_picked":["Crippling Poison","Poisoned Stab","Outmaneuver","Quick Slash"],"picked":"SKIP","floor":38},{"not_picked":["Dagger Throw","Prepared","Backflip","Skewer"],"picked":"SKIP","floor":39},{"not_picked":["All Out Attack+1","Setup+1","Outmaneuver"],"picked":"Blade Dance","floor":40},{"not_picked":["Storm of Steel","Dagger Spray","All Out Attack"],"picked":"Blade Dance","floor":41},{"not_picked":["Choke","Deadly Poison","Cloak And Dagger"],"picked":"Well Laid Plans","floor":44},{"not_picked":["Catalyst+1","Flying Knee+1","Noxious Fumes"],"picked":"Accuracy","floor":46},{"not_picked":["PiercingWail+1","Quick Slash","Distraction+1"],"picked":"After Image","floor":47},{"not_picked":["Concentrate+1","Accuracy","Noxious Fumes","Quick Slash"],"picked":"SKIP","floor":55}],"player_experience":8364341,"relics_obtained":[{"floor":7,"key":"Mango"},{"floor":9,"key":"Pocketwatch"},{"floor":11,"key":"Incense Burner"},{"floor":31,"key":"Question Card"},{"floor":40,"key":"InkBottle"},{"floor":43,"key":"Eternal Feather"},{"floor":44,"key":"Meat on the Bone"},{"floor":46,"key":"Toxic Egg 2"},{"floor":47,"key":"Tingsha"},{"floor":55,"key":"Centennial Puzzle"}],"event_choices":[{"damage_healed":0,"gold_gain":0,"player_choice":"Lose Max HP","damage_taken":0,"relics_obtained":["Golden Idol"],"max_hp_gain":0,"max_hp_loss":6,"event_name":"Golden Idol","floor":4,"gold_loss":0},{"damage_healed":0,"gold_gain":0,"player_choice":"Got Potions","damage_taken":0,"max_hp_gain":0,"max_hp_loss":0,"event_name":"Lab","floor":8,"gold_loss":0},{"damage_healed":0,"gold_gain":0,"player_choice":"Ignored","damage_taken":0,"max_hp_gain":0,"max_hp_loss":0,"event_name":"Liars Game","floor":14,"gold_loss":0},{"damage_healed":0,"gold_gain":0,"player_choice":"Copied","damage_taken":0,"max_hp_gain":0,"max_hp_loss":0,"event_name":"Duplicator","floor":20,"gold_loss":0,"cards_obtained":["Wraith Form v2"]},{"damage_healed":0,"gold_gain":0,"player_choice":"Ignored","damage_taken":0,"max_hp_gain":0,"max_hp_loss":0,"event_name":"Vampires","floor":23,"gold_loss":0},{"damage_healed":0,"gold_gain":0,"player_choice":"Gave Idol","damage_taken":0,"relics_obtained":["Bloody Idol"],"max_hp_gain":0,"max_hp_loss":0,"event_name":"Forgotten Altar","floor":24,"relics_lost":["Golden Idol"],"gold_loss":0},{"damage_healed":0,"gold_gain":0,"player_choice":"Obtained Relic","damage_taken":0,"relics_obtained":["Torii"],"max_hp_gain":0,"max_hp_loss":0,"event_name":"Addict","floor":25,"gold_loss":85},{"damage_healed":0,"gold_gain":0,"cards_transformed":["Flechettes"],"player_choice":"Transformed","damage_taken":0,"max_hp_gain":0,"max_hp_loss":0,"event_name":"Transmorgrifier","floor":36,"gold_loss":0,"cards_obtained":["Night Terror"]},{"damage_healed":0,"gold_gain":0,"player_choice":"Fight","damage_taken":0,"max_hp_gain":0,"max_hp_loss":0,"event_name":"MindBloom","floor":47,"gold_loss":0},{"damage_healed":0,"gold_gain":0,"player_choice":"Max HP","damage_taken":0,"max_hp_gain":0,"max_hp_loss":4,"event_name":"Winding Halls","floor":48,"gold_loss":0}],"is_beta":false,"boss_relics":[{"not_picked":["Coffee Dripper","Astrolabe"],"picked":"Pandora\u0027s Box"},{"not_picked":["Empty Cage","Calling Bell"],"picked":"SlaversCollar"}],"items_purged_floors":[2],"is_endless":false,"potions_floor_spawned":[5,10,16,18,21,22,31,35,39,41,44],"ascension_level":20}}