{"host":"c3lc60y5x60jlt1y","time":1611820941,"event":{"mods":["AchievementEnabler","BaseMod","Bestiary","Colored Map","Minty Spire (QoL Compilation)","Quick Restart","StSLib","ojb\u0027s Info Mod"],"gold_per_floor":[19,38,38,49,59,86,101,101,124,124,124,158,158,171,171,247,247,257,257,275,275,286,286,312,312,312,312,328,328,328],"floor_reached":29,"language":"ENG","playtime":5912,"items_purged":[],"score":510,"play_id":"946b10f8-1855-45a3-892d-cade09e1dd76","local_time":"20210128100221","is_ascension_mode":true,"campfire_choices":[{"floor":10.0,"key":"REST"},{"data":"Armaments","floor":13.0,"key":"SMITH"},{"data":"Clothesline","floor":15.0,"key":"SMITH"},{"data":"Fiend Fire","floor":23.0,"key":"SMITH"},{"data":"Ghostly","floor":25.0,"key":"SMITH"}],"circlet_count":0,"master_deck":["AscendersBane","Strike_R","Strike_R","Strike_R","Strike_R+1","Defend_R","Defend_R","Defend_R","Defend_R","Bash","Juggernaut","Armaments+1","Clothesline+1","Bludgeon+1","Hemokinesis","Inflame","Shrug It Off","Pommel Strike","Fiend Fire+1","Juggernaut","Seeing Red+1","Ghostly+1","Ghostly","Ghostly","Metallicize","Shrug It Off","Whirlwind"],"relics":["Burning Blood","Bronze Scales","Centennial Puzzle","Velvet Choker","Nunchaku","Bottled Lightning","Nloth\u0027s Gift"],"acts_visited":["Exordium","TheCity"],"potions_floor_usage":[],"damage_taken":[{"damage":6.0,"enemies":"Cultist","floor":1.0,"turns":3.0},{"damage":7.0,"enemies":"2 Louse","floor":2.0,"turns":3.0},{"damage":4.0,"enemies":"Jaw Worm","floor":4.0,"turns":6.0},{"damage":30.0,"enemies":"Gremlin Gang","floor":5.0,"turns":5.0},{"damage":32.0,"enemies":"Gremlin Nob","floor":6.0,"turns":4.0},{"damage":6.0,"enemies":"Looter","floor":7.0,"turns":3.0},{"damage":12.0,"enemies":"Lagavulin","floor":12.0,"turns":7.0},{"damage":5.0,"enemies":"Large Slime","floor":14.0,"turns":4.0},{"damage":19.0,"enemies":"Hexaghost","floor":16.0,"turns":7.0},{"damage":11.0,"enemies":"Spheric Guardian","floor":18.0,"turns":3.0},{"damage":24.0,"enemies":"Shell Parasite","floor":20.0,"turns":5.0},{"damage":14.0,"enemies":"Cultist and Chosen","floor":22.0,"turns":6.0},{"damage":31.0,"enemies":"Slavers","floor":24.0,"turns":6.0},{"damage":7.0,"enemies":"Snecko","floor":28.0,"turns":6.0},{"damage":5,"enemies":"Book of Stabbing","floor":29,"turns":3}],"seed_played":"-4734359641681196636","potions_obtained":[{"floor":1.0,"key":"DistilledChaos"},{"floor":5.0,"key":"DuplicationPotion"},{"floor":7.0,"key":"BlessingOfTheForge"},{"floor":14.0,"key":"LiquidBronze"},{"floor":20.0,"key":"Weak Potion"},{"floor":22.0,"key":"BloodPotion"},{"floor":24.0,"key":"BlessingOfTheForge"}],"is_trial":false,"path_per_floor":["M","M","$","M","M","E","M","?","T","R","?","E","R","M","R","B",null,"M","?","M","?","M","R","E","R","T","?","M","E"],"character_chosen":"IRONCLAD","items_purchased":[],"campfire_rested":1,"item_purchase_floors":[],"current_hp_per_floor":[68,67,67,69,45,19,19,19,19,41,34,28,28,29,29,16,60,55,55,37,37,29,29,11,11,11,11,10,5,5],"gold":328,"neow_bonus":"THREE_RARE_CARDS","is_daily":false,"chose_seed":false,"campfire_upgraded":4,"win_rate":0.0,"timestamp":1611820941,"path_taken":["M","M","?","M","?","E","M","?","T","R","?","E","R","M","R","BOSS","M","?","?","?","M","R","E","R","T","?","?","E"],"items_purchased_type":[],"build_version":"2020-12-22","purchased_purges":0,"victory":false,"max_hp_per_floor":[75,75,75,75,75,75,75,75,75,75,75,75,75,75,75,75,75,75,75,75,37,37,37,37,37,37,37,37,37,37],"card_choices":[{"not_picked":["Exhume","Double Tap"],"picked":"Juggernaut","floor":0.0},{"not_picked":["Seeing Red","Feel No Pain"],"picked":"Armaments","floor":1.0},{"not_picked":["Flex","Feel No Pain"],"picked":"Clothesline","floor":2.0},{"not_picked":["Flex","Warcry"],"picked":"Bludgeon","floor":4.0},{"not_picked":["Clash","True Grit"],"picked":"Hemokinesis","floor":5.0},{"not_picked":["Clothesline","Brutality","Armaments"],"picked":"SKIP","floor":6.0},{"not_picked":["Dual Wield","Twin Strike"],"picked":"Inflame","floor":7.0},{"not_picked":["Cleave","Flame Barrier"],"picked":"Shrug It Off","floor":12.0},{"not_picked":["Havoc","Armaments"],"picked":"Pommel Strike","floor":14.0},{"not_picked":["Berserk","Bludgeon"],"picked":"Fiend Fire","floor":16.0},{"not_picked":["Clash","Wild Strike","Combust"],"picked":"SKIP","floor":18.0},{"not_picked":["Perfected Strike","Armaments"],"picked":"Seeing Red+1","floor":20.0},{"not_picked":["Wild Strike","Intimidate"],"picked":"Metallicize","floor":22.0},{"not_picked":["Pommel Strike","Demon Form"],"picked":"Shrug It Off","floor":24.0},{"not_picked":["Berserk","Twin Strike"],"picked":"Whirlwind","floor":28.0}],"player_experience":8707913,"relics_obtained":[{"floor":6.0,"key":"Bronze Scales"},{"floor":9.0,"key":"Centennial Puzzle"},{"floor":12.0,"key":"Whetstone"},{"floor":24.0,"key":"Nunchaku"},{"floor":26.0,"key":"Bottled Lightning"}],"event_choices":[{"damage_healed":0.0,"max_hp_gain":0.0,"max_hp_loss":0.0,"gold_gain":0.0,"event_name":"Dead Adventurer","player_choice":"Searched \u00270\u0027 times","floor":8.0,"gold_loss":0.0,"damage_taken":0.0},{"cards_removed":["Strike_R"],"damage_healed":0.0,"max_hp_gain":0.0,"max_hp_loss":0.0,"gold_gain":0.0,"event_name":"Golden Wing","player_choice":"Card Removal","floor":11.0,"gold_loss":0.0,"damage_taken":7.0},{"damage_healed":0.0,"max_hp_gain":0.0,"max_hp_loss":0.0,"gold_gain":0.0,"event_name":"Duplicator","player_choice":"Copied","floor":19.0,"gold_loss":0.0,"damage_taken":0.0,"cards_obtained":["Juggernaut"]},{"damage_healed":0.0,"max_hp_gain":0.0,"max_hp_loss":38.0,"gold_gain":0.0,"event_name":"Ghosts","player_choice":"Became a Ghost","floor":21.0,"gold_loss":0.0,"damage_taken":0.0,"cards_obtained":["Ghostly","Ghostly","Ghostly"]},{"damage_healed":0.0,"max_hp_gain":0.0,"max_hp_loss":0.0,"gold_gain":0.0,"event_name":"N\u0027loth","player_choice":"Traded Relic","floor":27.0,"relics_lost":["Whetstone"],"gold_loss":0.0,"damage_taken":0.0,"relics_obtained":["Nloth\u0027s Gift"]}],"is_beta":false,"boss_relics":[{"not_picked":["Empty Cage","Runic Cube"],"picked":"Velvet Choker"}],"items_purged_floors":[],"is_endless":false,"potions_floor_spawned":[1,5,7,14,20,22,24],"killed_by":"Book of Stabbing","ascension_level":20}}