{"host":"r53pw7z744tg3fxg","time":1611865336,"event":{"mods":["AchievementEnabler","BaseMod","Colored Map","Colored Powertips","Highlight Path","Minty Spire (QoL Compilation)","Quick Restart","Transform Curses"],"gold_per_floor":[119,139,139,139,162,202,217,217,242,281,301,301,335,353,353,444,444,458,458,499,513,438,438,438],"floor_reached":23,"language":"ENG","playtime":2962,"items_purged":[],"score":437,"play_id":"1061fba9-f664-4261-a79e-02eaac576abd","local_time":"20210128132216","is_ascension_mode":true,"campfire_choices":[{"floor":8,"key":"REST"},{"data":"Eruption","floor":12,"key":"SMITH"},{"data":"MasterReality","floor":15,"key":"SMITH"}],"circlet_count":0,"master_deck":["AscendersBane","Strike_P","Strike_P","Strike_P","Strike_P","Defend_P","Defend_P","Defend_P","Defend_P","Eruption+1","Vigilance","CarveReality","BattleHymn","Injury","FlurryOfBlows","Conclude","Prostrate","FollowUp","Halt","MasterReality+1","Ragnarok","EmptyBody","Weave+1"],"relics":["PureWater","Vajra","Pantograph","Golden Idol","Bird Faced Urn","Strawberry","Juzu Bracelet","MealTicket","SlaversCollar","Boot","Red Mask"],"acts_visited":["Exordium","TheCity"],"potions_floor_usage":[6,6,10,16,20,23],"damage_taken":[{"damage":1,"enemies":"Cultist","floor":1,"turns":4},{"damage":0,"enemies":"2 Louse","floor":2,"turns":2},{"damage":2,"enemies":"Jaw Worm","floor":5,"turns":2},{"damage":24,"enemies":"Gremlin Nob","floor":6,"turns":4},{"damage":3,"enemies":"Looter","floor":7,"turns":2},{"damage":1,"enemies":"3 Sentries","floor":10,"turns":4},{"damage":0,"enemies":"Large Slime","floor":11,"turns":2},{"damage":0,"enemies":"Gremlin Nob","floor":13,"turns":2},{"damage":0,"enemies":"Blue Slaver","floor":14,"turns":2},{"damage":42,"enemies":"Slime Boss","floor":16,"turns":7},{"damage":25,"enemies":"Spheric Guardian","floor":18,"turns":5},{"damage":40,"enemies":"Masked Bandits","floor":20,"turns":4},{"damage":0,"enemies":"Chosen","floor":21,"turns":3},{"damage":13,"enemies":"Slavers","floor":23,"turns":1}],"seed_played":"1797444728011343486","potions_obtained":[{"floor":1,"key":"Regen Potion"},{"floor":5,"key":"Weak Potion"},{"floor":6,"key":"Explosive Potion"},{"floor":13,"key":"Block Potion"},{"floor":18,"key":"BottledMiracle"},{"floor":20,"key":"SkillPotion"}],"is_trial":false,"path_per_floor":["M","M","T","?","M","E","M","R","T","E","M","R","E","M","R","B",null,"M","?","?","M","?","E"],"character_chosen":"WATCHER","items_purchased":[],"campfire_rested":1,"item_purchase_floors":[],"current_hp_per_floor":[60,60,60,60,58,46,45,65,72,73,75,75,75,75,75,33,65,44,44,8,10,10,0,0],"gold":438,"neow_bonus":"RANDOM_COMMON_RELIC","is_daily":false,"chose_seed":false,"campfire_upgraded":2,"win_rate":0.0,"timestamp":1611865336,"path_taken":["M","M","?","?","M","E","M","R","T","E","M","R","E","M","R","BOSS","M","?","?","M","?","E"],"items_purchased_type":[],"build_version":"2020-12-22","purchased_purges":0,"victory":false,"max_hp_per_floor":[68,68,68,68,68,68,68,68,75,75,75,75,75,75,75,75,75,75,75,75,75,75,75,75],"card_choices":[{"not_picked":["Swivel","Adaptation"],"picked":"CarveReality","floor":1},{"not_picked":["CutThroughFate","ClearTheMind"],"picked":"BattleHymn","floor":2},{"not_picked":["Prostrate","ThirdEye"],"picked":"FlurryOfBlows","floor":5},{"not_picked":["Weave","CrushJoints"],"picked":"Conclude","floor":6},{"not_picked":["FlurryOfBlows","Pray"],"picked":"Prostrate","floor":7},{"not_picked":["CrushJoints","Prostrate"],"picked":"FollowUp","floor":10},{"not_picked":["JustLucky","Prostrate","Consecrate"],"picked":"SKIP","floor":11},{"not_picked":["Adaptation","Indignation"],"picked":"Halt","floor":13},{"not_picked":["ThirdEye","ReachHeaven"],"picked":"MasterReality","floor":14},{"not_picked":["MasterReality","Alpha"],"picked":"Ragnarok","floor":16},{"not_picked":["JustLucky","Halt"],"picked":"EmptyBody","floor":18},{"not_picked":["JustLucky","CutThroughFate"],"picked":"Weave+1","floor":21}],"player_experience":1381200,"relics_obtained":[{"floor":3,"key":"Pantograph"},{"floor":6,"key":"Bird Faced Urn"},{"floor":9,"key":"Strawberry"},{"floor":10,"key":"Juzu Bracelet"},{"floor":13,"key":"MealTicket"},{"floor":20,"key":"Red Mask"}],"event_choices":[{"damage_healed":0,"gold_gain":0,"player_choice":"Take Wound","damage_taken":0,"relics_obtained":["Golden Idol"],"max_hp_gain":0,"max_hp_loss":0,"event_name":"Golden Idol","floor":4,"gold_loss":0,"cards_obtained":["Injury"]},{"damage_healed":0,"gold_gain":0,"player_choice":"Opened","damage_taken":0,"relics_obtained":["Boot"],"max_hp_gain":0,"max_hp_loss":0,"event_name":"The Mausoleum","floor":19,"gold_loss":0,"cards_obtained":["Writhe"]},{"damage_healed":0,"gold_gain":0,"player_choice":"Fought Bandits","damage_taken":0,"max_hp_gain":0,"max_hp_loss":0,"event_name":"Masked Bandits","floor":20,"gold_loss":0},{"cards_removed":["Writhe"],"damage_healed":0,"gold_gain":0,"player_choice":"Gave Gold","damage_taken":0,"max_hp_gain":0,"max_hp_loss":0,"event_name":"Beggar","floor":22,"gold_loss":75}],"is_beta":false,"boss_relics":[{"not_picked":["Black Star","Sozu"],"picked":"SlaversCollar"}],"items_purged_floors":[],"is_endless":false,"potions_floor_spawned":[1,5,6,13,18,20],"killed_by":"Slavers","ascension_level":17}}