{"host":"3q8x5nua6nulvkr6","time":1611798664,"event":{"mods":["Aspiration","BaseMod","Better Note","BetterRewards","Colored Map","Colored Powertips","Conspire","GifTheSpireLib","Hubris","Infinite Spire","Minty Spire (QoL Compilation)","Rare Cards Sparkle","Replay The Spire","StSLib","Stuff the Spire","Wandering Minibosses"],"gold_per_floor":[117,185,135,60,70,70,97,116,116,116,16,32,47,65,65,169,169,189,189,204,204,220,250,250,250,250,285,296,327,202,202,202,306,306,320,334,184,0,100,134,134,134,180,198,232,232,258,83,83,83],"floor_reached":51,"language":"ENG","playtime":3201,"items_purged":["Streamline","Cold Snap","Evaluate","Rip and Tear","infinitespire:SevenWalls","Thunderclap+1"],"score":1268,"play_id":"bbcec9ca-2c88-4c73-8f48-bf9b26b51913","local_time":"20210127205104","daily_mods":["SealedDeck","Blue Cards","Purple Cards"],"is_ascension_mode":true,"campfire_choices":[{"data":"Body Slam","floor":6,"key":"SMITH"},{"data":"Reinforced Body","floor":10,"key":"SMITH"},{"data":"Shrug It Off","floor":15,"key":"SMITH"},{"data":"Conserve Battery","floor":24,"key":"SMITH"},{"data":"JustLucky","floor":32,"key":"SMITH"},{"data":"hubris:Rewind","floor":42,"key":"SMITH"},{"data":"Thunderclap","floor":46,"key":"SMITH"},{"floor":49,"key":"REST"}],"circlet_count":0,"master_deck":["JustLucky+1","Reinforced Body+1","Shrug It Off+1","Body Slam+1","Conserve Battery+1","Genetic Algorithm+1","hubris:Rewind+1"],"relics":["Burning Blood","infinitespire:WardingShard","Golden Egg","hubris:Backtick","Calipers","infinitespire:CursedDice","Pear","Torii","Blue Candle","infinitespire:Golems Mask","hubris:CrystalStatue","Replay:Grab Bag","Ooze Armor","hubris:VirtuousBlindfold","aspiration:SecretTechniqueScroll","Red Mask","Turnip","StuffTheSpire:NeowsTribute","StuffTheSpire:GrapeVine","Bottled Flame","Omamori"],"acts_visited":["Exordium","TheCity","TheBeyond"],"potions_floor_usage":[39,44],"damage_taken":[{"damage":0,"enemies":"2 Louse","floor":1,"turns":2},{"damage":0,"enemies":"Small Slimes","floor":5,"turns":1},{"damage":0,"enemies":"Gremlin Nob","floor":7,"turns":4},{"damage":0,"enemies":"Jaw Worm","floor":8,"turns":2},{"damage":0,"enemies":"Red Slaver","floor":12,"turns":2},{"damage":0,"enemies":"Exordium Wildlife","floor":13,"turns":4},{"damage":0,"enemies":"Large Slime","floor":14,"turns":4},{"damage":12,"enemies":"Hexaghost","floor":16,"turns":8},{"damage":0,"enemies":"2 Thieves","floor":18,"turns":3},{"damage":0,"enemies":"conspire:FuzzyDice","floor":20,"turns":4},{"damage":0,"enemies":"Snecko","floor":22,"turns":3},{"damage":0,"enemies":"Replay:Snechameleon","floor":23,"turns":4},{"damage":0,"enemies":"Slavers","floor":27,"turns":3},{"damage":0,"enemies":"Snake Plant","floor":28,"turns":2},{"damage":0,"enemies":"conspire:Head Lice","floor":29,"turns":2},{"damage":0,"enemies":"conspire:MysteriousRune","floor":33,"turns":4},{"damage":3,"enemies":"3 Shapes","floor":35,"turns":3},{"damage":0,"enemies":"3 Darklings","floor":36,"turns":3},{"damage":7,"enemies":"infinitespire:Three Voidlings","floor":39,"turns":4},{"damage":0,"enemies":"Nightmare_Alpha","floor":39,"turns":4},{"damage":0,"enemies":"R_Hoarder","floor":40,"turns":8},{"damage":0,"enemies":"Writhing Mass","floor":44,"turns":1},{"damage":0,"enemies":"Giant Head","floor":45,"turns":3},{"damage":0,"enemies":"R_Hoarder","floor":47,"turns":4},{"damage":0,"enemies":"Awakened One","floor":50,"turns":4}],"seed_played":"4572020094733360315","potions_obtained":[{"floor":7,"key":"EssenceOfSteel"},{"floor":13,"key":"LifebloodPotion"},{"floor":16,"key":"Elixir"},{"floor":22,"key":"PowerPotion"},{"floor":27,"key":"BloodPotion"},{"floor":28,"key":"Swift Potion"},{"floor":33,"key":"DuplicationPotion"},{"floor":39,"key":"BlessingOfTheForge"},{"floor":45,"key":"SmokeBomb"}],"is_trial":true,"path_per_floor":["M","?","?","$","M","R","E","M","T","R","$","M","M","M","R","B",null,"M","AVR","M","T","M","E","R","?","T","E","M","E","$","?","R","B",null,"M","M","$","?","?","E","$","R","T","M","E","R","E","$","R","B",null],"character_chosen":"IRONCLAD","items_purchased":[],"campfire_rested":1,"item_purchase_floors":[],"current_hp_per_floor":[80,80,80,80,80,80,80,80,80,80,80,80,80,80,80,74,80,80,80,80,90,90,90,90,90,90,90,90,90,90,90,90,90,90,90,90,90,90,90,90,90,90,90,90,90,90,90,90,90,90],"gold":83,"neow_bonus":"","is_daily":false,"chose_seed":false,"campfire_upgraded":7,"win_rate":0.0,"timestamp":1611798664,"path_taken":["M","?","?","?","M","R","E","M","T","R","$","M","M","M","R","BOSS","M","AVR","M","?","M","E","R","?","T","E","M","E","$","?","R","BOSS","M","M","$","?","?","E","?","R","T","M","E","R","E","?","R","BOSS"],"items_purchased_type":[],"build_version":"2020-12-22","purchased_purges":6,"victory":true,"max_hp_per_floor":[80,80,80,80,80,80,80,80,80,80,80,80,80,80,80,80,80,80,80,80,90,90,90,90,90,90,90,90,90,90,90,90,90,90,90,90,90,90,90,90,90,90,90,90,90,90,90,90,90,90],"card_choices":[{"not_picked":["BowlingBash","Hemokinesis","ReplayTheSpireMod:Repulse"],"picked":"SKIP","floor":1},{"not_picked":["Clothesline","Streamline","EmptyFist"],"picked":"SKIP","floor":5},{"not_picked":["Sword Boomerang","Dark Embrace"],"picked":"Conserve Battery","floor":7},{"not_picked":["Ragnarok","Replay:BluntJabs","ReplayTheSpireMod:Limb From Limb"],"picked":"SKIP","floor":8},{"not_picked":["StuffTheSpire:RockThrow","StuffTheSpire:CleanHardDrive","Dropkick"],"picked":"SKIP","floor":12},{"not_picked":["BowlingBash","FlurryOfBlows","Massacre"],"picked":"SKIP","floor":13},{"not_picked":["FlyingSleeves","JustLucky","ReplayTheSpireMod:System Scan"],"picked":"SKIP","floor":14},{"not_picked":["StuffTheSpire:Slingshot","WaveOfTheHand","Redo"],"picked":"SKIP","floor":18},{"not_picked":["Perfected Strike","Redo+1","Nirvana"],"picked":"SKIP","floor":20},{"not_picked":["BasicCrystalCard","SashWhip","Pray"],"picked":"SKIP","floor":22},{"not_picked":["conspire:Charge","SandsOfTime","StuffTheSpire:LoadUp"],"picked":"SKIP","floor":23},{"not_picked":["Alpha","Hologram","Second Wind+1"],"picked":"SKIP","floor":27},{"not_picked":["Heavy Blade","Whirlwind+1","StuffTheSpire:Incineration"],"picked":"SKIP","floor":28},{"not_picked":["Replay:Undeath\u0027s Touch","ReplayTheSpireMod:Corrosion Curse+1","Brutality"],"picked":"SKIP","floor":29},{"not_picked":["Protect+1","CrushJoints","Flex+1"],"picked":"SKIP","floor":35},{"not_picked":["Headbutt+1","hubris:Ukulele+1","Combust"],"picked":"SKIP","floor":36},{"not_picked":["infinitespire:Punishment","Replay:Fractal Strike"],"picked":"hubris:Rewind","floor":39},{"not_picked":["Capacitor+1","Redo+1","Intimidate+1"],"picked":"SKIP","floor":40},{"not_picked":["Coolheaded+1","PathToVictory","FTL+1"],"picked":"SKIP","floor":44},{"not_picked":["StuffTheSpire:Incineration","Wallop","StuffTheSpire:Pyroclast"],"picked":"SKIP","floor":45},{"not_picked":["StuffTheSpire:Rend","Steam Power+1","Rebound+1"],"picked":"SKIP","floor":47}],"player_experience":1061673,"relics_obtained":[{"floor":7,"key":"infinitespire:WardingShard"},{"floor":9,"key":"Golden Egg"},{"floor":21,"key":"Pear"},{"floor":23,"key":"Torii"},{"floor":26,"key":"Blue Candle"},{"floor":27,"key":"infinitespire:Golems Mask"},{"floor":29,"key":"hubris:CrystalStatue"},{"floor":39,"key":"Turnip"},{"floor":40,"key":"StuffTheSpire:NeowsTribute"},{"floor":43,"key":"StuffTheSpire:GrapeVine"},{"floor":45,"key":"Bottled Flame"},{"floor":47,"key":"Omamori"}],"event_choices":[{"damage_healed":0,"gold_gain":68,"player_choice":"Gained Gold","damage_taken":0,"max_hp_gain":0,"max_hp_loss":0,"event_name":"Golden Wing","floor":2,"gold_loss":0},{"cards_removed":["Steam"],"damage_healed":0,"gold_gain":0,"player_choice":"Card Removal","damage_taken":0,"max_hp_gain":0,"max_hp_loss":0,"event_name":"The Cleric","floor":3,"gold_loss":50},{"damage_healed":0,"gold_gain":0,"player_choice":"Take","damage_taken":0,"max_hp_gain":0,"max_hp_loss":0,"event_name":"betterNote:BetterNote","floor":25,"gold_loss":0,"cards_obtained":["Genetic Algorithm"]},{"damage_healed":0,"gold_gain":0,"player_choice":"Ignored","damage_taken":0,"max_hp_gain":0,"max_hp_loss":0,"event_name":"Ghosts","floor":31,"gold_loss":0},{"damage_healed":0,"gold_gain":0,"player_choice":"Paid","damage_taken":0,"relics_obtained":["Red Mask"],"max_hp_gain":0,"max_hp_loss":0,"event_name":"Tomb of Lord Red Mask","floor":38,"gold_loss":184}],"is_beta":false,"boss_relics":[{"not_picked":["Sozu","Replay:Drink Me"],"picked":"hubris:Backtick"},{"not_picked":["StuffTheSpire:RunicHypercube","conspire:RunicOctahedron"],"picked":"Replay:Grab Bag"},{"not_picked":["infinitespire:Cupcake","hubris:GrandSneckoEye"],"picked":"Ooze Armor"},{"not_picked":["Electric Blood","StuffTheSpire:RunicConfusion"],"picked":"hubris:VirtuousBlindfold"},{"not_picked":["Snecko Eye","hubris:BlackHole"],"picked":"aspiration:SecretTechniqueScroll"}],"items_purged_floors":[4,11,19,30,37,48],"is_endless":false,"potions_floor_spawned":[7,13,16,22,23,27,28,33,36,39,45],"ascension_level":1}}