{"host":"7jl348xfsxr8glry","time":1611808170,"event":{"mods":["AchievementEnabler","BaseMod","Colored Map","Minty Spire (QoL Compilation)","Random Character Button","Unceasing Turn Reminder"],"gold_per_floor":[114,114,133,133,152,187,187,199,225,225,38,38,53,65,65,165,165,148,148,162,112,127,127,127,127],"floor_reached":24,"language":"ENG","playtime":960,"items_purged":["Strike_G"],"score":223,"play_id":"79a51b38-2a81-49ed-aa9b-9ddfb9af94be","local_time":"20210128152930","is_ascension_mode":false,"campfire_choices":[{"floor":7,"key":"REST"},{"floor":10,"key":"REST"},{"data":"Noxious Fumes","floor":12,"key":"SMITH"},{"floor":15,"key":"REST"},{"floor":23,"key":"REST"}],"circlet_count":0,"master_deck":["Strike_G","Strike_G","Strike_G","Strike_G+1","Defend_G","Defend_G+1","Defend_G+1","Defend_G+1","Defend_G","Survivor","Neutralize","Bane","Poisoned Stab","Noxious Fumes+1","Noxious Fumes","Catalyst","Noxious Fumes","Terror","CurseOfTheBell","Sucker Punch+1","Noxious Fumes+1"],"relics":["Ring of the Snake","NeowsBlessing","GremlinMask","War Paint","Orichalcum","Calling Bell","WingedGreaves","Singing Bowl","Bag of Preparation"],"acts_visited":["Exordium","TheCity"],"potions_floor_usage":[6,6,18],"damage_taken":[{"damage":0,"enemies":"Small Slimes","floor":1,"turns":1},{"damage":0,"enemies":"Cultist","floor":3,"turns":1},{"damage":0,"enemies":"2 Louse","floor":5,"turns":1},{"damage":23,"enemies":"Gremlin Nob","floor":6,"turns":5},{"damage":11,"enemies":"Blue Slaver","floor":8,"turns":4},{"damage":14,"enemies":"Lots of Slimes","floor":13,"turns":5},{"damage":5,"enemies":"Looter","floor":14,"turns":3},{"damage":4,"enemies":"Slime Boss","floor":16,"turns":9},{"damage":12,"enemies":"2 Thieves","floor":18,"turns":4},{"damage":9,"enemies":"Spheric Guardian","floor":20,"turns":5},{"damage":37,"enemies":"3 Cultists","floor":22,"turns":6},{"damage":41,"enemies":"Slavers","floor":24,"turns":3}],"seed_played":"-7806070226224569273","potions_obtained":[{"floor":1,"key":"Weak Potion"},{"floor":3,"key":"Energy Potion"},{"floor":6,"key":"SteroidPotion"},{"floor":16,"key":"Block Potion"},{"floor":22,"key":"CultistPotion"}],"is_trial":false,"path_per_floor":["M","?","M","?","M","E","R","M","T","R","$","R","M","M","R","B",null,"M","?","M","?","M","R","E"],"character_chosen":"THE_SILENT","items_purchased":["Noxious Fumes","Catalyst"],"campfire_rested":4,"item_purchase_floors":[11,11],"current_hp_per_floor":[70,70,70,56,56,33,54,43,43,64,64,64,50,45,66,62,70,58,58,51,51,14,35,0,0],"gold":127,"neow_bonus":"THREE_ENEMY_KILL","is_daily":false,"chose_seed":false,"campfire_upgraded":1,"win_rate":0.0,"timestamp":1611808170,"path_taken":["M","?","?","?","M","E","R","M","T","R","$","R","M","M","R","BOSS","M","?","M","?","M","R","E"],"items_purchased_type":["Card","Card"],"build_version":"2020-12-22","purchased_purges":1,"victory":false,"max_hp_per_floor":[70,70,70,70,70,70,70,70,70,70,70,70,70,70,70,70,70,70,70,72,72,72,72,72,72],"card_choices":[{"not_picked":["All Out Attack","Underhanded Strike","Endless Agony"],"picked":"SKIP","floor":1},{"not_picked":["Quick Slash","Deflect"],"picked":"Bane","floor":3},{"not_picked":["Finisher","Choke"],"picked":"Poisoned Stab","floor":5},{"not_picked":["Underhanded Strike","Dagger Throw","Caltrops"],"picked":"SKIP","floor":6},{"not_picked":["Dagger Spray","Concentrate"],"picked":"Noxious Fumes","floor":8},{"not_picked":["Reflex","Dash"],"picked":"Noxious Fumes","floor":13},{"not_picked":["Outmaneuver","Expertise"],"picked":"Terror","floor":14},{"not_picked":["Slice","PiercingWail"],"picked":"Sucker Punch+1","floor":18},{"not_picked":["Endless Agony","Deflect","Finisher"],"picked":"Singing Bowl","floor":20},{"not_picked":["Flying Knee","Burst"],"picked":"Noxious Fumes+1","floor":22}],"player_experience":148150,"relics_obtained":[{"floor":6,"key":"War Paint"},{"floor":9,"key":"Orichalcum"},{"floor":17,"key":"WingedGreaves"},{"floor":17,"key":"Singing Bowl"},{"floor":17,"key":"Bag of Preparation"}],"event_choices":[{"damage_healed":0,"gold_gain":0,"player_choice":"Trade","damage_taken":0,"relics_obtained":["GremlinMask"],"max_hp_gain":0,"max_hp_loss":0,"event_name":"FaceTrader","floor":2,"gold_loss":0},{"damage_healed":0,"gold_gain":0,"player_choice":"Entered Light","damage_taken":14,"max_hp_gain":0,"max_hp_loss":0,"event_name":"Shining Light","floor":4,"gold_loss":0,"cards_upgraded":["Defend_G","Strike_G"]},{"damage_healed":0,"gold_gain":0,"player_choice":"Ignored","damage_taken":0,"max_hp_gain":0,"max_hp_loss":0,"event_name":"Cursed Tome","floor":19,"gold_loss":0},{"damage_healed":0,"gold_gain":0,"player_choice":"Bet on Owner","damage_taken":0,"max_hp_gain":0,"max_hp_loss":0,"event_name":"The Joust","floor":21,"gold_loss":50}],"is_beta":false,"boss_relics":[{"not_picked":["Tiny House","Cursed Key"],"picked":"Calling Bell"}],"items_purged_floors":[11],"is_endless":false,"potions_floor_spawned":[1,3,6,16,22],"killed_by":"Slavers","ascension_level":0}}