{"host":"eaiphzh066bwqdh7","time":1611873896,"event":{"mods":["BaseMod","Better Note","Halation","Hubris","Minty Spire (QoL Compilation)","Reliquary","Replay The Spire","StSLib"],"gold_per_floor":[362,373,298,298,298,298,360,360,360,360,360,360,373,17,17,28,28,128,128,141,141,16,16,34,34,46,56,56,56,56,56,76,92,92,187,187,206,206,206,222,72,97,97,115,115,115,129,143,143,143,143,143],"floor_reached":53,"language":"ENG","playtime":2893,"items_purged":["Strike_P","Defend_P","Strike_P","Strike_P"],"score":813,"play_id":"c6b3868d-756e-435c-88cb-474fd2ee717e","local_time":"20210128174456","is_ascension_mode":true,"campfire_choices":[{"floor":6,"key":"REST"},{"floor":8,"key":"REST"},{"floor":10,"key":"REST"},{"floor":17,"key":"REST"},{"floor":25,"key":"REST"},{"floor":29,"key":"REST"},{"floor":31,"key":"REST"},{"floor":34,"key":"REST"},{"floor":46,"key":"REST"},{"floor":51,"key":"REST"}],"circlet_count":0,"master_deck":["Defend_P","Defend_P","Eruption","Vigilance","WheelKick","MasterReality","ReachHeaven","Alpha+1","PathToVictory+1","EmptyMind+1","Scrawl+1","Evaluate+1"],"relics":["HolyWater","halation:EternalFortune","Pondfish Scales","BargainBundle","hubris:Icosahedron","reliquary:RedPaperclip","Toxic Egg 2","Juzu Bracelet","Pen Nib","halation:PapillonHeart"],"acts_visited":["Exordium","TheCity","TheBeyond"],"potions_floor_usage":[18,18,35,44,44,52],"damage_taken":[{"damage":0,"enemies":"2 Louse","floor":1,"turns":2},{"damage":1,"enemies":"Small Slimes","floor":2,"turns":3},{"damage":33,"enemies":"3 Sentries","floor":7,"turns":10},{"damage":0,"enemies":"Jaw Worm","floor":13,"turns":2},{"damage":24,"enemies":"Red Slaver","floor":16,"turns":3},{"damage":67,"enemies":"Hexaghost","floor":18,"turns":6},{"damage":22,"enemies":"3 Byrds","floor":20,"turns":3},{"damage":26,"enemies":"2 Thieves","floor":24,"turns":4},{"damage":13,"enemies":"3 Cultists","floor":26,"turns":4},{"damage":34,"enemies":"Shelled Parasite and Fungi","floor":27,"turns":4},{"damage":16,"enemies":"Centurion and Healer","floor":32,"turns":4},{"damage":24,"enemies":"Snake Plant","floor":33,"turns":3},{"damage":18,"enemies":"Collector","floor":35,"turns":5},{"damage":13,"enemies":"Orb Walker","floor":37,"turns":3},{"damage":0,"enemies":"3 Shapes","floor":40,"turns":3},{"damage":32,"enemies":"R_Hoarder","floor":42,"turns":8},{"damage":18,"enemies":"Writhing Mass","floor":44,"turns":3},{"damage":0,"enemies":"Maw","floor":47,"turns":5},{"damage":23,"enemies":"4 Shapes","floor":48,"turns":2},{"damage":31,"enemies":"Donu and Deca","floor":52,"turns":5}],"seed_played":"-6809722905691308745","potions_obtained":[{"floor":7,"key":"FearPotion"},{"floor":13,"key":"DistilledChaos"},{"floor":24,"key":"SteroidPotion"},{"floor":33,"key":"Swift Potion"},{"floor":35,"key":"ColorlessPotion"},{"floor":39,"key":"Reflective Coating"},{"floor":39,"key":"StancePotion"},{"floor":40,"key":"Ambrosia"},{"floor":47,"key":"GamblersBrew"}],"is_trial":false,"path_per_floor":["M","M","$","?","?","R","?","R","T","R","PTL","PTL","M","$","?","M","R","B",null,"M","?","$","?","M","R","M","M","T","R","?","R","M","M","R","B",null,"M","?","?","M","$","E","$","M","T","R","M","M","?","?","R","B",null],"character_chosen":"WATCHER","items_purchased":["BargainBundle","reliquary:Knoch"],"campfire_rested":10,"item_purchase_floors":[14,14],"current_hp_per_floor":[51,50,50,50,53,75,42,64,64,75,75,75,75,75,75,51,73,8,75,53,53,53,53,27,49,36,2,2,24,24,46,30,6,28,10,75,62,62,62,62,62,33,33,15,15,38,38,15,15,15,36,5],"gold":143,"neow_bonus":"TWO_FIFTY_GOLD","is_daily":false,"chose_seed":false,"campfire_upgraded":0,"win_rate":0.0,"timestamp":1611873896,"path_taken":["M","M","$","?","?","R","?","R","T","R","PTL","PTL","M","$","?","M","R","BOSS","M","?","$","?","M","R","M","M","T","R","?","R","M","M","R","BOSS","M","?","?","?","$","E","$","M","T","R","M","M","?","?","R","BOSS"],"items_purchased_type":["Relic","Relic"],"build_version":"2020-12-22","purchased_purges":4,"victory":true,"max_hp_per_floor":[72,72,72,72,75,75,75,75,75,75,75,75,75,75,75,75,75,75,75,75,75,75,75,75,75,75,75,75,75,75,75,75,75,75,75,75,75,75,75,75,75,78,78,78,78,78,78,78,74,70,70,70],"card_choices":[{"not_picked":["FlyingSleeves","SashWhip","CarveReality"],"picked":"SKIP","floor":1},{"not_picked":["ReachHeaven","BowlingBash"],"picked":"WheelKick","floor":2},{"not_picked":["Meditate","FlyingSleeves"],"picked":"MasterReality","floor":13},{"not_picked":["SandsOfTime","ThirdEye"],"picked":"ReachHeaven","floor":16},{"not_picked":["DeusExMachina","Judgement"],"picked":"Alpha","floor":18},{"not_picked":["Halt+1","ClearTheMind"],"picked":"PathToVictory+1","floor":20},{"not_picked":["EmptyBody+1","Indignation+1","Halt"],"picked":"SKIP","floor":24},{"not_picked":["FlurryOfBlows","Weave","Sanctity"],"picked":"SKIP","floor":26},{"not_picked":["Vengeance+1","Halt","FollowUp"],"picked":"SKIP","floor":27},{"not_picked":["Replay:ManipulateFuture+1","Meditate+1","WreathOfFlame+1"],"picked":"SKIP","floor":32},{"not_picked":["Replay:ManipulateFuture+1","Replay:Battleflow+1","FlyingSleeves+1"],"picked":"SKIP","floor":33},{"not_picked":["DeusExMachina+1","SpiritShield+1"],"picked":"Scrawl+1","floor":35},{"not_picked":["EmptyBody+1","Consecrate+1","Replay:ManipulateFuture+1"],"picked":"SKIP","floor":37},{"not_picked":["FollowUp","Replay:Vibes+1"],"picked":"Evaluate+1","floor":40},{"not_picked":["BowlingBash+1","FlyingSleeves+1","Replay:Vibes+1"],"picked":"SKIP","floor":42},{"not_picked":["Protect+1","Collect+1","Wireheading"],"picked":"SKIP","floor":44},{"not_picked":["Swivel+1","Nirvana","Adaptation"],"picked":"SKIP","floor":47},{"not_picked":["Protect+1","BowlingBash","SandsOfTime+1"],"picked":"SKIP","floor":48}],"player_experience":199983,"relics_obtained":[{"floor":7,"key":"Replay:Wax Seal"},{"floor":9,"key":"Pondfish Scales"},{"floor":28,"key":"Toxic Egg 2"},{"floor":42,"key":"halation:EternalFortune"},{"floor":42,"key":"Juzu Bracelet"},{"floor":45,"key":"Pen Nib"}],"event_choices":[{"cards_removed":["Defend_P"],"damage_healed":0,"gold_gain":0,"player_choice":"Forget","damage_taken":0,"max_hp_gain":0,"max_hp_loss":0,"event_name":"Living Wall","floor":4,"gold_loss":0},{"damage_healed":0,"gold_gain":30,"player_choice":"Searched \u00272\u0027 times","damage_taken":0,"max_hp_gain":0,"max_hp_loss":0,"event_name":"Dead Adventurer","floor":7,"gold_loss":0},{"damage_healed":0,"gold_gain":0,"player_choice":"Ignored","damage_taken":0,"max_hp_gain":0,"max_hp_loss":0,"event_name":"Vampires","floor":21,"gold_loss":0},{"damage_healed":0,"gold_gain":0,"player_choice":"Ignored","damage_taken":0,"max_hp_gain":0,"max_hp_loss":0,"event_name":"Ghosts","floor":23,"gold_loss":0},{"damage_healed":0,"gold_gain":0,"cards_transformed":["Strike_P"],"player_choice":"Transformed","damage_taken":0,"max_hp_gain":0,"max_hp_loss":0,"event_name":"Transmorgrifier","floor":30,"gold_loss":0,"cards_obtained":["EmptyMind"]},{"damage_healed":0,"gold_gain":0,"player_choice":"Got Potions","damage_taken":0,"max_hp_gain":0,"max_hp_loss":0,"event_name":"Lab","floor":39,"gold_loss":0},{"damage_healed":0,"gold_gain":0,"player_choice":"Max HP","damage_taken":0,"max_hp_gain":0,"max_hp_loss":4,"event_name":"Winding Halls","floor":50,"gold_loss":0}],"is_beta":false,"boss_relics":[{"not_picked":["Fusion Hammer","Replay:Wanted Poster"],"picked":"reliquary:RedPaperclip"},{"not_picked":["halation:LoveArrow","halation:Risk"],"picked":"HolyWater"}],"items_purged_floors":[3,14,22,41],"is_endless":false,"potions_floor_spawned":[7,13,24,33,35,40,47],"ascension_level":2}}