{"host":"f5gffvlv6a66yqkd","time":1611878341,"event":{"mods":["2.2 Compatiblity","BaseMod","Colored Map","Custom Start","DeckTracker","Keyboard Shortcuts","Minty Spire (QoL Compilation)","Permanent Neow","Quick Restart","Relic Stats","StSLib","SuperFastMode"],"gold_per_floor":[113,130,145,156,231,231,9,9,86,86,86,118,131,36,36,111,111,126,126,145,175,175,175,9,9,9,9,20,31,31,31,31,110,110,120,133,58,58,73,73,107,107,130,145,158,158,158,168,168,168,168],"floor_reached":50,"language":"KOR","playtime":1419,"items_purged":["Defend_B"],"score":940,"play_id":"d7714717-587f-4398-a401-ba3f29029341","local_time":"20210129085901","is_ascension_mode":true,"campfire_choices":[{"floor":6.0,"key":"REST"},{"data":"Zap","floor":8.0,"key":"SMITH"},{"data":"Dualcast","floor":10.0,"key":"SMITH"},{"data":"Defragment","floor":15.0,"key":"SMITH"},{"data":"Defragment","floor":23.0,"key":"SMITH"},{"data":"Chill","floor":25.0,"key":"SMITH"},{"data":"Blizzard","floor":30.0,"key":"SMITH"},{"data":"Seek","floor":32.0,"key":"SMITH"},{"data":"Fission","floor":40.0,"key":"SMITH"},{"data":"Biased Cognition","floor":42.0,"key":"SMITH"},{"data":"Metamorphosis","floor":49,"key":"SMITH"}],"circlet_count":0,"master_deck":["AscendersBane","Strike_B+1","Defend_B","Defend_B","Defend_B","Zap+1","Dualcast+1","Seek+1","Compile Driver","Chill+1","Gash","Sweeping Beam+1","Core Surge","Core Surge","Defragment+1","Defragment+1","Turbo","All For One","Rebound","Coolheaded","Go for the Eyes","White Noise","Undo","Seek","Glacier","Blizzard+1","Fission+1","Biased Cognition+1","Coolheaded+1","Metamorphosis+1","Metamorphosis","Secret Technique"],"relics":["Cracked Core","Eternal Feather","Whetstone","Coffee Dripper","Red Mask","Orrery","Du-Vu Doll","Empty Cage","Question Card"],"acts_visited":["Exordium","TheCity","TheBeyond"],"potions_floor_usage":[48,50],"damage_taken":[{"damage":1.0,"enemies":"2 Louse","floor":1.0,"turns":3.0},{"damage":10.0,"enemies":"Small Slimes","floor":2.0,"turns":3.0},{"damage":0.0,"enemies":"Cultist","floor":3.0,"turns":4.0},{"damage":3.0,"enemies":"Red Slaver","floor":4.0,"turns":5.0},{"damage":37.0,"enemies":"Gremlin Nob","floor":12.0,"turns":4.0},{"damage":5.0,"enemies":"Looter","floor":13.0,"turns":3.0},{"damage":13.0,"enemies":"Slime Boss","floor":16.0,"turns":8.0},{"damage":3.0,"enemies":"Spheric Guardian","floor":18.0,"turns":3.0},{"damage":0.0,"enemies":"Chosen","floor":20.0,"turns":3.0},{"damage":1.0,"enemies":"Masked Bandits","floor":21.0,"turns":4.0},{"damage":6.0,"enemies":"Snake Plant","floor":28.0,"turns":4.0},{"damage":0.0,"enemies":"Sentry and Sphere","floor":29.0,"turns":4.0},{"damage":35.0,"enemies":"Champ","floor":33.0,"turns":11.0},{"damage":0.0,"enemies":"3 Shapes","floor":35.0,"turns":5.0},{"damage":17.0,"enemies":"Orb Walker","floor":36.0,"turns":5.0},{"damage":0.0,"enemies":"Jaw Worm Horde","floor":39.0,"turns":5.0},{"damage":24.0,"enemies":"Reptomancer","floor":41.0,"turns":9.0},{"damage":9.0,"enemies":"4 Shapes","floor":44.0,"turns":8.0},{"damage":8.0,"enemies":"Spire Growth","floor":45.0,"turns":6.0},{"damage":8,"enemies":"3 Darklings","floor":48,"turns":5},{"damage":82,"enemies":"Awakened One","floor":50,"turns":4}],"seed_played":"2657706192262255669","potions_obtained":[{"floor":1.0,"key":"SteroidPotion"},{"floor":2.0,"key":"Fruit Juice"},{"floor":20.0,"key":"Swift Potion"},{"floor":33.0,"key":"Fruit Juice"},{"floor":35.0,"key":"Swift Potion"},{"floor":45.0,"key":"Weak Potion"}],"is_trial":false,"path_per_floor":["M","M","M","M","?","R","$","R","T","R","?","E","M","$","R","B",null,"M","?","M","?","?","R","$","R","T","$","M","M","R","?","R","B",null,"M","M","$","?","M","R","E","R","T","M","M","?","?","M","R","B"],"character_chosen":"DEFECT","items_purchased":["Core Surge","FocusPotion","Defragment","Turbo","Orrery"],"campfire_rested":1,"item_purchase_floors":[7,7,14,14,24],"current_hp_per_floor":[63,53,53,50,39,60,65,65,65,74,74,37,32,32,44,31,65,62,62,62,61,50,62,62,76,76,76,70,70,76,54,69,34,69,69,52,52,52,52,67,48,63,63,54,46,36,71,63,71,0,0],"gold":168,"neow_bonus":"ONE_RANDOM_RARE_CARD","is_daily":false,"chose_seed":false,"campfire_upgraded":10,"win_rate":0.0,"timestamp":1611878341,"path_taken":["M","M","M","M","?","R","$","R","T","R","?","E","?","?","R","BOSS","M","?","M","?","?","R","$","R","T","$","M","?","R","?","R","BOSS","M","M","$","?","M","R","E","R","T","?","M","?","?","M","R","BOSS"],"items_purchased_type":["Card","Potion","Card","Card","Relic"],"build_version":"2020-12-22","purchased_purges":1,"victory":false,"max_hp_per_floor":[71,71,71,71,71,71,76,76,76,76,76,76,76,76,76,76,76,76,76,76,76,76,76,76,76,76,76,76,76,76,81,81,81,81,81,81,81,81,81,81,86,86,86,86,86,86,71,71,71,71,71],"relic_stats":{"counters":[21,106],"Eternal Feather":106,"Whetstone":["Sweeping Beam","Strike_B"],"Question Card":7,"obtain_stats":[{"Du-Vu Doll":26,"Orrery":24,"Eternal Feather":9,"Coffee Dripper":17,"Red Mask":21,"Whetstone":12,"Cracked Core":0,"Empty Cage":34,"Question Card":41},{"Du-Vu Doll":10,"Orrery":10,"Eternal Feather":4,"Coffee Dripper":7,"Red Mask":10,"Whetstone":5,"Cracked Core":0,"Empty Cage":13,"Question Card":17},{"Du-Vu Doll":40,"Orrery":40,"Eternal Feather":15,"Coffee Dripper":30,"Red Mask":40,"Whetstone":19,"Cracked Core":0,"Empty Cage":59,"Question Card":83}]},"card_choices":[{"not_picked":["Storm","Redo"],"picked":"Compile Driver","floor":1.0},{"not_picked":["Skim","Rebound"],"picked":"Chill","floor":2.0},{"not_picked":["Lockon","Skim"],"picked":"Gash","floor":3.0},{"not_picked":["Turbo","Conserve Battery"],"picked":"Sweeping Beam","floor":4.0},{"not_picked":["Turbo","Reprogram"],"picked":"Core Surge","floor":12.0},{"not_picked":["Genetic Algorithm","Ball Lightning"],"picked":"Defragment","floor":13.0},{"not_picked":["Machine Learning","Creative AI"],"picked":"All For One","floor":16.0},{"not_picked":["Leap","Loop"],"picked":"Rebound","floor":18.0},{"not_picked":["Fusion+1","Reprogram"],"picked":"Go for the Eyes","floor":20.0},{"not_picked":["Coolheaded","Streamline"],"picked":"White Noise","floor":24.0},{"not_picked":["Doom and Gloom","Force Field"],"picked":"Undo","floor":24.0},{"not_picked":["Barrage","Reinforced Body"],"picked":"Seek","floor":24.0},{"not_picked":["Double Energy","Chaos"],"picked":"Glacier","floor":28.0},{"not_picked":["Fusion","Melter"],"picked":"Blizzard","floor":29.0},{"not_picked":["Buffer","Machine Learning"],"picked":"Fission","floor":33.0},{"not_picked":["Coolheaded","Lockon","Streamline"],"picked":"SKIP","floor":35.0},{"not_picked":["Leap","Turbo","Go for the Eyes"],"picked":"SKIP","floor":36.0},{"not_picked":["Barrage+1","Reprogram","Doom and Gloom"],"picked":"SKIP","floor":39.0},{"not_picked":["Conserve Battery","Go for the Eyes","Steam"],"picked":"SKIP","floor":41.0},{"not_picked":["Conserve Battery","Go for the Eyes","Steam"],"picked":"SKIP","floor":41.0},{"not_picked":["Stack","Blizzard","Force Field","Steam"],"picked":"SKIP","floor":44.0},{"not_picked":["Reboot","Aggregate+1","Conserve Battery"],"picked":"Coolheaded+1","floor":45.0},{"not_picked":["Master of Strategy","Blind","Madness"],"picked":"Metamorphosis","floor":46},{"not_picked":["Apotheosis","Sadistic Nature","Transmutation"],"picked":"Metamorphosis","floor":46},{"not_picked":["Flash of Steel","Master of Strategy","Finesse"],"picked":"Secret Technique","floor":46},{"not_picked":["Barrage","Redo","Steam","Conserve Battery+1"],"picked":"SKIP","floor":48}],"player_experience":1629599,"relics_obtained":[{"floor":9.0,"key":"Eternal Feather"},{"floor":12.0,"key":"Whetstone"},{"floor":21.0,"key":"Red Mask"},{"floor":26.0,"key":"Du-Vu Doll"},{"floor":41.0,"key":"Question Card"}],"event_choices":[{"damage_healed":0.0,"max_hp_gain":0.0,"max_hp_loss":0.0,"gold_gain":75.0,"event_name":"World of Goop","player_choice":"Gather Gold","floor":5.0,"gold_loss":0.0,"damage_taken":11.0},{"cards_removed":["Strike_B"],"damage_healed":0.0,"max_hp_gain":0.0,"max_hp_loss":0.0,"gold_gain":0.0,"event_name":"Purifier","player_choice":"Purged","floor":11.0,"gold_loss":0.0,"damage_taken":0.0},{"damage_healed":0.0,"max_hp_gain":0.0,"max_hp_loss":0.0,"gold_gain":0.0,"event_name":"The Library","player_choice":"Read","floor":19.0,"gold_loss":0.0,"damage_taken":0.0,"cards_obtained":["Coolheaded"]},{"damage_healed":0.0,"max_hp_gain":0.0,"max_hp_loss":0.0,"gold_gain":0.0,"event_name":"Masked Bandits","player_choice":"Fought Bandits","floor":21.0,"gold_loss":0.0,"damage_taken":0.0},{"damage_healed":0.0,"max_hp_gain":0.0,"max_hp_loss":0.0,"gold_gain":0.0,"event_name":"Wheel of Change","player_choice":"Damaged","floor":22.0,"gold_loss":0.0,"damage_taken":11.0},{"damage_healed":0.0,"max_hp_gain":5.0,"max_hp_loss":0.0,"gold_gain":0.0,"event_name":"Forgotten Altar","player_choice":"Shed Blood","floor":31.0,"gold_loss":0.0,"damage_taken":27.0},{"damage_healed":0.0,"max_hp_gain":0.0,"max_hp_loss":0.0,"gold_gain":0.0,"event_name":"Match and Keep!","player_choice":"1 cards matched","floor":38.0,"gold_loss":0.0,"damage_taken":0.0,"cards_obtained":["Biased Cognition"]},{"damage_healed":0,"gold_gain":0,"player_choice":"Memory 3","damage_taken":10,"max_hp_gain":0,"max_hp_loss":0,"event_name":"SensoryStone","floor":46,"gold_loss":0},{"damage_healed":71,"gold_gain":0,"player_choice":"Heal","damage_taken":0,"max_hp_gain":0,"max_hp_loss":15,"event_name":"The Moai Head","floor":47,"gold_loss":0}],"is_beta":false,"boss_relics":[{"not_picked":["Pandora\u0027s Box","Busted Crown"],"picked":"Coffee Dripper"},{"not_picked":["Fusion Hammer","Runic Pyramid"],"picked":"Empty Cage"}],"items_purged_floors":[37],"is_endless":false,"potions_floor_spawned":[1,2,16,20,33,35,39,45,48],"killed_by":"Awakened One","ascension_level":20}}