{"host":"zrtolk9726p85qr7","time":1611802887,"event":{"mods":["BaseMod","BetterRewards","Colored Powertips","Minty Spire (QoL Compilation)","Permanent Neow","Quick Restart","Spire Arcade","StSLib","The Animator","The Necromancer","The Wild Card"],"gold_per_floor":[117,134,145,163,175,205,305,148,172,172,186,186,198,214,214,313,313,325,182,196,209,223,223,248,248,328,341,341,441,455,472,472,472,472],"floor_reached":33,"language":"ENG","playtime":1814,"items_purged":[],"score":375,"play_id":"c5379d05-967e-42bb-818d-e9c2e9eb85c0","local_time":"20210128040127","is_ascension_mode":false,"campfire_choices":[{"floor":10,"key":"RECALL"},{"floor":15,"key":"REST"},{"floor":23,"key":"REST"},{"floor":25,"key":"REST"},{"data":"Limit Break","floor":28,"key":"SMITH"},{"floor":32,"key":"REST"}],"circlet_count":0,"master_deck":["Strike_R","Strike_R","Strike_R","Strike_R","Strike_R","Defend_R","Defend_R","Defend_R","Defend_R","Bash","Cleave","Clash","Anger","Clash","Cleave","Limit Break+1","Spot Weakness+1","Negative_Energy_Sphere","Judgement","animator:RoyMustang+1"],"relics":["Burning Blood","Incense Burner","Red Skull","PreservedInsect","Bag of Marbles","PrismaticShard","Ancient Tea Set","Molten Egg 2","Du-Vu Doll","InkBottle"],"acts_visited":["Exordium","TheCity"],"potions_floor_usage":[6,21,24],"damage_taken":[{"damage":1,"enemies":"Cultist","floor":1,"turns":4},{"damage":10,"enemies":"Small Slimes","floor":2,"turns":4},{"damage":0,"enemies":"2 Louse","floor":3,"turns":3},{"damage":3,"enemies":"Exordium Wildlife","floor":4,"turns":3},{"damage":2,"enemies":"3 Louse","floor":5,"turns":3},{"damage":49,"enemies":"3 Sentries","floor":6,"turns":8},{"damage":0,"enemies":"Lots of Slimes","floor":11,"turns":3},{"damage":0,"enemies":"Exordium Wildlife","floor":13,"turns":1},{"damage":0,"enemies":"Exordium Thugs","floor":14,"turns":2},{"damage":57,"enemies":"Hexaghost","floor":16,"turns":9},{"damage":15,"enemies":"3 Byrds","floor":18,"turns":5},{"damage":17,"enemies":"Shell Parasite","floor":20,"turns":3},{"damage":33,"enemies":"Sentry and Sphere","floor":21,"turns":6},{"damage":16,"enemies":"Snake Plant","floor":22,"turns":2},{"damage":7,"enemies":"Gremlin Leader","floor":24,"turns":4},{"damage":10,"enemies":"3 Cultists","floor":27,"turns":4},{"damage":0,"enemies":"Colosseum Slavers","floor":29,"turns":1},{"damage":29,"enemies":"Colosseum Nobs","floor":29,"turns":4},{"damage":16,"enemies":"Centurion and Healer","floor":30,"turns":3},{"damage":16,"enemies":"Snake Plant","floor":31,"turns":3},{"damage":74,"enemies":"Collector","floor":33,"turns":7}],"seed_played":"2371549299115060741","potions_obtained":[{"floor":1,"key":"Fire Potion"},{"floor":3,"key":"SpeedPotion"},{"floor":5,"key":"SmokeBomb"},{"floor":6,"key":"SmokeBomb"},{"floor":20,"key":"Block Potion"},{"floor":22,"key":"ColorlessPotion"}],"is_trial":false,"path_per_floor":["M","M","M","M","M","E","?","$","T","R","M","$","M","M","R","B",null,"M","$","M","M","M","R","E","R","T","M","R","?","M","M","R","B"],"character_chosen":"IRONCLAD","items_purchased":["Bag of Marbles","PrismaticShard"],"campfire_rested":4,"item_purchase_floors":[8,19],"current_hp_per_floor":[72,68,74,77,80,37,37,37,37,37,43,43,49,55,79,28,80,71,71,60,33,23,47,46,70,70,66,66,49,39,29,53,0,0],"gold":472,"neow_bonus":"","is_daily":false,"chose_seed":false,"campfire_upgraded":1,"win_rate":0.0,"timestamp":1611802887,"path_taken":["M","M","?","M","M","E","?","$","T","R","M","$","M","M","R","BOSS","M","$","M","?","M","R","E","R","T","M","R","?","M","M","R","BOSS"],"items_purchased_type":["Relic","Relic"],"build_version":"2020-12-22","purchased_purges":0,"victory":false,"max_hp_per_floor":[80,80,80,80,80,80,80,80,80,80,80,80,80,80,80,80,80,80,80,80,80,80,80,80,80,80,80,80,80,80,80,80,80,80],"card_choices":[{"not_picked":["Havoc","Warcry","Iron Wave"],"picked":"SKIP","floor":1},{"not_picked":["Dropkick","Ghostly Armor"],"picked":"Cleave","floor":2},{"not_picked":["Armaments","Disarm","Havoc"],"picked":"SKIP","floor":3},{"not_picked":["Corruption","Flame Barrier"],"picked":"Clash","floor":4},{"not_picked":["Warcry","Pommel Strike"],"picked":"Anger","floor":5},{"not_picked":["Havoc","Clothesline"],"picked":"Clash","floor":6},{"not_picked":["Searing Blow","Twin Strike","Barricade"],"picked":"SKIP","floor":11},{"not_picked":["Anger","Evolve"],"picked":"Cleave","floor":13},{"not_picked":["Sword Boomerang","Twin Strike","Perfected Strike"],"picked":"SKIP","floor":14},{"not_picked":["Impervious","Corruption"],"picked":"Limit Break","floor":16},{"not_picked":["Perfected Strike","Cleave+1"],"picked":"Spot Weakness+1","floor":18},{"not_picked":["animator:Rider","Protect","Shockwave"],"picked":"SKIP","floor":20},{"not_picked":["ThirdEye+1","animator:Lu"],"picked":"Negative_Energy_Sphere","floor":21},{"not_picked":["Prepared+1","animator:Emonzaemon","animator:DolaRiku"],"picked":"SKIP","floor":22},{"not_picked":["Steam","Bane","animator:ShinjiMatou"],"picked":"SKIP","floor":24},{"not_picked":["Negative_Energy_Javelin+1","Infernal Blade+1"],"picked":"Judgement","floor":27},{"not_picked":["theWildCard:Patience","animator:Kuroyukihime"],"picked":"animator:RoyMustang+1","floor":29},{"not_picked":["animator:Ciel+1","Dropkick+1","animator:OrikoMikuni"],"picked":"SKIP","floor":30},{"not_picked":["Negative_Energy_Javelin+1","Gash+1","Poisoned Stab+1"],"picked":"SKIP","floor":31}],"player_experience":119211,"relics_obtained":[{"floor":6,"key":"PreservedInsect"},{"floor":24,"key":"Ancient Tea Set"},{"floor":26,"key":"Molten Egg 2"},{"floor":29,"key":"Du-Vu Doll"},{"floor":29,"key":"InkBottle"}],"event_choices":[{"damage_healed":0,"gold_gain":100,"player_choice":"Pray","damage_taken":0,"max_hp_gain":0,"max_hp_loss":0,"event_name":"Golden Shrine","floor":7,"gold_loss":0},{"damage_healed":0,"gold_gain":0,"player_choice":"Fight","damage_taken":0,"max_hp_gain":0,"max_hp_loss":0,"event_name":"Colosseum","floor":29,"gold_loss":0},{"damage_healed":0,"gold_gain":0,"player_choice":"Fought Nobs","damage_taken":0,"max_hp_gain":0,"max_hp_loss":0,"event_name":"Colosseum","floor":29,"gold_loss":0}],"is_beta":false,"boss_relics":[{"not_picked":["Fusion Hammer","Sozu","Runic Pyramid"]}],"items_purged_floors":[],"is_endless":false,"potions_floor_spawned":[1,3,5,6,13,20,22,29,30],"killed_by":"Collector","ascension_level":0}}