{"host":"s3s7xsmblwiz356v","time":1611857460,"event":{"mods":["AchievementEnabler","BaseMod","Block Reminder","Colored Map","Colored Powertips","Minty Spire (QoL Compilation)"],"gold_per_floor":[363,383,383,383,211,211,239,239,292,325,325,344,344,359,359,457,457,480,505,475,494,494,494,494,527,527,527,556,566,146,156,156,235,235,245,245,262,279,279,279,314,314,340,368,383,408,152,169,169,169,169,169,20,46,46],"floor_reached":56,"language":"ENG","playtime":5525,"items_purged":[],"score":2168,"play_id":"734b74f7-3c87-4763-ac61-14b44ebfdf60","local_time":"20210128131100","is_ascension_mode":true,"campfire_choices":[{"data":"Phantasmal Killer","floor":6.0,"key":"SMITH"},{"floor":8.0,"key":"REST"},{"floor":15.0,"key":"REST"},{"data":"Blade Dance","floor":23.0,"key":"SMITH"},{"data":"Blade Dance","floor":32.0,"key":"SMITH"},{"data":"Envenom","floor":40.0,"key":"SMITH"},{"data":"Blade Dance","floor":42.0,"key":"SMITH"},{"floor":49.0,"key":"RECALL"},{"data":"Accuracy","floor":52.0,"key":"SMITH"}],"circlet_count":0,"master_deck":["AscendersBane","Defend_G+1","Defend_G+1","Defend_G+1","Defend_G+1","Defend_G+1","Survivor","Neutralize","Riddle With Holes+1","Leg Sweep","Blade Dance+1","Phantasmal Killer+1","Adrenaline","Backstab","After Image","Cloak And Dagger","Slice","Bite","Bite","Bite","Bite","Escape Plan","Terror+1","Blade Dance+1","Cloak And Dagger+1","Dramatic Entrance","Adrenaline","Blade Dance+1","Slice+1","Backstab","Envenom+1","PiercingWail+1","Catalyst","After Image","Accuracy+1","After Image","PiercingWail+1","Crippling Poison"],"relics":["Ring of the Serpent","CaptainsWheel","Orrery","Blood Vial","Strawberry","Toy Ornithopter","Bloody Idol","WristBlade","Bird Faced Urn","White Beast Statue","Prayer Wheel","Incense Burner","FossilizedHelix","PreservedInsect","Paper Crane","DollysMirror","Shuriken"],"acts_visited":["Exordium","TheCity","TheBeyond","TheEnding"],"potions_floor_usage":[55,55],"damage_taken":[{"damage":8.0,"enemies":"Jaw Worm","floor":1.0,"turns":7.0},{"damage":1.0,"enemies":"2 Louse","floor":2.0,"turns":2.0},{"damage":20.0,"enemies":"Gremlin Nob","floor":7.0,"turns":4.0},{"damage":32.0,"enemies":"Lagavulin","floor":10.0,"turns":9.0},{"damage":4.0,"enemies":"Small Slimes","floor":12.0,"turns":3.0},{"damage":0.0,"enemies":"Exordium Thugs","floor":14.0,"turns":4.0},{"damage":14.0,"enemies":"The Guardian","floor":16.0,"turns":18.0},{"damage":10.0,"enemies":"Shell Parasite","floor":18.0,"turns":3.0},{"damage":0.0,"enemies":"Chosen","floor":19.0,"turns":3.0},{"damage":15.0,"enemies":"Snecko","floor":21.0,"turns":6.0},{"damage":20.0,"enemies":"Slavers","floor":25.0,"turns":7.0},{"damage":7.0,"enemies":"Book of Stabbing","floor":28.0,"turns":4.0},{"damage":0.0,"enemies":"Centurion and Healer","floor":29.0,"turns":3.0},{"damage":10.0,"enemies":"Snake Plant","floor":31.0,"turns":3.0},{"damage":53.0,"enemies":"Automaton","floor":33.0,"turns":10.0},{"damage":0.0,"enemies":"Orb Walker","floor":35.0,"turns":2.0},{"damage":0.0,"enemies":"3 Shapes","floor":37.0,"turns":4.0},{"damage":0.0,"enemies":"Sphere and 2 Shapes","floor":38.0,"turns":3.0},{"damage":9.0,"enemies":"Nemesis","floor":41.0,"turns":3.0},{"damage":11.0,"enemies":"Reptomancer","floor":44.0,"turns":5.0},{"damage":4.0,"enemies":"Maw","floor":45.0,"turns":6.0},{"damage":0.0,"enemies":"Giant Head","floor":46.0,"turns":4.0},{"damage":0.0,"enemies":"Writhing Mass","floor":48.0,"turns":7.0},{"damage":31.0,"enemies":"Awakened One","floor":50.0,"turns":13.0},{"damage":39.0,"enemies":"Shield and Spear","floor":54.0,"turns":15.0},{"damage":28,"enemies":"The Heart","floor":55,"turns":9}],"seed_played":"-9109822731171428364","potions_obtained":[{"floor":1.0,"key":"DistilledChaos"},{"floor":10.0,"key":"LiquidMemories"},{"floor":16.0,"key":"LiquidBronze"},{"floor":25.0,"key":"Swift Potion"},{"floor":28.0,"key":"BlessingOfTheForge"},{"floor":29.0,"key":"Weak Potion"},{"floor":31.0,"key":"GamblersBrew"},{"floor":33.0,"key":"AttackPotion"},{"floor":35.0,"key":"Strength Potion"},{"floor":37.0,"key":"CunningPotion"},{"floor":38.0,"key":"BlessingOfTheForge"},{"floor":41.0,"key":"BlessingOfTheForge"},{"floor":44.0,"key":"PowerPotion"},{"floor":45.0,"key":"ColorlessPotion"},{"floor":46.0,"key":"Fire Potion"},{"floor":48.0,"key":"SteroidPotion"},{"floor":54.0,"key":"FearPotion"}],"is_trial":false,"path_per_floor":["M","M","?","?","$","R","E","R","T","E","?","M","?","M","R","B",null,"M","M","?","M","?","R","?","E","T","?","E","M","$","M","R","B",null,"M","?","M","M","?","R","E","R","T","E","M","E","$","M","R","B",null,"R","$","E","B",null],"character_chosen":"THE_SILENT","items_purchased":["Orrery","Dramatic Entrance","Incense Burner","Accuracy","DollysMirror","GhostInAJar","Crippling Poison"],"campfire_rested":2,"item_purchase_floors":[5,30,30,47,47,53,53],"current_hp_per_floor":[51,50,39,39,39,39,19,37,44,14,14,12,12,14,32,20,51,43,45,45,37,37,37,37,31,31,31,42,42,42,41,41,14,35,42,42,42,42,42,42,40,40,42,38,42,42,42,42,42,31,39,39,39,38,16],"gold":46,"neow_bonus":"TWO_FIFTY_GOLD","is_daily":false,"chose_seed":false,"campfire_upgraded":6,"win_rate":0.0,"timestamp":1611857460,"path_taken":["M","M","?","?","$","R","E","R","T","E","?","?","?","M","R","BOSS","M","M","?","?","?","R","?","E","T","?","E","M","$","M","R","BOSS","M","?","M","M","?","R","E","R","T","E","M","E","$","M","R","BOSS","R","$","E","BOSS"],"items_purchased_type":["Relic","Card","Relic","Card","Relic","Potion","Card"],"build_version":"2020-12-22","purchased_purges":0,"victory":true,"max_hp_per_floor":[60,60,60,60,60,60,60,60,67,67,67,67,61,61,61,61,61,61,61,61,61,61,61,42,42,42,42,42,42,42,42,42,42,42,42,42,42,42,42,42,42,42,42,42,42,42,42,42,42,42,42,42,42,42,42],"card_choices":[{"not_picked":["PiercingWail","Skewer"],"picked":"Riddle With Holes","floor":1.0},{"not_picked":["Dagger Spray","Poisoned Stab"],"picked":"Leg Sweep","floor":2.0},{"not_picked":["Deadly Poison","Reflex"],"picked":"Blade Dance","floor":5.0},{"not_picked":["Distraction","Dagger Spray"],"picked":"Phantasmal Killer","floor":5.0},{"not_picked":["Predator","Quick Slash","Choke"],"picked":"SKIP","floor":7.0},{"not_picked":["Dagger Throw","Eviscerate"],"picked":"Adrenaline","floor":10.0},{"not_picked":["Dagger Spray","Acrobatics"],"picked":"Backstab","floor":12.0},{"not_picked":["Finisher","Riddle With Holes","Flying Knee"],"picked":"SKIP","floor":14.0},{"not_picked":["Adrenaline","Storm of Steel"],"picked":"After Image","floor":16.0},{"not_picked":["Sucker Punch","Infinite Blades"],"picked":"Cloak And Dagger","floor":18.0},{"not_picked":["PiercingWail","Quick Slash","Deflect"],"picked":"SKIP","floor":19.0},{"not_picked":["Dodge and Roll","Setup"],"picked":"Slice","floor":21.0},{"not_picked":["Cloak And Dagger","Dodge and Roll"],"picked":"Escape Plan","floor":25.0},{"not_picked":["Quick Slash","PiercingWail"],"picked":"Terror+1","floor":28.0},{"not_picked":["Storm of Steel","Dagger Spray"],"picked":"Blade Dance","floor":29.0},{"not_picked":["Blade Dance","Setup"],"picked":"Cloak And Dagger+1","floor":29.0},{"not_picked":["Sucker Punch","Calculated Gamble","Underhanded Strike"],"picked":"SKIP","floor":31.0},{"not_picked":["Sucker Punch","Flying Knee","Skewer"],"picked":"SKIP","floor":31.0},{"not_picked":["Glass Knife","Night Terror"],"picked":"Adrenaline","floor":33.0},{"not_picked":["Deflect","Masterful Stab+1"],"picked":"Blade Dance","floor":35.0},{"not_picked":["Dagger Throw+1","Deflect","Deadly Poison"],"picked":"SKIP","floor":35.0},{"not_picked":["All Out Attack+1","Deadly Poison+1"],"picked":"Slice+1","floor":37.0},{"not_picked":["Deflect","Flying Knee","Bouncing Flask"],"picked":"SKIP","floor":37.0},{"not_picked":["Prepared+1","Slice"],"picked":"Backstab","floor":38.0},{"not_picked":["PiercingWail+1","Deadly Poison"],"picked":"Envenom","floor":38.0},{"not_picked":["Distraction","Dagger Throw"],"picked":"PiercingWail+1","floor":41.0},{"not_picked":["Bane","Sucker Punch","Choke+1"],"picked":"SKIP","floor":44.0},{"not_picked":["Backstab","Deadly Poison"],"picked":"Catalyst","floor":45.0},{"not_picked":["Acrobatics","Cloak And Dagger"],"picked":"After Image","floor":45.0},{"not_picked":["Predator","Acrobatics","Dagger Throw"],"picked":"SKIP","floor":46.0},{"not_picked":["Prepared","Quick Slash+1"],"picked":"PiercingWail+1","floor":48.0},{"not_picked":["Underhanded Strike","Outmaneuver","PiercingWail"],"picked":"SKIP","floor":48.0},{"not_picked":["Dodge and Roll","Concentrate","Acrobatics+1"],"picked":"SKIP","floor":54.0}],"player_experience":525077,"relics_obtained":[{"floor":7.0,"key":"Blood Vial"},{"floor":9.0,"key":"Strawberry"},{"floor":10.0,"key":"Toy Ornithopter"},{"floor":25.0,"key":"Bird Faced Urn"},{"floor":26.0,"key":"White Beast Statue"},{"floor":28.0,"key":"Prayer Wheel"},{"floor":41.0,"key":"FossilizedHelix"},{"floor":44.0,"key":"PreservedInsect"},{"floor":46.0,"key":"Paper Crane"},{"floor":54.0,"key":"Shuriken"}],"event_choices":[{"damage_healed":0.0,"max_hp_gain":0.0,"max_hp_loss":0.0,"gold_gain":0.0,"event_name":"Scrap Ooze","player_choice":"Success","floor":3.0,"gold_loss":0.0,"damage_taken":11.0,"relics_obtained":["CaptainsWheel"]},{"damage_healed":0.0,"max_hp_gain":0.0,"max_hp_loss":0.0,"gold_gain":0.0,"event_name":"Living Wall","player_choice":"Grow","floor":4.0,"gold_loss":0.0,"damage_taken":0.0,"cards_upgraded":["Riddle With Holes"]},{"damage_healed":0.0,"max_hp_gain":0.0,"max_hp_loss":0.0,"gold_gain":0.0,"event_name":"Shining Light","player_choice":"Ignored","floor":11.0,"gold_loss":0.0,"damage_taken":0.0},{"damage_healed":0.0,"max_hp_gain":0.0,"max_hp_loss":6.0,"gold_gain":0.0,"event_name":"Golden Idol","player_choice":"Lose Max HP","floor":13.0,"gold_loss":0.0,"damage_taken":0.0,"relics_obtained":["Golden Idol"]},{"damage_healed":0.0,"max_hp_gain":0.0,"max_hp_loss":0.0,"gold_gain":0.0,"event_name":"The Woman in Blue","player_choice":"Bought 2 Potions","floor":20.0,"gold_loss":0.0,"damage_taken":0.0},{"damage_healed":0.0,"max_hp_gain":0.0,"max_hp_loss":0.0,"gold_gain":0.0,"event_name":"Back to Basics","player_choice":"Simplicity","floor":22.0,"gold_loss":0.0,"damage_taken":0.0,"cards_upgraded":["Strike_G","Strike_G","Strike_G","Strike_G","Strike_G","Defend_G","Defend_G","Defend_G","Defend_G","Defend_G"]},{"damage_healed":0.0,"max_hp_gain":0.0,"max_hp_loss":19.0,"gold_gain":0.0,"event_name":"Vampires","player_choice":"Became a vampire","floor":24.0,"gold_loss":0.0,"damage_taken":0.0,"cards_obtained":["Bite","Bite","Bite","Bite","Bite"]},{"damage_healed":0.0,"max_hp_gain":0.0,"max_hp_loss":0.0,"gold_gain":0.0,"event_name":"Forgotten Altar","player_choice":"Gave Idol","floor":27.0,"relics_lost":["Golden Idol"],"gold_loss":0.0,"damage_taken":0.0,"relics_obtained":["Bloody Idol"]},{"damage_healed":0.0,"max_hp_gain":0.0,"max_hp_loss":0.0,"gold_gain":0.0,"event_name":"Tomb of Lord Red Mask","player_choice":"Ignored","floor":36.0,"gold_loss":0.0,"damage_taken":0.0},{"cards_removed":["Bite"],"damage_healed":0.0,"max_hp_gain":0.0,"max_hp_loss":0.0,"gold_gain":0.0,"event_name":"Falling","player_choice":"Removed Attack","floor":39.0,"gold_loss":0.0,"damage_taken":0.0}],"is_beta":false,"boss_relics":[{"not_picked":["Astrolabe","Philosopher\u0027s Stone"],"picked":"WristBlade"},{"not_picked":["Runic Dome","Velvet Choker"],"picked":"Ring of the Serpent"}],"items_purged_floors":[],"is_endless":false,"potions_floor_spawned":[1,10,16,19,25,28,29,31,33,35,37,38,41,44,45,46,48,54],"ascension_level":18}}