{"host":"ewns8ifhbubwkcum","time":1611844628,"event":{"mods":["BaseMod","Block Reminder","Colored Map","Colored Powertips","Downfall","Highlight Path","Minty Spire (QoL Compilation)","Permanent Neow","Quick Restart","Random Character Button","StSLib"],"gold_per_floor":[99,111,131,150,163,163,163,196,196,196,196,196],"floor_reached":10,"language":"ENG","playtime":639,"items_purged":[],"score":71,"play_id":"b1292e50-713d-4ae4-9dbd-500848c2a06e","local_time":"20210128083708","is_ascension_mode":true,"campfire_choices":[{"data":"bronze:NullPointer","floor":1,"key":"SMITH"},{"data":"bronze:Invalidate","floor":6,"key":"SMITH"},{"data":"bronze:Goto","floor":9,"key":"SMITH"}],"circlet_count":0,"master_deck":["bronze:Strike","bronze:Strike","bronze:Strike","bronze:Defend","bronze:Defend","bronze:Defend","bronze:Defend","bronze:NullPointer+1","bronze:Frontload","bronze:FunctionCard"],"relics":["bronze:BronzeCore","The Courier","Peace Pipe"],"acts_visited":["Exordium"],"potions_floor_usage":[8,10],"damage_taken":[{"damage":0,"enemies":"Small Slimes","floor":2,"turns":3},{"damage":0,"enemies":"Cultist","floor":3,"turns":3},{"damage":0,"enemies":"Jaw Worm","floor":4,"turns":3},{"damage":0,"enemies":"Exordium Wildlife","floor":5,"turns":4},{"damage":21,"enemies":"3 Sentries","floor":8,"turns":12},{"damage":50,"enemies":"Lagavulin","floor":10,"turns":13}],"seed_played":"4121826718885886469","potions_obtained":[{"floor":2,"key":"SkillPotion"},{"floor":5,"key":"bronze:FreeFunctionsPotion"}],"is_trial":false,"path_per_floor":["R","M","M","M","M","R","T","E","R","E"],"character_chosen":"THE_AUTOMATON","items_purchased":[],"campfire_rested":0,"item_purchase_floors":[],"current_hp_per_floor":[70,70,70,70,70,70,70,49,49,0,0,0],"gold":196,"neow_bonus":"TRANSFORM_CARD","is_daily":false,"chose_seed":false,"campfire_upgraded":3,"win_rate":0.0,"timestamp":1611844628,"path_taken":["R","M","M","M","M","R","T","E","R","E"],"items_purchased_type":[],"build_version":"2020-12-22","purchased_purges":0,"victory":false,"max_hp_per_floor":[70,70,70,70,70,70,70,70,70,70,70,70],"card_choices":[{"not_picked":["bronze:CutThrough","bronze:Terminator"],"picked":"bronze:Frontload","floor":2},{"not_picked":["bronze:Turbo","bronze:Iterate","bronze:Separator"],"picked":"SKIP","floor":3},{"not_picked":["bronze:ClassDefault","bronze:WildBeam"],"picked":"bronze:Invalidate","floor":4},{"not_picked":["bronze:FineTuning","bronze:OilSpill","bronze:Turbo"],"picked":"SKIP","floor":5},{"not_picked":["bronze:Philosophize","bronze:Repair"],"picked":"bronze:Hardcode","floor":8}],"player_experience":1032809,"relics_obtained":[{"floor":7,"key":"The Courier"},{"floor":8,"key":"Peace Pipe"}],"event_choices":[],"is_beta":false,"boss_relics":[],"items_purged_floors":[],"is_endless":false,"potions_floor_spawned":[2,5],"killed_by":"Lagavulin","ascension_level":1}}