{"host":"8rqsnaeml9gxb0kp","time":1611800818,"event":{"mods":["AchievementEnabler","BaseMod","Dark Map","Minty Spire (QoL Compilation)","Relic Stats","StSLib","slay the spire mod where everything is the same but ironclad has a cowboy hat"],"gold_per_floor":[119,119,131,143,318,318,348,348,348,348,358,368,144,175,175,253,253,253],"floor_reached":17,"language":"ENG","playtime":517,"items_purged":["Doubt"],"score":272,"play_id":"10b71639-e46a-4a66-b704-655190afb820","local_time":"20210127182658","is_ascension_mode":true,"campfire_choices":[{"floor":6,"key":"REST"},{"floor":8,"key":"REST"},{"data":"Carnage","floor":10,"key":"SMITH"},{"floor":15,"key":"REST"}],"circlet_count":0,"master_deck":["AscendersBane","Strike_R","Strike_R","Strike_R","Strike_R+1","Strike_R","Defend_R","Defend_R","Defend_R","Defend_R","Bash","Anger+1","Twin Strike","Armaments","Carnage+1","Thunderclap","Clothesline","Shrug It Off","Inflame","Demon Form"],"relics":["Runic Pyramid","Meat on the Bone","Dream Catcher","Bronze Scales","Busted Crown"],"acts_visited":["Exordium","TheCity"],"potions_floor_usage":[16],"damage_taken":[{"damage":9,"enemies":"Small Slimes","floor":1,"turns":5},{"damage":4,"enemies":"2 Louse","floor":3,"turns":3},{"damage":12,"enemies":"Jaw Worm","floor":4,"turns":2},{"damage":35,"enemies":"Lagavulin","floor":7,"turns":5},{"damage":3,"enemies":"Blue Slaver","floor":11,"turns":3},{"damage":11,"enemies":"Exordium Thugs","floor":12,"turns":4},{"damage":12,"enemies":"Gremlin Nob","floor":14,"turns":3},{"damage":31,"enemies":"Slime Boss","floor":16,"turns":9}],"seed_played":"959390198269523120","potions_obtained":[{"floor":3,"key":"Block Potion"},{"floor":11,"key":"BlessingOfTheForge"}],"is_trial":false,"path_per_floor":["M","?","M","M","?","R","E","R","T","R","M","M","$","E","R","B",null],"character_chosen":"IRONCLAD","items_purchased":["Bronze Scales"],"campfire_rested":3,"item_purchase_floors":[13],"current_hp_per_floor":[63,47,43,31,31,55,20,44,44,44,41,42,42,42,66,47,72,72],"gold":253,"neow_bonus":"BOSS_RELIC","is_daily":false,"chose_seed":false,"campfire_upgraded":1,"win_rate":0.0,"timestamp":1611800818,"path_taken":["M","?","M","M","?","R","E","R","T","R","M","?","$","E","R","BOSS"],"items_purchased_type":["Relic"],"build_version":"2020-12-22","purchased_purges":1,"victory":false,"max_hp_per_floor":[80,80,80,80,80,80,80,80,80,80,80,80,80,80,80,80,80,80],"relic_stats":{"Dream Catcher":1,"Busted Crown":0,"counters":[8,34],"Bronze Scales":[15],"obtain_stats":[{"Dream Catcher":9,"Busted Crown":17,"Bronze Scales":13,"Burning Blood":0,"Runic Pyramid":0,"Meat on the Bone":7},{"Dream Catcher":4,"Busted Crown":8,"Bronze Scales":6,"Burning Blood":0,"Runic Pyramid":0,"Meat on the Bone":4},{"Dream Catcher":15,"Busted Crown":34,"Bronze Scales":22,"Burning Blood":0,"Runic Pyramid":0,"Meat on the Bone":15}],"Meat on the Bone":36},"card_choices":[{"not_picked":["Ghostly Armor","Flame Barrier"],"picked":"Anger","floor":1},{"not_picked":["Clothesline","Anger"],"picked":"Twin Strike","floor":3},{"not_picked":["Clash","Heavy Blade"],"picked":"Armaments","floor":4},{"not_picked":["Heavy Blade","Thunderclap"],"picked":"Carnage","floor":7},{"not_picked":["Armaments","Clash"],"picked":"Thunderclap","floor":11},{"not_picked":["Burning Pact","Battle Trance"],"picked":"Clothesline","floor":12},{"not_picked":["Feel No Pain","Seeing Red"],"picked":"Shrug It Off","floor":14},{"not_picked":["Havoc","Armaments"],"picked":"Inflame","floor":15},{"not_picked":["Brutality","Berserk"],"picked":"Demon Form","floor":16}],"player_experience":155447,"relics_obtained":[{"floor":7,"key":"Meat on the Bone"},{"floor":9,"key":"Dream Catcher"}],"event_choices":[{"damage_healed":0,"gold_gain":0,"player_choice":"Entered Light","damage_taken":16,"max_hp_gain":0,"max_hp_loss":0,"event_name":"Shining Light","floor":2,"gold_loss":0,"cards_upgraded":["Anger","Strike_R"]},{"damage_healed":0,"gold_gain":175,"player_choice":"AGREE","damage_taken":0,"max_hp_gain":0,"max_hp_loss":0,"event_name":"Liars Game","floor":5,"gold_loss":0,"cards_obtained":["Doubt"]}],"is_beta":false,"boss_relics":[{"not_picked":["Mark of Pain","SacredBark"],"picked":"Busted Crown"}],"items_purged_floors":[13],"is_endless":false,"potions_floor_spawned":[3,11,12,14],"ascension_level":13}}