{"host":"56d873i5r3uhle0q","time":1611806739,"event":{"mods":["100% Spire Juice","Act Like it!","Aspiration","BaseMod","Block Reminder","Conspire","Dota2Spire","Downfall","Gensokyo","Hermit","Hubris","Infinite Spire","Jedi Mod","Lobotomy","LobotomyExtend","Marisa????????","Marked Mod","Minty Spire (QoL Compilation)","Reliquary","Replay The Spire","StSLib","The Animator","The Bug Knight","The Cursed","The Marked","The Servant 0.9.4","everything is the same but u backflip on backflip","??????REMEMod"],"gold_per_floor":[190,206,206,224,235,252,252,237,249,249,249,282,254,268,286,486,486],"floor_reached":16,"language":"ENG","playtime":981,"items_purged":[],"score":104,"play_id":"1baad2e5-3268-4340-bee2-51480fc78667","local_time":"20210127210539","is_ascension_mode":false,"campfire_choices":[{"data":"hermit:Adapt","floor":10,"key":"SMITH"}],"circlet_count":0,"master_deck":["hermit:Strike_Hermit","hermit:Strike_Hermit","hermit:Strike_Hermit","hermit:Strike_Hermit","hermit:Defend_Hermit","hermit:Defend_Hermit","hermit:Defend_Hermit","hermit:Defend_Hermit","hermit:Snapshot","hermit:Covet","hermit:Adapt","Judgement","hermit:Adapt+1","CommonCold","hermit:ShadowCloak"],"relics":["hermit:Momento","REME_ComplimentaryCards","LetterFromLob","Dota2Spire:EtherealBlade","infinitespire:Broken Mirror","ReplayTheSpireMod:Ring of Collecting","hubris:Potato"],"acts_visited":["Gensokyo:Gensokyo"],"potions_floor_usage":[2,16,16],"damage_taken":[{"damage":4,"enemies":"Gensokyo:3_Fairies","floor":2,"turns":4},{"damage":0,"enemies":"Gensokyo:Python","floor":4,"turns":2},{"damage":2,"enemies":"Gensokyo:Gryphon","floor":5,"turns":2},{"damage":0,"enemies":"Gensokyo:LivingMonolith","floor":6,"turns":2},{"damage":0,"enemies":"downfall:FleeingMerchant","floor":8,"turns":4},{"damage":0,"enemies":"Gensokyo:3_Kodama","floor":9,"turns":4},{"damage":16,"enemies":"Gensokyo:Cirno","floor":12,"turns":6},{"damage":0,"enemies":"Gensokyo:2_Rabbits","floor":14,"turns":3},{"damage":0,"enemies":"Gensokyo:CorruptedTreant","floor":15,"turns":3},{"damage":63,"enemies":"IC_STATUS_ARCHETYPE","floor":16,"turns":13}],"seed_played":"-4094309901309674682","potions_obtained":[{"floor":2,"key":"REME_GoldPotion"},{"floor":6,"key":"bronze:BurnAndBuffPotion"},{"floor":14,"key":"Regen Potion"}],"is_trial":false,"path_per_floor":["R","M","T","M","M","M","T","$","M","R","?","E","COS","M","M","B"],"character_chosen":"HERMIT","items_purchased":[],"campfire_rested":0,"item_purchase_floors":[],"current_hp_per_floor":[68,64,64,64,62,62,62,62,62,62,62,46,46,46,46,0,0],"gold":486,"neow_bonus":"THREE_RARE_CARDS","is_daily":false,"chose_seed":false,"campfire_upgraded":1,"win_rate":0.0,"timestamp":1611806739,"path_taken":["R","M","?","M","?","M","T","$","M","R","?","E","COS","?","M","BOSS"],"items_purchased_type":[],"build_version":"2020-12-22","purchased_purges":0,"victory":false,"max_hp_per_floor":[68,68,68,68,68,68,68,68,68,68,68,68,68,68,68,68,68],"card_choices":[{"not_picked":["hermit:Purgatory","hermit:HighNoon"],"picked":"hermit:Adapt","floor":0},{"not_picked":["hermit:HoleUp","hermit:PistolWhip","hermit:Feint"],"picked":"SKIP","floor":2},{"not_picked":["hermit:Vantage","hermit:Coalescence","hermit:NoHoldsBarred"],"picked":"SKIP","floor":4},{"not_picked":["hermit:Dive","hermit:Maintenance","hermit:Showdown"],"picked":"SKIP","floor":5},{"not_picked":["hermit:Misfire","hermit:Manifest","hermit:Desperado"],"picked":"SKIP","floor":6},{"not_picked":["hermit:EternalForm","hermit:SprayPray"],"picked":"hermit:Adapt","floor":8},{"not_picked":["hermit:Headshot","hermit:CalledShot","hermit:GhostlyPresence"],"picked":"SKIP","floor":9},{"not_picked":["hermit:Dive","hermit:Maintenance","hermit:Enervate"],"picked":"SKIP","floor":12},{"not_picked":["hermit:Feint","hermit:LowProfile","hermit:Glare"],"picked":"SKIP","floor":14},{"not_picked":["hermit:CalledShot","hermit:Snipe"],"picked":"hermit:ShadowCloak","floor":15}],"player_experience":672870,"relics_obtained":[{"floor":2,"key":"LetterFromLob"},{"floor":3,"key":"Dota2Spire:EtherealBlade"},{"floor":7,"key":"infinitespire:Broken Mirror"},{"floor":11,"key":"ReplayTheSpireMod:Ring of Collecting"},{"floor":12,"key":"hubris:Potato"}],"event_choices":[],"is_beta":false,"boss_relics":[],"items_purged_floors":[],"is_endless":false,"potions_floor_spawned":[2,6,14,15],"killed_by":"IC_STATUS_ARCHETYPE","ascension_level":0}}