{"host":"0pqkjyfh91td6rj0","time":1611809193,"event":{"mods":["BaseMod","Colored Map","Minty Spire (QoL Compilation)","Relic Stats","UnlockEverythingMod"],"gold_per_floor":[118,118,118,118,118,153,153,178,258,258,289,56,92,92,92,188,188,202,202,24,40,90,130,130,170,170,205,330,330,357,376,376,469,469,483,373,18,34,49,83,83,124,124,124,26,44,319,339,339,339,339,339,339,23,64,64],"floor_reached":57,"language":"ENG","playtime":3621,"items_purged":["Strike_G","Strike_G","Strike_G"],"score":3431,"play_id":"c2bf7477-22f8-4a13-b123-cdabcde3cebc","local_time":"20210127234633","is_ascension_mode":true,"campfire_choices":[{"data":"Glass Knife","floor":7,"key":"SMITH"},{"data":"Skewer","floor":10,"key":"SMITH"},{"data":"Blade Dance","floor":15,"key":"SMITH"},{"data":"Cloak And Dagger","floor":24,"key":"SMITH"},{"data":"Malaise","floor":29,"key":"SMITH"},{"data":"Footwork","floor":32,"key":"SMITH"},{"data":"After Image","floor":41,"key":"SMITH"},{"floor":49,"key":"RECALL"},{"data":"Neutralize","floor":53,"key":"SMITH"}],"circlet_count":0,"master_deck":["AscendersBane","Strike_G+1","Defend_G+1","Defend_G","Defend_G+1","Defend_G","Survivor","Neutralize+1","Blade Dance+1","Skewer+1","Glass Knife+1","After Image+1","Malaise+1","Terror","Escape Plan","Backflip","Dagger Spray","Cloak And Dagger+1","Caltrops+1","Backflip+1","Footwork+1","After Image","Infinite Blades+1","Tools of the Trade+1","Skewer","Footwork+1","After Image+1","Acrobatics+1","Backflip+1","Slice","Backflip+1","Accuracy+1","Blur"],"relics":["Ring of the Snake","NeowsBlessing","Golden Idol","Mercury Hourglass","Shuriken","Odd Mushroom","Mummified Hand","Akabeko","Chemical X","Prayer Wheel","SlaversCollar","Membership Card","Pantograph","Bottled Lightning","Potion Belt","Anchor","Lizard Tail","Letter Opener","Omamori","SacredBark","Bag of Marbles","OrangePellets","Frozen Egg 2","Ornamental Fan","Toy Ornithopter","Orrery","Incense Burner","Happy Flower"],"acts_visited":["Exordium","TheCity","TheBeyond","TheEnding"],"potions_floor_usage":[13,23,33,56,56,56,56,56,56],"damage_taken":[{"damage":0,"enemies":"2 Louse","floor":1,"turns":1},{"damage":0,"enemies":"Lagavulin","floor":6,"turns":1},{"damage":0,"enemies":"The Mushroom Lair","floor":8,"turns":1},{"damage":4,"enemies":"3 Sentries","floor":11,"turns":5},{"damage":0,"enemies":"Lagavulin","floor":13,"turns":4},{"damage":0,"enemies":"Slime Boss","floor":16,"turns":5},{"damage":0,"enemies":"Shell Parasite","floor":18,"turns":1},{"damage":0,"enemies":"Chosen","floor":21,"turns":4},{"damage":5,"enemies":"Slavers","floor":23,"turns":2},{"damage":7,"enemies":"Gremlin Leader","floor":25,"turns":6},{"damage":0,"enemies":"Book of Stabbing","floor":27,"turns":3},{"damage":0,"enemies":"Colosseum Slavers","floor":28,"turns":3},{"damage":0,"enemies":"Colosseum Nobs","floor":28,"turns":3},{"damage":0,"enemies":"Shelled Parasite and Fungi","floor":31,"turns":3},{"damage":23,"enemies":"Automaton","floor":33,"turns":7},{"damage":0,"enemies":"Orb Walker","floor":35,"turns":3},{"damage":0,"enemies":"3 Shapes","floor":38,"turns":3},{"damage":0,"enemies":"Transient","floor":39,"turns":6},{"damage":17,"enemies":"Reptomancer","floor":40,"turns":4},{"damage":0,"enemies":"Nemesis","floor":42,"turns":7},{"damage":0,"enemies":"4 Shapes","floor":46,"turns":3},{"damage":0,"enemies":"Maw","floor":48,"turns":5},{"damage":0,"enemies":"Donu and Deca","floor":50,"turns":8},{"damage":7,"enemies":"Awakened One","floor":51,"turns":8},{"damage":0,"enemies":"Shield and Spear","floor":55,"turns":6},{"damage":0,"enemies":"The Heart","floor":56,"turns":8}],"seed_played":"-524707507643505161","potions_obtained":[{"floor":1,"key":"PowerPotion"},{"floor":11,"key":"EssenceOfSteel"},{"floor":16,"key":"CunningPotion"},{"floor":23,"key":"ColorlessPotion"},{"floor":27,"key":"EntropicBrew"},{"floor":28,"key":"Swift Potion"},{"floor":33,"key":"Strength Potion"},{"floor":39,"key":"LiquidMemories"}],"is_trial":false,"path_per_floor":["M","?","?","?","?","E","R","?","T","R","E","$","E","?","R","B",null,"M","?","$","M","?","E","R","E","T","E","?","R","T","M","R","B",null,"M","?","$","M","M","E","R","E","T","?","$","M","?","M","R","B","B",null,"R","$","E","B",null],"character_chosen":"THE_SILENT","items_purchased":["Chemical X","Membership Card","Backflip","Bag of Marbles","OrangePellets","Frozen Egg 2","Footwork+1","Orrery","Accuracy+1","Incense Burner","Blur"],"campfire_rested":0,"item_purchase_floors":[12,20,20,37,37,37,45,45,54,54,54],"current_hp_per_floor":[59,59,59,41,36,36,36,36,36,36,32,32,32,32,32,32,53,53,44,44,44,44,39,39,32,32,32,32,32,32,32,32,34,54,54,54,54,54,54,37,37,37,37,37,37,37,37,37,37,60,53,58,58,58,58,60],"gold":64,"neow_bonus":"THREE_ENEMY_KILL","is_daily":false,"chose_seed":false,"campfire_upgraded":8,"win_rate":0.0,"timestamp":1611809193,"path_taken":["M","?","?","?","?","E","R","?","T","R","E","$","E","?","R","BOSS","M","?","?","M","?","E","R","E","T","E","?","R","?","M","R","BOSS","M","?","$","?","M","E","R","E","T","?","?","?","?","M","R","BOSS","BOSS","R","$","E","BOSS"],"items_purchased_type":["Relic","Relic","Card","Relic","Relic","Relic","Card","Relic","Card","Relic","Card"],"build_version":"2020-12-22","purchased_purges":3,"victory":true,"max_hp_per_floor":[66,60,60,60,60,60,60,60,60,60,60,60,60,60,60,60,60,60,60,60,60,60,60,60,60,60,60,60,60,60,60,60,60,60,60,60,60,60,60,60,60,60,60,60,60,60,60,60,60,60,60,60,60,60,60,60],"relic_stats":{"Happy Flower":[2],"counters":[26,109],"Golden Idol":217,"Letter Opener":[220],"Mercury Hourglass":[449],"OrangePellets":[5],"Lizard Tail":0,"Shuriken":[91],"Mummified Hand":[83],"Ornamental Fan":[184],"Pantograph":50,"Prayer Wheel":8,"Chemical X":[56],"obtain_stats":[{"SacredBark":34,"Incense Burner":54,"Lizard Tail":28,"Mummified Hand":9,"Pantograph":23,"Prayer Wheel":13,"Chemical X":12,"Ring of the Snake":0,"Potion Belt":26,"NeowsBlessing":0,"Happy Flower":55,"Golden Idol":2,"Omamori":30,"Letter Opener":28,"Odd Mushroom":8,"Frozen Egg 2":37,"Akabeko":11,"Mercury Hourglass":5,"SlaversCollar":17,"OrangePellets":37,"Anchor":27,"Shuriken":6,"Ornamental Fan":40,"Orrery":45,"Bag of Marbles":37,"Membership Card":20,"Bottled Lightning":25,"Toy Ornithopter":42},{"SacredBark":15,"Incense Burner":24,"Lizard Tail":13,"Mummified Hand":3,"Pantograph":9,"Prayer Wheel":5,"Chemical X":4,"Ring of the Snake":0,"Potion Belt":10,"NeowsBlessing":0,"Happy Flower":25,"Golden Idol":1,"Omamori":13,"Letter Opener":13,"Odd Mushroom":3,"Frozen Egg 2":16,"Akabeko":4,"Mercury Hourglass":1,"SlaversCollar":6,"OrangePellets":16,"Anchor":11,"Shuriken":2,"Ornamental Fan":19,"Orrery":20,"Bag of Marbles":16,"Membership Card":7,"Bottled Lightning":10,"Toy Ornithopter":20},{"SacredBark":49,"Incense Burner":95,"Lizard Tail":39,"Mummified Hand":3,"Pantograph":24,"Prayer Wheel":12,"Chemical X":8,"Ring of the Snake":0,"Potion Belt":30,"NeowsBlessing":0,"Happy Flower":101,"Golden Idol":1,"Omamori":39,"Letter Opener":39,"Odd Mushroom":3,"Frozen Egg 2":52,"Akabeko":8,"Mercury Hourglass":1,"SlaversCollar":17,"OrangePellets":52,"Anchor":33,"Shuriken":2,"Ornamental Fan":64,"Orrery":71,"Bag of Marbles":52,"Membership Card":18,"Bottled Lightning":30,"Toy Ornithopter":71}],"Toy Ornithopter":0,"Ring of the Snake":[52]},"card_choices":[{"not_picked":["Tactician","Poisoned Stab"],"picked":"Blade Dance","floor":1},{"not_picked":["PiercingWail","Catalyst"],"picked":"Glass Knife","floor":6},{"not_picked":["Setup","Riddle With Holes"],"picked":"After Image","floor":11},{"not_picked":["Concentrate","Dagger Throw","Blur"],"picked":"SKIP","floor":13},{"not_picked":["Unload","Grand Finale"],"picked":"Malaise","floor":16},{"not_picked":["Dagger Throw","Choke"],"picked":"Terror","floor":18},{"not_picked":["Expertise","Acrobatics"],"picked":"Escape Plan","floor":18},{"not_picked":["Sucker Punch","Predator"],"picked":"Dagger Spray","floor":21},{"not_picked":["Slice","Masterful Stab"],"picked":"Cloak And Dagger","floor":21},{"not_picked":["Concentrate","A Thousand Cuts"],"picked":"Caltrops+1","floor":23},{"not_picked":["Underhanded Strike","Dodge and Roll"],"picked":"Backflip+1","floor":25},{"not_picked":["Masterful Stab","Escape Plan"],"picked":"Footwork","floor":27},{"not_picked":["Bullet Time","Blur","Distraction"],"picked":"SKIP","floor":31},{"not_picked":["Cloak And Dagger","Outmaneuver","Tactician"],"picked":"SKIP","floor":31},{"not_picked":["Unload","Bullet Time"],"picked":"After Image","floor":33},{"not_picked":["Masterful Stab","Flying Knee","Deadly Poison"],"picked":"SKIP","floor":35},{"not_picked":["Catalyst","Deflect","Heel Hook"],"picked":"SKIP","floor":35},{"not_picked":["Setup+1","Finisher"],"picked":"Infinite Blades+1","floor":38},{"not_picked":["Finisher","Backstab","Heel Hook"],"picked":"SKIP","floor":38},{"not_picked":["Finisher","Backstab","Heel Hook"],"picked":"SKIP","floor":38},{"not_picked":["Eviscerate","Dagger Spray","Poisoned Stab"],"picked":"SKIP","floor":39},{"not_picked":["Blur","Riddle With Holes","Concentrate"],"picked":"SKIP","floor":39},{"not_picked":["Escape Plan","Skewer"],"picked":"Tools of the Trade+1","floor":40},{"not_picked":["Reflex","Terror+1"],"picked":"Skewer","floor":42},{"not_picked":["Calculated Gamble","Deflect+1"],"picked":"After Image+1","floor":45},{"not_picked":["Endless Agony","Backstab"],"picked":"Acrobatics+1","floor":45},{"not_picked":["Quick Slash+1","Skewer+1"],"picked":"Backflip+1","floor":45},{"not_picked":["Masterful Stab","Heel Hook"],"picked":"Slice","floor":45},{"not_picked":["Underhanded Strike","PiercingWail"],"picked":"Backflip+1","floor":46},{"not_picked":["Tactician+1","Dodge and Roll+1","Cloak And Dagger"],"picked":"SKIP","floor":46},{"not_picked":["Riddle With Holes+1","Acrobatics","Calculated Gamble"],"picked":"SKIP","floor":48},{"not_picked":["Backflip","Bullet Time","Predator+1"],"picked":"SKIP","floor":48},{"not_picked":["Prepared","Calculated Gamble+1","Flying Knee"],"picked":"SKIP","floor":55}],"player_experience":114230,"relics_obtained":[{"floor":6,"key":"Shuriken"},{"floor":8,"key":"Odd Mushroom"},{"floor":9,"key":"Mummified Hand"},{"floor":11,"key":"Akabeko"},{"floor":13,"key":"Prayer Wheel"},{"floor":23,"key":"Pantograph"},{"floor":25,"key":"Bottled Lightning"},{"floor":26,"key":"Potion Belt"},{"floor":27,"key":"Anchor"},{"floor":28,"key":"Lizard Tail"},{"floor":28,"key":"Letter Opener"},{"floor":30,"key":"Omamori"},{"floor":40,"key":"Ornamental Fan"},{"floor":42,"key":"Toy Ornithopter"},{"floor":55,"key":"Happy Flower"}],"event_choices":[{"damage_healed":0,"gold_gain":0,"player_choice":"Lose Max HP","damage_taken":0,"relics_obtained":["Golden Idol"],"max_hp_gain":0,"max_hp_loss":6,"event_name":"Golden Idol","floor":2,"gold_loss":0},{"damage_healed":0,"gold_gain":0,"cards_transformed":["Defend_G"],"player_choice":"Change","damage_taken":0,"max_hp_gain":0,"max_hp_loss":0,"event_name":"Living Wall","floor":3,"gold_loss":0,"cards_obtained":["Skewer"]},{"damage_healed":0,"gold_gain":0,"player_choice":"Entered Light","damage_taken":18,"max_hp_gain":0,"max_hp_loss":0,"event_name":"Shining Light","floor":4,"gold_loss":0,"cards_upgraded":["Defend_G","Strike_G"]},{"damage_healed":0,"gold_gain":0,"player_choice":"Success","damage_taken":5,"relics_obtained":["Mercury Hourglass"],"max_hp_gain":0,"max_hp_loss":0,"event_name":"Scrap Ooze","floor":5,"gold_loss":0},{"damage_healed":0,"gold_gain":0,"player_choice":"Fought Mushrooms","damage_taken":0,"max_hp_gain":0,"max_hp_loss":0,"event_name":"Mushrooms","floor":8,"gold_loss":0},{"damage_healed":0,"gold_gain":0,"player_choice":"Ignored","damage_taken":0,"max_hp_gain":0,"max_hp_loss":0,"event_name":"Liars Game","floor":14,"gold_loss":0},{"damage_healed":0,"gold_gain":0,"player_choice":"Damaged","damage_taken":9,"max_hp_gain":0,"max_hp_loss":0,"event_name":"Wheel of Change","floor":19,"gold_loss":0},{"damage_healed":0,"gold_gain":50,"player_choice":"Stole From Cult","damage_taken":0,"max_hp_gain":0,"max_hp_loss":0,"event_name":"Nest","floor":22,"gold_loss":0},{"damage_healed":0,"gold_gain":0,"player_choice":"Fight","damage_taken":0,"max_hp_gain":0,"max_hp_loss":0,"event_name":"Colosseum","floor":28,"gold_loss":0},{"damage_healed":0,"gold_gain":0,"player_choice":"Fought Nobs","damage_taken":0,"max_hp_gain":0,"max_hp_loss":0,"event_name":"Colosseum","floor":28,"gold_loss":0},{"cards_removed":["Strike_G"],"damage_healed":0,"gold_gain":0,"player_choice":"Upgrade and Remove","damage_taken":0,"max_hp_gain":0,"max_hp_loss":0,"event_name":"Designer","floor":36,"gold_loss":110,"cards_upgraded":["Defend_G"]},{"damage_healed":0,"gold_gain":0,"player_choice":"0 cards matched","damage_taken":0,"max_hp_gain":0,"max_hp_loss":0,"event_name":"Match and Keep!","floor":44,"gold_loss":0,"cards_obtained":[]},{"damage_healed":0,"gold_gain":275,"player_choice":"Desecrate","damage_taken":0,"max_hp_gain":0,"max_hp_loss":0,"event_name":"Golden Shrine","floor":47,"gold_loss":0,"cards_obtained":["Regret"]}],"is_beta":false,"boss_relics":[{"not_picked":["Astrolabe","Ring of the Serpent"],"picked":"SlaversCollar"},{"not_picked":["Black Star","Snecko Eye"],"picked":"SacredBark"}],"items_purged_floors":[12,37,54],"is_endless":false,"potions_floor_spawned":[1,11,16,23,27,28,28,33,35,39],"ascension_level":20}}