{"host":"qsusua7l529r8z9k","time":1611838897,"event":{"mods":["BaseMod","Minty Spire (QoL Compilation)","Spicy Shops","StSLib"],"gold_per_floor":[13,31,31,55,73,73,116,116,116,160,235,247,277,254,266,278,278],"floor_reached":16,"language":"ZHS","playtime":562,"items_purged":[],"score":213,"play_id":"f87d0929-8c28-406d-992c-a6e715ce1c72","local_time":"20210128210137","is_ascension_mode":true,"campfire_choices":[{"data":"Loop","floor":6.0,"key":"SMITH"},{"floor":8.0,"key":"REST"},{"data":"Recycle","floor":12.0,"key":"SMITH"},{"floor":15,"key":"REST"}],"circlet_count":0,"master_deck":["AscendersBane","Strike_B","Strike_B","Strike_B","Strike_B","Defend_B","Defend_B","Defend_B","Defend_B","Zap","Dualcast","Secret Technique","Coolheaded","Chill","Loop+1","Recycle+1","Core Surge+1","Ball Lightning+1"],"relics":["Cracked Core","Golden Idol","Matryoshka","Dream Catcher","Pear","Shuriken","MawBank","Molten Egg 2"],"acts_visited":["Exordium"],"potions_floor_usage":[13,14],"damage_taken":[{"damage":3.0,"enemies":"2 Louse","floor":1.0,"turns":3.0},{"damage":12.0,"enemies":"Jaw Worm","floor":2.0,"turns":3.0},{"damage":0.0,"enemies":"Cultist","floor":4.0,"turns":3.0},{"damage":3.0,"enemies":"Lots of Slimes","floor":5.0,"turns":7.0},{"damage":36.0,"enemies":"Gremlin Nob","floor":7.0,"turns":4.0},{"damage":22.0,"enemies":"Lagavulin","floor":10.0,"turns":10.0},{"damage":10,"enemies":"Red Slaver","floor":13,"turns":5},{"damage":6,"enemies":"Exordium Thugs","floor":14,"turns":6},{"damage":26,"enemies":"Slime Boss","floor":16,"turns":8}],"seed_played":"-4065125362447666901","potions_obtained":[{"floor":1.0,"key":"ColorlessPotion"},{"floor":5.0,"key":"FearPotion"},{"floor":7.0,"key":"Swift Potion"},{"floor":13,"key":"Block Potion"}],"is_trial":false,"path_per_floor":["M","M","?","M","M","R","E","R","T","E","T","R","M","M","R","B"],"character_chosen":"DEFECT","items_purchased":[],"campfire_rested":2,"item_purchase_floors":[],"current_hp_per_floor":[61,49,49,49,46,46,10,29,39,17,17,17,7,1,23,0,0],"gold":278,"neow_bonus":"RANDOM_COLORLESS_2","is_daily":false,"chose_seed":false,"campfire_upgraded":2,"win_rate":0.0,"timestamp":1611838897,"path_taken":["M","M","?","M","M","R","E","R","T","E","?","R","?","?","R","BOSS"],"items_purchased_type":[],"build_version":"2020-12-22","purchased_purges":0,"victory":false,"max_hp_per_floor":[71,71,64,64,64,64,64,64,74,74,74,74,74,74,74,74,74],"card_choices":[{"not_picked":["Sadistic Nature","Violence"],"picked":"Secret Technique","floor":0.0},{"not_picked":["Leap","Steam","Conserve Battery"],"picked":"SKIP","floor":1.0},{"not_picked":["Stack","Leap"],"picked":"Coolheaded","floor":2.0},{"not_picked":["Steam","Reprogram"],"picked":"Chill","floor":4.0},{"not_picked":["Stack","Streamline"],"picked":"Loop","floor":5.0},{"not_picked":["Rip and Tear","Conserve Battery","Gash"],"picked":"SKIP","floor":7.0},{"not_picked":["Coolheaded","BootSequence"],"picked":"Recycle","floor":10.0},{"not_picked":["Conserve Battery","Genetic Algorithm","Rebound+1"],"picked":"SKIP","floor":13},{"not_picked":["Double Energy","Reprogram"],"picked":"Core Surge+1","floor":14},{"not_picked":["Cold Snap+1","BootSequence"],"picked":"Ball Lightning+1","floor":15}],"player_experience":529161,"relics_obtained":[{"floor":7.0,"key":"Matryoshka"},{"floor":9.0,"key":"Dream Catcher"},{"floor":9.0,"key":"Pear"},{"floor":10.0,"key":"Shuriken"},{"floor":11.0,"key":"MawBank"},{"floor":11.0,"key":"Molten Egg 2"}],"event_choices":[{"damage_healed":0.0,"max_hp_gain":0.0,"max_hp_loss":7.0,"gold_gain":0.0,"event_name":"Golden Idol","player_choice":"Lose Max HP","floor":3.0,"gold_loss":0.0,"damage_taken":0.0,"relics_obtained":["Golden Idol"]}],"is_beta":false,"boss_relics":[],"items_purged_floors":[],"is_endless":false,"potions_floor_spawned":[1,5,7,13],"killed_by":"Slime Boss","ascension_level":18}}