{"host":"q6gu1aul14zxqpxq","time":1611843716,"event":{"mods":["AchievementEnabler","BaseMod","Colored Map","Colored Powertips","Googly Eyes","Highlight Path","Minty Spire (QoL Compilation)","Rare Cards Sparkle","StSLib","everything is the same but u backflip on backflip"],"gold_per_floor":[16,16,35,56,74,112,112,112,112,151,166,179,179,51,51,181,181,176,20,20,20,20,56,74,74,99,117,157,175,175,175,175,175,175],"floor_reached":33,"language":"ENG","playtime":1428,"items_purged":["Decay"],"score":409,"play_id":"5e7a5f39-04c0-4c29-ac35-0ff4137eb3c0","local_time":"20210128152156","is_ascension_mode":true,"campfire_choices":[{"data":"Go for the Eyes","floor":7,"key":"SMITH"},{"floor":13,"key":"REST"},{"data":"Beam Cell","floor":15,"key":"SMITH"},{"floor":30,"key":"REST"},{"floor":32,"key":"REST"}],"circlet_count":0,"master_deck":["Defend_B","Defend_B","Defend_B","Defend_B","Zap","Dualcast","Conserve Battery","Go for the Eyes+1","Steam","Streamline+1","Core Surge+1","Self Repair","Aggregate","Beam Cell+1","Buffer","RitualDagger","Skim","Auto Shields","Bite","Bite","Bite","Bite","Bite","Steam+1","All For One","J.A.X."],"relics":["Cracked Core","Golden Idol","PreservedInsect","Whetstone","White Beast Statue","Fusion Hammer","Sling","MealTicket","Prayer Wheel","DataDisk"],"acts_visited":["Exordium","TheCity"],"potions_floor_usage":[6,16,28,28,33],"damage_taken":[{"damage":9,"enemies":"Jaw Worm","floor":1,"turns":4},{"damage":0,"enemies":"Small Slimes","floor":3,"turns":3},{"damage":0,"enemies":"Cultist","floor":4,"turns":3},{"damage":0,"enemies":"Looter","floor":5,"turns":3},{"damage":30,"enemies":"Lagavulin","floor":6,"turns":7},{"damage":15,"enemies":"3 Sentries","floor":10,"turns":4},{"damage":7,"enemies":"Blue Slaver","floor":11,"turns":3},{"damage":15,"enemies":"3 Louse","floor":12,"turns":3},{"damage":22,"enemies":"The Guardian","floor":16,"turns":12},{"damage":22,"enemies":"2 Thieves","floor":18,"turns":4},{"damage":26,"enemies":"Slavers","floor":23,"turns":5},{"damage":25,"enemies":"3 Byrds","floor":24,"turns":5},{"damage":17,"enemies":"Cultist and Chosen","floor":27,"turns":8},{"damage":10,"enemies":"Gremlin Leader","floor":28,"turns":6},{"damage":22,"enemies":"Shelled Parasite and Fungi","floor":29,"turns":5},{"damage":96,"enemies":"Collector","floor":33,"turns":7}],"seed_played":"-7206216660526033520","potions_obtained":[{"floor":1,"key":"BlessingOfTheForge"},{"floor":5,"key":"LiquidBronze"},{"floor":11,"key":"Fire Potion"},{"floor":12,"key":"Dexterity Potion"},{"floor":16,"key":"PowerPotion"},{"floor":18,"key":"BlessingOfTheForge"},{"floor":23,"key":"DuplicationPotion"},{"floor":28,"key":"Fire Potion"},{"floor":29,"key":"Fire Potion"}],"is_trial":false,"path_per_floor":["M","?","M","M","M","E","R","?","T","E","M","M","R","$","R","B",null,"M","$","?","?","?","E","M","?","T","M","E","M","R","?","R","B"],"character_chosen":"DEFECT","items_purchased":["Beam Cell","Sling"],"campfire_rested":3,"item_purchase_floors":[14,19],"current_hp_per_floor":[73,73,73,73,73,43,43,43,43,28,21,13,37,37,37,22,67,52,52,46,46,46,27,9,9,9,17,31,15,32,32,49,0,0],"gold":175,"neow_bonus":"TWENTY_PERCENT_HP_BONUS","is_daily":false,"chose_seed":false,"campfire_upgraded":2,"win_rate":0.0,"timestamp":1611843716,"path_taken":["M","?","M","M","M","E","R","?","T","E","M","?","R","$","R","BOSS","M","$","?","?","?","E","M","?","T","M","E","M","R","?","R","BOSS"],"items_purchased_type":["Card","Relic"],"build_version":"2020-12-22","purchased_purges":1,"victory":false,"max_hp_per_floor":[89,82,82,82,82,82,82,82,82,82,82,82,82,82,82,82,82,82,82,82,82,82,82,82,57,57,57,57,57,57,57,57,57,57],"card_choices":[{"not_picked":["Double Energy","Barrage"],"picked":"Conserve Battery","floor":1},{"not_picked":["Redo","Sunder"],"picked":"Go for the Eyes","floor":3},{"not_picked":["Undo","Rebound"],"picked":"Steam","floor":4},{"not_picked":["Beam Cell","Compile Driver"],"picked":"Streamline","floor":5},{"not_picked":["Gash","Undo"],"picked":"Core Surge","floor":6},{"not_picked":["Redo","Double Energy","Leap"],"picked":"SKIP","floor":10},{"not_picked":["Go for the Eyes","Tempest"],"picked":"Self Repair","floor":11},{"not_picked":["Ball Lightning","Go for the Eyes"],"picked":"Aggregate","floor":12},{"not_picked":["Core Surge","Machine Learning"],"picked":"Buffer","floor":16},{"not_picked":["Fusion+1","Beam Cell","Rebound"],"picked":"SKIP","floor":18},{"not_picked":["Fusion+1","Beam Cell","Rebound"],"picked":"SKIP","floor":18},{"not_picked":["Turbo","Redo"],"picked":"Skim","floor":23},{"not_picked":["Beam Cell+1","Turbo"],"picked":"Auto Shields","floor":24},{"not_picked":["Sunder","Heatsinks","Stack+1"],"picked":"SKIP","floor":24},{"not_picked":["Cold Snap","Ball Lightning"],"picked":"Steam+1","floor":27},{"not_picked":["Compile Driver+1","Ball Lightning+1","Storm"],"picked":"SKIP","floor":27},{"not_picked":["Compile Driver+1","Ball Lightning+1","Storm"],"picked":"SKIP","floor":27},{"not_picked":["Fusion","Gash"],"picked":"All For One","floor":28},{"not_picked":["Blizzard","Barrage","Storm"],"picked":"SKIP","floor":29},{"not_picked":["Sunder","Genetic Algorithm","Lockon"],"picked":"SKIP","floor":29}],"player_experience":348808,"relics_obtained":[{"floor":6,"key":"PreservedInsect"},{"floor":9,"key":"Whetstone"},{"floor":10,"key":"White Beast Statue"},{"floor":23,"key":"Prayer Wheel"},{"floor":28,"key":"DataDisk"}],"event_choices":[{"damage_healed":0,"gold_gain":0,"player_choice":"Lose Max HP","damage_taken":0,"relics_obtained":["Golden Idol"],"max_hp_gain":0,"max_hp_loss":7,"event_name":"Golden Idol","floor":2,"gold_loss":0},{"damage_healed":0,"gold_gain":0,"player_choice":"Cursed","damage_taken":0,"max_hp_gain":0,"max_hp_loss":0,"event_name":"Wheel of Change","floor":8,"gold_loss":0,"cards_obtained":["Decay"]},{"damage_healed":0,"gold_gain":0,"player_choice":"Joined the Cult","damage_taken":6,"max_hp_gain":0,"max_hp_loss":0,"event_name":"Nest","floor":20,"gold_loss":0,"cards_obtained":["RitualDagger"]},{"damage_healed":0,"gold_gain":0,"player_choice":"Ignored","damage_taken":0,"max_hp_gain":0,"max_hp_loss":0,"event_name":"Ghosts","floor":21,"gold_loss":0},{"damage_healed":0,"gold_gain":0,"player_choice":"Opened","damage_taken":0,"relics_obtained":["MealTicket"],"max_hp_gain":0,"max_hp_loss":0,"event_name":"The Mausoleum","floor":22,"gold_loss":0},{"damage_healed":0,"gold_gain":0,"player_choice":"Became a vampire","damage_taken":0,"max_hp_gain":0,"max_hp_loss":25,"event_name":"Vampires","floor":25,"gold_loss":0,"cards_obtained":["Bite","Bite","Bite","Bite","Bite"]},{"damage_healed":0,"gold_gain":0,"player_choice":"Obtain J.A.X.","damage_taken":0,"max_hp_gain":0,"max_hp_loss":0,"event_name":"Drug Dealer","floor":31,"gold_loss":0,"cards_obtained":["J.A.X."]}],"is_beta":false,"boss_relics":[{"not_picked":["Snecko Eye","Tiny House"],"picked":"Fusion Hammer"}],"items_purged_floors":[14],"is_endless":false,"potions_floor_spawned":[1,5,11,12,16,18,23,24,27,28,29],"killed_by":"Collector","ascension_level":6}}