{"host":"sav7uxregyirlf69","time":1611831212,"event":{"mods":["AchievementEnabler","BaseMod","Colored Map","DeckTracker","Keyboard Shortcuts","Minty Spire (QoL Compilation)","READ ME - Guardian Mod","StSLib","SuperFastMode"],"gold_per_floor":[210,225,225,235,200,200,200,200,227,240,252,264,282,128,128,204,204,221,221,240,7,7,7,7,25,71,84,84,84,96,111,111,111,111],"floor_reached":33,"language":"KOR","playtime":547,"items_purged":["Strike_G","Strike_G"],"score":482,"play_id":"c745a64a-6574-41e9-8fb8-6397f9ada036","local_time":"20210128195332","is_ascension_mode":true,"campfire_choices":[{"data":"Blade Dance","floor":6,"key":"SMITH"},{"data":"Neutralize","floor":8,"key":"SMITH"},{"data":"Footwork","floor":15,"key":"SMITH"},{"data":"Accuracy","floor":23,"key":"SMITH"},{"data":"Well Laid Plans","floor":28,"key":"SMITH"},{"data":"Phantasmal Killer","floor":32,"key":"SMITH"}],"circlet_count":0,"master_deck":["AscendersBane","Strike_G","Strike_G","Defend_G","Defend_G","Defend_G","Defend_G+1","Defend_G","Survivor","Neutralize+1","Finisher+1","Blade Dance+1","Dagger Throw","Infinite Blades","Deadly Poison","Footwork+1","Phantasmal Killer+1","Well Laid Plans+1","Dodge and Roll+1","Blade Dance","Accuracy+1","PiercingWail+1"],"relics":["Ring of the Snake","Meat on the Bone","Happy Flower","WristBlade"],"acts_visited":["Exordium","TheCity"],"potions_floor_usage":[16,20,33],"damage_taken":[{"damage":13,"enemies":"Small Slimes","floor":1,"turns":6},{"damage":9,"enemies":"2 Louse","floor":2,"turns":3},{"damage":1,"enemies":"Jaw Worm","floor":4,"turns":2},{"damage":1,"enemies":"Exordium Wildlife","floor":10,"turns":4},{"damage":5,"enemies":"Blue Slaver","floor":11,"turns":3},{"damage":4,"enemies":"2 Fungi Beasts","floor":12,"turns":3},{"damage":18,"enemies":"Exordium Thugs","floor":13,"turns":5},{"damage":21,"enemies":"The Guardian","floor":16,"turns":10},{"damage":26,"enemies":"2 Thieves","floor":18,"turns":4},{"damage":19,"enemies":"Shell Parasite","floor":20,"turns":4},{"damage":21,"enemies":"Snake Plant","floor":25,"turns":4},{"damage":0,"enemies":"Cultist and Chosen","floor":27,"turns":2},{"damage":16,"enemies":"Centurion and Healer","floor":30,"turns":5},{"damage":8,"enemies":"Snake Plant","floor":31,"turns":4},{"damage":68,"enemies":"Collector","floor":33,"turns":8}],"seed_played":"-4142938440504560850","potions_obtained":[{"floor":10,"key":"PowerPotion"},{"floor":12,"key":"Regen Potion"},{"floor":16,"key":"ColorlessPotion"},{"floor":20,"key":"EssenceOfSteel"},{"floor":25,"key":"PowerPotion"}],"is_trial":false,"path_per_floor":["M","M","?","M","?","R","T","R","T","M","M","M","M","$","R","B",null,"M","?","M","$","?","R","$","M","T","M","R","$","M","M","R","B"],"character_chosen":"THE_SILENT","items_purchased":["Footwork","Blade Dance","Accuracy"],"campfire_rested":0,"item_purchase_floors":[14,21,21],"current_hp_per_floor":[46,37,17,16,32,32,32,32,32,43,38,34,28,28,28,19,54,40,40,35,35,35,35,35,26,26,38,38,38,34,38,38,0,0],"gold":111,"neow_bonus":"HUNDRED_GOLD","is_daily":false,"chose_seed":false,"campfire_upgraded":6,"win_rate":0.0,"timestamp":1611831212,"path_taken":["M","M","?","M","?","R","?","R","T","M","M","M","M","$","R","BOSS","M","?","M","$","?","R","?","?","T","M","R","$","M","M","R","BOSS"],"items_purchased_type":["Card","Card","Card"],"build_version":"2020-12-22","purchased_purges":2,"victory":false,"max_hp_per_floor":[66,66,66,66,66,66,66,66,66,66,66,66,66,66,66,66,66,66,66,66,66,66,66,66,66,66,66,66,66,66,66,66,66,66],"card_choices":[{"not_picked":["Outmaneuver","Quick Slash"],"picked":"Finisher","floor":1},{"not_picked":["Cloak And Dagger","Flying Knee"],"picked":"Blade Dance","floor":2},{"not_picked":["Slice","Underhanded Strike"],"picked":"Dagger Throw","floor":4},{"not_picked":["Setup","Caltrops","Outmaneuver"],"picked":"SKIP","floor":10},{"not_picked":["Dagger Spray","Blade Dance","Bane"],"picked":"SKIP","floor":11},{"not_picked":["Leg Sweep","Poisoned Stab"],"picked":"Infinite Blades","floor":12},{"not_picked":["Bane","Flying Knee"],"picked":"Deadly Poison","floor":13},{"not_picked":["Envenom","Glass Knife"],"picked":"Phantasmal Killer","floor":16},{"not_picked":["Bane","Outmaneuver"],"picked":"Well Laid Plans","floor":18},{"not_picked":["Bane","Cloak And Dagger"],"picked":"Dodge and Roll+1","floor":20},{"not_picked":["Concentrate","Bane"],"picked":"PiercingWail+1","floor":25},{"not_picked":["Sucker Punch","Flying Knee","Bane"],"picked":"SKIP","floor":27},{"not_picked":["Expertise+1","Prepared","Infinite Blades"],"picked":"SKIP","floor":30},{"not_picked":["Sucker Punch","Acrobatics","Storm of Steel"],"picked":"SKIP","floor":31}],"player_experience":1418347,"relics_obtained":[{"floor":7,"key":"Meat on the Bone"},{"floor":9,"key":"Happy Flower"}],"event_choices":[{"damage_healed":0,"gold_gain":0,"player_choice":"Entered Light","damage_taken":20,"max_hp_gain":0,"max_hp_loss":0,"event_name":"Shining Light","floor":3,"gold_loss":0,"cards_upgraded":["Defend_G","Finisher"]},{"damage_healed":16,"gold_gain":0,"player_choice":"Healed","damage_taken":0,"max_hp_gain":0,"max_hp_loss":0,"event_name":"The Cleric","floor":5,"gold_loss":35},{"damage_healed":0,"gold_gain":0,"player_choice":"Ignored","damage_taken":0,"max_hp_gain":0,"max_hp_loss":0,"event_name":"Vampires","floor":19,"gold_loss":0},{"cards_removed":["Strike_G"],"damage_healed":0,"gold_gain":0,"player_choice":"Elegance","damage_taken":0,"max_hp_gain":0,"max_hp_loss":0,"event_name":"Back to Basics","floor":22,"gold_loss":0}],"is_beta":false,"boss_relics":[{"not_picked":["Busted Crown","Snecko Eye"],"picked":"WristBlade"}],"items_purged_floors":[14,21],"is_endless":false,"potions_floor_spawned":[10,12,16,18,20,25,31],"killed_by":"Collector","ascension_level":20}}