{"host":"kydqlojjt9mno5rv","time":1611820391,"event":{"mods":["AchievementEnabler","BaseMod","Colored Powertips","DeckTracker","Minty Spire (QoL Compilation)","Spicy Shops","StSLib","SuperFastMode","Synergy Search","Weighted Paths"],"gold_per_floor":[109,384,397,415,590,616,48,48,48,48,68,87,122,122,122,226,226,240,240,251,251,267,300,300,313,340,356,126,143,143,160,160,160,160],"floor_reached":33,"language":"ENG","playtime":1874,"items_purged":["Doubt","Regret"],"score":293,"play_id":"397bbb17-b5ec-4f26-89a2-fc5a3765d180","local_time":"20210128025311","is_ascension_mode":true,"campfire_choices":[{"floor":8,"key":"REST"},{"floor":10,"key":"REST"},{"data":"Inflame","floor":15,"key":"SMITH"},{"floor":24,"key":"REST"},{"floor":30,"key":"REST"},{"floor":32,"key":"REST"}],"circlet_count":0,"master_deck":["Bash","Entrench","Pommel Strike","Body Slam","Shrug It Off","Inflame+1","Headbutt+1","Burning Pact+1","Entrench+1","Corruption","Cleave+1","Iron Wave+1","Corruption","Flame Barrier+1","Metallicize","Combust","Twin Strike+1","Power Through+1","Fire Breathing","Sentinel+1","Pummel+1","Impervious+1","Carnage+1","Sword Boomerang+1","Infernal Blade+1","Pummel+1","Flex+1","Cleave+1","Heavy Blade+1"],"relics":["Burning Blood","NeowsBlessing","Letter Opener","Membership Card","Toxic Egg 2","Molten Egg 2","CaptainsWheel","Pear","Vajra","Pandora\u0027s Box","Question Card","Bag of Marbles","MealTicket","Gremlin Horn"],"acts_visited":["Exordium","TheCity"],"potions_floor_usage":[23,23,33],"damage_taken":[{"damage":0,"enemies":"Cultist","floor":1,"turns":1},{"damage":0,"enemies":"Jaw Worm","floor":3,"turns":1},{"damage":0,"enemies":"2 Louse","floor":4,"turns":1},{"damage":55,"enemies":"Gremlin Nob","floor":6,"turns":6},{"damage":22,"enemies":"Red Slaver","floor":11,"turns":5},{"damage":11,"enemies":"Large Slime","floor":12,"turns":5},{"damage":65,"enemies":"Lagavulin","floor":13,"turns":9},{"damage":29,"enemies":"Slime Boss","floor":16,"turns":11},{"damage":13,"enemies":"2 Thieves","floor":18,"turns":3},{"damage":11,"enemies":"Chosen","floor":20,"turns":5},{"damage":8,"enemies":"Centurion and Healer","floor":22,"turns":8},{"damage":93,"enemies":"Gremlin Leader","floor":23,"turns":6},{"damage":18,"enemies":"Sentry and Sphere","floor":25,"turns":6},{"damage":3,"enemies":"3 Cultists","floor":27,"turns":4},{"damage":21,"enemies":"Snake Plant","floor":29,"turns":3},{"damage":0,"enemies":"Shelled Parasite and Fungi","floor":31,"turns":1},{"damage":77,"enemies":"Champ","floor":33,"turns":11}],"seed_played":"6105868947807421385","potions_obtained":[{"floor":1,"key":"Regen Potion"},{"floor":13,"key":"PowerPotion"},{"floor":16,"key":"BloodPotion"},{"floor":20,"key":"BlessingOfTheForge"},{"floor":25,"key":"BloodPotion"}],"is_trial":false,"path_per_floor":["M","?","M","M","?","E","$","R","T","R","M","M","E","?","R","B",null,"M","?","M","?","M","E","R","M","T","M","$","M","R","M","R","B"],"character_chosen":"IRONCLAD","items_purchased":["Membership Card","Toxic Egg 2","Molten Egg 2","Inflame","CaptainsWheel","Flex+1","MealTicket","Gremlin Horn"],"campfire_rested":5,"item_purchase_floors":[7,7,7,7,7,28,28,28],"current_hp_per_floor":[80,80,80,80,80,31,31,55,65,90,74,69,10,90,90,67,90,83,83,78,78,76,7,34,22,22,25,25,10,37,43,70,11,11],"gold":160,"neow_bonus":"THREE_ENEMY_KILL","is_daily":false,"chose_seed":false,"campfire_upgraded":1,"win_rate":0.0,"timestamp":1611820391,"path_taken":["M","?","?","M","?","E","$","R","T","R","M","M","E","?","R","BOSS","M","?","M","?","M","E","R","M","T","M","$","?","R","M","R","BOSS"],"items_purchased_type":["Relic","Relic","Relic","Card","Relic","Card","Relic","Relic"],"build_version":"2020-12-22","purchased_purges":2,"victory":false,"max_hp_per_floor":[80,80,80,80,80,80,80,80,90,90,90,90,90,90,90,90,90,90,90,90,90,90,90,90,90,90,90,90,90,90,90,90,90,90],"card_choices":[{"not_picked":["Shockwave","Clothesline"],"picked":"Entrench","floor":1},{"not_picked":["Anger","Thunderclap"],"picked":"Pommel Strike","floor":3},{"not_picked":["Clothesline","Perfected Strike"],"picked":"Body Slam","floor":4},{"not_picked":["Sword Boomerang","Immolate"],"picked":"Shrug It Off","floor":6},{"not_picked":["True Grit+1","Dropkick+1"],"picked":"Headbutt+1","floor":11},{"not_picked":["Uppercut+1","Anger+1"],"picked":"Burning Pact+1","floor":12},{"not_picked":["Infernal Blade+1","Thunderclap+1"],"picked":"Entrench+1","floor":13},{"not_picked":["Berserk","Double Tap+1"],"picked":"Corruption","floor":16},{"not_picked":["Wild Strike+1","Rage+1"],"picked":"Sentinel+1","floor":18},{"not_picked":["Body Slam+1","Thunderclap+1"],"picked":"Pummel+1","floor":20},{"not_picked":["Havoc+1","Reckless Charge+1"],"picked":"Carnage+1","floor":22},{"not_picked":["Second Wind+1","Disarm+1"],"picked":"Sword Boomerang+1","floor":23},{"not_picked":["Body Slam+1","Thunderclap+1","Evolve"],"picked":"Infernal Blade+1","floor":25},{"not_picked":["Spot Weakness+1","Power Through+1","Sentinel+1"],"picked":"Pummel+1","floor":27},{"not_picked":["Armaments+1","Clash+1","Power Through+1"],"picked":"Cleave+1","floor":29},{"not_picked":["Thunderclap+1","Dark Embrace","Power Through+1"],"picked":"Heavy Blade+1","floor":31}],"player_experience":144500,"relics_obtained":[{"floor":6,"key":"Letter Opener"},{"floor":9,"key":"Pear"},{"floor":13,"key":"Vajra"},{"floor":23,"key":"Question Card"},{"floor":26,"key":"Bag of Marbles"}],"event_choices":[{"damage_healed":0,"gold_gain":275,"player_choice":"Desecrate","damage_taken":0,"max_hp_gain":0,"max_hp_loss":0,"event_name":"Golden Shrine","floor":2,"gold_loss":0,"cards_obtained":["Regret"]},{"damage_healed":0,"gold_gain":175,"player_choice":"AGREE","damage_taken":0,"max_hp_gain":0,"max_hp_loss":0,"event_name":"Liars Game","floor":5,"gold_loss":0,"cards_obtained":["Doubt"]},{"damage_healed":80,"gold_gain":0,"player_choice":"Full Heal","damage_taken":0,"max_hp_gain":0,"max_hp_loss":0,"event_name":"Wheel of Change","floor":14,"gold_loss":0},{"damage_healed":0,"gold_gain":0,"player_choice":"Ignored","damage_taken":0,"max_hp_gain":0,"max_hp_loss":0,"event_name":"Ghosts","floor":19,"gold_loss":0},{"damage_healed":0,"gold_gain":0,"player_choice":"1 cards matched","damage_taken":0,"max_hp_gain":0,"max_hp_loss":0,"event_name":"Match and Keep!","floor":21,"gold_loss":0,"cards_obtained":["Impervious"]}],"is_beta":false,"boss_relics":[{"not_picked":["Runic Pyramid","Astrolabe"],"picked":"Pandora\u0027s Box"}],"items_purged_floors":[7,28],"is_endless":false,"potions_floor_spawned":[1,13,16,20,22,25],"killed_by":"Champ","ascension_level":1}}