{"host":"j0e3xzyxe6w4yncp","time":1611870377,"event":{"mods":["2.2 Compatiblity","BaseMod","Colored Map","Colored Powertips","Downfall","Minty Spire (QoL Compilation)","Quick Restart","Shop Mod","StSLib"],"gold_per_floor":[99,116,116,131,231,259,306,306,338,27,38,51,51,66,79,180,180,80,97,197,197,197,197,197],"floor_reached":22,"language":"ENG","playtime":2530,"items_purged":[],"score":194,"play_id":"47c32449-578f-4a07-a4f9-6e10a158fd2d","local_time":"20210128164617","is_ascension_mode":false,"campfire_choices":[{"data":"bronze:AlphaBuild","floor":1.0,"key":"SMITH"},{"floor":8.0,"key":"REST"},{"data":"bronze:Repulsor","floor":13,"key":"SMITH"},{"floor":18,"key":"RECALL"}],"circlet_count":0,"master_deck":["bronze:Defend","bronze:Defend","bronze:Defend","bronze:Defend","bronze:Replicate","bronze:Goto","bronze:AlphaBuild+1","bronze:OilSpill+1","bronze:Branch","bronze:Deprecate","bronze:Philosophize","bronze:BugBarrage","bronze:Safeguard","bronze:Repulsor+1","bronze:Branch","bronze:Iterate","bronze:FineTuning","bronze:ItsAFeature","bronze:DarkDash","bronze:Branch","bronze:Verify","bronze:ItsAFeature","J.A.X.","bronze:Invalidate","bronze:Mutator","bronze:SpaghettiCode"],"relics":["bronze:PlatinumCore","Unceasing Top","Bronze Scales","Centennial Puzzle","Lee\u0027s Waffle","downfall:HeartBlessingGreen","MutagenicStrength"],"acts_visited":["Exordium","TheCity"],"potions_floor_usage":[14,16,16,16],"damage_taken":[{"damage":0.0,"enemies":"2 Louse","floor":2.0,"turns":2.0},{"damage":3.0,"enemies":"Small Slimes","floor":4.0,"turns":2.0},{"damage":35.0,"enemies":"downfall:Heads","floor":5.0,"turns":7.0},{"damage":29.0,"enemies":"3 Sentries","floor":6.0,"turns":6.0},{"damage":17.0,"enemies":"Lagavulin","floor":9.0,"turns":6.0},{"damage":7.0,"enemies":"downfall:FleeingMerchant","floor":10.0,"turns":4.0},{"damage":0.0,"enemies":"Jaw Worm","floor":11.0,"turns":2.0},{"damage":8,"enemies":"Exordium Thugs","floor":12,"turns":2},{"damage":0,"enemies":"Blue Slaver","floor":14,"turns":3},{"damage":7,"enemies":"2 Fungi Beasts","floor":15,"turns":3},{"damage":32,"enemies":"WA_ARCHETYPE_RETAIN","floor":16,"turns":9},{"damage":18,"enemies":"Chosen","floor":19,"turns":6},{"damage":49,"enemies":"downfall:Augmenter","floor":20,"turns":7},{"damage":10,"enemies":"Sentry and Sphere","floor":22,"turns":3}],"seed_played":"-3914147518583962234","potions_obtained":[{"floor":2.0,"key":"Regen Potion"},{"floor":5.0,"key":"DuplicationPotion"},{"floor":9.0,"key":"EssenceOfSteel"},{"floor":11.0,"key":"FearPotion"},{"floor":14,"key":"Dexterity Potion"},{"floor":20,"key":"sneckomod:MuddlingPotion"},{"floor":21,"key":"CultistPotion"}],"is_trial":false,"path_per_floor":["R","M","?","M","?","E","T","R","E","$","M","M","R","M","M","B",null,"R","M","?","?","M"],"character_chosen":"THE_AUTOMATON","items_purchased":["Lee\u0027s Waffle","bronze:Repulsor","bronze:Branch","bronze:Iterate"],"campfire_rested":1,"item_purchase_floors":[10,10,10,10],"current_hp_per_floor":[70,70,70,67,46,17,17,38,21,77,77,69,69,69,62,30,77,77,59,10,10,0,0,0],"gold":197,"neow_bonus":"ONE_RANDOM_RARE_CARD","is_daily":false,"chose_seed":false,"campfire_upgraded":2,"win_rate":0.0,"timestamp":1611870377,"path_taken":["R","M","?","M","?","E","T","R","E","$","M","M","R","M","M","BOSS","R","M","?","?","M"],"items_purchased_type":["Relic","Card","Card","Card"],"build_version":"2020-12-22","purchased_purges":0,"victory":false,"max_hp_per_floor":[70,70,70,70,70,70,70,70,70,77,77,77,77,77,77,77,77,77,77,77,77,77,77,77],"card_choices":[{"not_picked":["bronze:BitShift","bronze:Shell"],"picked":"bronze:OilSpill","floor":2.0},{"not_picked":["bronze:Flail","bronze:Turbo"],"picked":"bronze:Branch","floor":4.0},{"not_picked":["bronze:DelayedGuard","bronze:Shield"],"picked":"bronze:Deprecate","floor":5.0},{"not_picked":["bronze:ClassDefault","bronze:DelayedGuard"],"picked":"bronze:Philosophize","floor":6.0},{"not_picked":["bronze:WildBeam","bronze:ClassDefault"],"picked":"bronze:BugBarrage","floor":9.0},{"not_picked":["bronze:Turbo","bronze:CutThrough"],"picked":"bronze:Safeguard","floor":10.0},{"not_picked":["bronze:Overheat","bronze:BugBarrage"],"picked":"bronze:FineTuning","floor":11.0},{"not_picked":["bronze:BronzeArmor","bronze:Turbo"],"picked":"bronze:ItsAFeature","floor":12},{"not_picked":["bronze:DelayedGuard","bronze:Turbo"],"picked":"bronze:DarkDash","floor":14},{"not_picked":["bronze:Iterate","bronze:NullPointer"],"picked":"bronze:Branch","floor":15},{"not_picked":["bronze:RecursiveStrike","bronze:HyperBeam"],"picked":"bronze:Verify","floor":16},{"not_picked":["bronze:Overheat","bronze:ForceShield"],"picked":"bronze:ItsAFeature","floor":19},{"not_picked":[],"picked":"J.A.X.","floor":20},{"not_picked":["bronze:Flail","bronze:Branch"],"picked":"bronze:Invalidate","floor":20}],"player_experience":677353,"relics_obtained":[{"floor":6.0,"key":"Unceasing Top"},{"floor":7.0,"key":"Bronze Scales"},{"floor":9.0,"key":"Centennial Puzzle"},{"floor":20,"key":"MutagenicStrength"}],"event_choices":[],"is_beta":false,"boss_relics":[{"not_picked":["SacredBark","Empty Cage"],"picked":"bronze:PlatinumCore"}],"items_purged_floors":[],"is_endless":false,"potions_floor_spawned":[2,5,9,11,14,20],"killed_by":"Sentry and Sphere","ascension_level":0}}