{"host":"fjaupvxe7fzqrf4j","time":1611829096,"event":{"mods":["ATMod(°¢èªMod)","BaseMod","Minty Spire (QoL Compilation)","StSLib"],"gold_per_floor":[119,119,131,56,71,102,137,167,167,198,198,229,258,584,584,662,662,673,111,161,0,0,130,256,388,436,571,466,592,717,877,877,1125,1125,1162,1297,1339,768,331,537,692,374,374,524,675,675,831,982,982,1232,1557,1557,1557,936,1214,1339],"floor_reached":57,"language":"ZHS","playtime":1701,"items_purged":["Backflip","Prepared","Masterful Stab"],"score":4903,"play_id":"1d557773-5cef-4859-b9c8-e0916dd67d04","local_time":"20210128181816","daily_mods":["SealedDeck","Heirloom","Time Dilation","Flight","Elite Swarm"],"is_ascension_mode":true,"campfire_choices":[{"data":"Tactician","floor":11.0,"key":"SMITH"},{"data":"Concentrate","floor":15.0,"key":"SMITH"},{"data":"Reflex","floor":32.0,"key":"SMITH"},{"data":"Apotheosis","floor":46,"key":"SMITH"},{"floor":49,"key":"RECALL"},{"floor":53,"key":"DIG"}],"circlet_count":0,"master_deck":["AscendersBane","Backflip","Escape Plan","Eviscerate","Prepared","Tactician+1","Concentrate+1","Acrobatics","After Image","Envenom+1","Adrenaline","Reflex+1","AT_ShadowStep","Tools of the Trade+1","AT_Desolate+1","Apotheosis+1","Wraith Form v2+1","Well Laid Plans+1","Deep Breath"],"relics":["Ring of the Serpent","AT_ATBox","Bird Faced Urn","Girya","Toy Ornithopter","Gambling Chip","AT_BladeRuinedKing","Frozen Egg 2","Old Coin","WristBlade","AT_TheCollector","OrangePellets","Paper Crane","Anchor","Bag of Preparation","AT_PhaseBoots","Centennial Puzzle","Shuriken","AT_SeraphEmbrace","AT_MibuBalloonWealth","White Beast Statue","Omamori","Medical Kit","Sundial","Blue Candle","PreservedInsect","Du-Vu Doll","Juzu Bracelet","Shovel","AT_LudenTempest","Thread and Needle","Blood Vial","Mercury Hourglass","Ice Cream","Nunchaku","Ornamental Fan"],"acts_visited":["Exordium","TheCity","TheBeyond","TheEnding"],"potions_floor_usage":[56,56],"damage_taken":[{"damage":0.0,"enemies":"Jaw Worm","floor":1.0,"turns":1.0},{"damage":0.0,"enemies":"Cultist","floor":3.0,"turns":1.0},{"damage":0.0,"enemies":"Small Slimes","floor":5.0,"turns":1.0},{"damage":0.0,"enemies":"Gremlin Nob","floor":6.0,"turns":1.0},{"damage":0.0,"enemies":"3 Sentries","floor":7.0,"turns":5.0},{"damage":0.0,"enemies":"Lagavulin","floor":8.0,"turns":2.0},{"damage":0.0,"enemies":"Gremlin Nob","floor":10.0,"turns":2.0},{"damage":0.0,"enemies":"3 Sentries","floor":12.0,"turns":1.0},{"damage":0.0,"enemies":"Lagavulin","floor":13.0,"turns":1.0},{"damage":0.0,"enemies":"Gremlin Nob","floor":14.0,"turns":1.0},{"damage":0.0,"enemies":"Slime Boss","floor":16.0,"turns":1.0},{"damage":0.0,"enemies":"Spheric Guardian","floor":18.0,"turns":1.0},{"damage":0.0,"enemies":"Slavers","floor":23.0,"turns":1.0},{"damage":0.0,"enemies":"Book of Stabbing","floor":24.0,"turns":1.0},{"damage":0.0,"enemies":"Gremlin Leader","floor":25.0,"turns":1.0},{"damage":0.0,"enemies":"Slavers","floor":27.0,"turns":1.0},{"damage":0.0,"enemies":"Gremlin Leader","floor":29.0,"turns":1.0},{"damage":0.0,"enemies":"Slavers","floor":30.0,"turns":1.0},{"damage":0.0,"enemies":"Book of Stabbing","floor":31.0,"turns":1.0},{"damage":0,"enemies":"Collector","floor":33,"turns":2},{"damage":0,"enemies":"Orb Walker","floor":35,"turns":1},{"damage":0,"enemies":"3 Darklings","floor":36,"turns":1},{"damage":0,"enemies":"Spire Growth","floor":37,"turns":1},{"damage":0,"enemies":"Reptomancer","floor":40,"turns":1},{"damage":0,"enemies":"Nemesis","floor":41,"turns":1},{"damage":0,"enemies":"Giant Head","floor":44,"turns":1},{"damage":0,"enemies":"Nemesis","floor":45,"turns":1},{"damage":0,"enemies":"Giant Head","floor":47,"turns":1},{"damage":0,"enemies":"Nemesis","floor":48,"turns":1},{"damage":0,"enemies":"Donu and Deca","floor":50,"turns":1},{"damage":0,"enemies":"Awakened One","floor":51,"turns":2},{"damage":0,"enemies":"Shield and Spear","floor":55,"turns":1},{"damage":0,"enemies":"The Heart","floor":56,"turns":4}],"seed_played":"3176394454331492460","potions_obtained":[{"floor":1.0,"key":"SpeedPotion"},{"floor":2.0,"key":"EntropicBrew"},{"floor":2.0,"key":"Energy Potion"},{"floor":14.0,"key":"PowerPotion"}],"is_trial":true,"path_per_floor":["M","?","M","$","M","E","E","E","T","E","R","E","E","E","R","B",null,"M","$","?","$","?","E","E","E","T","E","?","E","E","E","R","B",null,"M","M","M","$","$","E","E","$","T","E","E","R","E","E","R","B","B",null,"R","$","E","B",null],"character_chosen":"THE_SILENT","items_purchased":["AT_TheCollector","Reflex","AT_ShadowStep","OrangePellets","AT_Desolate+1","Apotheosis","Omamori","Medical Kit","Sundial","Du-Vu Doll","Well Laid Plans+1","Ice Cream","Nunchaku","Deep Breath"],"campfire_rested":0,"item_purchase_floors":[19,19,19,21,38,38,38,39,39,42,54,54,54,54],"current_hp_per_floor":[59,59,59,59,59,59,61,63,63,65,65,66,66,66,66,66,66,66,66,66,66,66,66,66,66,66,66,66,66,66,66,66,66,66,66,66,66,66,66,66,66,66,66,66,66,66,66,66,66,66,66,66,66,66,66,66],"gold":1339,"neow_bonus":"","is_daily":false,"chose_seed":false,"campfire_upgraded":4,"win_rate":0.0,"timestamp":1611829096,"path_taken":["M","?","M","$","?","E","E","E","T","E","R","E","E","E","R","BOSS","M","$","?","$","?","E","E","E","T","E","?","E","E","E","R","BOSS","M","?","?","$","$","E","E","$","T","E","E","R","E","E","R","BOSS","BOSS","R","$","E","BOSS"],"items_purchased_type":["Relic","Card","Card","Relic","Card","Card","Relic","Relic","Relic","Relic","Card","Relic","Relic","Card"],"build_version":"2020-12-22","purchased_purges":3,"victory":true,"max_hp_per_floor":[66,66,66,66,66,66,66,66,66,66,66,66,66,66,66,66,66,66,66,66,66,66,66,66,66,66,66,66,66,66,66,66,66,66,66,66,66,66,66,66,66,66,66,66,66,66,66,66,66,66,66,66,66,66,66,66],"card_choices":[{"not_picked":["Footwork","Bane","Tactician"],"picked":"SKIP","floor":1.0},{"not_picked":["Sucker Punch","Die Die Die"],"picked":"Acrobatics","floor":3.0},{"not_picked":["Outmaneuver","Dagger Spray","Skewer"],"picked":"SKIP","floor":5.0},{"not_picked":["Adrenaline","Corpse Explosion"],"picked":"After Image","floor":6.0},{"not_picked":["Unload","AT_MyraUnstableElement","AT_KingSlayer"],"picked":"SKIP","floor":7.0},{"not_picked":["Malaise","Envenom","Die Die Die"],"picked":"SKIP","floor":8.0},{"not_picked":["Die Die Die","Venomology","Doppelganger"],"picked":"SKIP","floor":10.0},{"not_picked":["AT_MyraUnstableElement","Doppelganger"],"picked":"Envenom+1","floor":12.0},{"not_picked":["Malaise","AT_MyraUnstableElement","Corpse Explosion"],"picked":"SKIP","floor":13.0},{"not_picked":["Unload","AT_KingSlayer","Glass Knife"],"picked":"SKIP","floor":14.0},{"not_picked":["After Image+1","Burst"],"picked":"Adrenaline","floor":16.0},{"not_picked":["AT_WindFlip","Dodge and Roll+1","Setup+1"],"picked":"SKIP","floor":18.0},{"not_picked":["Grand Finale","Glass Knife"],"picked":"Tools of the Trade+1","floor":23.0},{"not_picked":["Glass Knife","AT_EssenceShift+1","Storm of Steel"],"picked":"SKIP","floor":24.0},{"not_picked":["Glass Knife","Adrenaline","Venomology"],"picked":"SKIP","floor":25.0},{"not_picked":["Grand Finale","Burst","AT_MyraUnstableElement"],"picked":"SKIP","floor":27.0},{"not_picked":["Corpse Explosion","Malaise","Burst"],"picked":"SKIP","floor":29.0},{"not_picked":["Die Die Die","Glass Knife","Tools of the Trade+1"],"picked":"SKIP","floor":30.0},{"not_picked":["Die Die Die","After Image+1","Adrenaline"],"picked":"SKIP","floor":31.0},{"not_picked":["Blade Dance+1","Dodge and Roll","Poisoned Stab"],"picked":"SKIP","floor":35},{"not_picked":["Bane","Reflex","Poisoned Stab"],"picked":"SKIP","floor":36},{"not_picked":["Setup+1","Concentrate","Flechettes"],"picked":"SKIP","floor":37},{"not_picked":["Tools of the Trade+1","Grand Finale"],"picked":"Wraith Form v2+1","floor":40},{"not_picked":["Doppelganger","Corpse Explosion","Storm of Steel"],"picked":"SKIP","floor":41},{"not_picked":["Night Terror","Burst","Venomology"],"picked":"SKIP","floor":44},{"not_picked":["Glass Knife","AT_KingSlayer","Wraith Form v2+1"],"picked":"SKIP","floor":45},{"not_picked":["Grand Finale","AT_EssenceShift+1","AT_KingSlayer"],"picked":"SKIP","floor":47},{"not_picked":["Adrenaline","AT_MyraUnstableElement","After Image+1"],"picked":"SKIP","floor":48},{"not_picked":["Adrenaline","Malaise","AT_MyraUnstableElement"],"picked":"SKIP","floor":55}],"player_experience":556735,"relics_obtained":[{"floor":6.0,"key":"Girya"},{"floor":7.0,"key":"Toy Ornithopter"},{"floor":8.0,"key":"Gambling Chip"},{"floor":10.0,"key":"AT_BladeRuinedKing"},{"floor":12.0,"key":"Frozen Egg 2"},{"floor":14.0,"key":"Old Coin"},{"floor":23.0,"key":"Paper Crane"},{"floor":24.0,"key":"Anchor"},{"floor":25.0,"key":"Bag of Preparation"},{"floor":26.0,"key":"AT_SpeedBoots"},{"floor":27.0,"key":"Centennial Puzzle"},{"floor":29.0,"key":"AT_ArchangelStaff"},{"floor":30.0,"key":"AT_MibuBalloonWealth"},{"floor":31.0,"key":"White Beast Statue"},{"floor":40,"key":"Blue Candle"},{"floor":41,"key":"PreservedInsect"},{"floor":43,"key":"Juzu Bracelet"},{"floor":44,"key":"Shovel"},{"floor":45,"key":"AT_LudenTempest"},{"floor":47,"key":"Thread and Needle"},{"floor":48,"key":"Blood Vial"},{"floor":53,"key":"Mercury Hourglass"},{"floor":55,"key":"Ornamental Fan"}],"event_choices":[{"damage_healed":0.0,"max_hp_gain":0.0,"max_hp_loss":0.0,"gold_gain":0.0,"event_name":"Lab","player_choice":"Got Potions","floor":2.0,"gold_loss":0.0,"damage_taken":0.0},{"damage_healed":0.0,"max_hp_gain":0.0,"max_hp_loss":0.0,"gold_gain":50.0,"event_name":"Nest","player_choice":"Stole From Cult","floor":20.0,"gold_loss":0.0,"damage_taken":0.0},{"cards_removed":["Acrobatics"],"damage_healed":0.0,"max_hp_gain":0.0,"max_hp_loss":0.0,"gold_gain":0.0,"event_name":"Back to Basics","player_choice":"Elegance","floor":22.0,"gold_loss":0.0,"damage_taken":0.0},{"damage_healed":0.0,"max_hp_gain":0.0,"max_hp_loss":0.0,"gold_gain":0.0,"event_name":"WeMeetAgain","player_choice":"Paid Gold","floor":28.0,"gold_loss":105.0,"damage_taken":0.0,"relics_obtained":["Shuriken"]}],"is_beta":false,"boss_relics":[{"not_picked":["Calling Bell","Tiny House"],"picked":"WristBlade"},{"not_picked":["Fusion Hammer","Snecko Eye"],"picked":"Ring of the Serpent"}],"items_purged_floors":[4,19,38],"is_endless":false,"potions_floor_spawned":[1,3,8,12,13,14,24,25,30,31,33,35,36,37,40,41,44,45,47,48,55],"ascension_level":20}}