{"host":"bvp2uifzy1c463d9","time":1611857441,"event":{"mods":["AchievementEnabler","BaseMod","Block Reminder","Colored Map","Colored Powertips","Hermit","Highlight Path","Infinite Spire","Minty Spire (QoL Compilation)","Random Character Button","Relic Stats","Replay The Spire","StSLib","The Jungle"],"gold_per_floor":[111,121,140,71,71,102,102,102,102],"floor_reached":8,"language":"ENG","playtime":537,"items_purged":[],"score":64,"play_id":"dd39e798-9754-4c85-a79a-bc7655e8c187","local_time":"20210128121041","is_ascension_mode":true,"campfire_choices":[{"data":"Corruption","floor":7,"key":"SMITH"}],"circlet_count":0,"master_deck":["Strike_R","Strike_R","Strike_R","Strike_R","Strike_R","Defend_R","Defend_R","Defend_R","Defend_R","Bash","Shame","Corruption+1","Disarm","Shrug It Off","Carnage","Dark Embrace","Power Through"],"relics":["Burning Blood","infinitespire:PuzzleCube"],"acts_visited":["Exordium"],"potions_floor_usage":[8,8],"damage_taken":[{"damage":16,"enemies":"Jaw Worm","floor":1,"turns":5},{"damage":14,"enemies":"Small Slimes","floor":2,"turns":5},{"damage":3,"enemies":"2 Louse","floor":3,"turns":5},{"damage":38,"enemies":"Gremlin Nob","floor":6,"turns":5},{"damage":41,"enemies":"3 Sentries","floor":8,"turns":4}],"seed_played":"8713466788578532155","potions_obtained":[{"floor":2,"key":"PowerPotion"},{"floor":3,"key":"BlessingOfTheForge"}],"is_trial":false,"path_per_floor":["M","M","M","$","?","E","R","E"],"character_chosen":"IRONCLAD","items_purchased":["Dark Embrace"],"campfire_rested":0,"item_purchase_floors":[4],"current_hp_per_floor":[70,62,65,65,70,38,38,0,0],"gold":102,"neow_bonus":"THREE_RARE_CARDS","is_daily":false,"chose_seed":false,"campfire_upgraded":1,"win_rate":0.0,"timestamp":1611857441,"path_taken":["M","M","M","$","?","E","R","E"],"items_purchased_type":["Card"],"build_version":"2020-12-22","purchased_purges":0,"victory":false,"max_hp_per_floor":[80,80,80,80,85,85,85,85,85],"relic_stats":{"counters":[5,24],"obtain_stats":[{"Burning Blood":0,"infinitespire:PuzzleCube":6},{"Burning Blood":0,"infinitespire:PuzzleCube":4},{"Burning Blood":0,"infinitespire:PuzzleCube":20}],"Burning Blood":24},"card_choices":[{"not_picked":["Hemogenesis","Impervious"],"picked":"Corruption","floor":0},{"not_picked":["Headbutt","Sever Soul"],"picked":"Disarm","floor":1},{"not_picked":["Clothesline","Power Through"],"picked":"Shrug It Off","floor":2},{"not_picked":["Run Through","Body Slam"],"picked":"Carnage","floor":3},{"not_picked":["Rage","Battle Trance"],"picked":"Power Through","floor":6}],"player_experience":199267,"relics_obtained":[{"floor":6,"key":"infinitespire:PuzzleCube"}],"event_choices":[{"damage_healed":0,"gold_gain":0,"player_choice":"Donut","damage_taken":0,"max_hp_gain":5,"max_hp_loss":0,"event_name":"Big Fish","floor":5,"gold_loss":0}],"is_beta":false,"boss_relics":[],"items_purged_floors":[],"is_endless":false,"potions_floor_spawned":[2,3],"killed_by":"3 Sentries","ascension_level":3}}