{"host":"d744ndivyohnro60","time":1611801615,"event":{"mods":["BaseMod","Bestiary","Colored Powertips","Minty Spire (QoL Compilation)","Relic Stats"],"gold_per_floor":[115,14,0,20,31,59,78,78,78,103,118,83,83,114,114,219,219,238,238,70,80,96,96,106,106,106,106,122,122,46,72,72,172,172,188,188,204,224,224,224,224,224],"floor_reached":41,"language":"ENG","playtime":3824,"items_purged":["Defend_B","Strike_B"],"score":496,"play_id":"0ee893f5-0339-4310-9cdc-66a73f7ff0a5","local_time":"20210127214015","is_ascension_mode":true,"campfire_choices":[{"data":"Beam Cell","floor":8,"key":"SMITH"},{"floor":13,"key":"REST"},{"data":"Dualcast","floor":15,"key":"SMITH"},{"floor":23,"key":"REST"},{"floor":25,"key":"REST"},{"floor":32,"key":"REST"},{"floor":40,"key":"REST"}],"circlet_count":0,"master_deck":["Strike_B","Strike_B","Strike_B","Defend_B","Defend_B","Defend_B","Zap","Dualcast+1","Beam Cell+1","Gash","Cold Snap","Sweeping Beam","All For One","Turbo","Stack","Conserve Battery","Glacier","Echo Form+1","Melter","Defragment+1","Reinforced Body+1","Self Repair+1","Core Surge","Shame","Hologram+1","Creative AI+1","Undo","Doom and Gloom","Reboot","CurseOfTheBell","Defragment+1","Gash+1"],"relics":["SlaversCollar","Frozen Egg 2","Peace Pipe","Bird Faced Urn","White Beast Statue","Black Star","MutagenicStrength","HornCleat","Shuriken","Boot","Nunchaku","Calling Bell","Calipers","Question Card","MealTicket","Singing Bowl"],"acts_visited":["Exordium","TheCity","TheBeyond"],"potions_floor_usage":[10,11,14,18,21,22,28,33,33,37,38,41],"damage_taken":[{"damage":14,"enemies":"Small Slimes","floor":1,"turns":4},{"damage":0,"enemies":"2 Louse","floor":4,"turns":3},{"damage":2,"enemies":"Jaw Worm","floor":5,"turns":4},{"damage":10,"enemies":"Gremlin Nob","floor":6,"turns":3},{"damage":13,"enemies":"2 Fungi Beasts","floor":7,"turns":3},{"damage":15,"enemies":"Lagavulin","floor":10,"turns":5},{"damage":14,"enemies":"Blue Slaver","floor":11,"turns":5},{"damage":1,"enemies":"3 Sentries","floor":14,"turns":5},{"damage":18,"enemies":"Slime Boss","floor":16,"turns":10},{"damage":2,"enemies":"Chosen","floor":18,"turns":4},{"damage":27,"enemies":"2 Thieves","floor":21,"turns":3},{"damage":35,"enemies":"Snecko","floor":22,"turns":8},{"damage":30,"enemies":"Chosen and Byrds","floor":24,"turns":7},{"damage":18,"enemies":"Snake Plant","floor":28,"turns":3},{"damage":29,"enemies":"Gremlin Leader","floor":31,"turns":6},{"damage":31,"enemies":"Automaton","floor":33,"turns":10},{"damage":26,"enemies":"3 Darklings","floor":35,"turns":8},{"damage":42,"enemies":"3 Shapes","floor":37,"turns":7},{"damage":49,"enemies":"Spire Growth","floor":38,"turns":9},{"damage":83,"enemies":"Nemesis","floor":41,"turns":7}],"seed_played":"-1447116420155145257","potions_obtained":[{"floor":6,"key":"PowerPotion"},{"floor":7,"key":"EssenceOfSteel"},{"floor":10,"key":"Regen Potion"},{"floor":16,"key":"DistilledChaos"},{"floor":18,"key":"ColorlessPotion"},{"floor":21,"key":"Fruit Juice"},{"floor":22,"key":"FairyPotion"},{"floor":24,"key":"LiquidBronze"},{"floor":28,"key":"LiquidBronze"},{"floor":31,"key":"ColorlessPotion"},{"floor":33,"key":"SpeedPotion"},{"floor":35,"key":"FearPotion"},{"floor":37,"key":"SpeedPotion"},{"floor":38,"key":"Strength Potion"}],"is_trial":false,"path_per_floor":["M","$","?","M","M","E","M","R","T","E","M","?","R","E","R","B",null,"M","?","$","M","M","R","M","R","T","?","M","?","$","E","R","B",null,"M","T","M","M","?","R","E"],"character_chosen":"DEFECT","items_purchased":["Gash","Defragment+1","Undo"],"campfire_rested":5,"item_purchase_floors":[2,20,30],"current_hp_per_floor":[61,61,61,61,59,49,36,36,36,21,19,37,59,58,58,40,75,73,73,73,46,18,42,26,50,50,50,46,46,46,33,57,50,80,60,60,48,15,15,39,0,0],"gold":224,"neow_bonus":"BOSS_RELIC","is_daily":false,"chose_seed":false,"campfire_upgraded":2,"win_rate":0.0,"timestamp":1611801615,"path_taken":["M","$","?","M","M","E","M","R","T","E","M","?","R","E","R","BOSS","M","?","?","M","M","R","M","R","T","?","?","?","$","E","R","BOSS","M","?","M","M","?","R","E"],"items_purchased_type":["Card","Card","Card"],"build_version":"2020-12-22","purchased_purges":2,"victory":false,"max_hp_per_floor":[75,75,75,75,75,75,75,75,75,75,75,75,75,75,75,75,75,75,75,75,75,80,80,80,80,80,80,80,80,80,80,80,80,80,80,80,80,80,80,80,80,80],"relic_stats":{"Peace Pipe":0,"Nunchaku":[7],"Singing Bowl":0,"counters":[20,114],"Shuriken":[16],"Bird Faced Urn":[58],"MealTicket":0,"Black Star":1,"Boot":[41],"Question Card":3,"obtain_stats":[{"Calipers":34,"Singing Bowl":36,"Frozen Egg 2":6,"Boot":31,"Question Card":34,"White Beast Statue":14,"Peace Pipe":9,"Calling Bell":34,"SlaversCollar":0,"Nunchaku":31,"HornCleat":26,"Shuriken":27,"Bird Faced Urn":10,"MutagenicStrength":19,"MealTicket":34,"Black Star":17,"Cracked Core":0},{"Calipers":16,"Singing Bowl":17,"Frozen Egg 2":4,"Boot":15,"Question Card":16,"White Beast Statue":8,"Peace Pipe":5,"Calling Bell":16,"SlaversCollar":0,"Nunchaku":15,"HornCleat":13,"Shuriken":13,"Bird Faced Urn":6,"MutagenicStrength":10,"MealTicket":16,"Black Star":9,"Cracked Core":0},{"Calipers":83,"Singing Bowl":91,"Frozen Egg 2":14,"Boot":73,"Question Card":83,"White Beast Statue":32,"Peace Pipe":17,"Calling Bell":83,"SlaversCollar":0,"Nunchaku":73,"HornCleat":64,"Shuriken":64,"Bird Faced Urn":22,"MutagenicStrength":46,"MealTicket":83,"Black Star":42,"Cracked Core":0}]},"card_choices":[{"not_picked":["Hologram","Go for the Eyes"],"picked":"Beam Cell","floor":1},{"not_picked":["Barrage","Storm"],"picked":"Cold Snap","floor":4},{"not_picked":["Rebound","Redo"],"picked":"Sweeping Beam","floor":5},{"not_picked":["Hologram","Conserve Battery"],"picked":"All For One","floor":6},{"not_picked":["Sweeping Beam","Self Repair+1"],"picked":"Turbo","floor":7},{"not_picked":["Heatsinks+1","Go for the Eyes"],"picked":"Stack","floor":10},{"not_picked":["Genetic Algorithm","Rebound"],"picked":"Conserve Battery","floor":11},{"not_picked":["Lockon","Static Discharge+1"],"picked":"Glacier","floor":14},{"not_picked":["Creative AI+1","Fission"],"picked":"Echo Form+1","floor":16},{"not_picked":["BootSequence","Rebound"],"picked":"Melter","floor":18},{"not_picked":["Go for the Eyes","Sweeping Beam"],"picked":"Reinforced Body+1","floor":21},{"not_picked":["Barrage","Doom and Gloom"],"picked":"Self Repair+1","floor":22},{"not_picked":["Rip and Tear","Force Field"],"picked":"Core Surge","floor":24},{"not_picked":["Redo","Ball Lightning"],"picked":"Hologram+1","floor":28},{"not_picked":["Auto Shields","Ball Lightning"],"picked":"Doom and Gloom","floor":31},{"not_picked":["Multi-Cast","Machine Learning+1"],"picked":"Reboot","floor":33},{"not_picked":["Storm+1","Compile Driver+1","Coolheaded+1","Hello World+1"],"picked":"SKIP","floor":35},{"not_picked":["Turbo+1","Force Field+1","Steam Power+1"],"picked":"Defragment+1","floor":37},{"not_picked":["Barrage+1","Loop+1","Darkness"],"picked":"Gash+1","floor":38}],"player_experience":154213,"relics_obtained":[{"floor":6,"key":"Frozen Egg 2"},{"floor":9,"key":"Peace Pipe"},{"floor":10,"key":"Bird Faced Urn"},{"floor":14,"key":"White Beast Statue"},{"floor":26,"key":"HornCleat"},{"floor":31,"key":"Boot"},{"floor":31,"key":"Nunchaku"},{"floor":34,"key":"Calipers"},{"floor":34,"key":"Question Card"},{"floor":34,"key":"MealTicket"},{"floor":36,"key":"Singing Bowl"}],"event_choices":[{"damage_healed":0,"gold_gain":0,"player_choice":"Left Gold","damage_taken":0,"max_hp_gain":0,"max_hp_loss":0,"event_name":"World of Goop","floor":3,"gold_loss":14},{"damage_healed":18,"gold_gain":0,"player_choice":"Healed","damage_taken":0,"max_hp_gain":0,"max_hp_loss":0,"event_name":"The Cleric","floor":12,"gold_loss":35},{"damage_healed":0,"gold_gain":0,"player_choice":"Inject Mutagens","damage_taken":0,"relics_obtained":["MutagenicStrength"],"max_hp_gain":0,"max_hp_loss":0,"event_name":"Drug Dealer","floor":19,"gold_loss":0},{"damage_healed":0,"gold_gain":0,"player_choice":"Stole Relic","damage_taken":0,"relics_obtained":["Shuriken"],"max_hp_gain":0,"max_hp_loss":0,"event_name":"Addict","floor":27,"gold_loss":0,"cards_obtained":["Shame"]},{"damage_healed":0,"gold_gain":0,"player_choice":"1 cards matched","damage_taken":0,"max_hp_gain":0,"max_hp_loss":0,"event_name":"Match and Keep!","floor":29,"gold_loss":0,"cards_obtained":["Creative AI"]},{"damage_healed":0,"gold_gain":0,"player_choice":"Ignored","damage_taken":0,"max_hp_gain":0,"max_hp_loss":0,"event_name":"Mysterious Sphere","floor":39,"gold_loss":0}],"is_beta":false,"boss_relics":[{"not_picked":["Ectoplasm","Runic Pyramid"],"picked":"Black Star"},{"not_picked":["SacredBark","Inserter"],"picked":"Calling Bell"}],"items_purged_floors":[2,20],"is_endless":false,"potions_floor_spawned":[6,7,10,16,18,21,22,24,28,31,33,35,37,38],"killed_by":"Nemesis","ascension_level":3}}