{"host":"5p9hybygolzp0efr","time":1611840933,"event":{"mods":["AchievementEnabler","BaseMod","Bestiary","Colored Map","Minty Spire (QoL Compilation)","Relic Stats"],"gold_per_floor":[20,33,44,44,63,63,81,96,119,119,150,102,119,133,133,231,231,241,241,340,352,352,352,364,382,457,467,481,496,508,508,508,612,612,630,265,279,279,279,279,294,310,310,323,341,341,360,360,360,360,360],"floor_reached":50,"language":"ENG","playtime":1231,"items_purged":["Strike_R"],"score":481,"play_id":"f0bfd737-d849-47ff-852b-b8b1d09e134d","local_time":"20210128213533","is_ascension_mode":false,"campfire_choices":[{"data":"Sword Boomerang","floor":6.0,"key":"SMITH"},{"floor":10.0,"key":"REST"},{"data":"Bash","floor":15.0,"key":"SMITH"},{"floor":23,"key":"REST"},{"floor":32,"key":"REST"},{"floor":40,"key":"REST"},{"floor":49,"key":"REST"}],"circlet_count":0,"master_deck":["Strike_R","Strike_R","Strike_R","Strike_R","Defend_R","Defend_R","Defend_R","Defend_R","Bash+1","Sword Boomerang+1","Twin Strike","Perfected Strike","Intimidate","Reaper","Cleave","Flex+1","Flex+1","Whirlwind+1","Limit Break","Flex+1"],"relics":["Burning Blood","Omamori","Akabeko","Orichalcum","Fusion Hammer","Enchiridion","Meat on the Bone","Eternal Feather","Sozu","Oddly Smooth Stone","Lantern","Darkstone Periapt","Bottled Flame"],"acts_visited":["Exordium","TheCity","TheBeyond"],"potions_floor_usage":[16,33,50,50],"damage_taken":[{"damage":1.0,"enemies":"Cultist","floor":1.0,"turns":4.0},{"damage":5.0,"enemies":"2 Louse","floor":2.0,"turns":3.0},{"damage":6.0,"enemies":"Jaw Worm","floor":3.0,"turns":3.0},{"damage":11.0,"enemies":"Blue Slaver","floor":5.0,"turns":4.0},{"damage":24.0,"enemies":"Gremlin Gang","floor":7.0,"turns":5.0},{"damage":24.0,"enemies":"Lots of Slimes","floor":8.0,"turns":6.0},{"damage":13.0,"enemies":"3 Sentries","floor":11.0,"turns":5.0},{"damage":0.0,"enemies":"Exordium Wildlife","floor":13.0,"turns":1.0},{"damage":4.0,"enemies":"Exordium Thugs","floor":14.0,"turns":3.0},{"damage":37,"enemies":"Slime Boss","floor":16,"turns":11},{"damage":17,"enemies":"Shell Parasite","floor":18,"turns":5},{"damage":19,"enemies":"2 Thieves","floor":21,"turns":4},{"damage":43,"enemies":"Shelled Parasite and Fungi","floor":24,"turns":7},{"damage":28,"enemies":"Snake Plant","floor":25,"turns":5},{"damage":4,"enemies":"3 Cultists","floor":27,"turns":5},{"damage":0,"enemies":"Snecko","floor":28,"turns":2},{"damage":1,"enemies":"Sentry and Sphere","floor":29,"turns":3},{"damage":12,"enemies":"Snake Plant","floor":30,"turns":2},{"damage":83,"enemies":"Collector","floor":33,"turns":8},{"damage":9,"enemies":"3 Shapes","floor":35,"turns":1},{"damage":16,"enemies":"Orb Walker","floor":37,"turns":4},{"damage":18,"enemies":"Jaw Worm Horde","floor":41,"turns":3},{"damage":20,"enemies":"Spire Growth","floor":42,"turns":3},{"damage":18,"enemies":"Writhing Mass","floor":44,"turns":4},{"damage":37,"enemies":"4 Shapes","floor":45,"turns":2},{"damage":12,"enemies":"3 Darklings","floor":47,"turns":4},{"damage":124,"enemies":"Donu and Deca","floor":50,"turns":7}],"seed_played":"1023977122263914561","potions_obtained":[{"floor":1.0,"key":"AttackPotion"},{"floor":5.0,"key":"Fire Potion"},{"floor":7.0,"key":"BlessingOfTheForge"},{"floor":11.0,"key":"LiquidMemories"},{"floor":22,"key":"Ancient Potion"},{"floor":22,"key":"Regen Potion"},{"floor":28,"key":"CultistPotion"}],"is_trial":false,"path_per_floor":["M","M","M","?","M","R","M","M","T","R","E","?","M","M","R","B",null,"M","?","?","M","?","R","M","M","T","M","M","M","M","T","R","B",null,"M","$","M","?","?","R","M","M","T","M","M","T","M","?","R","B"],"character_chosen":"IRONCLAD","items_purchased":["Oddly Smooth Stone","Lantern"],"campfire_rested":5,"item_purchase_floors":[36,36],"current_hp_per_floor":[96,96,96,96,91,91,73,55,55,83,76,76,82,84,84,53,96,85,69,69,80,80,96,65,47,47,65,71,76,70,70,96,38,96,93,93,86,86,86,96,84,78,78,78,59,59,89,89,91,0,0],"gold":360,"neow_bonus":"TWENTY_PERCENT_HP_BONUS","is_daily":false,"chose_seed":false,"campfire_upgraded":2,"win_rate":0.0,"timestamp":1611840933,"path_taken":["M","M","?","?","M","R","?","M","T","R","E","?","M","M","R","BOSS","M","?","?","M","?","R","M","?","T","?","?","M","M","?","R","BOSS","M","$","M","?","?","R","M","M","T","M","?","?","?","?","R","BOSS"],"items_purchased_type":["Relic","Relic"],"build_version":"2020-12-22","purchased_purges":1,"victory":false,"max_hp_per_floor":[96,96,96,96,96,96,96,96,96,96,96,96,96,96,96,96,96,96,96,96,96,96,96,96,96,96,96,96,96,96,96,96,96,96,96,96,96,96,96,96,96,96,96,96,96,96,96,91,91,91,91],"relic_stats":{"Sozu":3,"Darkstone Periapt":0,"counters":[27,114],"Eternal Feather":20,"Orichalcum":[168],"obtain_stats":[{"Darkstone Periapt":43,"Lantern":36,"Enchiridion":19,"Oddly Smooth Stone":36,"Eternal Feather":31,"Omamori":4,"Orichalcum":11,"Burning Blood":0,"Akabeko":9,"Sozu":34,"Bottled Flame":46,"Fusion Hammer":17,"Meat on the Bone":26},{"Darkstone Periapt":23,"Lantern":20,"Enchiridion":11,"Oddly Smooth Stone":20,"Eternal Feather":18,"Omamori":3,"Orichalcum":7,"Burning Blood":0,"Akabeko":6,"Sozu":19,"Bottled Flame":25,"Fusion Hammer":10,"Meat on the Bone":14},{"Darkstone Periapt":97,"Lantern":87,"Enchiridion":50,"Oddly Smooth Stone":87,"Eternal Feather":78,"Omamori":10,"Orichalcum":30,"Burning Blood":0,"Akabeko":25,"Sozu":86,"Bottled Flame":103,"Fusion Hammer":45,"Meat on the Bone":66}],"Burning Blood":150,"Meat on the Bone":36},"card_choices":[{"not_picked":["Intimidate","Warcry"],"picked":"Sword Boomerang","floor":1.0},{"not_picked":["Dual Wield","Wild Strike","Clash"],"picked":"SKIP","floor":2.0},{"not_picked":["Body Slam","Power Through","Feed"],"picked":"SKIP","floor":3.0},{"not_picked":["Wild Strike","Warcry"],"picked":"Twin Strike","floor":5.0},{"not_picked":["Rage","Pommel Strike","Perfected Strike"],"picked":"SKIP","floor":7.0},{"not_picked":["Rage","Pommel Strike"],"picked":"Perfected Strike","floor":7.0},{"not_picked":["Battle Trance","Bloodletting","Sword Boomerang"],"picked":"SKIP","floor":8.0},{"not_picked":["Fiend Fire","Iron Wave","Wild Strike"],"picked":"SKIP","floor":11.0},{"not_picked":["Warcry","Armaments"],"picked":"Intimidate","floor":13.0},{"not_picked":["Clash","Warcry","Shockwave"],"picked":"SKIP","floor":14.0},{"not_picked":["Limit Break","Brutality"],"picked":"Reaper","floor":16},{"not_picked":["Clothesline","Sentinel"],"picked":"Cleave","floor":18},{"not_picked":["Iron Wave","Cleave+1","Body Slam"],"picked":"SKIP","floor":21},{"not_picked":["Uppercut","Body Slam","Iron Wave"],"picked":"SKIP","floor":24},{"not_picked":["Sword Boomerang","Flame Barrier"],"picked":"Flex+1","floor":25},{"not_picked":["Warcry+1","True Grit"],"picked":"Flex+1","floor":27},{"not_picked":["Wild Strike+1","Heavy Blade"],"picked":"Whirlwind+1","floor":28},{"not_picked":["Bludgeon","Thunderclap","Body Slam"],"picked":"SKIP","floor":29},{"not_picked":["Sword Boomerang","Clash","Rupture"],"picked":"SKIP","floor":30},{"not_picked":["Barricade","Corruption"],"picked":"Limit Break","floor":33},{"not_picked":["Hemokinesis+1","Dropkick","Cleave"],"picked":"SKIP","floor":35},{"not_picked":["Clash+1","Disarm","Sword Boomerang"],"picked":"SKIP","floor":37},{"not_picked":["Clash+1","Evolve","Havoc"],"picked":"SKIP","floor":41},{"not_picked":["Sentinel","Rampage"],"picked":"Flex+1","floor":42},{"not_picked":["Iron Wave+1","Clash","Shrug It Off"],"picked":"SKIP","floor":44},{"not_picked":["Dark Embrace","Perfected Strike+1","Body Slam+1"],"picked":"SKIP","floor":45},{"not_picked":["Second Wind+1","Shockwave+1","Warcry+1"],"picked":"SKIP","floor":47}],"player_experience":551541,"relics_obtained":[{"floor":9.0,"key":"Akabeko"},{"floor":11.0,"key":"Orichalcum"},{"floor":19,"key":"Enchiridion"},{"floor":26,"key":"Meat on the Bone"},{"floor":31,"key":"Eternal Feather"},{"floor":43,"key":"Darkstone Periapt"},{"floor":46,"key":"Bottled Flame"}],"event_choices":[{"damage_healed":0.0,"max_hp_gain":0.0,"max_hp_loss":0.0,"gold_gain":0.0,"event_name":"WeMeetAgain","player_choice":"Gave Potion","floor":4.0,"gold_loss":0.0,"damage_taken":0.0,"relics_obtained":["Omamori"]},{"damage_healed":0.0,"max_hp_gain":0.0,"max_hp_loss":0.0,"gold_gain":0.0,"event_name":"World of Goop","player_choice":"Left Gold","floor":12.0,"gold_loss":48.0,"damage_taken":0.0},{"damage_healed":0,"gold_gain":0,"player_choice":"Obtained Book","damage_taken":16,"max_hp_gain":0,"max_hp_loss":0,"event_name":"Cursed Tome","floor":19,"gold_loss":0},{"damage_healed":0,"gold_gain":99,"player_choice":"Stole From Cult","damage_taken":0,"max_hp_gain":0,"max_hp_loss":0,"event_name":"Nest","floor":20,"gold_loss":0},{"damage_healed":0,"gold_gain":0,"player_choice":"Got Potions","damage_taken":0,"max_hp_gain":0,"max_hp_loss":0,"event_name":"Lab","floor":22,"gold_loss":0},{"damage_healed":0,"gold_gain":0,"player_choice":"Ignored","damage_taken":0,"max_hp_gain":0,"max_hp_loss":0,"event_name":"Tomb of Lord Red Mask","floor":38,"gold_loss":0},{"damage_healed":0,"gold_gain":0,"player_choice":"Memory 1","damage_taken":0,"max_hp_gain":0,"max_hp_loss":0,"event_name":"SensoryStone","floor":39,"gold_loss":0},{"damage_healed":0,"gold_gain":0,"player_choice":"Max HP","damage_taken":0,"max_hp_gain":0,"max_hp_loss":5,"event_name":"Winding Halls","floor":48,"gold_loss":0}],"is_beta":false,"boss_relics":[{"not_picked":["Cursed Key","Runic Pyramid"],"picked":"Fusion Hammer"},{"not_picked":["Runic Dome","Mark of Pain"],"picked":"Sozu"}],"items_purged_floors":[36],"is_endless":false,"potions_floor_spawned":[1,5,7,11,13,14,24,25,28,29,30,35,41,45],"killed_by":"Donu and Deca","ascension_level":0}}