{"host":"0pqkjyfh91td6rj0","time":1611863749,"event":{"mods":["BaseMod","Colored Map","Minty Spire (QoL Compilation)","Relic Stats","UnlockEverythingMod"],"gold_per_floor":[116,4,17,17,36,71,90,151,151,168,207,207,207,233,233,317,317,341,68,82,82,82,82,123,123,146,174,202,241,263,277,277,362,362,382,439,448,458,471,471,492,529,529,563,563,563,277,292,292,292,292,292,292,24,58,58,58],"floor_reached":56,"language":"ENG","playtime":4706,"items_purged":["Doubt","Strike_B","Strike_B+1"],"score":1934,"play_id":"26053520-58f1-4f6b-8477-30ab1b9eca40","local_time":"20210128145549","is_ascension_mode":true,"campfire_choices":[{"data":"Defragment","floor":13,"key":"SMITH"},{"data":"Darkness","floor":15,"key":"SMITH"},{"data":"Rainbow","floor":23,"key":"SMITH"},{"data":"Biased Cognition","floor":25,"key":"SMITH"},{"data":"Capacitor","floor":32,"key":"SMITH"},{"data":"Defragment","floor":40,"key":"SMITH"},{"data":"Hologram","floor":46,"key":"SMITH"},{"floor":49,"key":"RECALL"},{"data":"Capacitor","floor":53,"key":"SMITH"}],"circlet_count":0,"master_deck":["AscendersBane","Strike_B+1","Defend_B+1","Defend_B+1","Defend_B+1","Defend_B+1","Zap","Dualcast","Biased Cognition+1","Cold Snap","Rip and Tear","Sweeping Beam","Defragment+1","Cold Snap","Darkness+1","Capacitor+1","Rainbow+1","Hologram+1","Conserve Battery+1","Defragment+1","Compile Driver","Capacitor+1","Sunder","Echo Form","Undo+1","Rebound","Fusion","Compile Driver+1","Glacier+1"],"relics":["Cracked Core","Meat on the Bone","Dream Catcher","CeramicFish","White Beast Statue","Pantograph","NlothsMask","Orichalcum","Snecko Eye","Potion Belt","DataDisk","InkBottle","SacredBark","Lizard Tail","Art of War","Boot","Bag of Preparation","Bronze Scales","Nunchaku"],"acts_visited":["Exordium","TheCity","TheBeyond","TheEnding"],"potions_floor_usage":[7,8,10,11,14,16,18,24,27,29,29,31,33,35,36,36,36,36,36,36,36,38,41,42,42,50,51,55,56,56,56],"damage_taken":[{"damage":6,"enemies":"Cultist","floor":1,"turns":3},{"damage":5,"enemies":"2 Louse","floor":3,"turns":2},{"damage":2,"enemies":"Jaw Worm","floor":5,"turns":3},{"damage":35,"enemies":"Gremlin Nob","floor":6,"turns":4},{"damage":13,"enemies":"3 Louse","floor":7,"turns":3},{"damage":8,"enemies":"Lagavulin Event","floor":8,"turns":5},{"damage":7,"enemies":"Lots of Slimes","floor":10,"turns":3},{"damage":11,"enemies":"3 Sentries","floor":11,"turns":6},{"damage":17,"enemies":"Gremlin Nob","floor":14,"turns":4},{"damage":12,"enemies":"Hexaghost","floor":16,"turns":8},{"damage":15,"enemies":"2 Thieves","floor":18,"turns":3},{"damage":0,"enemies":"Chosen","floor":20,"turns":5},{"damage":25,"enemies":"Gremlin Leader","floor":24,"turns":7},{"damage":21,"enemies":"Shelled Parasite and Fungi","floor":27,"turns":6},{"damage":11,"enemies":"Centurion and Healer","floor":28,"turns":9},{"damage":35,"enemies":"Slavers","floor":29,"turns":5},{"damage":6,"enemies":"Snake Plant","floor":30,"turns":5},{"damage":0,"enemies":"Cultist and Chosen","floor":31,"turns":5},{"damage":16,"enemies":"Champ","floor":33,"turns":11},{"damage":15,"enemies":"3 Darklings","floor":35,"turns":6},{"damage":27,"enemies":"2 Orb Walkers","floor":36,"turns":4},{"damage":0,"enemies":"Orb Walker","floor":38,"turns":2},{"damage":26,"enemies":"Maw","floor":39,"turns":8},{"damage":22,"enemies":"Writhing Mass","floor":41,"turns":7},{"damage":33,"enemies":"Reptomancer","floor":42,"turns":5},{"damage":20,"enemies":"Giant Head","floor":44,"turns":9},{"damage":4,"enemies":"4 Shapes","floor":48,"turns":6},{"damage":56,"enemies":"Time Eater","floor":50,"turns":8},{"damage":39,"enemies":"Donu and Deca","floor":51,"turns":10},{"damage":53,"enemies":"Shield and Spear","floor":55,"turns":10},{"damage":87,"enemies":"The Heart","floor":56,"turns":3}],"seed_played":"-4723168094125869533","potions_obtained":[{"floor":5,"key":"Dexterity Potion"},{"floor":6,"key":"PowerPotion"},{"floor":7,"key":"SteroidPotion"},{"floor":8,"key":"Weak Potion"},{"floor":10,"key":"PowerPotion"},{"floor":11,"key":"LiquidBronze"},{"floor":14,"key":"SteroidPotion"},{"floor":16,"key":"Regen Potion"},{"floor":18,"key":"EssenceOfSteel"},{"floor":20,"key":"LiquidMemories"},{"floor":24,"key":"LiquidBronze"},{"floor":27,"key":"FocusPotion"},{"floor":28,"key":"EntropicBrew"},{"floor":29,"key":"EntropicBrew"},{"floor":30,"key":"Explosive Potion"},{"floor":31,"key":"LiquidBronze"},{"floor":33,"key":"ColorlessPotion"},{"floor":35,"key":"Strength Potion"},{"floor":36,"key":"AttackPotion"},{"floor":38,"key":"DuplicationPotion"},{"floor":39,"key":"SpeedPotion"},{"floor":41,"key":"Swift Potion"},{"floor":42,"key":"SpeedPotion"},{"floor":44,"key":"SmokeBomb"},{"floor":48,"key":"Swift Potion"},{"floor":55,"key":"FearPotion"}],"is_trial":false,"path_per_floor":["M","$","M","?","M","E","M","?","T","M","E","?","R","E","R","B",null,"M","$","M","?","?","R","E","R","T","M","M","E","M","M","R","B",null,"M","?","?","M","M","R","M","E","T","E","$","R","$","M","R","B","B",null,"R","$","E","B"],"character_chosen":"DEFECT","items_purchased":["Rip and Tear","Potion Belt","Bag of Preparation","SkillPotion","SpeedPotion","Bronze Scales"],"campfire_rested":0,"item_purchase_floors":[2,19,47,54,54,54],"current_hp_per_floor":[58,58,53,42,40,17,16,20,20,25,26,26,26,21,21,46,65,50,50,50,50,50,50,37,37,37,43,44,21,27,39,39,48,65,50,35,35,47,33,33,23,37,37,29,29,29,29,37,37,18,16,57,57,57,16,0,0],"gold":58,"neow_bonus":"THREE_RARE_CARDS","is_daily":false,"chose_seed":false,"campfire_upgraded":8,"win_rate":0.0,"timestamp":1611863749,"path_taken":["M","$","?","?","M","E","M","?","T","M","E","?","R","E","R","BOSS","M","$","?","?","?","R","E","R","T","M","M","E","M","M","R","BOSS","M","?","?","M","?","R","?","E","T","E","$","R","$","M","R","BOSS","BOSS","R","$","E","BOSS"],"items_purchased_type":["Card","Relic","Relic","Potion","Potion","Relic"],"build_version":"2020-12-22","purchased_purges":3,"victory":false,"max_hp_per_floor":[71,71,71,71,71,71,71,71,71,71,71,71,71,71,71,71,71,71,71,71,71,71,71,71,71,71,71,71,71,71,71,71,71,71,71,71,71,71,71,71,71,71,71,71,71,71,71,71,71,71,71,71,71,71,71,71,71],"relic_stats":{"counters":[31,175],"CeramicFish":126,"Bag of Preparation":[10],"Orichalcum":[240],"Boot":[7],"Dream Catcher":0,"Lizard Tail":35,"Nunchaku":[0],"Pantograph":125,"Bronze Scales":[87],"Snecko Eye":[230,269,243,263],"Art of War":[15],"obtain_stats":[{"Potion Belt":19,"CeramicFish":8,"SacredBark":34,"Bag of Preparation":47,"Orichalcum":14,"Boot":44,"White Beast Statue":9,"Dream Catcher":6,"DataDisk":24,"Lizard Tail":36,"Nunchaku":55,"Pantograph":11,"Bronze Scales":54,"Snecko Eye":17,"Art of War":42,"Cracked Core":0,"InkBottle":29,"Meat on the Bone":4,"NlothsMask":12},{"Potion Belt":11,"CeramicFish":6,"SacredBark":19,"Bag of Preparation":26,"Orichalcum":9,"Boot":26,"White Beast Statue":6,"Dream Catcher":4,"DataDisk":13,"Lizard Tail":21,"Nunchaku":30,"Pantograph":8,"Bronze Scales":29,"Snecko Eye":10,"Art of War":25,"Cracked Core":0,"InkBottle":16,"Meat on the Bone":2,"NlothsMask":8},{"Potion Belt":44,"CeramicFish":20,"SacredBark":97,"Bag of Preparation":138,"Orichalcum":33,"Boot":138,"White Beast Statue":20,"Dream Catcher":12,"DataDisk":56,"Lizard Tail":107,"Nunchaku":172,"Pantograph":29,"Bronze Scales":162,"Snecko Eye":41,"Art of War":129,"Cracked Core":0,"InkBottle":76,"Meat on the Bone":5,"NlothsMask":29}],"InkBottle":[43],"Meat on the Bone":276},"card_choices":[{"not_picked":["Creative AI","Hyperbeam"],"picked":"Biased Cognition","floor":0},{"not_picked":["Go for the Eyes","Gash"],"picked":"Cold Snap","floor":1},{"not_picked":["Steam","Force Field"],"picked":"Sweeping Beam","floor":3},{"not_picked":["Stack","Sweeping Beam"],"picked":"Defragment","floor":5},{"not_picked":["Melter","Barrage"],"picked":"Cold Snap","floor":6},{"not_picked":["Streamline","Redo"],"picked":"Darkness","floor":7},{"not_picked":["Streamline","Reprogram","Sweeping Beam"],"picked":"SKIP","floor":10},{"not_picked":["Stack","Reinforced Body"],"picked":"Capacitor","floor":11},{"not_picked":["Redo","Force Field","Creative AI"],"picked":"SKIP","floor":14},{"not_picked":["Creative AI","Hyperbeam"],"picked":"Rainbow","floor":16},{"not_picked":["Tempest","Gash"],"picked":"Hologram","floor":18},{"not_picked":["Hologram","Conserve Battery","Streamline"],"picked":"SKIP","floor":20},{"not_picked":["Steam","Double Energy"],"picked":"Conserve Battery+1","floor":24},{"not_picked":["Static Discharge","Consume"],"picked":"Defragment","floor":27},{"not_picked":["Leap","Sweeping Beam"],"picked":"Compile Driver","floor":28},{"not_picked":["Reprogram","Defragment"],"picked":"Capacitor","floor":29},{"not_picked":["BootSequence","Seek"],"picked":"Sunder","floor":30},{"not_picked":["Heatsinks","Hologram","Leap"],"picked":"SKIP","floor":31},{"not_picked":["Meteor Strike","Creative AI"],"picked":"Echo Form","floor":33},{"not_picked":["Cold Snap+1","Gash","Redo+1"],"picked":"SKIP","floor":35},{"not_picked":["Auto Shields","Chaos"],"picked":"Undo+1","floor":36},{"not_picked":["Barrage","Scrape+1","Stack+1"],"picked":"SKIP","floor":38},{"not_picked":["Rebound+1","Steam Power","Conserve Battery"],"picked":"SKIP","floor":39},{"not_picked":["Steam","Thunder Strike"],"picked":"Fusion","floor":41},{"not_picked":["Turbo","Tempest+1"],"picked":"Compile Driver+1","floor":42},{"not_picked":["Leap","Self Repair"],"picked":"Glacier+1","floor":44},{"not_picked":["Barrage","Chill","FTL"],"picked":"SKIP","floor":48},{"not_picked":["Conserve Battery","Streamline","Steam Power"],"picked":"SKIP","floor":55}],"player_experience":117851,"relics_obtained":[{"floor":6,"key":"Dream Catcher"},{"floor":8,"key":"CeramicFish"},{"floor":9,"key":"White Beast Statue"},{"floor":11,"key":"Pantograph"},{"floor":14,"key":"Orichalcum"},{"floor":24,"key":"DataDisk"},{"floor":29,"key":"InkBottle"},{"floor":36,"key":"Lizard Tail"},{"floor":42,"key":"Art of War"},{"floor":44,"key":"Boot"},{"floor":55,"key":"Nunchaku"}],"event_choices":[{"damage_healed":0,"gold_gain":0,"player_choice":"Success","damage_taken":11,"relics_obtained":["Meat on the Bone"],"max_hp_gain":0,"max_hp_loss":0,"event_name":"Scrap Ooze","floor":4,"gold_loss":0},{"damage_healed":0,"gold_gain":30,"player_choice":"Searched \u00272\u0027 times","damage_taken":0,"max_hp_gain":0,"max_hp_loss":0,"event_name":"Dead Adventurer","floor":8,"gold_loss":0},{"damage_healed":0,"gold_gain":0,"player_choice":"Trade","damage_taken":0,"relics_obtained":["NlothsMask"],"max_hp_gain":0,"max_hp_loss":0,"event_name":"FaceTrader","floor":12,"gold_loss":0},{"damage_healed":0,"gold_gain":0,"player_choice":"Simplicity","damage_taken":0,"max_hp_gain":0,"max_hp_loss":0,"event_name":"Back to Basics","floor":21,"gold_loss":0,"cards_upgraded":["Strike_B","Strike_B","Strike_B","Defend_B","Defend_B","Defend_B","Defend_B"]},{"damage_healed":0,"gold_gain":0,"player_choice":"Ignored","damage_taken":0,"max_hp_gain":0,"max_hp_loss":0,"event_name":"Ghosts","floor":22,"gold_loss":0},{"damage_healed":0,"gold_gain":0,"player_choice":"Fight","damage_taken":0,"max_hp_gain":0,"max_hp_loss":0,"event_name":"Mysterious Sphere","floor":36,"gold_loss":0},{"damage_healed":0,"gold_gain":0,"cards_transformed":["Strike_B"],"player_choice":"Transformed","damage_taken":0,"max_hp_gain":0,"max_hp_loss":0,"event_name":"Transmorgrifier","floor":37,"gold_loss":0,"cards_obtained":["Rebound"]}],"is_beta":false,"boss_relics":[{"not_picked":["Runic Dome","Tiny House"],"picked":"Snecko Eye"},{"not_picked":["Runic Pyramid","Pandora\u0027s Box"],"picked":"SacredBark"}],"items_purged_floors":[2,19,47],"is_endless":false,"potions_floor_spawned":[5,6,7,8,10,11,14,16,18,20,24,27,28,29,30,31,33,35,36,38,39,41,42,44,48,55],"killed_by":"The Heart","ascension_level":20}}