{"host":"qxlnb1uz9drfcwnc","time":1611797057,"event":{"mods":["100% Spire Juice","BaseMod","Bestiary","Curses Come First","Minty Spire (QoL Compilation)","StSLib","The Servant 0.9.4"],"gold_per_floor":[118,132,152,166,21,53,53,66,92,92,92,118,136,162,162,258,258,274,54,54,64,91,91,116,158,181,204,213,247,292,292,292],"floor_reached":31,"language":"ENG","playtime":1709,"items_purged":[],"score":407,"play_id":"f1af7145-1eca-47b6-a44f-90fe53053721","local_time":"20210127172417","is_ascension_mode":true,"campfire_choices":[{"data":"Eruption","floor":7.0,"key":"SMITH"},{"data":"Collect","floor":10.0,"key":"SMITH"},{"floor":15.0,"key":"REST"},{"data":"ForeignInfluence","floor":23.0,"key":"SMITH"}],"circlet_count":0,"master_deck":["Defend_P","Defend_P","Defend_P","Eruption+1","Vigilance","CrushJoints","Worship","Consecrate","DevaForm","Swivel","Collect+1","Wireheading","ForeignInfluence+1","Wallop","DeusExMachina+1","SashWhip","Crescendo+1","Prostrate+1","SignatureMove","ClearTheMind+1","ClearTheMind+1","EmptyBody+1","RitualDagger","Indignation+1","Bite","Bite","Bite","Bite","Bite"],"relics":["Black Star","Tiny Chest","Boot","Regal Pillow","Art of War","Bronze Scales","Strawberry","GoldenEye","Toxic Egg 2","Busted Crown","Sling","MutagenicStrength","Akabeko","Red Mask","CeramicFish","Darkstone Periapt","Juzu Bracelet"],"acts_visited":["Exordium","TheCity"],"potions_floor_usage":[29,29],"damage_taken":[{"damage":2.0,"enemies":"Cultist","floor":1.0,"turns":3.0},{"damage":8.0,"enemies":"Jaw Worm","floor":2.0,"turns":6.0},{"damage":7.0,"enemies":"Small Slimes","floor":3.0,"turns":4.0},{"damage":2.0,"enemies":"2 Fungi Beasts","floor":4.0,"turns":3.0},{"damage":31.0,"enemies":"Gremlin Nob","floor":6.0,"turns":3.0},{"damage":0.0,"enemies":"Looter","floor":8.0,"turns":3.0},{"damage":7.0,"enemies":"Lagavulin","floor":12.0,"turns":5.0},{"damage":14.0,"enemies":"Blue Slaver","floor":13.0,"turns":3.0},{"damage":0.0,"enemies":"Gremlin Nob","floor":14.0,"turns":2.0},{"damage":33.0,"enemies":"Slime Boss","floor":16.0,"turns":7.0},{"damage":19.0,"enemies":"Shell Parasite","floor":18.0,"turns":5.0},{"damage":7.0,"enemies":"3 Byrds","floor":21.0,"turns":2.0},{"damage":25.0,"enemies":"Masked Bandits","floor":24.0,"turns":3.0},{"damage":9.0,"enemies":"Slavers","floor":25.0,"turns":4.0},{"damage":2.0,"enemies":"Centurion and Healer","floor":27.0,"turns":3.0},{"damage":1,"enemies":"Gremlin Leader","floor":29,"turns":2},{"damage":18,"enemies":"Book of Stabbing","floor":31,"turns":3}],"seed_played":"6033371271122257707","potions_obtained":[{"floor":1.0,"key":"Fire Potion"},{"floor":4.0,"key":"Strength Potion"},{"floor":8.0,"key":"ColorlessPotion"},{"floor":14.0,"key":"GamblersBrew"},{"floor":16.0,"key":"Dexterity Potion"},{"floor":18.0,"key":"Dexterity Potion"},{"floor":21.0,"key":"Swift Potion"},{"floor":25.0,"key":"Energy Potion"},{"floor":29,"key":"CultistPotion"}],"is_trial":false,"path_per_floor":["M","M","M","M","$","E","R","M","T","R","?","E","M","E","R","B",null,"M","$","?","M","T","R","?","E","T","M","?","E","?","E"],"character_chosen":"WATCHER","items_purchased":["Tiny Chest","Sling","Crescendo+1","Prostrate+1"],"campfire_rested":1,"item_purchase_floors":[5,19,19,19],"current_hp_per_floor":[70,62,55,53,53,22,22,22,22,22,22,22,8,8,46,13,79,60,60,60,53,53,53,28,19,19,17,11,10,10,0,0],"gold":292,"neow_bonus":"BOSS_RELIC","is_daily":false,"chose_seed":false,"campfire_upgraded":3,"win_rate":0.0,"timestamp":1611797057,"path_taken":["M","?","M","M","$","E","R","?","T","R","?","E","M","E","R","BOSS","M","$","?","M","?","R","?","E","T","M","?","E","?","E"],"items_purchased_type":["Relic","Relic","Card","Card"],"build_version":"2020-12-22","purchased_purges":0,"victory":false,"max_hp_per_floor":[72,72,72,72,72,72,72,72,72,72,72,79,79,79,79,79,79,79,79,79,79,79,79,79,79,79,79,79,79,79,79,79],"card_choices":[{"not_picked":["WaveOfTheHand","Study"],"picked":"CrushJoints","floor":1.0},{"not_picked":["Protect","Wallop"],"picked":"Worship","floor":2.0},{"not_picked":["ThirdEye","ClearTheMind"],"picked":"Consecrate","floor":3.0},{"not_picked":["WindmillStrike","FlyingSleeves"],"picked":"DevaForm","floor":4.0},{"not_picked":["Meditate","FollowUp"],"picked":"Swivel","floor":6.0},{"not_picked":["ThirdEye","PathToVictory"],"picked":"Collect","floor":8.0},{"not_picked":["SashWhip","JustLucky"],"picked":"ForeignInfluence","floor":12.0},{"not_picked":["EmptyFist","PathToVictory","EmptyMind"],"picked":"SKIP","floor":13.0},{"not_picked":["CrushJoints","SignatureMove"],"picked":"Wallop","floor":14.0},{"not_picked":["Establishment","Blasphemy+1"],"picked":"DeusExMachina+1","floor":16.0},{"not_picked":[],"picked":"SashWhip","floor":18.0},{"not_picked":[],"picked":"SignatureMove","floor":21.0},{"not_picked":[],"picked":"ClearTheMind+1","floor":24.0},{"not_picked":[],"picked":"ClearTheMind+1","floor":25.0},{"not_picked":[],"picked":"EmptyBody+1","floor":27.0},{"not_picked":[],"picked":"Indignation+1","floor":29}],"player_experience":128124,"relics_obtained":[{"floor":6.0,"key":"Boot"},{"floor":6.0,"key":"Regal Pillow"},{"floor":9.0,"key":"Art of War"},{"floor":12.0,"key":"Bronze Scales"},{"floor":12.0,"key":"Strawberry"},{"floor":14.0,"key":"GoldenEye"},{"floor":14.0,"key":"Toxic Egg 2"},{"floor":22.0,"key":"Akabeko"},{"floor":24.0,"key":"Red Mask"},{"floor":25.0,"key":"CeramicFish"},{"floor":25.0,"key":"Darkstone Periapt"},{"floor":29,"key":"Juzu Bracelet"},{"floor":29,"key":"Blood Vial"}],"event_choices":[{"damage_healed":0.0,"max_hp_gain":0.0,"max_hp_loss":0.0,"gold_gain":0.0,"cards_transformed":["Defend_P"],"event_name":"Living Wall","player_choice":"Change","floor":11.0,"gold_loss":0.0,"damage_taken":0.0,"cards_obtained":["Wireheading"]},{"damage_healed":0.0,"max_hp_gain":0.0,"max_hp_loss":0.0,"gold_gain":0.0,"event_name":"Drug Dealer","player_choice":"Inject Mutagens","floor":20.0,"gold_loss":0.0,"damage_taken":0.0,"relics_obtained":["MutagenicStrength"]},{"damage_healed":0.0,"max_hp_gain":0.0,"max_hp_loss":0.0,"gold_gain":0.0,"event_name":"Masked Bandits","player_choice":"Fought Bandits","floor":24.0,"gold_loss":0.0,"damage_taken":0.0},{"damage_healed":0.0,"max_hp_gain":0.0,"max_hp_loss":0.0,"gold_gain":0.0,"event_name":"Nest","player_choice":"Joined the Cult","floor":28.0,"gold_loss":0.0,"damage_taken":6.0,"cards_obtained":["RitualDagger"]},{"damage_healed":0,"gold_gain":0,"player_choice":"Became a vampire (Vial)","damage_taken":0,"max_hp_gain":0,"max_hp_loss":0,"event_name":"Vampires","floor":30,"relics_lost":["Blood Vial"],"gold_loss":0,"cards_obtained":["Bite","Bite","Bite","Bite","Bite"]}],"is_beta":false,"boss_relics":[{"not_picked":["Coffee Dripper","Snecko Eye"],"picked":"Busted Crown"}],"items_purged_floors":[],"is_endless":false,"potions_floor_spawned":[1,4,8,14,16,18,21,25,29],"killed_by":"Book of Stabbing","ascension_level":4}}