{"host":"c3lc60y5x60jlt1y","time":1611864028,"event":{"mods":["AchievementEnabler","BaseMod","Bestiary","Colored Map","Minty Spire (QoL Compilation)","Quick Restart","StSLib","ojb\u0027s Info Mod"],"gold_per_floor":[113,113,1,1,14,58,73,107,176,246,246,259,272,86,86,182,182,165,201,226,226,241,241,260,299,322,336,155,80,113,131,131,227,227,243,268,9,1008,383,716,716,732,804,816,816,157,157,47,47,47,47],"floor_reached":52,"language":"ENG","playtime":11766,"items_purged":["Strike_R","Strike_R","Strike_R","Normality","Normality"],"score":1850,"play_id":"a3fe720b-7c0f-4d47-84a3-5dc48671d078","local_time":"20210128220028","is_ascension_mode":true,"campfire_choices":[{"floor":11.0,"key":"REST"},{"data":"Bludgeon","floor":15.0,"key":"SMITH"},{"floor":23.0,"key":"REST"},{"floor":32.0,"key":"REST"},{"floor":41.0,"key":"REST"},{"data":"Sentinel","floor":45.0,"key":"SMITH"},{"data":"Shockwave","floor":47.0,"key":"SMITH"},{"data":"Demon Form","floor":49.0,"key":"SMITH"}],"circlet_count":0,"master_deck":["AscendersBane","Defend_R","Bash","Shrug It Off","Shockwave+1","Warcry","Pommel Strike","Bludgeon+1","True Grit","Reaper+1","Armaments+1","Corruption","Battle Trance","Burning Pact+1","Fiend Fire+1","Demon Form+1","Rampage+1","Sever Soul","Impervious","Ghostly Armor+1","Feed+1","Pommel Strike+1","Thunderclap+1","Sentinel+1","Discovery","Sentinel"],"relics":["Burning Blood","NeowsBlessing","Prayer Wheel","Regal Pillow","Bottled Flame","Lantern","Runic Pyramid","Red Mask","InkBottle","Whetstone","Oddly Smooth Stone","Astrolabe","Strange Spoon","HandDrill","Orichalcum","Darkstone Periapt","TungstenRod","Lee\u0027s Waffle"],"acts_visited":["Exordium","TheCity","TheBeyond"],"potions_floor_usage":[50,50],"damage_taken":[{"damage":0.0,"enemies":"Cultist","floor":1.0,"turns":1.0},{"damage":0.0,"enemies":"Small Slimes","floor":5.0,"turns":1.0},{"damage":0.0,"enemies":"Lagavulin","floor":6.0,"turns":1.0},{"damage":7.0,"enemies":"Jaw Worm","floor":7.0,"turns":2.0},{"damage":40.0,"enemies":"3 Sentries","floor":8.0,"turns":10.0},{"damage":6.0,"enemies":"Gremlin Nob","floor":10.0,"turns":3.0},{"damage":9.0,"enemies":"Blue Slaver","floor":12.0,"turns":2.0},{"damage":33.0,"enemies":"Large Slime","floor":13.0,"turns":8.0},{"damage":22.0,"enemies":"Slime Boss","floor":16.0,"turns":6.0},{"damage":17.0,"enemies":"2 Thieves","floor":18.0,"turns":4.0},{"damage":59.0,"enemies":"Masked Bandits","floor":19.0,"turns":6.0},{"damage":0.0,"enemies":"Chosen","floor":20.0,"turns":5.0},{"damage":14.0,"enemies":"Centurion and Healer","floor":22.0,"turns":6.0},{"damage":15.0,"enemies":"Snake Plant","floor":24.0,"turns":5.0},{"damage":42.0,"enemies":"Slavers","floor":25.0,"turns":6.0},{"damage":22.0,"enemies":"Snecko","floor":27.0,"turns":5.0},{"damage":20.0,"enemies":"Book of Stabbing","floor":30.0,"turns":4.0},{"damage":6.0,"enemies":"Centurion and Healer","floor":31.0,"turns":4.0},{"damage":136.0,"enemies":"Collector","floor":33.0,"turns":9.0},{"damage":44.0,"enemies":"3 Darklings","floor":35.0,"turns":9.0},{"damage":2.0,"enemies":"Orb Walker","floor":36.0,"turns":2.0},{"damage":32.0,"enemies":"Spire Growth","floor":42.0,"turns":5.0},{"damage":34.0,"enemies":"Sphere and 2 Shapes","floor":44.0,"turns":7.0},{"damage":82,"enemies":"Awakened One","floor":50,"turns":8},{"damage":76,"enemies":"Donu and Deca","floor":51,"turns":8}],"seed_played":"-5558822201359435255","potions_obtained":[{"floor":6.0,"key":"CultistPotion"},{"floor":8.0,"key":"DistilledChaos"},{"floor":13.0,"key":"Regen Potion"},{"floor":16.0,"key":"Regen Potion"},{"floor":22.0,"key":"PowerPotion"},{"floor":24.0,"key":"AttackPotion"},{"floor":27.0,"key":"BloodPotion"},{"floor":31.0,"key":"FairyPotion"},{"floor":42.0,"key":"PowerPotion"}],"is_trial":false,"path_per_floor":["M","?","$","?","M","E","M","E","T","?","R","M","M","$","R","B",null,"M","?","M","?","M","R","M","E","T","M","$","?","E","M","R","B",null,"M","M","$","?","$","?","R","M","T","M","R","$","R","?","R","B","B",null],"character_chosen":"IRONCLAD","items_purchased":["Shockwave","LiquidMemories","Block Potion","Strange Spoon","Discovery","HandDrill","Orichalcum","DuplicationPotion","Sentinel","TungstenRod","Lee\u0027s Waffle"],"campfire_rested":4,"item_purchase_floors":[3,14,28,37,37,39,39,39,39,46,46],"current_hp_per_floor":[74,48,48,48,54,60,59,25,25,25,62,59,40,40,40,24,62,68,25,35,35,39,75,72,57,57,41,41,41,27,41,75,28,63,35,39,39,39,39,39,75,64,64,69,69,90,90,90,90,72,57],"gold":47,"neow_bonus":"THREE_ENEMY_KILL","is_daily":false,"chose_seed":false,"campfire_upgraded":4,"win_rate":0.0,"timestamp":1611864028,"path_taken":["M","?","$","?","?","E","M","E","T","?","R","M","M","?","R","BOSS","M","?","M","?","?","R","M","E","T","M","$","?","E","M","R","BOSS","M","M","$","?","$","?","R","M","T","M","R","$","R","?","R","BOSS","BOSS"],"items_purchased_type":["Card","Potion","Potion","Relic","Card","Relic","Relic","Potion","Card","Relic","Relic"],"build_version":"2020-12-22","purchased_purges":5,"victory":true,"max_hp_per_floor":[75,75,75,75,75,75,75,75,75,75,75,75,75,75,75,75,75,75,75,75,75,75,75,75,75,75,75,75,75,75,75,75,75,75,75,75,75,75,75,75,75,75,75,83,83,90,90,90,90,94,94],"card_choices":[{"not_picked":["Wild Strike","Clothesline"],"picked":"Shrug It Off","floor":1.0},{"not_picked":["Body Slam","Sentinel"],"picked":"Pommel Strike","floor":5.0},{"not_picked":["Perfected Strike","Heavy Blade"],"picked":"Bludgeon","floor":6.0},{"not_picked":["Rampage","Infernal Blade"],"picked":"True Grit","floor":7.0},{"not_picked":["Perfected Strike","Twin Strike","Clash"],"picked":"SKIP","floor":7.0},{"not_picked":["Wild Strike","Pommel Strike","Flex"],"picked":"SKIP","floor":8.0},{"not_picked":["Anger","Seeing Red"],"picked":"Reaper","floor":12.0},{"not_picked":["Shockwave","Perfected Strike","Burning Pact"],"picked":"SKIP","floor":12.0},{"not_picked":["Cleave","Wild Strike"],"picked":"Armaments","floor":13.0},{"not_picked":["Clothesline","Wild Strike","Fire Breathing"],"picked":"SKIP","floor":13.0},{"not_picked":["Brutality","Barricade"],"picked":"Corruption","floor":16.0},{"not_picked":["Pommel Strike","Havoc"],"picked":"Battle Trance","floor":18.0},{"not_picked":["Shrug It Off+1","Sword Boomerang","Warcry"],"picked":"SKIP","floor":18.0},{"not_picked":["Twin Strike","Havoc+1"],"picked":"Juggernaut","floor":20.0},{"not_picked":["Warcry+1","Second Wind","Combust"],"picked":"SKIP","floor":20.0},{"not_picked":["Combust","Twin Strike","Perfected Strike"],"picked":"SKIP","floor":22.0},{"not_picked":["Headbutt","Searing Blow+1","Combust+1"],"picked":"SKIP","floor":22.0},{"not_picked":["Twin Strike","Headbutt"],"picked":"Burning Pact+1","floor":24.0},{"not_picked":["Perfected Strike","Body Slam","Shrug It Off+1"],"picked":"SKIP","floor":24.0},{"not_picked":["Disarm","Pummel"],"picked":"Fiend Fire","floor":25.0},{"not_picked":["Heavy Blade","Shrug It Off"],"picked":"Demon Form","floor":27.0},{"not_picked":["Anger","Armaments","Shrug It Off"],"picked":"SKIP","floor":27.0},{"not_picked":["Bludgeon","Anger"],"picked":"Rampage+1","floor":30.0},{"not_picked":["Sword Boomerang","Armaments+1"],"picked":"Sever Soul","floor":31.0},{"not_picked":["Clothesline","Flex","Twin Strike"],"picked":"SKIP","floor":31.0},{"not_picked":["Fiend Fire","Brutality"],"picked":"Impervious","floor":33.0},{"not_picked":["Wild Strike","Heavy Blade","Combust"],"picked":"SKIP","floor":35.0},{"not_picked":["Bloodletting","True Grit+1","Hemokinesis+1"],"picked":"SKIP","floor":35.0},{"not_picked":["Blood for Blood+1","Offering"],"picked":"Thunderclap+1","floor":36.0},{"not_picked":["Shockwave","Sword Boomerang+1"],"picked":"Sentinel","floor":36.0},{"not_picked":["Rage","Clothesline+1","Fire Breathing"],"picked":"SKIP","floor":42.0},{"not_picked":["Wild Strike","Cleave+1","Rage"],"picked":"SKIP","floor":42.0},{"not_picked":["Pommel Strike+1","Intimidate","Anger"],"picked":"SKIP","floor":44.0},{"not_picked":["Second Wind+1","Shockwave","Sever Soul"],"picked":"SKIP","floor":44.0}],"player_experience":8732652,"relics_obtained":[{"floor":6.0,"key":"Prayer Wheel"},{"floor":8.0,"key":"Regal Pillow"},{"floor":9.0,"key":"Bottled Flame"},{"floor":10.0,"key":"Lantern"},{"floor":19.0,"key":"Red Mask"},{"floor":25.0,"key":"InkBottle"},{"floor":26.0,"key":"Whetstone"},{"floor":30.0,"key":"Oddly Smooth Stone"},{"floor":43.0,"key":"Darkstone Periapt"}],"event_choices":[{"damage_healed":0.0,"max_hp_gain":0.0,"max_hp_loss":0.0,"gold_gain":0.0,"event_name":"Golden Idol","player_choice":"Take Damage","floor":2.0,"gold_loss":0.0,"damage_taken":26.0,"relics_obtained":["Golden Idol"]},{"damage_healed":0.0,"max_hp_gain":0.0,"max_hp_loss":0.0,"gold_gain":0.0,"cards_transformed":["Defend_R"],"event_name":"Transmorgrifier","player_choice":"Transformed","floor":4.0,"gold_loss":0.0,"damage_taken":0.0,"cards_obtained":["Warcry"]},{"damage_healed":0.0,"max_hp_gain":0.0,"max_hp_loss":0.0,"gold_gain":30.0,"event_name":"Dead Adventurer","player_choice":"Searched \u00272\u0027 times","floor":10.0,"gold_loss":0.0,"damage_taken":0.0},{"damage_healed":0.0,"max_hp_gain":0.0,"max_hp_loss":0.0,"gold_gain":0.0,"event_name":"Masked Bandits","player_choice":"Fought Bandits","floor":19.0,"gold_loss":0.0,"damage_taken":0.0},{"damage_healed":0.0,"max_hp_gain":0.0,"max_hp_loss":0.0,"gold_gain":0.0,"event_name":"Upgrade Shrine","player_choice":"Upgraded","floor":21.0,"gold_loss":0.0,"damage_taken":0.0,"cards_upgraded":["Armaments"]},{"cards_removed":["Strike_R"],"damage_healed":0.0,"max_hp_gain":0.0,"max_hp_loss":0.0,"gold_gain":0.0,"event_name":"Beggar","player_choice":"Gave Gold","floor":29.0,"gold_loss":75.0,"damage_taken":0.0},{"damage_healed":0.0,"max_hp_gain":0.0,"max_hp_loss":0.0,"gold_gain":999.0,"event_name":"MindBloom","player_choice":"Gold","floor":38.0,"gold_loss":0.0,"damage_taken":0.0,"cards_obtained":["Normality","Normality"]},{"damage_healed":0.0,"max_hp_gain":0.0,"max_hp_loss":0.0,"gold_gain":333.0,"event_name":"The Moai Head","player_choice":"Gave Idol","floor":40.0,"relics_lost":["Golden Idol"],"gold_loss":0.0,"damage_taken":0.0},{"cards_removed":["Defend_R"],"damage_healed":0.0,"max_hp_gain":0.0,"max_hp_loss":0.0,"gold_gain":0.0,"event_name":"Designer","player_choice":"Upgrade and Remove","floor":48.0,"gold_loss":110.0,"damage_taken":0.0,"cards_upgraded":["Fiend Fire"]}],"is_beta":false,"boss_relics":[{"not_picked":["Runic Dome","Tiny House"],"picked":"Runic Pyramid"},{"not_picked":["Busted Crown","Calling Bell"],"picked":"Astrolabe"}],"items_purged_floors":[3,14,28,39,46],"is_endless":false,"potions_floor_spawned":[6,8,13,16,22,24,27,31,42,44],"ascension_level":20}}