{"host":"qsusua7l529r8z9k","time":1611825004,"event":{"mods":["BaseMod","Minty Spire (QoL Compilation)","StSLib"],"gold_per_floor":[115,134,148,148,167,193,193,193,216,234,252,252,252],"floor_reached":12,"language":"ZHS","playtime":312,"items_purged":[],"score":152,"play_id":"e02cc11f-3158-4661-88d6-5d76d6c17a9a","local_time":"20210128171004","is_ascension_mode":true,"campfire_choices":[{"data":"Sunder","floor":8.0,"key":"SMITH"}],"circlet_count":0,"master_deck":["AscendersBane","Strike_B","Strike_B","Strike_B","Strike_B","Defend_B","Defend_B","Defend_B","Defend_B","Zap","Dualcast","Coolheaded","Turbo","Tempest","Sunder+1","Reboot","Coolheaded"],"relics":["Cracked Core","NeowsBlessing","Strawberry","Bag of Marbles","Golden Idol","Art of War"],"acts_visited":["Exordium"],"potions_floor_usage":[12,12],"damage_taken":[{"damage":0.0,"enemies":"Cultist","floor":1.0,"turns":1.0},{"damage":0.0,"enemies":"2 Louse","floor":2.0,"turns":1.0},{"damage":0.0,"enemies":"Small Slimes","floor":3.0,"turns":1.0},{"damage":8.0,"enemies":"Blue Slaver","floor":5.0,"turns":4.0},{"damage":47.0,"enemies":"Gremlin Nob","floor":6.0,"turns":5.0},{"damage":9.0,"enemies":"Exordium Thugs","floor":10.0,"turns":3.0},{"damage":1,"enemies":"2 Fungi Beasts","floor":11,"turns":2},{"damage":6,"enemies":"Lagavulin","floor":12,"turns":5}],"seed_played":"5686820518128711351","potions_obtained":[{"floor":3.0,"key":"Block Potion"},{"floor":5.0,"key":"Dexterity Potion"},{"floor":10.0,"key":"GamblersBrew"}],"is_trial":false,"path_per_floor":["M","M","M","?","M","E","?","R","T","M","M","E"],"character_chosen":"DEFECT","items_purchased":[],"campfire_rested":0,"item_purchase_floors":[],"current_hp_per_floor":[64,64,64,71,63,16,16,16,16,7,6,0,0],"gold":252,"neow_bonus":"THREE_ENEMY_KILL","is_daily":false,"chose_seed":false,"campfire_upgraded":1,"win_rate":0.0,"timestamp":1611825004,"path_taken":["M","?","M","?","?","E","?","R","T","M","M","E"],"items_purchased_type":[],"build_version":"2020-12-22","purchased_purges":0,"victory":false,"max_hp_per_floor":[71,71,71,78,78,78,71,71,71,71,71,71,71],"card_choices":[{"not_picked":["Turbo","Chaos"],"picked":"Coolheaded","floor":1.0},{"not_picked":["Go for the Eyes","Sweeping Beam"],"picked":"Turbo","floor":2.0},{"not_picked":["Melter","Redo"],"picked":"Tempest","floor":3.0},{"not_picked":["Hologram","Coolheaded"],"picked":"Sunder","floor":5.0},{"not_picked":["Force Field","Leap"],"picked":"Reboot","floor":6.0},{"not_picked":["Rebound","Beam Cell"],"picked":"Coolheaded","floor":10.0},{"not_picked":["Turbo","Compile Driver","Hologram"],"picked":"SKIP","floor":11}],"player_experience":519165,"relics_obtained":[{"floor":6.0,"key":"Bag of Marbles"},{"floor":9.0,"key":"Art of War"}],"event_choices":[{"damage_healed":0.0,"max_hp_gain":0.0,"max_hp_loss":0.0,"gold_gain":0.0,"event_name":"WeMeetAgain","player_choice":"Gave Potion","floor":4.0,"gold_loss":0.0,"damage_taken":0.0,"relics_obtained":["Strawberry"]},{"damage_healed":0.0,"max_hp_gain":0.0,"max_hp_loss":7.0,"gold_gain":0.0,"event_name":"Golden Idol","player_choice":"Lose Max HP","floor":7.0,"gold_loss":0.0,"damage_taken":0.0,"relics_obtained":["Golden Idol"]}],"is_beta":false,"boss_relics":[],"items_purged_floors":[],"is_endless":false,"potions_floor_spawned":[3,5,10],"killed_by":"Lagavulin","ascension_level":17}}