{"host":"97gqqvl04geh4ia8","time":1611815008,"event":{"mods":["BaseMod","Curses Come First","Downfall","Minty Spire (QoL Compilation)","Robot Space Explorer","Say the Spire","StSLib","TestMod","UnlockEverythingMod","[IsaacMod]以撒尖塔"],"gold_per_floor":[133,133,145,145,170,170,181,191,191,219,46,62,105,119,119,224,224,250,279,279,279,279,279,311,211,211,35,35,59,59,94,94,144,144],"floor_reached":33,"language":"ZHS","playtime":1028,"items_purged":["Strike_R","Strike_R","Strike_R"],"score":344,"play_id":"6d94390a-d173-4f42-8b53-a6f8f03ae830","local_time":"20210128142328","is_ascension_mode":false,"campfire_choices":[{"data":"Bash","floor":6,"key":"SMITH"},{"data":"Armaments","floor":15,"key":"SMITH"},{"data":"Double Tap","floor":23,"key":"SMITH"},{"data":"BettingIsNotGood","floor":28,"key":"SMITH"},{"data":"Pommel Strike","floor":30,"key":"SMITH"},{"data":"Disarm","floor":32,"key":"SMITH"}],"circlet_count":0,"master_deck":["Strike_R","Strike_R","Defend_R","Defend_R","Defend_R","Defend_R","Bash+1","BettingIsNotGood+1","Shrug It Off","Clash","Pommel Strike+1","testmod-HeadAttack","Disarm+1","Armaments+1","Disarm","Double Tap+1","Pommel Strike+1"],"relics":["HushsDoor","testmod-TestBox","HowToJump","testmod-TurbochargingSystem","Coffee Dripper","Bottled Flame","Eternal Feather","Odd Mushroom","ChampionBelt","testmod-AssaultLearning","MutagenicStrength","Juzu Bracelet","Frozen Egg 2","Molten Egg 2","Bag of Preparation","Happy Flower"],"acts_visited":["Exordium","TheCity"],"potions_floor_usage":[16,19,33,33],"damage_taken":[{"damage":0,"enemies":"Small Slimes","floor":1,"turns":3},{"damage":5,"enemies":"2 Louse","floor":3,"turns":2},{"damage":0,"enemies":"Cultist","floor":5,"turns":3},{"damage":3,"enemies":"3 Louse","floor":7,"turns":3},{"damage":0,"enemies":"2 Fungi Beasts","floor":8,"turns":2},{"damage":16,"enemies":"Lagavulin","floor":10,"turns":4},{"damage":3,"enemies":"Lots of Slimes","floor":12,"turns":4},{"damage":12,"enemies":"The Mushroom Lair","floor":13,"turns":4},{"damage":5,"enemies":"Exordium Thugs","floor":14,"turns":4},{"damage":4,"enemies":"Hexaghost","floor":16,"turns":8},{"damage":0,"enemies":"Book of Stabbing","floor":18,"turns":4},{"damage":21,"enemies":"Gremlin Leader","floor":19,"turns":7},{"damage":21,"enemies":"Slavers","floor":24,"turns":4},{"damage":7,"enemies":"Book of Stabbing","floor":31,"turns":4},{"damage":132,"enemies":"Collector","floor":33,"turns":11}],"seed_played":"-6938402403824894554","potions_obtained":[{"floor":5,"key":"Swift Potion"},{"floor":12,"key":"LiquidBronze"},{"floor":13,"key":"SmokeBomb"},{"floor":14,"key":"Dexterity Potion"},{"floor":16,"key":"SpeedPotion"},{"floor":24,"key":"Slimebound:ThreeZeroPotion"},{"floor":31,"key":"testmod-TestPotion"}],"is_trial":false,"path_per_floor":["M","?","M","?","M","R","M","M","T","E","$","M","?","M","R","B",null,"M","M","?","?","?","R","M","$","T","$","R","T","R","M","R","B"],"character_chosen":"IRONCLAD","items_purchased":["testmod-HeadAttack","Pommel Strike+1"],"campfire_rested":0,"item_purchase_floors":[11,27],"current_hp_per_floor":[80,85,80,65,65,65,62,62,62,46,46,43,31,26,35,31,72,72,56,56,56,56,65,44,44,44,44,53,53,62,65,74,0,0],"gold":144,"neow_bonus":"BOSS_RELIC","is_daily":false,"chose_seed":false,"campfire_upgraded":6,"win_rate":0.0,"timestamp":1611815008,"path_taken":["M","?","M","?","M","R","M","?","T","E","?","M","?","M","R","BOSS","M","M","?","?","?","R","M","$","T","?","R","?","R","M","R","BOSS"],"items_purchased_type":["Card","Card"],"build_version":"2020-12-22","purchased_purges":3,"victory":false,"max_hp_per_floor":[80,85,85,85,85,85,85,85,85,85,85,85,85,85,85,85,85,85,85,85,85,85,85,85,85,85,85,85,85,85,85,85,85,85],"card_choices":[{"not_picked":[],"picked":"BettingIsNotGood","floor":0},{"not_picked":["Warcry","Body Slam"],"picked":"Shrug It Off","floor":1},{"not_picked":["Combust","Flame Barrier"],"picked":"Clash","floor":3},{"not_picked":["Twin Strike","Clash"],"picked":"Bomb","floor":5},{"not_picked":["Headbutt","Sword Boomerang","Exhume"],"picked":"SKIP","floor":7},{"not_picked":["Perfected Strike","Body Slam","Clothesline"],"picked":"SKIP","floor":8},{"not_picked":["Dual Wield","Bomb"],"picked":"Pommel Strike","floor":10},{"not_picked":["Wild Strike","Pommel Strike"],"picked":"Disarm","floor":12},{"not_picked":["Heavy Blade","Anger"],"picked":"Armaments","floor":13},{"not_picked":["Iron Wave","Carnage"],"picked":"Disarm","floor":14},{"not_picked":["Immolate","Berserk"],"picked":"Double Tap","floor":16},{"not_picked":["Hemokinesis+1","Feel No Pain","Armaments+1"],"picked":"SKIP","floor":18},{"not_picked":["Evolve","Thunderclap","Perfected Strike"],"picked":"SKIP","floor":19},{"not_picked":["Headbutt","Twin Strike","True Grit"],"picked":"SKIP","floor":24},{"not_picked":["Bloodletting","Reckless Charge+1","Evolve+1"],"picked":"SKIP","floor":31}],"player_experience":15430,"relics_obtained":[{"floor":9,"key":"Bottled Flame"},{"floor":10,"key":"Eternal Feather"},{"floor":13,"key":"Odd Mushroom"},{"floor":18,"key":"testmod-AssaultLearning"},{"floor":19,"key":"Lantern"},{"floor":24,"key":"Frozen Egg 2"},{"floor":26,"key":"Molten Egg 2"},{"floor":29,"key":"Bag of Preparation"},{"floor":31,"key":"Happy Flower"}],"event_choices":[{"damage_healed":0,"gold_gain":0,"player_choice":"Donut","damage_taken":0,"max_hp_gain":5,"max_hp_loss":0,"event_name":"Big Fish","floor":2,"gold_loss":0},{"damage_healed":0,"gold_gain":0,"player_choice":"Fought Mushrooms","damage_taken":0,"max_hp_gain":0,"max_hp_loss":0,"event_name":"Mushrooms","floor":13,"gold_loss":0},{"damage_healed":0,"gold_gain":0,"player_choice":"Inject Mutagens","damage_taken":0,"relics_obtained":["MutagenicStrength"],"max_hp_gain":0,"max_hp_loss":0,"event_name":"Drug Dealer","floor":20,"gold_loss":0},{"damage_healed":0,"gold_gain":0,"player_choice":"Swap Relic","damage_taken":0,"relics_obtained":["Juzu Bracelet"],"max_hp_gain":0,"max_hp_loss":0,"event_name":"给自己的盒子","floor":21,"relics_lost":["Lantern"],"gold_loss":0},{"damage_healed":0,"gold_gain":0,"player_choice":"Ignored","damage_taken":0,"max_hp_gain":0,"max_hp_loss":0,"event_name":"Ghosts","floor":22,"gold_loss":0}],"is_beta":false,"boss_relics":[{"not_picked":["testmod-CardMagician","testmod-IncinerationGenerator"],"picked":"ChampionBelt"},{"not_picked":[]}],"items_purged_floors":[11,25,27],"is_endless":false,"potions_floor_spawned":[5,12,13,14,16,24,31],"killed_by":"Collector","ascension_level":20}}