{"host":"7jl4uf745pjtflnx","time":1611805335,"event":{"mods":["BaseMod","BetterRewards","Hubris","Minty Spire (QoL Compilation)","Replay The Spire","StSLib","SuperFastMode","The Construct"],"gold_per_floor":[109,109,121,156,190,190,190,218,241,241,251,251,130,130,130,208,208,224,234,267,1,17,51,51,51,51,61,99,99,99,131,131,205,205,216,253,85,126,142,142,0,0,0,10,43,43,43,88,88,88,88,88,8,36,36],"floor_reached":56,"language":"ENG","playtime":2310,"items_purged":["Strike_B","Strike_B","Strike_B","Strike_B","Doubt"],"score":2657,"play_id":"04d61bd2-d8b4-4f8a-813f-460ee8f7014a","local_time":"20210127224215","is_ascension_mode":true,"campfire_choices":[{"floor":6,"key":"REST"},{"floor":10,"key":"REST"},{"data":"Defragment","floor":12,"key":"SMITH"},{"data":"Loop","floor":12,"key":"SMITH"},{"data":"Defragment","floor":15,"key":"SMITH"},{"data":"hubris:PowerSurge","floor":15,"key":"SMITH"},{"data":"FIFO Queue","floor":24,"key":"SMITH"},{"data":"Self Repair","floor":24,"key":"SMITH"},{"data":"Mirror Shield","floor":30,"key":"SMITH"},{"data":"Capacitor","floor":30,"key":"SMITH"},{"data":"Biased Cognition","floor":32,"key":"SMITH"},{"data":"HandOfGreed","floor":32,"key":"SMITH"},{"floor":40,"key":"RECALL"},{"data":"Defragment","floor":47,"key":"SMITH"},{"data":"Coolheaded","floor":47,"key":"SMITH"},{"data":"Barrage","floor":49,"key":"SMITH"},{"data":"Zap","floor":49,"key":"SMITH"},{"data":"Amplify","floor":52,"key":"SMITH"},{"data":"Amplify","floor":52,"key":"SMITH"}],"circlet_count":0,"master_deck":["AscendersBane","Defend_B","Defend_B","Defend_B","Defend_B","Zap+1","Dualcast+1","Loop+1","HandOfGreed+1","FTL","FTL","Defragment+1","Coolheaded+1","FIFO Queue+1","hubris:PowerSurge+1","Cold Snap","Barrage+1","Defragment+1","Panache","Defragment+1","Defragment+1","Ball Lightning","Auto Shields","Static Discharge","Glacier+1","Defragment+1","Mirror Shield+1","Ball Lightning","Self Repair+1","Coolheaded+1","Core Surge","Capacitor+1","Biased Cognition+1","Amplify+1","BootSequence+1","Redo+1","Amplify+1","Defragment+1","Machine Learning","Chill"],"relics":["Cracked Core","Strawberry","Replay:Arrowhead","Orrery","Pear","Solar Panel","DollysMirror","Pet Ghost","hubris:Backtick","Mummified Hand","Membership Card","Juzu Bracelet","Blue Doll","ReplayTheSpireMod:TigerMarble","Tiny Chest","Replay:Grab Bag","hubris:RunicObelisk","Replay:Bronze Core","hubris:HollowSoul","TheAbacus","Red Mask","Onion Ring","Art of War","Molten Egg 2","hubris:Spice","Quantum Egg"],"acts_visited":["Exordium","TheCity","TheBeyond","TheEnding"],"potions_floor_usage":[5,5,48,55],"damage_taken":[{"damage":1,"enemies":"Small Slimes","floor":1,"turns":4},{"damage":0,"enemies":"Cultist","floor":3,"turns":3},{"damage":1,"enemies":"2 Louse","floor":4,"turns":2},{"damage":5,"enemies":"Lots of Slimes","floor":5,"turns":3},{"damage":19,"enemies":"Lagavulin","floor":8,"turns":6},{"damage":2,"enemies":"3 Louse","floor":11,"turns":2},{"damage":0,"enemies":"Slime Boss","floor":16,"turns":4},{"damage":17,"enemies":"2 Thieves","floor":18,"turns":3},{"damage":0,"enemies":"Spheric Guardian","floor":19,"turns":2},{"damage":7,"enemies":"Cultist and Chosen","floor":20,"turns":4},{"damage":0,"enemies":"3 Cultists","floor":22,"turns":3},{"damage":0,"enemies":"Book of Stabbing","floor":23,"turns":5},{"damage":0,"enemies":"Shelled Parasite and Fungi","floor":27,"turns":3},{"damage":9,"enemies":"Centurion and Healer","floor":28,"turns":6},{"damage":17,"enemies":"Gremlin Leader","floor":31,"turns":4},{"damage":27,"enemies":"hubris:MusketHawk","floor":33,"turns":7},{"damage":0,"enemies":"3 Shapes","floor":35,"turns":3},{"damage":0,"enemies":"Orb Walker","floor":36,"turns":3},{"damage":0,"enemies":"Transient","floor":39,"turns":5},{"damage":0,"enemies":"Spire Growth","floor":44,"turns":5},{"damage":56,"enemies":"Reptomancer","floor":45,"turns":5},{"damage":0,"enemies":"2 Orb Walkers","floor":48,"turns":4},{"damage":6,"enemies":"Awakened One","floor":50,"turns":6},{"damage":0,"enemies":"Shield and Spear","floor":54,"turns":5},{"damage":94,"enemies":"The Heart","floor":55,"turns":8}],"seed_played":"-8143544300568092498","potions_obtained":[{"floor":4,"key":"EntropicBrew"},{"floor":8,"key":"Death Potion"},{"floor":11,"key":"ColorlessPotion"},{"floor":19,"key":"Strength Potion"},{"floor":20,"key":"Regen Potion"}],"is_trial":false,"path_per_floor":["M","?","M","M","M","R","?","E","T","R","M","R","$","?","R","B",null,"M","M","M","$","M","E","R","?","T","M","M","?","R","E","R","B",null,"M","M","$","?","M","R","?","?","T","M","E","T","R","?","R","B",null,"R","$","E","B",null],"character_chosen":"DEFECT","items_purchased":["Loop","HandOfGreed","Strawberry","FTL","Defragment","Replay:Arrowhead","Orrery","Pear","Defragment","Panache","Defragment+1","Solar Panel","DollysMirror","Sweeping Beam","Glacier","Defragment","Membership Card","Coolheaded+1","Core Surge","TheAbacus","Machine Learning"],"campfire_rested":2,"item_purchase_floors":[0,0,0,0,0,0,0,0,0,0,0,0,0,0,13,13,21,21,21,37,53],"current_hp_per_floor":[40,14,18,19,16,42,42,23,23,49,47,47,47,47,47,49,78,63,67,62,62,71,78,78,78,78,82,87,87,87,86,86,75,85,88,88,88,59,71,71,71,71,71,87,51,51,51,73,73,85,93,93,93,96,20],"gold":36,"neow_bonus":"","is_daily":false,"chose_seed":false,"campfire_upgraded":16,"win_rate":0.0,"timestamp":1611805335,"path_taken":["M","?","M","M","M","R","?","E","T","R","?","R","$","?","R","BOSS","M","M","?","$","M","E","R","?","T","M","M","?","R","E","R","BOSS","M","M","$","?","M","R","?","?","T","M","E","?","R","?","R","BOSS","R","$","E","BOSS"],"items_purchased_type":["Card","Card","Relic","Card","Card","Relic","Relic","Relic","Card","Card","Card","Relic","Relic","Card","Card","Card","Relic","Card","Card","Relic","Card"],"build_version":"2020-12-22","purchased_purges":5,"victory":true,"max_hp_per_floor":[88,88,88,88,88,88,88,88,88,88,88,88,88,88,88,88,88,88,88,88,88,88,88,88,88,88,88,88,88,88,88,88,88,88,88,88,88,88,88,88,88,88,88,88,88,88,88,96,96,96,96,96,96,96,96],"card_choices":[{"not_picked":["Stack","Steam"],"picked":"Coolheaded","floor":0},{"not_picked":["Sweeping Beam","Melter"],"picked":"FIFO Queue","floor":0},{"not_picked":["Loop","Leap"],"picked":"hubris:PowerSurge","floor":0},{"not_picked":["White Noise","Streamline"],"picked":"Cold Snap","floor":0},{"not_picked":["Panic Button","Cold Snap"],"picked":"Barrage","floor":0},{"not_picked":["Beam Cell","Conserve Battery"],"picked":"Ball Lightning","floor":1},{"not_picked":["Aggregate","Stack","Consume"],"picked":"SKIP","floor":3},{"not_picked":["Beam Cell","Gash"],"picked":"Auto Shields","floor":4},{"not_picked":["Darkness","All For One","Rebound"],"picked":"SKIP","floor":5},{"not_picked":["Go for the Eyes","Compile Driver","Stack"],"picked":"SKIP","floor":8},{"not_picked":["Auto Shields","BasicCrystalCard"],"picked":"Static Discharge","floor":11},{"not_picked":["Fission","All For One"],"picked":"Mirror Shield","floor":16},{"not_picked":["Barrage","Leap","Turbo"],"picked":"SKIP","floor":18},{"not_picked":["Streamline","Steam+1"],"picked":"Ball Lightning","floor":19},{"not_picked":["ReplaySort","Crystallizer+1"],"picked":"Self Repair","floor":20},{"not_picked":["Leap+1","Barrage+1","hubris:Ukulele"],"picked":"SKIP","floor":22},{"not_picked":["Darkness+1","Beam Cell","ReplayTheSpireMod:Reroute Power"],"picked":"SKIP","floor":23},{"not_picked":["BasicCrystalCard+1","Gash","Streamline"],"picked":"SKIP","floor":27},{"not_picked":["Multi-Cast","FTL","Stack"],"picked":"SKIP","floor":28},{"not_picked":["BasicCrystalCard","Barrage"],"picked":"Biased Cognition","floor":31},{"not_picked":["Multi-Cast","Seek"],"picked":"Amplify","floor":33},{"not_picked":["Turbo+1","Steam+1"],"picked":"BootSequence+1","floor":35},{"not_picked":["Panic Button","ReplayTheSpireMod:GoodbyeWorld"],"picked":"Redo+1","floor":36},{"not_picked":["Coolheaded","Rebound","Skim+1"],"picked":"SKIP","floor":39},{"not_picked":["Recycle+1","Steam","Streamline"],"picked":"SKIP","floor":44},{"not_picked":["Self Repair","Beam Cell"],"picked":"Defragment","floor":45},{"not_picked":["Reinforced Body","Thunder Strike+1"],"picked":"Chill","floor":54}],"player_experience":729491,"relics_obtained":[{"floor":8,"key":"Pet Ghost"},{"floor":23,"key":"Juzu Bracelet"},{"floor":26,"key":"ReplayTheSpireMod:TigerMarble"},{"floor":31,"key":"Tiny Chest"},{"floor":43,"key":"Onion Ring"},{"floor":45,"key":"Art of War"},{"floor":46,"key":"Molten Egg 2"},{"floor":48,"key":"hubris:Spice"},{"floor":54,"key":"Quantum Egg"}],"event_choices":[{"damage_healed":0,"gold_gain":0,"player_choice":"Entered Light","damage_taken":26,"max_hp_gain":0,"max_hp_loss":0,"event_name":"Shining Light","floor":2,"gold_loss":0,"cards_upgraded":["Dualcast","Defragment"]},{"damage_healed":0,"gold_gain":0,"player_choice":"Ignored","damage_taken":0,"max_hp_gain":0,"max_hp_loss":0,"event_name":"Transmorgrifier","floor":7,"gold_loss":0},{"damage_healed":0,"gold_gain":0,"player_choice":"Upgraded","damage_taken":0,"max_hp_gain":0,"max_hp_loss":0,"event_name":"Upgrade Shrine","floor":14,"gold_loss":0,"cards_upgraded":["Glacier"]},{"damage_healed":0,"gold_gain":0,"player_choice":"Read","damage_taken":0,"max_hp_gain":0,"max_hp_loss":0,"event_name":"The Library","floor":29,"gold_loss":0,"cards_obtained":["Capacitor"]},{"damage_healed":0,"gold_gain":0,"player_choice":"Paid","damage_taken":0,"relics_obtained":["Red Mask"],"max_hp_gain":0,"max_hp_loss":0,"event_name":"Tomb of Lord Red Mask","floor":41,"gold_loss":142},{"damage_healed":0,"gold_gain":0,"cards_transformed":["Sweeping Beam"],"player_choice":"Transformed","damage_taken":0,"max_hp_gain":0,"max_hp_loss":0,"event_name":"Transmorgrifier","floor":42,"gold_loss":0,"cards_obtained":["Amplify"]},{"damage_healed":0,"gold_gain":0,"player_choice":"Fight","damage_taken":0,"max_hp_gain":0,"max_hp_loss":0,"event_name":"Mysterious Sphere","floor":48,"gold_loss":0}],"is_beta":false,"boss_relics":[{"not_picked":["construct:ClawGrip","Tiny House"],"picked":"hubris:Backtick"},{"not_picked":["Velvet Choker","Empty Cage"],"picked":"Replay:Grab Bag"},{"not_picked":["ReplayTheSpireMod:Onyx Gauntlets","hubris:CrackedHourglass"],"picked":"hubris:RunicObelisk"},{"not_picked":["ReplayTheSpireMod:DimensionalGlitch","Abe\u0027s Treasure"],"picked":"Replay:Bronze Core"},{"not_picked":["SlaversCollar","Kintsugi"],"picked":"hubris:HollowSoul"}],"items_purged_floors":[0,0,0,0,37],"is_endless":false,"potions_floor_spawned":[4,8,11,19,20,27,31,33,35,39,48,54],"ascension_level":16}}