{"host":"April","time":1611815743,"event":{"mods":["BaseMod","Minty Spire (QoL Compilation)"],"gold_per_floor":[10,30,30,43,43,87,108,152,152,192,208,208,228,246,246,365,365,381,23,23,55,80,80,129,204,256,256,301,331,360,360,360,499,499,528,555,573,573,596,636,636,711,735,764,18,65,93,136,136,136],"floor_reached":51,"language":"ENG","playtime":5236,"items_purged":[],"score":863,"play_id":"f4d7f20b-0b5b-4d55-8e44-76b35923c9f6","local_time":"20210127223543","is_ascension_mode":true,"campfire_choices":[{"floor":12.0,"key":"REST"},{"data":"Terror","floor":15.0,"key":"SMITH"},{"data":"PiercingWail","floor":23.0,"key":"SMITH"},{"data":"Sucker Punch","floor":27.0,"key":"SMITH"},{"data":"Doppelganger","floor":32.0,"key":"SMITH"},{"data":"Adrenaline","floor":41.0,"key":"SMITH"},{"data":"Sadistic Nature","floor":49,"key":"SMITH"}],"circlet_count":0,"master_deck":["Strike_G","Strike_G","Strike_G","Strike_G","Strike_G","Defend_G","Defend_G","Defend_G","Defend_G","Defend_G","Survivor","Neutralize","Riddle With Holes","Poisoned Stab","Sucker Punch+1","Dash","Terror+1","All Out Attack+1","PiercingWail+1","Endless Agony","Tactician","Storm of Steel+1","Crippling Poison","Footwork","Sadistic Nature+1","Escape Plan+1","Sucker Punch+1","Doppelganger+1","Distraction","Acrobatics+1","Deadly Poison","Adrenaline+1","Leg Sweep+1","Underhanded Strike+1","Madness","Madness","Predator+1","Malaise","Backflip","Well Laid Plans","Transmutation","Tactician","Venomology","Noxious Fumes","Acrobatics+1"],"relics":["Ring of the Snake","Tough Bandages","Golden Idol","Pantograph","Bag of Marbles","Meat on the Bone","Mercury Hourglass","Happy Flower","SacredBark","CeramicFish","HornCleat","Oddly Smooth Stone","PreservedInsect","Whetstone","Pear","Snecko Eye","Ornamental Fan","The Specimen","Blood Vial","War Paint","Letter Opener","HandDrill","Potion Belt","Bottled Flame"],"acts_visited":["Exordium","TheCity","TheBeyond"],"potions_floor_usage":[50,50,50,50,50],"damage_taken":[{"damage":4.0,"enemies":"Jaw Worm","floor":1.0,"turns":6.0},{"damage":0.0,"enemies":"Small Slimes","floor":2.0,"turns":4.0},{"damage":1.0,"enemies":"Cultist","floor":4.0,"turns":3.0},{"damage":15.0,"enemies":"Gremlin Nob","floor":6.0,"turns":4.0},{"damage":7.0,"enemies":"Large Slime","floor":7.0,"turns":7.0},{"damage":24.0,"enemies":"3 Sentries","floor":8.0,"turns":7.0},{"damage":10.0,"enemies":"Lagavulin","floor":10.0,"turns":4.0},{"damage":0.0,"enemies":"Lots of Slimes","floor":11.0,"turns":1.0},{"damage":0.0,"enemies":"Exordium Thugs","floor":13.0,"turns":3.0},{"damage":0.0,"enemies":"Gremlin Gang","floor":14.0,"turns":2.0},{"damage":19.0,"enemies":"The Guardian","floor":16.0,"turns":12.0},{"damage":1.0,"enemies":"Chosen","floor":18.0,"turns":4.0},{"damage":7.0,"enemies":"Shell Parasite","floor":21.0,"turns":5.0},{"damage":1.0,"enemies":"Centurion and Healer","floor":22.0,"turns":8.0},{"damage":3.0,"enemies":"Gremlin Leader","floor":24.0,"turns":7.0},{"damage":4.0,"enemies":"Slavers","floor":28.0,"turns":5.0},{"damage":0.0,"enemies":"Sentry and Sphere","floor":29.0,"turns":4.0},{"damage":13.0,"enemies":"Snecko","floor":30.0,"turns":4.0},{"damage":59.0,"enemies":"Collector","floor":33.0,"turns":14.0},{"damage":0.0,"enemies":"Orb Walker","floor":35.0,"turns":2.0},{"damage":0.0,"enemies":"3 Shapes","floor":36.0,"turns":5.0},{"damage":3.0,"enemies":"3 Darklings","floor":39.0,"turns":5.0},{"damage":35.0,"enemies":"Nemesis","floor":40.0,"turns":7.0},{"damage":0.0,"enemies":"2 Orb Walkers","floor":42.0,"turns":5.0},{"damage":3.0,"enemies":"Sphere and 2 Shapes","floor":44.0,"turns":3.0},{"damage":3.0,"enemies":"Giant Head","floor":46.0,"turns":7.0},{"damage":2.0,"enemies":"Maw","floor":47.0,"turns":7.0},{"damage":0.0,"enemies":"Reptomancer","floor":48.0,"turns":4.0},{"damage":3,"enemies":"Donu and Deca","floor":50,"turns":7}],"seed_played":"-8286866393390083879","potions_obtained":[{"floor":2.0,"key":"LiquidMemories"},{"floor":7.0,"key":"Strength Potion"},{"floor":8.0,"key":"AttackPotion"},{"floor":10.0,"key":"Strength Potion"},{"floor":14.0,"key":"SpeedPotion"},{"floor":16.0,"key":"Fire Potion"},{"floor":21.0,"key":"Block Potion"},{"floor":28.0,"key":"Swift Potion"},{"floor":30.0,"key":"Weak Potion"},{"floor":35.0,"key":"Swift Potion"},{"floor":46.0,"key":"SkillPotion"},{"floor":47.0,"key":"Weak Potion"},{"floor":48,"key":"Strength Potion"}],"is_trial":false,"path_per_floor":["M","M","?","M","?","E","M","E","T","E","M","R","M","M","R","B",null,"M","$","T","M","M","R","E","?","T","R","E","M","M","T","R","B",null,"M","M","?","?","M","E","R","?","T","M","$","E","M","E","R","B",null],"character_chosen":"THE_SILENT","items_purchased":["CeramicFish","Footwork","Sadistic Nature","War Paint","Letter Opener","HandDrill","Transmutation","Tactician"],"campfire_rested":1,"item_purchase_floors":[19,19,19,45,45,45,45,45],"current_hp_per_floor":[66,66,66,65,65,50,43,19,19,21,33,54,54,54,54,51,70,69,69,69,62,61,61,58,51,51,51,47,47,46,56,56,33,80,80,80,70,70,67,44,44,44,44,43,43,42,42,44,44,68],"gold":136,"neow_bonus":"ONE_RARE_RELIC","is_daily":false,"chose_seed":false,"campfire_upgraded":6,"win_rate":0.0,"timestamp":1611815743,"path_taken":["M","M","?","M","?","E","M","E","T","E","M","R","M","M","R","BOSS","M","$","?","M","M","R","E","?","T","R","E","?","M","?","R","BOSS","M","?","?","?","?","E","R","?","T","M","$","E","M","E","R","BOSS"],"items_purchased_type":["Relic","Card","Card","Relic","Relic","Relic","Card","Card"],"build_version":"2020-12-18","purchased_purges":0,"victory":true,"max_hp_per_floor":[70,70,70,70,70,70,70,70,70,70,70,70,70,70,70,70,70,70,70,70,70,70,70,70,70,70,70,70,70,70,80,80,80,80,80,80,80,80,80,80,80,80,80,80,80,80,80,80,80,80],"card_choices":[{"not_picked":["Dagger Spray","Sucker Punch"],"picked":"Riddle With Holes","floor":1.0},{"not_picked":["Accuracy","Dodge and Roll"],"picked":"Poisoned Stab","floor":2.0},{"not_picked":["Deflect","Expertise"],"picked":"Bane","floor":4.0},{"not_picked":["Outmaneuver","Setup"],"picked":"Sucker Punch","floor":6.0},{"not_picked":["Calculated Gamble","Poisoned Stab"],"picked":"Dash","floor":7.0},{"not_picked":["Calculated Gamble","Blur"],"picked":"Terror","floor":8.0},{"not_picked":["Slice","Crippling Poison"],"picked":"All Out Attack","floor":10.0},{"not_picked":["Deflect","Flying Knee"],"picked":"PiercingWail","floor":11.0},{"not_picked":["PiercingWail","Flechettes"],"picked":"Endless Agony","floor":13.0},{"not_picked":["Endless Agony","Outmaneuver"],"picked":"Tactician","floor":14.0},{"not_picked":["A Thousand Cuts","After Image"],"picked":"Storm of Steel","floor":16.0},{"not_picked":["Flying Knee","Distraction"],"picked":"Crippling Poison","floor":18.0},{"not_picked":["Outmaneuver+1","Dagger Throw"],"picked":"Escape Plan","floor":21.0},{"not_picked":["Quick Slash","Deflect"],"picked":"Sucker Punch","floor":22.0},{"not_picked":["Flying Knee","Backstab"],"picked":"Doppelganger","floor":24.0},{"not_picked":["PiercingWail","Bane"],"picked":"Distraction","floor":28.0},{"not_picked":["Choke+1","Escape Plan"],"picked":"Acrobatics+1","floor":29.0},{"not_picked":["Choke","Poisoned Stab"],"picked":"Deadly Poison","floor":30.0},{"not_picked":["Malaise","Unload"],"picked":"Adrenaline","floor":33.0},{"not_picked":["Cloak And Dagger+1","Acrobatics+1"],"picked":"Leg Sweep+1","floor":35.0},{"not_picked":["Dodge and Roll+1","Expertise+1"],"picked":"Underhanded Strike+1","floor":36.0},{"not_picked":["Acrobatics+1","Blur"],"picked":"Predator+1","floor":39.0},{"not_picked":["Dagger Throw","Acrobatics"],"picked":"Malaise","floor":40.0},{"not_picked":["Blade Dance","Predator"],"picked":"Backflip","floor":42.0},{"not_picked":["Deadly Poison","Deflect"],"picked":"Well Laid Plans","floor":44.0},{"not_picked":["Catalyst+1","Leg Sweep+1"],"picked":"Venomology","floor":46.0},{"not_picked":["Quick Slash","Outmaneuver"],"picked":"Noxious Fumes","floor":47.0},{"not_picked":["Well Laid Plans+1","All Out Attack+1"],"picked":"Acrobatics+1","floor":48}],"player_experience":2616287,"relics_obtained":[{"floor":6.0,"key":"Bag of Marbles"},{"floor":8.0,"key":"Meat on the Bone"},{"floor":9.0,"key":"Mercury Hourglass"},{"floor":10.0,"key":"Happy Flower"},{"floor":20.0,"key":"HornCleat"},{"floor":24.0,"key":"Oddly Smooth Stone"},{"floor":26.0,"key":"PreservedInsect"},{"floor":28.0,"key":"Whetstone"},{"floor":31.0,"key":"Pear"},{"floor":40.0,"key":"Ornamental Fan"},{"floor":42.0,"key":"The Specimen"},{"floor":43.0,"key":"Blood Vial"},{"floor":46.0,"key":"Potion Belt"},{"floor":48,"key":"Bottled Flame"}],"event_choices":[{"damage_healed":0.0,"max_hp_gain":0.0,"max_hp_loss":0.0,"gold_gain":0.0,"event_name":"Golden Idol","player_choice":"Take Wound","floor":3.0,"gold_loss":0.0,"damage_taken":0.0,"relics_obtained":["Golden Idol"],"cards_obtained":["Injury"]},{"cards_removed":["Bane"],"damage_healed":0.0,"max_hp_gain":0.0,"max_hp_loss":0.0,"gold_gain":0.0,"event_name":"WeMeetAgain","player_choice":"Gave Card","floor":5.0,"gold_loss":0.0,"damage_taken":0.0,"relics_obtained":["Pantograph"]},{"damage_healed":0.0,"max_hp_gain":0.0,"max_hp_loss":0.0,"gold_gain":75.0,"event_name":"FaceTrader","player_choice":"Touch","floor":25.0,"gold_loss":0.0,"damage_taken":7.0},{"damage_healed":0.0,"max_hp_gain":0.0,"max_hp_loss":0.0,"gold_gain":0.0,"event_name":"Winding Halls","player_choice":"Embrace Madness","floor":37.0,"gold_loss":0.0,"damage_taken":10.0,"cards_obtained":["Madness","Madness"]},{"cards_removed":["Injury"],"damage_healed":0.0,"max_hp_gain":0.0,"max_hp_loss":0.0,"gold_gain":0.0,"event_name":"Fountain of Cleansing","player_choice":"Removed Curses","floor":38.0,"gold_loss":0.0,"damage_taken":0.0},{"damage_healed":0.0,"max_hp_gain":0.0,"max_hp_loss":0.0,"gold_gain":0.0,"event_name":"Mysterious Sphere","player_choice":"Fight","floor":42.0,"gold_loss":0.0,"damage_taken":0.0}],"is_beta":true,"boss_relics":[{"not_picked":["Tiny House","Coffee Dripper"],"picked":"SacredBark"},{"not_picked":["Astrolabe","Sozu"],"picked":"Snecko Eye"}],"items_purged_floors":[],"is_endless":false,"potions_floor_spawned":[2,7,8,10,14,16,21,22,28,30,35,46,47,48],"ascension_level":1}}