{"host":"z9811rt50ti81n54","time":1611799317,"event":{"mods":["Arknights The Spire","BaseMod","Minty Spire (QoL Compilation)","StSLib"],"gold_per_floor":[113,123,6,16,16,16,41,41,41,55,123,123,123,199,199,329,329,342,355,355,375,10,10,33,33,108,108,108,10,29,29,29,157,157,180,280,280,293,293,293,293,293],"floor_reached":41,"language":"ENG","playtime":2274,"items_purged":["ats:Strike V"],"score":404,"play_id":"6f10370a-b8eb-4ac9-88d3-3efd8ce3b28d","local_time":"20210128110157","is_ascension_mode":false,"campfire_choices":[{"data":"ats:Absolute Focus","floor":13,"key":"SMITH"},{"data":"ats:Literary Storm","floor":15,"key":"SMITH"},{"data":"ats:Roar Of Ursus","floor":23,"key":"SMITH"},{"data":"ats:Sword Rain","floor":25,"key":"SMITH"},{"data":"ats:Hook Shot","floor":27,"key":"SMITH"},{"data":"Purity","floor":32,"key":"SMITH"},{"data":"ats:Dogmatic Field","floor":40,"key":"SMITH"}],"circlet_count":0,"master_deck":["ats:Strike C","ats:Strike G","ats:Strike S","ats:Armor Crushing Shot","ats:Defend","ats:Defend","ats:Defend","ats:Defend","ats:Emotion Absorption","ats:Explosion Area Strengthen","ats:Sword Rain+1","Dramatic Entrance+1","ats:Cat Scratch","ats:Hammer On","ats:Blood Oath","ats:Absolute Focus+1","ats:Literary Storm+1","ats:Roar Of Ursus+1","ats:Curse Doll+1","ats:Very Hot Blade+1","ats:Hook Shot+1","ats:Overload+1","Purity+1","ats:Song Of Battle+1","ats:Dogmatic Field+1","Madness","Madness"],"relics":["ats:Sanity","NeowsBlessing","Golden Idol","Juzu Bracelet","Mummified Hand","Coffee Dripper","Enchiridion","Gremlin Horn","Pear","SacredBark"],"acts_visited":["Exordium","TheCity","TheBeyond"],"potions_floor_usage":[14,16,33,33],"damage_taken":[{"damage":0,"enemies":"2 Louse","floor":1,"turns":1},{"damage":0,"enemies":"Small Slimes","floor":2,"turns":1},{"damage":0,"enemies":"Cultist","floor":4,"turns":1},{"damage":6,"enemies":"Large Slime","floor":7,"turns":4},{"damage":5,"enemies":"Looter","floor":10,"turns":3},{"damage":12,"enemies":"Gremlin Nob","floor":14,"turns":4},{"damage":27,"enemies":"Slime Boss","floor":16,"turns":12},{"damage":15,"enemies":"Shell Parasite","floor":18,"turns":4},{"damage":0,"enemies":"Chosen","floor":19,"turns":3},{"damage":9,"enemies":"Centurion and Healer","floor":21,"turns":4},{"damage":0,"enemies":"3 Cultists","floor":24,"turns":4},{"damage":28,"enemies":"Snecko","floor":30,"turns":5},{"damage":31,"enemies":"Champ","floor":33,"turns":6},{"damage":55,"enemies":"3 Darklings","floor":35,"turns":4},{"damage":42,"enemies":"3 Shapes","floor":38,"turns":2},{"damage":105,"enemies":"Giant Head","floor":41,"turns":7}],"seed_played":"8200332888583440733","potions_obtained":[{"floor":2,"key":"SkillPotion"},{"floor":10,"key":"EssenceOfSteel"},{"floor":14,"key":"Ancient Potion"},{"floor":16,"key":"Ancient Potion"},{"floor":19,"key":"Swift Potion"},{"floor":38,"key":"SkillPotion"}],"is_trial":false,"path_per_floor":["M","M","$","M","?","?","M","?","T","M","?","?","R","?","R","B",null,"M","M","?","M","$","R","M","R","T","R","?","$","M","?","R","B",null,"M","?","?","M","?","R","E"],"character_chosen":"DOCTOR_CLASS","items_purchased":["Dramatic Entrance","ats:Cat Scratch","Gremlin Horn","SteroidPotion","Purity"],"campfire_rested":0,"item_purchase_floors":[3,3,22,22,29],"current_hp_per_floor":[72,72,72,72,67,67,61,55,55,53,53,58,58,52,52,37,72,60,63,47,41,41,41,47,47,57,57,82,82,57,57,57,32,82,65,65,55,47,47,47,0,0],"gold":293,"neow_bonus":"THREE_ENEMY_KILL","is_daily":false,"chose_seed":false,"campfire_upgraded":7,"win_rate":0.0,"timestamp":1611799317,"path_taken":["M","M","$","M","?","?","M","?","T","M","?","?","R","?","R","BOSS","M","M","?","M","$","R","M","R","T","R","?","$","M","?","R","BOSS","M","?","?","M","?","R","E"],"items_purchased_type":["Card","Card","Relic","Potion","Card"],"build_version":"2020-12-22","purchased_purges":1,"victory":false,"max_hp_per_floor":[72,72,72,72,67,67,67,67,67,67,67,72,72,72,72,72,72,72,72,72,72,72,72,72,72,82,82,82,82,82,82,82,82,82,82,82,82,82,82,82,82,82],"card_choices":[{"not_picked":["ats:Composite Medical Shells","ats:Demon Strength"],"picked":"ats:Explosion Area Strengthen","floor":1},{"not_picked":["ats:Curse Doll","ats:Apocalypse"],"picked":"ats:Sword Rain","floor":2},{"not_picked":["ats:Assault Order","ats:Ignite"],"picked":"ats:Hammer On","floor":4},{"not_picked":["ats:Hammer On","ats:Counter Healing Mode"],"picked":"ats:Blood Oath","floor":7},{"not_picked":["ats:Red Shift","ats:Counter Healing Mode"],"picked":"ats:Absolute Focus","floor":10},{"not_picked":["ats:LN2 Cannon","ats:Apocalypse"],"picked":"ats:Literary Storm","floor":14},{"not_picked":["ats:Nebulous Foxfire","ats:Wolf Pack"],"picked":"ats:Roar Of Ursus","floor":16},{"not_picked":["ats:Assault Order","ats:Hammer On"],"picked":"ats:Curse Doll+1","floor":18},{"not_picked":["ats:Serious Mode","ats:Shell Defense"],"picked":"ats:Very Hot Blade+1","floor":19},{"not_picked":["ats:Very Hot Blade","ats:Cat Scratch+1"],"picked":"ats:Hook Shot","floor":21},{"not_picked":["ats:Collapsing Strike","ats:Cat Scratch"],"picked":"ats:Overload+1","floor":24},{"not_picked":["ats:Rapid Magazine+1","ats:Consecutive Shot Auto"],"picked":"ats:Song Of Battle+1","floor":30},{"not_picked":["ats:True Silver Slash","ats:Rat Pack"],"picked":"ats:Dogmatic Field","floor":33},{"not_picked":["ats:Curse Doll","ats:Leaping Hammer+1","ats:Guardian Obelisk"],"picked":"SKIP","floor":35},{"not_picked":["ats:Curse Doll","ats:Absolute Focus","ats:Powerful Strike"],"picked":"SKIP","floor":38}],"player_experience":425063,"relics_obtained":[{"floor":9,"key":"Juzu Bracelet"},{"floor":14,"key":"Mummified Hand"},{"floor":20,"key":"Enchiridion"},{"floor":26,"key":"Pear"}],"event_choices":[{"damage_healed":0,"gold_gain":0,"player_choice":"Lose Max HP","damage_taken":0,"relics_obtained":["Golden Idol"],"max_hp_gain":0,"max_hp_loss":5,"event_name":"Golden Idol","floor":5,"gold_loss":0},{"damage_healed":0,"gold_gain":0,"player_choice":"Grow","damage_taken":0,"max_hp_gain":0,"max_hp_loss":0,"event_name":"Living Wall","floor":6,"gold_loss":0,"cards_upgraded":["Dramatic Entrance"]},{"damage_healed":0,"gold_gain":0,"player_choice":"Damaged","damage_taken":6,"max_hp_gain":0,"max_hp_loss":0,"event_name":"Wheel of Change","floor":8,"gold_loss":0},{"damage_healed":0,"gold_gain":68,"player_choice":"Gained Gold","damage_taken":0,"max_hp_gain":0,"max_hp_loss":0,"event_name":"Golden Wing","floor":11,"gold_loss":0},{"damage_healed":0,"gold_gain":0,"player_choice":"Donut","damage_taken":0,"max_hp_gain":5,"max_hp_loss":0,"event_name":"Big Fish","floor":12,"gold_loss":0},{"damage_healed":0,"gold_gain":0,"player_choice":"Searched \u00272\u0027 times","damage_taken":0,"max_hp_gain":0,"max_hp_loss":0,"event_name":"Dead Adventurer","floor":14,"gold_loss":0},{"damage_healed":0,"gold_gain":0,"player_choice":"Obtained Book","damage_taken":16,"max_hp_gain":0,"max_hp_loss":0,"event_name":"Cursed Tome","floor":20,"gold_loss":0},{"damage_healed":27,"gold_gain":0,"player_choice":"Heal","damage_taken":0,"max_hp_gain":0,"max_hp_loss":0,"event_name":"The Library","floor":28,"gold_loss":0},{"damage_healed":0,"gold_gain":100,"player_choice":"Pray","damage_taken":0,"max_hp_gain":0,"max_hp_loss":0,"event_name":"Golden Shrine","floor":36,"gold_loss":0},{"damage_healed":0,"gold_gain":0,"player_choice":"Embrace Madness","damage_taken":10,"max_hp_gain":0,"max_hp_loss":0,"event_name":"Winding Halls","floor":37,"gold_loss":0,"cards_obtained":["Madness","Madness"]},{"damage_healed":0,"gold_gain":0,"player_choice":"Ignored","damage_taken":0,"max_hp_gain":0,"max_hp_loss":0,"event_name":"Mysterious Sphere","floor":39,"gold_loss":0}],"is_beta":false,"boss_relics":[{"not_picked":["Black Star","Sozu"],"picked":"Coffee Dripper"},{"not_picked":["Fusion Hammer","Astrolabe"],"picked":"SacredBark"}],"items_purged_floors":[22],"is_endless":false,"potions_floor_spawned":[2,10,14,16,19,30,38],"killed_by":"Giant Head","ascension_level":0}}