{"host":"Sean","time":1611854917,"event":{"mods":["BaseMod","Block Reminder","Colored Map","Colored Powertips","Highlight Path","Minty Spire (QoL Compilation)","Permanent Neow","Relic Stats"],"gold_per_floor":[17,33,52,227,244,276,276,276,301,314,325,353,353,367,367,466,466,480,405,424,424,438,456,105,105,105,105,131,131,131],"floor_reached":29,"language":"ENG","playtime":2189,"items_purged":["Strike_R"],"score":395,"play_id":"a97ff2d4-a872-4b94-8636-735f1b4437c1","local_time":"20210128172837","is_ascension_mode":true,"campfire_choices":[{"data":"Barricade","floor":7.0,"key":"SMITH"},{"data":"Body Slam","floor":13.0,"key":"SMITH"},{"data":"Infernal Blade","floor":15.0,"key":"SMITH"},{"data":"Bludgeon","floor":25,"key":"SMITH"},{"data":"Pommel Strike","floor":27,"key":"SMITH"}],"circlet_count":0,"master_deck":["Strike_R","Strike_R+1","Strike_R+1","Defend_R","Defend_R","Defend_R","Defend_R","Bash","Clash","Flex","Evolve","Pommel Strike+1","Barricade+1","Infernal Blade+1","Body Slam+1","Anger","Bludgeon+1","True Grit+1","Shrug It Off","Shrug It Off+1","Shrug It Off","True Grit"],"relics":["Burning Blood","FossilizedHelix","Vajra","Whetstone","SacredBark","PrismaticShard","Mummified Hand","Omamori"],"acts_visited":["Exordium","TheCity"],"potions_floor_usage":[22,23,28,29],"damage_taken":[{"damage":0.0,"enemies":"Cultist","floor":1.0,"turns":4.0},{"damage":0.0,"enemies":"Jaw Worm","floor":2.0,"turns":2.0},{"damage":0.0,"enemies":"Small Slimes","floor":3.0,"turns":3.0},{"damage":19.0,"enemies":"Red Slaver","floor":5.0,"turns":5.0},{"damage":17.0,"enemies":"Gremlin Nob","floor":6.0,"turns":5.0},{"damage":10.0,"enemies":"Looter","floor":10.0,"turns":5.0},{"damage":0.0,"enemies":"2 Fungi Beasts","floor":11.0,"turns":3.0},{"damage":0.0,"enemies":"Lagavulin","floor":12.0,"turns":6.0},{"damage":0.0,"enemies":"Large Slime","floor":14.0,"turns":4.0},{"damage":42.0,"enemies":"The Guardian","floor":16.0,"turns":8.0},{"damage":17.0,"enemies":"2 Thieves","floor":18.0,"turns":3.0},{"damage":19.0,"enemies":"Spheric Guardian","floor":20.0,"turns":4.0},{"damage":27,"enemies":"Centurion and Healer","floor":22,"turns":5},{"damage":2,"enemies":"Snecko","floor":23,"turns":4},{"damage":7,"enemies":"Slavers","floor":28,"turns":5},{"damage":29,"enemies":"Cultist and Chosen","floor":29,"turns":4}],"seed_played":"-5656219142367066778","potions_obtained":[{"floor":1.0,"key":"BlessingOfTheForge"},{"floor":2.0,"key":"PowerPotion"},{"floor":5.0,"key":"Weak Potion"},{"floor":8.0,"key":"AttackPotion"},{"floor":8.0,"key":"EntropicBrew"},{"floor":20.0,"key":"Weak Potion"},{"floor":23,"key":"SteroidPotion"}],"is_trial":false,"path_per_floor":["M","M","M","?","M","E","R","?","T","M","M","E","R","M","R","B",null,"M","?","M","?","M","M","$","R","T","R","E","M"],"character_chosen":"IRONCLAD","items_purchased":["Strength Potion","Shrug It Off","True Grit","PrismaticShard"],"campfire_rested":0,"item_purchase_floors":[24,24,24,24],"current_hp_per_floor":[78,80,80,80,67,56,56,56,56,52,58,64,64,70,70,34,69,58,58,45,45,24,28,28,28,28,28,27,0,0],"gold":131,"neow_bonus":"ONE_RARE_RELIC","is_daily":false,"chose_seed":false,"campfire_upgraded":5,"win_rate":0.0,"timestamp":1611854917,"path_taken":["M","M","?","?","M","E","R","?","T","?","M","E","R","M","R","BOSS","M","?","M","?","M","M","$","R","T","R","E","M"],"items_purchased_type":["Potion","Card","Card","Relic"],"build_version":"2020-12-18","purchased_purges":1,"victory":false,"max_hp_per_floor":[80,80,80,80,80,80,80,80,80,80,80,80,80,80,80,80,80,80,80,80,80,80,80,80,80,80,80,80,80,80],"relic_stats":{"counters":[16,70],"Mummified Hand":[2],"Whetstone":["Strike_R","Strike_R"],"obtain_stats":[{"Mummified Hand":26,"SacredBark":17,"Vajra":6,"Omamori":28,"Whetstone":12,"PrismaticShard":24,"Burning Blood":0,"FossilizedHelix":0},{"Mummified Hand":14,"SacredBark":10,"Vajra":5,"Omamori":15,"Whetstone":8,"PrismaticShard":14,"Burning Blood":0,"FossilizedHelix":0},{"Mummified Hand":61,"SacredBark":45,"Vajra":19,"Omamori":66,"Whetstone":33,"PrismaticShard":61,"Burning Blood":0,"FossilizedHelix":0}],"Burning Blood":80},"card_choices":[{"not_picked":["Rage","Warcry"],"picked":"Clash","floor":1.0},{"not_picked":["Armaments","Thunderclap"],"picked":"Flex","floor":2.0},{"not_picked":["Reckless Charge","True Grit"],"picked":"Evolve","floor":3.0},{"not_picked":["Hemokinesis","Infernal Blade"],"picked":"Pommel Strike","floor":5.0},{"not_picked":["Armaments","Hemokinesis"],"picked":"Barricade","floor":6.0},{"not_picked":["Wild Strike","Rupture"],"picked":"Infernal Blade","floor":10.0},{"not_picked":["Warcry","Clash"],"picked":"Body Slam","floor":11.0},{"not_picked":["Fiend Fire","Clash"],"picked":"Anger","floor":12.0},{"not_picked":["Warcry","Flex","Anger"],"picked":"SKIP","floor":14.0},{"not_picked":["Exhume","Double Tap"],"picked":"Bludgeon","floor":16.0},{"not_picked":["Clothesline","Body Slam","Perfected Strike"],"picked":"SKIP","floor":18.0},{"not_picked":["Dropkick+1","Perfected Strike"],"picked":"True Grit+1","floor":20.0},{"not_picked":["Feel No Pain+1","Iron Wave"],"picked":"Shrug It Off","floor":22},{"not_picked":["Bludgeon","Anger+1"],"picked":"Shrug It Off+1","floor":23},{"not_picked":["Reflex","Pray","Limit Break"],"picked":"SKIP","floor":28}],"player_experience":475062,"relics_obtained":[{"floor":6.0,"key":"Vajra"},{"floor":12.0,"key":"Whetstone"},{"floor":26,"key":"Mummified Hand"},{"floor":28,"key":"Omamori"}],"event_choices":[{"damage_healed":0.0,"max_hp_gain":0.0,"max_hp_loss":0.0,"gold_gain":175.0,"event_name":"Liars Game","player_choice":"AGREE","floor":4.0,"gold_loss":0.0,"damage_taken":0.0,"cards_obtained":["Doubt"]},{"damage_healed":0.0,"max_hp_gain":0.0,"max_hp_loss":0.0,"gold_gain":0.0,"event_name":"Lab","player_choice":"Got Potions","floor":8.0,"gold_loss":0.0,"damage_taken":0.0},{"cards_removed":["Doubt"],"damage_healed":0.0,"max_hp_gain":0.0,"max_hp_loss":0.0,"gold_gain":0.0,"event_name":"Beggar","player_choice":"Gave Gold","floor":19.0,"gold_loss":75.0,"damage_taken":0.0},{"cards_removed":["Strike_R"],"damage_healed":0.0,"max_hp_gain":0.0,"max_hp_loss":0.0,"gold_gain":0.0,"event_name":"Back to Basics","player_choice":"Elegance","floor":21.0,"gold_loss":0.0,"damage_taken":0.0}],"is_beta":true,"boss_relics":[{"not_picked":["Runic Cube","Busted Crown"],"picked":"SacredBark"}],"items_purged_floors":[24],"is_endless":false,"potions_floor_spawned":[1,2,5,12,14,20,23],"killed_by":"Cultist and Chosen","ascension_level":8}}