{"host":"u21q392b5xaj11fl","time":1611831766,"event":{"mods":["2.2 Compatiblity","Bard","BaseMod","Better Note","Colored Map","Colored Powertips","Conspire","Custom Start","Downfall","Faster Ascension Climbing","GifTheSpireLib","Gremlin Skip","Highlight Path","Hubris","Infinite Spire","Mad Scientist","Marisa????????","Mimic Mod","Minty Spire (QoL Compilation)","Monster B Gone","Permanent Neow","Potionbrewer","Quick Restart","READ ME - Guardian Mod","Relic Sorter","Replay The Spire","Shop Mod","Somnambulant","StSLib","Stuff the Spire","SuperFastMode","The Construct","The Disciple","The Servant 0.9.4"],"gold_per_floor":[216,291,61,88,108,137,151,176,176,176,176,27,27,40,40,114,114,126,126,138,148,2,2,2,2],"floor_reached":23,"language":"ENG","playtime":1969,"items_purged":["sneckomod:Strike","sneckomod:SnekBeam"],"score":328,"play_id":"2f835400-a99d-4eea-9a03-c5b27aceaa69","local_time":"20210128050246","is_ascension_mode":true,"campfire_choices":[{"data":"sneckomod:UnknownStrength","floor":11,"key":"SMITH"},{"data":"sneckomod:UnknownDraw","floor":13,"key":"SMITH"}],"circlet_count":0,"master_deck":["AscendersBane","sneckomod:TailWhip","sneckomod:SnekBite","sneckomod:Unknown","sneckomod:Unknown","sneckomod:DiceCrush","sneckomod:ImprovisedAttack+1","sneckomod:UnknownStrength+1","sneckomod:UnknownDraw+1","sneckomod:UnknownUncommonSkill","sneckomod:Nope","sneckomod:UnendingSupply","sneckomod:DangerNoodle","sneckomod:SoulRoll","sneckomod:MasterEye","sneckomod:MorePower","sneckomod:SoulDraw","sneckomod:Unknown0Cost","sneckomod:DiceBlock","sneckomod:SoulRoll+1","sneckomod:UnknownRarePower","sneckomod:Rotation","sneckomod:QuickMove","ReplayTheSpireMod:Brewmster"],"relics":["StuffTheSpire:OccultApparatus","sneckomod:LoadedDie","champ:DeflectingBracers","Ancient Tea Set","conspire:TreasureMap","MerchantsRug"],"acts_visited":["Exordium","TheCity"],"potions_floor_usage":[16],"damage_taken":[{"damage":4.0,"enemies":"2 Louse","floor":1.0,"turns":3.0},{"damage":1.0,"enemies":"Cultist","floor":5.0,"turns":3.0},{"damage":10.0,"enemies":"Lagavulin","floor":6.0,"turns":5.0},{"damage":4.0,"enemies":"Small Slimes","floor":7.0,"turns":2.0},{"damage":8.0,"enemies":"Gremlin Nob","floor":8.0,"turns":4.0},{"damage":8,"enemies":"3 Louse","floor":14,"turns":4},{"damage":16,"enemies":"Hexaghost","floor":16,"turns":9},{"damage":12,"enemies":"Chosen","floor":18,"turns":3},{"damage":16,"enemies":"2 Thieves","floor":20,"turns":2},{"damage":7,"enemies":"Centurion and Healer","floor":21,"turns":7},{"damage":48,"enemies":"Slavers","floor":23,"turns":3}],"seed_played":"-2303895887799159810","potions_obtained":[{"floor":5.0,"key":"Block Potion"},{"floor":6.0,"key":"Elixir"},{"floor":7.0,"key":"potionbrewer:QuicksilverPotion"},{"floor":14,"key":"Fire Potion"}],"is_trial":false,"path_per_floor":["M","?","$","T","M","E","M","E","T","?","R","$","R","M","R_BF","B",null,"M","AVR","M","M","$","E"],"character_chosen":"THE_SNECKO","items_purchased":["sneckomod:ImprovisedAttack","sneckomod:UnknownStrength","conspire:TreasureMap","MerchantsRug","ReplayTheSpireMod:Brewmster"],"campfire_rested":0,"item_purchase_floors":[3,3,12,22,22],"current_hp_per_floor":[77,68,68,68,67,57,53,45,45,45,45,45,45,37,64,48,80,68,68,52,45,45,0,0,0],"gold":2,"neow_bonus":"HUNDRED_GOLD","is_daily":false,"chose_seed":false,"campfire_upgraded":2,"win_rate":0.0,"timestamp":1611831766,"path_taken":["M","?","$","?","M","E","M","E","T","?","R","$","R","M","R_BF","BOSS","M","AVR","M","M","$","E"],"items_purchased_type":["Card","Card","Relic","Relic","Card"],"build_version":"2020-12-22","purchased_purges":2,"victory":false,"max_hp_per_floor":[90,90,90,90,90,90,90,90,90,90,90,90,90,90,90,90,90,90,90,90,90,90,90,90,90],"card_choices":[{"not_picked":["sneckomod:DiceBlock","sneckomod:SoulDraw"],"picked":"sneckomod:DiceCrush","floor":1.0},{"not_picked":["sneckomod:UnknownExhaust","sneckomod:UnknownCommonAttack"],"picked":"sneckomod:UnknownDraw","floor":5.0},{"not_picked":["sneckomod:WideSting","sneckomod:RainOfDice"],"picked":"sneckomod:UnknownUncommonSkill","floor":6.0},{"not_picked":["sneckomod:IronFang","sneckomod:UnknownColorless"],"picked":"sneckomod:Nope","floor":7.0},{"not_picked":["sneckomod:PureSnecko","sneckomod:UnknownDraw","sneckomod:ImprovisedAttack"],"picked":"SKIP","floor":8.0},{"not_picked":["sneckomod:UnknownCommonAttack","sneckomod:Nope"],"picked":"sneckomod:UnendingSupply","floor":14},{"not_picked":["sneckomod:UnknownRareSkill","sneckomod:GlitteringGambit"],"picked":"sneckomod:DangerNoodle","floor":16},{"not_picked":["sneckomod:UnlimitedRolls","sneckomod:ImprovisedAttack"],"picked":"sneckomod:Unknown0Cost","floor":18},{"not_picked":["sneckomod:Nope","sneckomod:Rotation"],"picked":"sneckomod:DiceBlock","floor":18},{"not_picked":["sneckomod:UnknownVulnerable","sneckomod:DiceBoulder"],"picked":"sneckomod:SoulRoll+1","floor":20},{"not_picked":["sneckomod:WideSting","sneckomod:UnknownRareAttack"],"picked":"sneckomod:UnknownRarePower","floor":21},{"not_picked":["sneckomod:SoulRoll","sneckomod:MorePower"],"picked":"sneckomod:Rotation","floor":21},{"not_picked":["sneckomod:UnknownCommonAttack","sneckomod:SoulRoll"],"picked":"sneckomod:QuickMove","floor":21}],"player_experience":195806,"relics_obtained":[{"floor":4.0,"key":"sneckomod:LoadedDie"},{"floor":6.0,"key":"champ:DeflectingBracers"},{"floor":8.0,"key":"Ancient Tea Set"}],"event_choices":[{"damage_healed":0.0,"max_hp_gain":0.0,"max_hp_loss":0.0,"gold_gain":75.0,"event_name":"FaceTrader","player_choice":"Touch","floor":2.0,"gold_loss":0.0,"damage_taken":9.0}],"is_beta":false,"boss_relics":[{"not_picked":["StuffTheSpire:RunicConfusion","hubris:GrandSneckoEye"],"picked":"Pandora\u0027s Box"}],"items_purged_floors":[3,19],"is_endless":false,"potions_floor_spawned":[5,6,7,14],"killed_by":"Slavers","ascension_level":13}}