{"host":"ty7uytdfitsmf36k","time":1611873546,"event":{"mods":["AchievementEnabler","BaseMod","Colored Map","Colored Powertips","DeckTracker","Downfall","Infinite Spire","Minty Spire (QoL Compilation)","Relic Stats","Replay The Spire","Spire Arcade","StSLib","SuperFastMode","The Jungle","Wandering Minibosses"],"gold_per_floor":[99,111,124,124,124,124,424,186,186,186,204,218,297,338,354,354,354,354],"floor_reached":16,"language":"ENG","playtime":381,"items_purged":["sneckomod:Strike"],"score":92,"play_id":"e7b682ad-8553-46f5-9d31-f9ec6f6b2400","local_time":"20210128173906","is_ascension_mode":false,"campfire_choices":[{"data":"sneckomod:SnekBite","floor":1,"key":"SMITH"},{"data":"sneckomod:SerpentIdol","floor":9,"key":"SMITH"}],"circlet_count":0,"master_deck":["sneckomod:Strike","sneckomod:Strike","sneckomod:Defend","sneckomod:Defend","sneckomod:Defend","sneckomod:TailWhip","sneckomod:SnekBite+1","sneckomod:Unknown","sneckomod:UnlimitedRolls","Inflame","sneckomod:SerpentIdol+1","sneckomod:QuickBite","sneckomod:QuickMove","sneckomod:UnknownDraw","Slimebound:Grow","sneckomod:SoulRoll"],"relics":["Ring of the Snake","Art of War","downfall:BrokenWingStatue","Old Coin","ClockworkSouvenir","infinitespire:Cubic Diamond","infinitespire:Midas Blood"],"acts_visited":["Exordium"],"potions_floor_usage":[],"damage_taken":[{"damage":0,"enemies":"Cultist","floor":2,"turns":3},{"damage":0,"enemies":"Small Slimes","floor":3,"turns":3},{"damage":5,"enemies":"downfall:FleeingMerchant","floor":8,"turns":4},{"damage":2,"enemies":"2 Louse","floor":11,"turns":2},{"damage":8,"enemies":"Exordium Wildlife","floor":12,"turns":3},{"damage":3,"enemies":"Exordium Thugs","floor":14,"turns":4},{"damage":6,"enemies":"2 Fungi Beasts","floor":15,"turns":4},{"damage":0,"enemies":"SI_SHIV_ARCHETYPE","floor":16,"turns":1}],"seed_played":"-7696066430029987617","potions_obtained":[{"floor":2,"key":"Fire Potion"},{"floor":12,"key":"ColorlessPotion"},{"floor":14,"key":"bronze:BurnAndBuffPotion"}],"is_trial":false,"path_per_floor":["R","M","M","?","?","R","T","$","R","?","M","M","T","M","M","B"],"character_chosen":"THE_SNECKO","items_purchased":["ClockworkSouvenir"],"campfire_rested":0,"item_purchase_floors":[8],"current_hp_per_floor":[90,90,90,90,90,90,90,85,85,85,83,75,75,72,66,66,66,66],"gold":354,"neow_bonus":"RANDOM_COMMON_RELIC","is_daily":false,"chose_seed":false,"campfire_upgraded":2,"win_rate":0.0,"timestamp":1611873546,"path_taken":["R","M","M","?","?","R","T","$","R","?","M","M","?","?","M","BOSS"],"items_purchased_type":["Relic"],"build_version":"2020-12-22","purchased_purges":1,"victory":false,"max_hp_per_floor":[90,90,90,90,90,90,90,90,90,90,90,90,90,90,90,90,90,90],"relic_stats":{"counters":[8,23],"Art of War":[1],"obtain_stats":[{"downfall:BrokenWingStatue":4,"infinitespire:Cubic Diamond":10,"Art of War":0,"sneckomod:SneckoSoul":0,"Old Coin":7,"ClockworkSouvenir":8,"Ring of the Snake":10,"infinitespire:Midas Blood":13},{"downfall:BrokenWingStatue":2,"infinitespire:Cubic Diamond":3,"Art of War":0,"sneckomod:SneckoSoul":0,"Old Coin":2,"ClockworkSouvenir":3,"Ring of the Snake":3,"infinitespire:Midas Blood":5},{"downfall:BrokenWingStatue":6,"infinitespire:Cubic Diamond":10,"Art of War":0,"sneckomod:SneckoSoul":0,"Old Coin":6,"ClockworkSouvenir":10,"Ring of the Snake":10,"infinitespire:Midas Blood":15}],"Ring of the Snake":[8]},"card_choices":[{"not_picked":["sneckomod:ImprovisedGuard","sneckomod:QuickMove"],"picked":"sneckomod:UnknownDexterity","floor":2},{"not_picked":["sneckomod:DiceBlock","sneckomod:WideSting"],"picked":"sneckomod:UnlimitedRolls","floor":3},{"not_picked":["sneckomod:UnknownUncommonSkill","sneckomod:Unknown0Cost"],"picked":"sneckomod:SerpentIdol","floor":8},{"not_picked":["sneckomod:DiceBlock","sneckomod:UnknownCommonAttack"],"picked":"sneckomod:QuickBite","floor":11},{"not_picked":["sneckomod:WideSting","sneckomod:DiceCrush"],"picked":"sneckomod:QuickMove","floor":12},{"not_picked":["sneckomod:SoulRoll","sneckomod:SnekBeam"],"picked":"sneckomod:UnknownDraw","floor":14},{"not_picked":["sneckomod:TrashToTreasure","sneckomod:UnknownBlock"],"picked":"sneckomod:SoulRoll","floor":15}],"player_experience":199051,"relics_obtained":[{"floor":7,"key":"Old Coin"},{"floor":13,"key":"infinitespire:Midas Blood"}],"event_choices":[],"is_beta":false,"boss_relics":[],"items_purged_floors":[8],"is_endless":false,"potions_floor_spawned":[2,12,14,15],"killed_by":"SI_SHIV_ARCHETYPE","ascension_level":0}}