{"host":"vx9g5eyuglzorf3u","time":1611856400,"event":{"mods":["2.2 Compatiblity","BaseMod","DeckTracker","Keyboard Shortcuts","Minty Spire (QoL Compilation)","Relic Stats","StSLib","SuperFastMode","everything is the same but u backflip on backflip"],"gold_per_floor":[109,34,34,34,44,44,74,86,86,86,86,110,128,173,173,271,271,289,289,148,163,176,176,176],"floor_reached":23,"language":"KOR","playtime":431,"items_purged":["Strike_R","Strike_R"],"score":382,"play_id":"79bf0538-cdf8-4fd1-85bc-fb4ec41b8eab","local_time":"20210129025320","is_ascension_mode":true,"campfire_choices":[{"data":"Reckless Charge","floor":6,"key":"SMITH"},{"floor":10,"key":"REST"},{"data":"Uppercut","floor":15,"key":"SMITH"}],"circlet_count":0,"master_deck":["AscendersBane","Strike_R","Strike_R","Strike_R","Defend_R","Defend_R","Defend_R","Bash","Reckless Charge+1","Dropkick","Uppercut+1","Ghostly Armor","Corruption","Pommel Strike+1","Dropkick","Havoc"],"relics":["Burning Blood","Blue Candle","Shuriken","Bloody Idol","Centennial Puzzle","Black Star"],"acts_visited":["Exordium","TheCity"],"potions_floor_usage":[16,22,23],"damage_taken":[{"damage":17,"enemies":"Small Slimes","floor":1,"turns":4},{"damage":1,"enemies":"Cultist","floor":5,"turns":3},{"damage":52,"enemies":"Lagavulin","floor":7,"turns":7},{"damage":15,"enemies":"Jaw Worm","floor":8,"turns":4},{"damage":21,"enemies":"Exordium Wildlife","floor":12,"turns":4},{"damage":0,"enemies":"Exordium Thugs","floor":13,"turns":3},{"damage":21,"enemies":"The Guardian","floor":16,"turns":10},{"damage":31,"enemies":"Spheric Guardian","floor":18,"turns":5},{"damage":23,"enemies":"Shell Parasite","floor":21,"turns":4},{"damage":13,"enemies":"Snecko","floor":22,"turns":3},{"damage":24,"enemies":"Slavers","floor":23,"turns":1}],"seed_played":"2531027770317414092","potions_obtained":[{"floor":7,"key":"Block Potion"},{"floor":8,"key":"Explosive Potion"},{"floor":18,"key":"AttackPotion"}],"is_trial":false,"path_per_floor":["M","$","?","$","M","R","E","M","T","R","?","M","M","T","R","B",null,"M","?","$","M","M","E"],"character_chosen":"IRONCLAD","items_purchased":["Dropkick"],"campfire_rested":1,"item_purchase_floors":[20],"current_hp_per_floor":[57,57,75,75,75,75,29,20,20,42,42,27,33,33,33,18,56,31,31,31,19,17,0,0],"gold":176,"neow_bonus":"REMOVE_CARD","is_daily":false,"chose_seed":false,"campfire_upgraded":2,"win_rate":0.0,"timestamp":1611856400,"path_taken":["M","$","?","?","M","R","E","M","T","R","?","?","M","?","R","BOSS","M","?","$","M","M","E"],"items_purchased_type":["Card"],"build_version":"2020-12-22","purchased_purges":2,"victory":false,"max_hp_per_floor":[75,75,75,75,75,75,75,75,75,75,68,68,68,68,68,68,68,68,68,68,68,68,68,68],"relic_stats":{"Centennial Puzzle":[15],"counters":[11,48],"Shuriken":[17],"Blue Candle":[3],"Bloody Idol":10,"Black Star":0,"obtain_stats":[{"Centennial Puzzle":14,"Shuriken":9,"Golden Idol":11,"Blue Candle":7,"Bloody Idol":19,"Black Star":17,"Burning Blood":0},{"Centennial Puzzle":6,"Shuriken":4,"Golden Idol":4,"Blue Candle":3,"Bloody Idol":8,"Black Star":7,"Burning Blood":0},{"Centennial Puzzle":25,"Shuriken":18,"Golden Idol":18,"Blue Candle":14,"Bloody Idol":40,"Black Star":35,"Burning Blood":0}],"Burning Blood":55},"card_choices":[{"not_picked":["Pommel Strike","Metallicize","Perfected Strike"],"picked":"SKIP","floor":1},{"not_picked":["Metallicize","Havoc"],"picked":"Reckless Charge","floor":5},{"not_picked":["Sever Soul","Flex","Juggernaut"],"picked":"SKIP","floor":7},{"not_picked":["Shrug It Off","Iron Wave"],"picked":"Dropkick","floor":8},{"not_picked":["Whirlwind","Dual Wield"],"picked":"Uppercut","floor":12},{"not_picked":["Clash","Hemokinesis"],"picked":"Ghostly Armor","floor":13},{"not_picked":["Limit Break","Reaper"],"picked":"Corruption","floor":16},{"not_picked":["Iron Wave+1","Shrug It Off"],"picked":"Pommel Strike+1","floor":18},{"not_picked":["Heavy Blade","Intimidate"],"picked":"Havoc","floor":21},{"not_picked":["Cleave","Thunderclap","Heavy Blade"],"picked":"SKIP","floor":22}],"player_experience":1498258,"relics_obtained":[{"floor":7,"key":"Blue Candle"},{"floor":9,"key":"Shuriken"},{"floor":14,"key":"Centennial Puzzle"}],"event_choices":[{"damage_healed":18,"gold_gain":0,"player_choice":"Full Heal","damage_taken":0,"max_hp_gain":0,"max_hp_loss":0,"event_name":"Wheel of Change","floor":3,"gold_loss":0},{"damage_healed":0,"gold_gain":0,"player_choice":"Lose Max HP","damage_taken":0,"relics_obtained":["Golden Idol"],"max_hp_gain":0,"max_hp_loss":7,"event_name":"Golden Idol","floor":11,"gold_loss":0},{"damage_healed":0,"gold_gain":0,"player_choice":"Gave Idol","damage_taken":0,"relics_obtained":["Bloody Idol"],"max_hp_gain":0,"max_hp_loss":0,"event_name":"Forgotten Altar","floor":19,"relics_lost":["Golden Idol"],"gold_loss":0}],"is_beta":false,"boss_relics":[{"not_picked":["Tiny House","Fusion Hammer"],"picked":"Black Star"}],"items_purged_floors":[2,20],"is_endless":false,"potions_floor_spawned":[7,8,12,18],"killed_by":"Slavers","ascension_level":20}}