{"host":"szp1d6dso4pv7ddl","time":1611805890,"event":{"mods":["AchievementEnabler","Alarm Clock","BaseMod","Bestiary","Block Reminder","Colored Map","Colored Powertips","Curses Come First","Dark Map","Displayed Cursed Tome","Highlight Path","Minty Spire (QoL Compilation)","Permanent Neow","Quick Restart","Relic Sorter","Relic Stats","StSLib","Synergy Search"],"gold_per_floor":[12,12,12,87,87,87,87,107,107,107,132,132,156,156,156,156,156],"floor_reached":16,"language":"ENG","playtime":380,"items_purged":[],"score":88,"play_id":"60187313-20b2-4f53-83fb-c53817768100","local_time":"20210127195130","is_ascension_mode":false,"campfire_choices":[{"floor":6,"key":"REST"},{"data":"Bash","floor":10,"key":"SMITH"},{"floor":15,"key":"REST"}],"circlet_count":0,"master_deck":["Strike_R","Strike_R","Strike_R","Defend_R","Defend_R","Defend_R","Bash+1"],"relics":["Burning Blood","Golden Idol","Bag of Marbles","Sundial","Darkstone Periapt"],"acts_visited":["Exordium"],"potions_floor_usage":[16],"damage_taken":[{"damage":2,"enemies":"2 Louse","floor":1,"turns":2},{"damage":3,"enemies":"Small Slimes","floor":8,"turns":3},{"damage":11,"enemies":"Jaw Worm","floor":11,"turns":3},{"damage":13,"enemies":"Large Slime","floor":13,"turns":5},{"damage":55,"enemies":"Slime Boss","floor":16,"turns":8}],"seed_played":"6545267525048458663","potions_obtained":[{"floor":1,"key":"ColorlessPotion"},{"floor":7,"key":"ElixirPotion"},{"floor":7,"key":"Weak Potion"},{"floor":7,"key":"EssenceOfSteel"},{"floor":11,"key":"Energy Potion"}],"is_trial":false,"path_per_floor":["M","?","?","?","$","R","?","M","T","R","M","?","M","T","R","B"],"character_chosen":"IRONCLAD","items_purchased":[],"campfire_rested":2,"item_purchase_floors":[],"current_hp_per_floor":[80,60,42,31,31,55,55,58,58,58,53,46,39,39,63,8,8],"gold":156,"neow_bonus":"REMOVE_TWO","is_daily":false,"chose_seed":false,"campfire_upgraded":1,"win_rate":0.0,"timestamp":1611805890,"path_taken":["M","?","?","?","?","R","?","M","T","R","?","?","M","?","R","BOSS"],"items_purchased_type":[],"build_version":"2020-12-22","purchased_purges":0,"victory":false,"max_hp_per_floor":[80,80,80,80,80,80,80,80,80,80,80,80,80,80,80,80,80],"relic_stats":{"Darkstone Periapt":0,"counters":[5,21],"Golden Idol":14,"Sundial":[6],"obtain_stats":[{"Darkstone Periapt":14,"Golden Idol":2,"Sundial":9,"Bag of Marbles":3,"Burning Blood":0},{"Darkstone Periapt":4,"Golden Idol":1,"Sundial":2,"Bag of Marbles":1,"Burning Blood":0},{"Darkstone Periapt":13,"Golden Idol":2,"Sundial":5,"Bag of Marbles":2,"Burning Blood":0}],"Burning Blood":20},"card_choices":[{"not_picked":["Evolve","Body Slam","Combust"],"picked":"SKIP","floor":1},{"not_picked":["Sword Boomerang","Flex","Pommel Strike"],"picked":"SKIP","floor":8},{"not_picked":["Clash","Wild Strike","Combust"],"picked":"SKIP","floor":11},{"not_picked":["Anger","Headbutt","Clothesline"],"picked":"SKIP","floor":13}],"player_experience":1301027,"relics_obtained":[{"floor":9,"key":"Sundial"},{"floor":14,"key":"Darkstone Periapt"}],"event_choices":[{"damage_healed":0,"gold_gain":0,"player_choice":"Take Damage","damage_taken":20,"relics_obtained":["Golden Idol"],"max_hp_gain":0,"max_hp_loss":0,"event_name":"Golden Idol","floor":2,"gold_loss":0},{"damage_healed":0,"gold_gain":0,"player_choice":"Success","damage_taken":18,"relics_obtained":["Bag of Marbles"],"max_hp_gain":0,"max_hp_loss":0,"event_name":"Scrap Ooze","floor":3,"gold_loss":0},{"damage_healed":0,"gold_gain":75,"player_choice":"Gather Gold","damage_taken":11,"max_hp_gain":0,"max_hp_loss":0,"event_name":"World of Goop","floor":4,"gold_loss":0},{"damage_healed":0,"gold_gain":0,"player_choice":"Got Potions","damage_taken":0,"max_hp_gain":0,"max_hp_loss":0,"event_name":"Lab","floor":7,"gold_loss":0},{"cards_removed":["Strike_R"],"damage_healed":0,"gold_gain":0,"player_choice":"Card Removal","damage_taken":7,"max_hp_gain":0,"max_hp_loss":0,"event_name":"Golden Wing","floor":12,"gold_loss":0}],"is_beta":false,"boss_relics":[],"items_purged_floors":[],"is_endless":false,"potions_floor_spawned":[1,11],"killed_by":"Slime Boss","ascension_level":0}}