{"host":"vx9g5eyuglzorf3u","time":1611844370,"event":{"mods":["2.2 Compatiblity","BaseMod","DeckTracker","Keyboard Shortcuts","Minty Spire (QoL Compilation)","Relic Stats","StSLib","SuperFastMode","everything is the same but u backflip on backflip"],"gold_per_floor":[114,114,264,23,36,70,134,150,150,150,179,189,216,216,216,290,290,306,306,319,32,52,52,66,84,111,11,23,23,23,37,37,116,116,135,150,167,42,67,67,117,117,117,133,165,185,0,0,0],"floor_reached":48,"language":"KOR","playtime":1400,"items_purged":["Doubt","Injury","Strike_R"],"score":1089,"play_id":"010854aa-d88e-4c22-a8df-a09fe52f43d8","local_time":"20210128233250","is_ascension_mode":true,"campfire_choices":[{"floor":10.0,"key":"REST"},{"floor":15.0,"key":"REST"},{"data":"Limit Break","floor":23.0,"key":"SMITH"},{"floor":29.0,"key":"REST"},{"data":"Armaments","floor":32.0,"key":"SMITH"},{"data":"Offering","floor":40.0,"key":"SMITH"},{"data":"Inflame","floor":42.0,"key":"SMITH"}],"circlet_count":0,"master_deck":["AscendersBane","Strike_R","Strike_R","Strike_R+1","Defend_R","Defend_R","Defend_R","Defend_R","Bash","Shrug It Off+1","Sword Boomerang","Heavy Blade+1","Clothesline+1","Inflame+1","Ghostly Armor","Blood for Blood+1","Armaments+1","Limit Break+1","Uppercut+1","Inflame","Second Wind","Offering+1","Shame","Double Tap","Barricade","Dual Wield+1"],"relics":["Burning Blood","NeowsBlessing","Sling","Molten Egg 2","Centennial Puzzle","Mummified Hand","Singing Bowl","Shuriken","Cursed Key","FaceOfCleric","Meat on the Bone","Mark of Pain","Bird Faced Urn","CaptainsWheel","White Beast Statue","Red Mask"],"acts_visited":["Exordium","TheCity","TheBeyond"],"potions_floor_usage":[48],"damage_taken":[{"damage":0.0,"enemies":"Jaw Worm","floor":1.0,"turns":1.0},{"damage":0.0,"enemies":"Small Slimes","floor":5.0,"turns":2.0},{"damage":0.0,"enemies":"Gremlin Nob","floor":6.0,"turns":1.0},{"damage":58.0,"enemies":"Lagavulin Event","floor":7.0,"turns":8.0},{"damage":3.0,"enemies":"2 Louse","floor":8.0,"turns":2.0},{"damage":20.0,"enemies":"3 Sentries","floor":11.0,"turns":8.0},{"damage":5.0,"enemies":"2 Fungi Beasts","floor":12.0,"turns":3.0},{"damage":21.0,"enemies":"Lagavulin","floor":13.0,"turns":7.0},{"damage":32.0,"enemies":"Slime Boss","floor":16.0,"turns":7.0},{"damage":22.0,"enemies":"Shell Parasite","floor":18.0,"turns":6.0},{"damage":22.0,"enemies":"3 Byrds","floor":20.0,"turns":6.0},{"damage":4.0,"enemies":"Centurion and Healer","floor":22.0,"turns":7.0},{"damage":27.0,"enemies":"3 Cultists","floor":24.0,"turns":5.0},{"damage":15.0,"enemies":"Snake Plant","floor":25.0,"turns":3.0},{"damage":42.0,"enemies":"Shelled Parasite and Fungi","floor":28.0,"turns":5.0},{"damage":13.0,"enemies":"Snecko","floor":31.0,"turns":5.0},{"damage":47.0,"enemies":"Automaton","floor":33.0,"turns":6.0},{"damage":26.0,"enemies":"3 Darklings","floor":35.0,"turns":5.0},{"damage":6.0,"enemies":"Orb Walker","floor":36.0,"turns":1.0},{"damage":57.0,"enemies":"4 Shapes","floor":37.0,"turns":13.0},{"damage":6.0,"enemies":"Mind Bloom Boss Battle","floor":39.0,"turns":2.0},{"damage":36.0,"enemies":"Spire Growth","floor":44.0,"turns":4.0},{"damage":9.0,"enemies":"Reptomancer","floor":45.0,"turns":4.0},{"damage":28.0,"enemies":"Writhing Mass","floor":46.0,"turns":5.0},{"damage":47,"enemies":"Transient","floor":48,"turns":4}],"seed_played":"-5494243879577672352","potions_obtained":[{"floor":1.0,"key":"Ancient Potion"},{"floor":5.0,"key":"Regen Potion"},{"floor":11.0,"key":"SkillPotion"},{"floor":13.0,"key":"PowerPotion"},{"floor":16.0,"key":"BlessingOfTheForge"},{"floor":24.0,"key":"ColorlessPotion"},{"floor":25.0,"key":"Fire Potion"},{"floor":37.0,"key":"HeartOfIron"},{"floor":39.0,"key":"LiquidBronze"},{"floor":45.0,"key":"SteroidPotion"}],"is_trial":false,"path_per_floor":["M","?","?","$","M","E","?","M","T","R","E","M","E","?","R","B",null,"M","?","M","$","M","R","M","M","T","$","M","R","$","M","R","B",null,"M","M","M","$","?","R","?","R","T","M","E","M","?","M"],"character_chosen":"IRONCLAD","items_purchased":["Sling","Meat on the Bone"],"campfire_rested":3,"item_purchase_floors":[4,21],"current_hp_per_floor":[74,51,51,51,57,63,11,14,14,36,37,38,23,23,45,19,61,47,47,32,32,47,47,39,45,45,45,24,49,49,57,57,29,75,58,61,25,25,40,40,40,40,40,27,41,38,38,0,0],"gold":0,"neow_bonus":"THREE_ENEMY_KILL","is_daily":false,"chose_seed":false,"campfire_upgraded":4,"win_rate":0.0,"timestamp":1611844370,"path_taken":["M","?","?","$","M","E","?","M","T","R","E","M","E","?","R","BOSS","M","?","M","$","M","R","M","M","T","?","M","R","?","M","R","BOSS","M","M","M","$","?","R","?","R","T","M","E","?","?","M"],"items_purchased_type":["Relic","Relic"],"build_version":"2020-12-22","purchased_purges":3,"victory":false,"max_hp_per_floor":[75,75,75,75,75,75,75,75,75,75,75,75,75,75,75,75,75,77,77,78,78,79,79,80,83,83,83,86,86,86,89,89,90,90,93,96,99,99,102,102,102,102,102,103,104,105,105,105,105],"relic_stats":{"Centennial Puzzle":[63],"Singing Bowl":16,"FaceOfCleric":14,"counters":[25,120],"Mummified Hand":[43],"Shuriken":[10],"Bird Faced Urn":[20],"Cursed Key":2,"obtain_stats":[{"NeowsBlessing":0,"Singing Bowl":11,"Sling":4,"Cursed Key":17,"Burning Blood":0,"White Beast Statue":45,"Centennial Puzzle":7,"CaptainsWheel":43,"FaceOfCleric":19,"Mummified Hand":9,"Shuriken":13,"Bird Faced Urn":39,"Molten Egg 2":6,"Mark of Pain":34,"Red Mask":47,"Meat on the Bone":21},{"NeowsBlessing":0,"Singing Bowl":6,"Sling":1,"Cursed Key":9,"Burning Blood":0,"White Beast Statue":23,"Centennial Puzzle":4,"CaptainsWheel":21,"FaceOfCleric":10,"Mummified Hand":5,"Shuriken":8,"Bird Faced Urn":21,"Molten Egg 2":3,"Mark of Pain":17,"Red Mask":24,"Meat on the Bone":11},{"NeowsBlessing":0,"Singing Bowl":22,"Sling":1,"Cursed Key":39,"Burning Blood":0,"White Beast Statue":111,"Centennial Puzzle":12,"CaptainsWheel":103,"FaceOfCleric":45,"Mummified Hand":14,"Shuriken":32,"Bird Faced Urn":103,"Molten Egg 2":4,"Mark of Pain":82,"Red Mask":116,"Meat on the Bone":51}],"Burning Blood":144,"Meat on the Bone":132},"card_choices":[{"not_picked":["Flame Barrier","Armaments"],"picked":"Shrug It Off","floor":1.0},{"not_picked":["Anger","Perfected Strike"],"picked":"Sword Boomerang","floor":5.0},{"not_picked":["Havoc","Bloodletting"],"picked":"Heavy Blade+1","floor":6.0},{"not_picked":["Burning Pact","Heavy Blade+1"],"picked":"Clothesline+1","floor":7.0},{"not_picked":["Sword Boomerang+1","Shrug It Off","Sentinel"],"picked":"SKIP","floor":8.0},{"not_picked":["Shockwave","Armaments"],"picked":"Inflame","floor":11.0},{"not_picked":["Warcry","Juggernaut"],"picked":"Ghostly Armor","floor":12.0},{"not_picked":["Clash+1","Twin Strike+1"],"picked":"Blood for Blood+1","floor":13.0},{"not_picked":["Brutality","Double Tap"],"picked":"Limit Break","floor":16.0},{"not_picked":["Flex","Wild Strike+1","Thunderclap+1"],"picked":"Singing Bowl","floor":18.0},{"not_picked":["Armaments","Warcry+1"],"picked":"Uppercut+1","floor":20.0},{"not_picked":["Clash+1","Cleave+1"],"picked":"Inflame","floor":22.0},{"not_picked":["Shrug It Off","True Grit"],"picked":"Second Wind","floor":24.0},{"not_picked":["Shockwave","Flame Barrier","Headbutt+1"],"picked":"Singing Bowl","floor":25.0},{"not_picked":["Clash+1","Warcry+1","True Grit+1"],"picked":"Singing Bowl","floor":28.0},{"not_picked":["Dark Embrace","Armaments","Iron Wave+1"],"picked":"Singing Bowl","floor":31.0},{"not_picked":["Fiend Fire+1","Bludgeon+1"],"picked":"Offering","floor":33.0},{"not_picked":["Shrug It Off","Thunderclap+1","Iron Wave+1"],"picked":"Singing Bowl","floor":35.0},{"not_picked":["Uppercut+1","Pommel Strike+1","Rampage+1"],"picked":"Singing Bowl","floor":36.0},{"not_picked":["Body Slam+1","Intimidate","True Grit"],"picked":"Singing Bowl","floor":37.0},{"not_picked":["Wild Strike+1","Twin Strike+1","Clash+1"],"picked":"Singing Bowl","floor":39.0},{"not_picked":["Thunderclap+1","Clothesline+1"],"picked":"Double Tap","floor":44.0},{"not_picked":["Dropkick+1","Headbutt+1"],"picked":"Barricade","floor":45.0},{"not_picked":["Armaments","Anger+1"],"picked":"Dual Wield+1","floor":46.0}],"player_experience":1488013,"relics_obtained":[{"floor":6.0,"key":"Molten Egg 2"},{"floor":7.0,"key":"Centennial Puzzle"},{"floor":9.0,"key":"Mummified Hand"},{"floor":11.0,"key":"Singing Bowl"},{"floor":13.0,"key":"Shuriken"},{"floor":39.0,"key":"Bird Faced Urn"},{"floor":43.0,"key":"CaptainsWheel"},{"floor":45.0,"key":"White Beast Statue"}],"event_choices":[{"damage_healed":0.0,"max_hp_gain":0.0,"max_hp_loss":0.0,"gold_gain":0.0,"event_name":"Shining Light","player_choice":"Entered Light","floor":2.0,"gold_loss":0.0,"damage_taken":23.0,"cards_upgraded":["Shrug It Off","Strike_R"]},{"damage_healed":0.0,"max_hp_gain":0.0,"max_hp_loss":0.0,"gold_gain":150.0,"event_name":"Liars Game","player_choice":"AGREE","floor":3.0,"gold_loss":0.0,"damage_taken":0.0,"cards_obtained":["Doubt"]},{"damage_healed":0.0,"max_hp_gain":0.0,"max_hp_loss":0.0,"gold_gain":30.0,"event_name":"Dead Adventurer","player_choice":"Searched \u00272\u0027 times","floor":7.0,"gold_loss":0.0,"damage_taken":0.0},{"damage_healed":0.0,"max_hp_gain":0.0,"max_hp_loss":0.0,"gold_gain":0.0,"cards_transformed":["Strike_R"],"event_name":"Living Wall","player_choice":"Change","floor":14.0,"gold_loss":0.0,"damage_taken":0.0,"cards_obtained":["Armaments"]},{"damage_healed":0.0,"max_hp_gain":0.0,"max_hp_loss":0.0,"gold_gain":0.0,"event_name":"FaceTrader","player_choice":"Trade","floor":19.0,"gold_loss":0.0,"damage_taken":0.0,"relics_obtained":["FaceOfCleric"]},{"damage_healed":0.0,"max_hp_gain":0.0,"max_hp_loss":0.0,"gold_gain":0.0,"event_name":"MindBloom","player_choice":"Fight","floor":39.0,"gold_loss":0.0,"damage_taken":0.0},{"damage_healed":0.0,"max_hp_gain":0.0,"max_hp_loss":0.0,"gold_gain":50.0,"event_name":"Golden Shrine","player_choice":"Pray","floor":41.0,"gold_loss":0.0,"damage_taken":0.0},{"damage_healed":0.0,"max_hp_gain":0.0,"max_hp_loss":0.0,"gold_gain":0.0,"event_name":"Tomb of Lord Red Mask","player_choice":"Paid","floor":47.0,"gold_loss":185.0,"damage_taken":0.0,"relics_obtained":["Red Mask"]}],"is_beta":false,"boss_relics":[{"not_picked":["Runic Dome","Philosopher\u0027s Stone"],"picked":"Cursed Key"},{"not_picked":["Black Star","Velvet Choker"],"picked":"Mark of Pain"}],"items_purged_floors":[4,27,38],"is_endless":false,"potions_floor_spawned":[1,5,11,13,16,24,25,28,37,39,45,46],"killed_by":"Transient","ascension_level":20}}