{"host":"wbdly04l9mkn9nrc","time":1611815821,"event":{"mods":["AchievementEnabler","BaseMod","BetterRewards","Minty Spire (QoL Compilation)","Replay The Spire","StSLib","[IsaacMod]ÒÔÈö¼âËþ"],"gold_per_floor":[121,121,121,71,108,108,135,196,244,5,69,108,108,156,66,323,323,362,374,386,456,501,623,525,596,648,648,697,697,697,697,697,765,765,949,949,1049,880,914,516,540,614,614,685,685,388,421,487,820,855,855,897],"floor_reached":53,"language":"ZHS","playtime":2760,"items_purged":["Strike_B","Amnesia","Injury","Decay","Strike_B+1","Strike_B+1"],"score":1553,"play_id":"7e965a04-ddf9-4499-870f-37d34e25793e","local_time":"20210128143701","is_ascension_mode":true,"campfire_choices":[{"data":"Hologram","floor":6.0,"key":"SMITH"},{"data":"Limit Break","floor":27.0,"key":"SMITH"},{"data":"ReplayTheSpireMod:Omega Cannon","floor":30.0,"key":"SMITH"},{"data":"BettingIsNotGood","floor":34.0,"key":"SMITH"},{"data":"Parasite","floor":43.0,"key":"PURGE"}],"circlet_count":0,"master_deck":["Defend_B+1","Defend_B+1","Defend_B+1","Zap","Hologram+1","Streamline+1","Turbo","BettingIsNotGood+1","Conserve Battery","Rebound","Ball Lightning","Reboot","Bash","Melter","Limit Break+1","CurseOfTheBell","Flex","ReplayTheSpireMod:Omega Cannon+1","Melter+1","Core Surge","Heavy Blade+1","ReplayTheSpireMod:Brewmster+1","Sweeping Beam+1","Aggregate","Compile Driver+1"],"relics":["HushsDoor","SalivaCoin","SteamSale","Replay:Bottled Eggs","Replay:Mystery Machine","MealTicket","Replay:Bandana","CaptainsWheel","Ring of Peace","ReplayTheSpireMod:Ring of Addiction","Potion Belt","SacredBark","Replay:Wax Seal","Regal Pillow","Replay:Multitool","BookOfRevelations","Iron Core","Calling Bell","MawBank","Frozen Egg 2","Leech","Red Mask","Replay:WaspNest","Centennial Puzzle","BelialBook","ReplayTheSpireMod:CursedCoin","TungstenRod","DataDisk","TheBean","Ring of Chaos","Replay:Baseball","Blood Vial","Vajra","Magic Flower","ClockworkSouvenir","SharpPlug","Bottled Flame","Toolbox","BranchBurnRelic"],"acts_visited":["Exordium","TheCity","TheBeyond"],"potions_floor_usage":[52,52,52],"damage_taken":[{"damage":6.0,"enemies":"2 Louse","floor":1.0,"turns":2.0},{"damage":0.0,"enemies":"Jaw Worm","floor":5.0,"turns":4.0},{"damage":0.0,"enemies":"Cultist","floor":7.0,"turns":6.0},{"damage":20.0,"enemies":"Lagavulin","floor":8.0,"turns":8.0},{"damage":10.0,"enemies":"3 Louse","floor":11.0,"turns":3.0},{"damage":0.0,"enemies":"Gremlin Nob","floor":12.0,"turns":3.0},{"damage":5.0,"enemies":"Exordium Wildlife","floor":14.0,"turns":3.0},{"damage":61.0,"enemies":"Hexaghost","floor":16.0,"turns":13.0},{"damage":0.0,"enemies":"Spheric Guardian","floor":18.0,"turns":2.0},{"damage":0.0,"enemies":"Masked Bandits","floor":21.0,"turns":3.0},{"damage":0.0,"enemies":"Chosen","floor":22.0,"turns":3.0},{"damage":11.0,"enemies":"Hiden Room Battle","floor":23.0,"turns":3.0},{"damage":0.0,"enemies":"Slavers","floor":25.0,"turns":5.0},{"damage":5.0,"enemies":"Centurion and Healer","floor":28.0,"turns":2.0},{"damage":6.0,"enemies":"Book of Stabbing","floor":33.0,"turns":5.0},{"damage":36.0,"enemies":"Collector","floor":35.0,"turns":3.0},{"damage":40.0,"enemies":"3 Shapes","floor":37.0,"turns":3.0},{"damage":0.0,"enemies":"Orb Walker","floor":39.0,"turns":2.0},{"damage":0.0,"enemies":"Transient","floor":41.0,"turns":5.0},{"damage":10.0,"enemies":"Writhing Mass","floor":42.0,"turns":5.0},{"damage":0.0,"enemies":"Sphere and 2 Shapes","floor":44.0,"turns":3.0},{"damage":0.0,"enemies":"Spire Growth","floor":47.0,"turns":4.0},{"damage":0.0,"enemies":"Reptomancer","floor":48.0,"turns":4.0},{"damage":11.0,"enemies":"3 Darklings","floor":50.0,"turns":4.0},{"damage":58,"enemies":"Awakened One","floor":52,"turns":5}],"seed_played":"-4097416227037230765","potions_obtained":[{"floor":2.0,"key":"SpeedPotion"},{"floor":2.0,"key":"Adrenaline Potion"},{"floor":2.0,"key":"Adrenaline Potion"},{"floor":5.0,"key":"Regen Potion"},{"floor":12.0,"key":"Strength Potion"},{"floor":16.0,"key":"SteroidPotion"},{"floor":21.0,"key":"LifebloodPotion"},{"floor":22.0,"key":"Fruit Juice"},{"floor":25.0,"key":"AttackPotion"},{"floor":35.0,"key":"BlessingOfTheForge"},{"floor":37.0,"key":"DuplicationPotion"},{"floor":41.0,"key":"Strength Potion"}],"is_trial":false,"path_per_floor":["M","?","?","$","M","R","M","E","T","$","M","E","R","M","R","B",null,"M","?","$","?","M","R","$","E","T","R","M","?","R","PTL","PTL","E","R","B",null,"M","$","M","$","M","M","R","M","T","$","M","E","?","M","R","B",null],"character_chosen":"DEFECT","items_purchased":["SteamSale","Replay:Bottled Eggs","Replay:Mystery Machine","MealTicket","Hologram","Replay:Bandana","Streamline","Turbo","BettingIsNotGood","Replay:Multitool","Ball Lightning","BelialBook","ReplayTheSpireMod:CursedCoin","Heavy Blade+1","ReplayTheSpireMod:Brewmster+1","Replay:Baseball","Blood Vial","Aggregate","Vajra","Magic Flower","ClockworkSouvenir","Bottled Flame","Toolbox"],"campfire_rested":0,"item_purchase_floors":[0,0,0,0,0,0,0,0,0,10,10,24,24,24,24,38,38,38,40,40,40,46,46],"current_hp_per_floor":[21,21,21,36,36,36,75,55,55,70,60,65,65,65,65,4,56,57,57,71,71,81,58,73,77,77,77,73,73,73,73,73,77,77,43,70,32,47,50,65,79,73,73,76,74,74,74,74,74,65,74,28],"gold":897,"neow_bonus":"","is_daily":false,"chose_seed":false,"campfire_upgraded":4,"win_rate":0.0,"timestamp":1611815821,"path_taken":["M","?","?","$","M","R","?","E","T","$","M","E","R","M","R","BOSS","M","?","$","?","M","R","?","E","T","R","M","?","R","PTL","PTL","E","R","BOSS","M","$","M","$","M","M","R","M","T","$","M","E","?","M","R","BOSS"],"items_purchased_type":["Relic","Relic","Relic","Relic","Card","Relic","Card","Card","Card","Relic","Card","Relic","Relic","Card","Card","Relic","Relic","Card","Relic","Relic","Relic","Relic","Relic"],"build_version":"2020-12-22","purchased_purges":6,"victory":true,"max_hp_per_floor":[75,75,75,75,75,75,75,75,75,75,75,73,73,73,73,73,73,73,73,71,71,81,81,81,81,81,81,81,81,81,81,79,79,79,79,79,79,79,79,79,79,79,76,76,74,74,74,74,74,74,74,74],"card_choices":[{"not_picked":["Self Repair","Steam"],"picked":"Conserve Battery","floor":1.0},{"not_picked":["FTL","BasicCrystalCard","Steam"],"picked":"SKIP","floor":5.0},{"not_picked":["Cold Snap","Beam Cell"],"picked":"ReplayTheSpireMod:Reroute Power","floor":7.0},{"not_picked":["Glacier","Multi-Cast"],"picked":"Rebound","floor":8.0},{"not_picked":["Ball Lightning","Doom and Gloom"],"picked":"Bomb","floor":11.0},{"not_picked":["Sweeping Beam","Ball Lightning"],"picked":"Reboot","floor":12.0},{"not_picked":["Anger","Leap"],"picked":"Melter","floor":14.0},{"not_picked":["Offering","Barricade"],"picked":"Limit Break","floor":16.0},{"not_picked":["Steam Power","Anger"],"picked":"Flex","floor":18.0},{"not_picked":["Sunder","Anger"],"picked":"Core Surge","floor":21.0},{"not_picked":["BasicCrystalCard","Sweeping Beam","Beam Cell"],"picked":"SKIP","floor":22.0},{"not_picked":["Ball Lightning","Streamline","Rebound+1"],"picked":"SKIP","floor":25.0},{"not_picked":["Anger","Flex","Streamline"],"picked":"SKIP","floor":28.0},{"not_picked":["Steam+1","Rainbow","Clash+1"],"picked":"SKIP","floor":33.0},{"not_picked":["Go for the Eyes+1","ReplaySolidLightProjector"],"picked":"Sweeping Beam+1","floor":37.0},{"not_picked":["Turbo+1","Static Discharge+1","Anger+1"],"picked":"SKIP","floor":39.0},{"not_picked":["Redo","Conserve Battery","Cold Snap+1"],"picked":"SKIP","floor":41.0},{"not_picked":["ReplayGash","Streamline"],"picked":"Compile Driver+1","floor":42.0},{"not_picked":["Iron Wave+1","Buffer+1","WeaponsOverheat"],"picked":"SKIP","floor":44.0},{"not_picked":["Warcry","Panic Button","Lockon"],"picked":"SKIP","floor":47.0},{"not_picked":["Coolheaded+1","Force Field+1","Redo+1"],"picked":"SKIP","floor":48.0},{"not_picked":["Anger+1","Dual Wield","Iron Wave"],"picked":"SKIP","floor":50.0}],"player_experience":271981,"relics_obtained":[{"floor":2.0,"key":"Ring of Peace"},{"floor":2.0,"key":"ReplayTheSpireMod:Ring of Addiction"},{"floor":2.0,"key":"Potion Belt"},{"floor":2.0,"key":"SacredBark"},{"floor":8.0,"key":"Replay:Wax Seal"},{"floor":9.0,"key":"Regal Pillow"},{"floor":12.0,"key":"BookOfRevelations"},{"floor":17.0,"key":"MawBank"},{"floor":17.0,"key":"Frozen Egg 2"},{"floor":17.0,"key":"Leech"},{"floor":21.0,"key":"Red Mask"},{"floor":23.0,"key":"Replay:WaspNest"},{"floor":23.0,"key":"Centennial Puzzle"},{"floor":25.0,"key":"TungstenRod"},{"floor":26.0,"key":"DataDisk"},{"floor":33.0,"key":"TheBean"},{"floor":45.0,"key":"SharpPlug"},{"floor":48.0,"key":"Dead Branch"}],"event_choices":[{"damage_healed":0.0,"max_hp_gain":0.0,"max_hp_loss":0.0,"gold_gain":0.0,"event_name":"Golden Idol","player_choice":"Take Wound","floor":3.0,"gold_loss":0.0,"damage_taken":0.0,"relics_obtained":["Golden Idol"],"cards_obtained":["Injury"]},{"cards_removed":["Strike_B"],"damage_healed":0.0,"max_hp_gain":0.0,"max_hp_loss":0.0,"gold_gain":0.0,"event_name":"Designer","player_choice":"Upgrade and Remove","floor":15.0,"gold_loss":90.0,"damage_taken":0.0,"cards_upgraded":["Streamline"]},{"damage_healed":0.0,"max_hp_gain":0.0,"max_hp_loss":0.0,"gold_gain":0.0,"cards_transformed":["ReplayTheSpireMod:Reroute Power","Defend_B"],"event_name":"Drug Dealer","player_choice":"Became Test Subject","floor":19.0,"gold_loss":0.0,"damage_taken":0.0,"cards_obtained":["ReplayTheSpireMod:Omega Cannon","Melter"]},{"damage_healed":0.0,"max_hp_gain":0.0,"max_hp_loss":0.0,"gold_gain":0.0,"event_name":"Masked Bandits","player_choice":"Fought Bandits","floor":21.0,"gold_loss":0.0,"damage_taken":0.0},{"damage_healed":0.0,"max_hp_gain":0.0,"max_hp_loss":0.0,"gold_gain":0.0,"event_name":"HidenRoomEvent","player_choice":"Fight","floor":23.0,"gold_loss":0.0,"damage_taken":0.0},{"damage_healed":0.0,"max_hp_gain":0.0,"max_hp_loss":0.0,"gold_gain":0.0,"event_name":"Back to Basics","player_choice":"Simplicity","floor":29.0,"gold_loss":0.0,"damage_taken":0.0,"cards_upgraded":["Strike_B","Strike_B"]},{"damage_healed":0.0,"max_hp_gain":0.0,"max_hp_loss":0.0,"gold_gain":333.0,"event_name":"The Moai Head","player_choice":"Gave Idol","floor":49.0,"relics_lost":["Golden Idol"],"gold_loss":0.0,"damage_taken":0.0}],"is_beta":false,"boss_relics":[{"not_picked":["ChewingGum","Pandora\u0027s Box"],"picked":"Calling Bell"},{"not_picked":[]},{"not_picked":["Replay:Ancient Bell","Snecko Eye"],"picked":"Ring of Chaos"},{"not_picked":[]}],"items_purged_floors":[0,4,10,24,40,46],"is_endless":false,"potions_floor_spawned":[5,12,16,21,22,23,25,35,37,39,41,44],"ascension_level":9}}