{"host":"pdsyh71gl8fwuuoe","time":1611797802,"event":{"mods":["AchievementEnabler","Act Like it!","BaseMod","Bestiary","Colored Powertips","Curses Come First","Custom Start","Highlight Path","Minty Spire (QoL Compilation)","Quick Restart","Relic Stats","StSLib","TheSurvivalist"],"gold_per_floor":[117,117,133,133,133,133,147,147,218,236,336,336,372,22,22,146,146,167,167,191,290,309,309,322,322,371,371,371],"floor_reached":27,"language":"ENG","playtime":1298,"items_purged":["survmod:Strike"],"score":211,"play_id":"14f05601-9aea-406d-9048-31f690cb8364","local_time":"20210127203642","is_ascension_mode":false,"campfire_choices":[{"data":"survmod:VersatileOffense","floor":6,"key":"SMITH"},{"data":"survmod:DuckAndFlare","floor":8,"key":"SMITH"},{"data":"survmod:GoForFace","floor":12,"key":"SMITH"},{"data":"survmod:AcidArrow","floor":15,"key":"SMITH"},{"data":"Bandage Up","floor":23,"key":"SMITH"},{"data":"survmod:AcidTrap","floor":25,"key":"SMITH"}],"circlet_count":0,"master_deck":["survmod:Strike+1","survmod:Strike+1","survmod:Strike+1","survmod:Defend+1","survmod:Defend+1","survmod:Defend+1","survmod:Defend+1","survmod:VersatileOffense+1","survmod:Sprint","survmod:GoForFace+1","survmod:AcidArrow+1","survmod:DuckAndFlare+1","survmod:SurpriseTrap","survmod:AcidTrap+1","survmod:FenceTrap","survmod:BearTrap","survmod:GoForFace","survmod:AcidArrow+1","Bandage Up+1","survmod:Exploit","survmod:MarkTrap","survmod:NockAnArrow+1","survmod:FlareBarrage+1","survmod:GoForFace"],"relics":["survmod:InnateMutation","Golden Idol","The Courier","Nunchaku","Philosopher\u0027s Stone","Oddly Smooth Stone"],"acts_visited":["Exordium","TheCity"],"potions_floor_usage":[],"damage_taken":[{"damage":0,"enemies":"Jaw Worm","floor":1,"turns":4},{"damage":0,"enemies":"Small Slimes","floor":3,"turns":3},{"damage":0,"enemies":"2 Louse","floor":7,"turns":3},{"damage":3,"enemies":"Exordium Thugs","floor":10,"turns":6},{"damage":1,"enemies":"3 Sentries","floor":13,"turns":7},{"damage":39,"enemies":"The Guardian","floor":16,"turns":11},{"damage":5,"enemies":"Spheric Guardian","floor":18,"turns":3},{"damage":19,"enemies":"3 Byrds","floor":20,"turns":7},{"damage":0,"enemies":"Snake Plant","floor":22,"turns":5},{"damage":0,"enemies":"Centurion and Healer","floor":24,"turns":5},{"damage":48,"enemies":"Book of Stabbing","floor":27,"turns":8}],"seed_played":"-5035672146933672899","potions_obtained":[{"floor":1,"key":"SneckoOil"},{"floor":7,"key":"Dexterity Potion"},{"floor":16,"key":"Block Potion"},{"floor":24,"key":"Explosive Potion"}],"is_trial":false,"path_per_floor":["M","?","M","?","?","R","M","R","T","M","?","R","E","$","R","B",null,"M","?","M","?","M","R","M","R","T","E"],"character_chosen":"THE_SURVIVOR","items_purchased":["survmod:AcidTrap","survmod:FenceTrap","survmod:BearTrap","survmod:GoForFace","survmod:AcidArrow","Bandage Up"],"campfire_rested":0,"item_purchase_floors":[14,14,14,14,14,14],"current_hp_per_floor":[55,55,55,51,41,41,41,41,41,38,38,38,37,37,37,2,51,46,46,31,31,35,35,41,41,41,0,0],"gold":371,"neow_bonus":"TEN_PERCENT_HP_BONUS","is_daily":false,"chose_seed":false,"campfire_upgraded":6,"win_rate":0.0,"timestamp":1611797802,"path_taken":["M","?","M","?","?","R","M","R","T","?","?","R","E","$","R","BOSS","M","?","M","?","M","R","M","R","T","E"],"items_purchased_type":["Card","Card","Card","Card","Card","Card"],"build_version":"2020-12-22","purchased_purges":1,"victory":false,"max_hp_per_floor":[55,55,55,51,51,51,51,51,51,51,51,51,51,51,51,51,51,51,51,51,51,51,51,51,51,51,51,51],"relic_stats":{"Nunchaku":[2],"counters":[11,60],"Golden Idol":55,"obtain_stats":[{"Nunchaku":13,"Golden Idol":4,"Oddly Smooth Stone":26,"Philosopher\u0027s Stone":17,"The Courier":9,"survmod:InnateMutation":0},{"Nunchaku":5,"Golden Idol":2,"Oddly Smooth Stone":10,"Philosopher\u0027s Stone":6,"The Courier":3,"survmod:InnateMutation":0},{"Nunchaku":23,"Golden Idol":7,"Oddly Smooth Stone":52,"Philosopher\u0027s Stone":33,"The Courier":10,"survmod:InnateMutation":0}]},"card_choices":[{"not_picked":["survmod:AimForTheLiver","survmod:PinningSnipe"],"picked":"survmod:GoForFace","floor":1},{"not_picked":["survmod:SwiftKick","survmod:TacticalManeuver"],"picked":"survmod:AcidArrow","floor":3},{"not_picked":["survmod:MarkedFromAfar","survmod:WalledOffTraps"],"picked":"survmod:DuckAndFlare","floor":7},{"not_picked":["survmod:FindCover","survmod:OverexertingShot","survmod:EscapeMechanism"],"picked":"SKIP","floor":10},{"not_picked":["survmod:TwinShot","survmod:FindCover"],"picked":"survmod:SurpriseTrap","floor":13},{"not_picked":["survmod:VersatilePower","survmod:PerfectPosition"],"picked":"survmod:Exploit","floor":16},{"not_picked":["survmod:HailOfArrows","survmod:AcidTrap"],"picked":"survmod:MarkTrap","floor":18},{"not_picked":["survmod:LongShot","survmod:TrickShot"],"picked":"survmod:NockAnArrow+1","floor":20},{"not_picked":["survmod:NockAnArrow","survmod:BearTrap+1"],"picked":"survmod:FlareBarrage+1","floor":22},{"not_picked":["survmod:FindCover","survmod:RejectWeakness"],"picked":"survmod:GoForFace","floor":24}],"player_experience":538758,"relics_obtained":[{"floor":9,"key":"The Courier"},{"floor":13,"key":"Nunchaku"},{"floor":26,"key":"Oddly Smooth Stone"}],"event_choices":[{"damage_healed":0,"gold_gain":0,"player_choice":"Ignored","damage_taken":0,"max_hp_gain":0,"max_hp_loss":0,"event_name":"Liars Game","floor":2,"gold_loss":0},{"damage_healed":0,"gold_gain":0,"player_choice":"Lose Max HP","damage_taken":0,"relics_obtained":["Golden Idol"],"max_hp_gain":0,"max_hp_loss":4,"event_name":"Golden Idol","floor":4,"gold_loss":0},{"damage_healed":0,"gold_gain":0,"player_choice":"Entered Light","damage_taken":10,"max_hp_gain":0,"max_hp_loss":0,"event_name":"Shining Light","floor":5,"gold_loss":0,"cards_upgraded":["survmod:Defend","survmod:AcidArrow"]},{"damage_healed":0,"gold_gain":100,"player_choice":"Pray","damage_taken":0,"max_hp_gain":0,"max_hp_loss":0,"event_name":"Golden Shrine","floor":11,"gold_loss":0},{"damage_healed":0,"gold_gain":0,"player_choice":"Simplicity","damage_taken":0,"max_hp_gain":0,"max_hp_loss":0,"event_name":"Back to Basics","floor":19,"gold_loss":0,"cards_upgraded":["survmod:Strike","survmod:Strike","survmod:Strike","survmod:Defend","survmod:Defend","survmod:Defend"]},{"damage_healed":0,"gold_gain":99,"player_choice":"Stole From Cult","damage_taken":0,"max_hp_gain":0,"max_hp_loss":0,"event_name":"Nest","floor":21,"gold_loss":0}],"is_beta":false,"boss_relics":[{"not_picked":["Empty Cage","Pandora\u0027s Box"],"picked":"Philosopher\u0027s Stone"}],"items_purged_floors":[14],"is_endless":false,"potions_floor_spawned":[1,7,16,20,24],"killed_by":"Book of Stabbing","ascension_level":0}}