{"host":"sm4mc8awnxynwelj","time":1611818848,"event":{"mods":["BaseMod","Downfall","Marisa£®ÏF”Í°°ƒß¿Ì…≥£©","Minty Spire (QoL Compilation)","Remilia£®¿Ÿ√◊¿Ú—«£©","StSLib"],"gold_per_floor":[199,214,228,138,138,138,138,157,188,198,198,198,198,211,225,322,322,322,342,358,243,243,261,261,261,272,309,320,320,320,339,351,451,451,451,468,478,494,513,663,663,295,295,328,89,106,106,106,124,124],"floor_reached":51,"language":"ZHS","playtime":5326,"items_purged":["Strike_RM","downfall:Malfunctioning","Injury","Defend_RM","Strike_RM"],"score":767,"play_id":"32dd0135-ce85-46f3-acb1-1f8cb878736b","local_time":"20210128152728","is_ascension_mode":true,"campfire_choices":[{"data":"RedMoon","floor":1.0,"key":"SMITH"},{"data":"TwelveNightmare","floor":6.0,"key":"SMITH"},{"data":"BlasphemousPunishment","floor":11.0,"key":"SMITH"},{"data":"BloodRain","floor":13.0,"key":"SMITH"},{"data":"BloodyCatastrophe","floor":18.0,"key":"SMITH"},{"data":"EternalNight","floor":25.0,"key":"SMITH"},{"floor":30.0,"key":"REST"},{"floor":35.0,"key":"RECALL"},{"floor":43.0,"key":"REST"},{"floor":47.0,"key":"REST"}],"circlet_count":0,"master_deck":["Strike_RM+1","Defend_RM+1","Defend_RM+1","RedMoon+1","ScarletShoot","TwelveNightmare+1","ScarletDevilSign","Stigmanizer+1","EndlessAdversity+1","BlasphemousPunishment+1","BloodyCatastrophe+1","Septette","RedMagic+1","Ultimatum+1","BloodySeventeenLaser+1","ScarletImprint+1","EternalNight+1","MastersStateliness+1","BlasphemousPunishment+1","MiserableFate+1","DiffusionOfMisfortune+1","ScarletImprint+1","Necronomicurse","LeisurelyOfLord+1","ScarletCoffin+1","ScarletDevilSign+1","TricksterDevil","UnderTheZenith+1","FitfulNightmare+1"],"relics":["ScarletHat","Molten Egg 2","Strawberry","bronze:MakeshiftBattery","Pantograph","Singing Bowl","Membership Card","Necronomicon","Fusion Hammer","Question Card","HandDrill","Potion Belt","Thread and Needle","Omamori","Dream Catcher","Pen Nib"],"acts_visited":["Exordium","TheCity","TheBeyond"],"potions_floor_usage":[50,50],"damage_taken":[{"damage":0.0,"enemies":"Small Slimes","floor":2.0,"turns":3.0},{"damage":1.0,"enemies":"Cultist","floor":3.0,"turns":6.0},{"damage":0.0,"enemies":"downfall:FleeingMerchant","floor":4.0,"turns":4.0},{"damage":0.0,"enemies":"Jaw Worm","floor":8.0,"turns":1.0},{"damage":0.0,"enemies":"3 Sentries","floor":9.0,"turns":7.0},{"damage":0.0,"enemies":"Gremlin Gang","floor":10.0,"turns":3.0},{"damage":14.0,"enemies":"Blue Slaver","floor":14.0,"turns":2.0},{"damage":14.0,"enemies":"Large Slime","floor":15.0,"turns":3.0},{"damage":20.0,"enemies":"WA_ARCHETYPE_RETAIN","floor":16.0,"turns":5.0},{"damage":14.0,"enemies":"3 Byrds","floor":19.0,"turns":4.0},{"damage":10.0,"enemies":"Chosen","floor":20.0,"turns":3.0},{"damage":25.0,"enemies":"downfall:FleeingMerchant","floor":21.0,"turns":4.0},{"damage":10.0,"enemies":"Snake Plant","floor":23.0,"turns":2.0},{"damage":4.0,"enemies":"Shelled Parasite and Fungi","floor":26.0,"turns":2.0},{"damage":20.0,"enemies":"downfall:FleeingMerchant","floor":27.0,"turns":2.0},{"damage":4.0,"enemies":"Cultist and Chosen","floor":28.0,"turns":3.0},{"damage":54.0,"enemies":"Snake Plant","floor":31.0,"turns":1.0},{"damage":4.0,"enemies":"3 Cultists","floor":32.0,"turns":3.0},{"damage":8.0,"enemies":"SI_MIRROR_ARCHETYPE","floor":33.0,"turns":4.0},{"damage":3.0,"enemies":"Orb Walker","floor":36.0,"turns":2.0},{"damage":10.0,"enemies":"3 Shapes","floor":37.0,"turns":1.0},{"damage":10.0,"enemies":"Jaw Worm Horde","floor":38.0,"turns":2.0},{"damage":26.0,"enemies":"4 Shapes","floor":39.0,"turns":5.0},{"damage":63.0,"enemies":"Giant Head","floor":44.0,"turns":4.0},{"damage":20.0,"enemies":"Maw","floor":46.0,"turns":1.0},{"damage":0.0,"enemies":"3 Darklings","floor":49.0,"turns":1.0},{"damage":37,"enemies":"IC_BLOCK_ARCHETYPE","floor":50,"turns":6}],"seed_played":"3970571712825096872","potions_obtained":[{"floor":9.0,"key":"SteroidPotion"},{"floor":10.0,"key":"Strength Potion"},{"floor":15.0,"key":"ColorlessPotion"},{"floor":20.0,"key":"Ancient Potion"},{"floor":23.0,"key":"EssenceOfSteel"},{"floor":26.0,"key":"LiquidBronze"},{"floor":33.0,"key":"EssenceOfSteel"},{"floor":39.0,"key":"AttackPotion"},{"floor":39.0,"key":"FairyPotion"},{"floor":44.0,"key":"AttackPotion"},{"floor":49.0,"key":"Guardian:BlockOnCardUsePotion"}],"is_trial":false,"path_per_floor":["R","M","M","$","?","R","T","M","E","M","R","?","R","M","M","B",null,"R","M","M","$","T","M","T","R","M","$","M","?","R","M","M","B",null,"R","M","M","M","M","?","T","$","R","E","$","M","R","?","M","B",null],"character_chosen":"REMILIA","items_purchased":["Membership Card","Toy Ornithopter","HandDrill","Potion Belt","Thread and Needle","Dream Catcher","Pen Nib"],"campfire_rested":3,"item_purchase_floors":[27,27,42,42,42,45,45],"current_hp_per_floor":[75,75,75,75,75,75,75,75,82,82,82,82,82,68,54,41,82,82,69,63,52,52,42,42,42,40,25,24,8,32,30,28,50,86,86,85,77,69,62,62,62,62,89,67,67,49,77,104,104,93],"gold":124,"neow_bonus":"HUNDRED_GOLD","is_daily":false,"chose_seed":false,"campfire_upgraded":6,"win_rate":0.0,"timestamp":1611818848,"path_taken":["R","M","M","$","?","R","T","M","E","M","R","?","R","M","M","BOSS","R","M","M","$","?","M","T","R","M","$","M","?","R","M","M","BOSS","R","M","M","M","M","?","T","$","R","E","$","?","R","?","M","BOSS"],"items_purchased_type":["Relic","Relic","Relic","Relic","Relic","Relic","Relic"],"build_version":"2020-12-22","purchased_purges":5,"victory":true,"max_hp_per_floor":[75,75,75,75,75,75,75,75,82,82,82,82,82,82,82,82,82,82,82,82,82,82,82,82,82,82,82,82,82,82,84,86,86,86,86,88,90,90,92,92,92,92,92,92,92,94,94,104,104,104],"card_choices":[{"not_picked":["UnstableMagic","MastersStateliness"],"picked":"TwelveNightmare","floor":2.0},{"not_picked":["StarOfDavid","FavorOfDestiny"],"picked":"ScarletDevilSign","floor":3.0},{"not_picked":["BloodyMagicSquare","EndlessAdversity"],"picked":"MiserableFate","floor":4.0},{"not_picked":["BloodHunter","TwelveNightmare"],"picked":"Stigmanizer+1","floor":8.0},{"not_picked":["DemonKingCradle","StarOfDavid+1"],"picked":"EndlessAdversity+1","floor":9.0},{"not_picked":["CharismaGuard","AfternoonTea"],"picked":"BlasphemousPunishment","floor":10.0},{"not_picked":["VampirishNight","UnstableMagic"],"picked":"RedMagic","floor":14.0},{"not_picked":["ReincarnationDial","LeisurelyOfLord+1"],"picked":"Ultimatum+1","floor":15.0},{"not_picked":["HellCatastrophe+1","BloodyCatastrophe"],"picked":"BloodySeventeenLaser+1","floor":16.0},{"not_picked":["EndlessAdversity+1","CharismaGuard"],"picked":"ScarletImprint+1","floor":19.0},{"not_picked":["BloodAndWine","RedRainbow+1"],"picked":"EternalNight","floor":20.0},{"not_picked":["VampireSweep+1","StarOfDavid+1"],"picked":"MastersStateliness+1","floor":20.0},{"not_picked":["SuperhumanBloodyKnife+1","CeilingFear","RedRainbow+1"],"picked":"SKIP","floor":21.0},{"not_picked":["VampireKiss+1","BombardNight+1"],"picked":"BlasphemousPunishment","floor":23.0},{"not_picked":["SuperhumanBloodyKnife+1","Stigmanizer+1"],"picked":"MiserableFate+1","floor":26.0},{"not_picked":["VampireKiss+1","EmergencyRegeneration+1"],"picked":"DiffusionOfMisfortune+1","floor":27.0},{"not_picked":["StarOfDavid+1","ReincarnationDial"],"picked":"ScarletImprint+1","floor":28.0},{"not_picked":["RedMagic","UnstableMagic","BloodAndWine"],"picked":"Singing Bowl","floor":31.0},{"not_picked":["UltimateOffering+1","LeisurelyOfLord+1","NightDance+1"],"picked":"Singing Bowl","floor":32.0},{"not_picked":["BlasphemousPunishment+1","CeilingFear"],"picked":"LeisurelyOfLord+1","floor":32.0},{"not_picked":["TransientEternity","DemonKingCradle"],"picked":"ScarletCoffin+1","floor":33.0},{"not_picked":["EndlessAdversity+1","UltimateOffering+1","Ultimatum+1"],"picked":"Singing Bowl","floor":36.0},{"not_picked":["BloodHunter","BombardNight+1","VampirishNight"],"picked":"Singing Bowl","floor":37.0},{"not_picked":["RedRainbow+1","UltimateOffering+1"],"picked":"ScarletDevilSign+1","floor":38.0},{"not_picked":["DiffusionOfMisfortune+1","ScarletDevil+1","FavorOfDestiny"],"picked":"Singing Bowl","floor":39.0},{"not_picked":["DiffusionOfMisfortune+1","EndlessAdversity+1","DevilSight+1"],"picked":"TricksterDevil","floor":44.0},{"not_picked":["BombardNight+1","NightLord+1","EmergencyRegeneration","UnderTheZenith"],"picked":"Singing Bowl","floor":46.0},{"not_picked":["VampireKiss+1","NightDance+1","UnstableMagic+1"],"picked":"UnderTheZenith+1","floor":47.0},{"not_picked":["ScarletGensokyo","VampireClaw+1","NightDance+1"],"picked":"FitfulNightmare+1","floor":49.0}],"player_experience":532037,"relics_obtained":[{"floor":7.0,"key":"Molten Egg 2"},{"floor":9.0,"key":"Strawberry"},{"floor":22.0,"key":"Pantograph"},{"floor":24.0,"key":"Singing Bowl"},{"floor":29.0,"key":"Necronomicon"},{"floor":41.0,"key":"Question Card"},{"floor":44.0,"key":"Omamori"}],"event_choices":[{"cards_removed":["BloodRain"],"damage_healed":17.0,"max_hp_gain":10.0,"max_hp_loss":0.0,"gold_gain":0.0,"event_name":"Bonfire Elementals","player_choice":"Offered Rare","floor":48.0,"gold_loss":0.0,"damage_taken":0.0}],"is_beta":false,"boss_relics":[{"not_picked":["Tiny House","Pandora\u0027s Box"],"picked":"bronze:MakeshiftBattery"},{"not_picked":["Black Star","Astrolabe"],"picked":"Fusion Hammer"}],"items_purged_floors":[4,21,27,42,45],"is_endless":false,"potions_floor_spawned":[9,10,15,20,23,26,33,44,49],"ascension_level":1}}