{"host":"gop1q6bv59twswbp","time":1611814849,"event":{"mods":["AlwaysNeverKeys","BaseMod","Downfall","Hermit","Minty Spire (QoL Compilation)","Permanent Neow","Rare Cards Sparkle","StSLib","The Cursed"],"gold_per_floor":[99,113,131,131,146,46,73,173,173,73,7,7,7,0,12,114,114,14,29,48,60,60,90,90,124,124,144,144,144,162,182,192,288,288,288,288,288,304,54,72,72,122,135,150,25,54,54,74,92,92,92,92,92,92],"floor_reached":52,"language":"ENG","playtime":4954,"items_purged":["champ:DancingMaster","TheCursedMod:Dregs","champ:FaceSlap"],"score":737,"play_id":"344ff0ba-dad8-48ed-807c-dd70026ae27f","local_time":"20210128012049","is_ascension_mode":false,"campfire_choices":[{"data":"champ:Taunt","floor":1.0,"key":"SMITH"},{"data":"champ:DefensiveShout","floor":6.0,"key":"SMITH"},{"data":"champ:Parry","floor":10.0,"key":"SMITH"},{"data":"champ:FlashCut","floor":13.0,"key":"SMITH"},{"data":"champ:DefensiveStyle","floor":18.0,"key":"SMITH"},{"data":"champ:DefensiveStyle","floor":26.0,"key":"SMITH"},{"data":"champ:EnchantCrown","floor":35.0,"key":"SMITH"},{"data":"champ:ShieldWall","floor":47,"key":"SMITH"}],"circlet_count":0,"master_deck":["champ:Execute","champ:Taunt+1","Flash of Steel","champ:DefensiveShout+1","champ:EnGarde","champ:BringItOn","champ:Parry+1","champ:ShieldSigil","champ:FlashCut+1","champ:RageSigil","champ:ShieldWall+1","champ:CheapShot","champ:ArenaPreparation","champ:Circumvent","champ:Lariat","champ:DefensiveStyle+1","champ:SetATrap","champ:ArenaPreparation","expansioncontent:PrepareCrush","champ:DefensiveStyle+1","champ:PreemptiveStrike","champ:SwordSigil","champ:RapidStrikes","champ:EnchantCrown+1","CurseOfTheBell","CurseOfTheBell","champ:EnchantSword","champ:TornadoPunch+1","champ:FocusedDefense+1","champ:DefensiveShout"],"relics":["champ:ChampionCrownUpgraded","downfall:HeartBlessingGreen","War Paint","CloakClasp","downfall:ShatteredFragment","downfall:HeartBlessingRed","Pandora\u0027s Box","downfall:HeartBlessingBlue","Vajra","Question Card","Mercury Hourglass","Nunchaku","Nilry\u0027s Codex","downfall:ExtraCursedBell","Boot","Singing Bowl","hexamod:Sixitude","champ:BerserkersGuideToSlaughter","Pocketwatch","Du-Vu Doll","Shuriken"],"acts_visited":["Exordium","TheCity","TheBeyond","TheEnding"],"potions_floor_usage":[46,46,46,50,50,50,50,50],"damage_taken":[{"damage":0.0,"enemies":"2 Louse","floor":2.0,"turns":3.0},{"damage":10.0,"enemies":"Cultist","floor":3.0,"turns":3.0},{"damage":20.0,"enemies":"Jaw Worm","floor":5.0,"turns":3.0},{"damage":10.0,"enemies":"Jaw Worm","floor":8.0,"turns":11.0},{"damage":10.0,"enemies":"downfall:FleeingMerchant","floor":11.0,"turns":4.0},{"damage":10.0,"enemies":"downfall:FleeingMerchant","floor":14.0,"turns":4.0},{"damage":10.0,"enemies":"Exordium Wildlife","floor":15.0,"turns":3.0},{"damage":36.0,"enemies":"SI_SHIV_ARCHETYPE","floor":16.0,"turns":8.0},{"damage":5.0,"enemies":"3 Byrds","floor":19.0,"turns":5.0},{"damage":0.0,"enemies":"Spheric Guardian","floor":20.0,"turns":3.0},{"damage":40.0,"enemies":"downfall:FleeingMerchant","floor":21.0,"turns":5.0},{"damage":18.0,"enemies":"Slavers","floor":23.0,"turns":5.0},{"damage":30.0,"enemies":"Book of Stabbing","floor":25.0,"turns":3.0},{"damage":20.0,"enemies":"Centurion and Healer","floor":27.0,"turns":6.0},{"damage":0.0,"enemies":"Snake Plant","floor":30.0,"turns":3.0},{"damage":6.0,"enemies":"Sentry and Sphere","floor":31.0,"turns":4.0},{"damage":0.0,"enemies":"3 Cultists","floor":32.0,"turns":3.0},{"damage":33.0,"enemies":"DF_ARCHETYPE_CLAW","floor":33.0,"turns":5.0},{"damage":60.0,"enemies":"3 Darklings","floor":38.0,"turns":4.0},{"damage":15,"enemies":"Orb Walker","floor":40,"turns":2},{"damage":35,"enemies":"Orb Walker","floor":42,"turns":3},{"damage":25,"enemies":"Jaw Worm Horde","floor":43,"turns":2},{"damage":30,"enemies":"Sphere and 2 Shapes","floor":44,"turns":4},{"damage":9,"enemies":"Giant Head","floor":46,"turns":6},{"damage":38,"enemies":"4 Shapes","floor":48,"turns":3},{"damage":47,"enemies":"3 Darklings","floor":49,"turns":5},{"damage":75,"enemies":"WA_ARCHETYPE_DIVINITY","floor":50,"turns":11},{"damage":116,"enemies":"downfall:CharBossMerchant","floor":52,"turns":5}],"seed_played":"5972520841883727629","potions_obtained":[{"floor":3.0,"key":"Fire Potion"},{"floor":4.0,"key":"Regen Potion"},{"floor":4.0,"key":"DistilledChaos"},{"floor":8.0,"key":"DuplicationPotion"},{"floor":23.0,"key":"Regen Potion"},{"floor":27.0,"key":"Ancient Potion"},{"floor":30.0,"key":"SteroidPotion"},{"floor":44,"key":"EntropicBrew"},{"floor":46,"key":"EntropicBrew"}],"is_trial":false,"path_per_floor":["R","M","M","?","M","R","T","?","?","R","$","?","R","$","M","B",null,"R","M","M","$","?","E","T","E","R","M","?","?","M","M","M","B",null,"R","?","?","M","$","M","T","?","M","M","$","E","R","M","M","B",null,"E"],"character_chosen":"THE_CHAMP","items_purchased":["champ:FlashCut","Vajra","expansioncontent:PrepareCrush","champ:BerserkersGuideToSlaughter"],"campfire_rested":0,"item_purchase_floors":[11,21,21,39],"current_hp_per_floor":[90,90,90,90,90,90,90,90,63,63,63,63,63,63,63,32,90,100,100,100,100,100,82,82,77,77,77,61,61,61,55,55,22,100,100,100,102,99,99,106,106,108,110,105,105,110,110,110,110,55,112,0,0,0],"gold":92,"neow_bonus":"RANDOM_COLORLESS","is_daily":false,"chose_seed":false,"campfire_upgraded":8,"win_rate":0.0,"timestamp":1611814849,"path_taken":["R","M","M","?","?","R","T","?","?","R","?","?","R","$","M","BOSS","R","?","M","$","?","E","T","E","R","M","?","?","M","M","M","BOSS","R","?","?","M","$","M","T","?","M","M","?","E","R","M","M","BOSS","E"],"items_purchased_type":["Card","Relic","Card","Relic"],"build_version":"2020-12-22","purchased_purges":3,"victory":false,"max_hp_per_floor":[90,90,90,90,90,90,90,90,90,90,90,90,90,90,90,90,90,100,100,100,100,100,100,100,100,100,100,100,100,100,100,100,100,100,100,100,102,104,104,106,106,108,110,110,110,110,110,110,112,112,112,112,112,112],"card_choices":[{"not_picked":["Purity","Swift Strike"],"picked":"Flash of Steel","floor":0.0},{"not_picked":["champ:AdrenalArmor","champ:FlashCut"],"picked":"champ:DefensiveShout","floor":2.0},{"not_picked":["champ:PerfectedStrike","champ:PreemptiveStrike"],"picked":"champ:EnGarde","floor":3.0},{"not_picked":["champ:FlashCut","champ:EnGarde"],"picked":"champ:BringItOn","floor":5.0},{"not_picked":["champ:ShieldSigil","champ:FancyFootwork"],"picked":"champ:Parry","floor":8.0},{"not_picked":["champ:Encircle","champ:DefensiveShout"],"picked":"champ:ShieldSigil","floor":11.0},{"not_picked":["champ:BladeFlurry","champ:Haymaker"],"picked":"champ:RageSigil","floor":14.0},{"not_picked":["champ:SwordThrow","champ:AdrenalArmor"],"picked":"champ:ShieldWall","floor":15.0},{"not_picked":["champ:HeavySlash","champ:EnchantShield"],"picked":"champ:CheapShot","floor":16.0},{"not_picked":["champ:DefensiveShout","champ:Backstep","champ:ShieldSigil"],"picked":"SKIP","floor":19.0},{"not_picked":["champ:BladeFlurry","champ:PerfectedStrike"],"picked":"champ:ArenaPreparation","floor":20.0},{"not_picked":["champ:SteelEdge","champ:RageSigil","champ:Encircle+1"],"picked":"SKIP","floor":21.0},{"not_picked":["champ:EndlessRage+1","champ:PreemptiveStrike"],"picked":"champ:DefensiveStyle","floor":23.0},{"not_picked":["champ:Haymaker","champ:EnragedBash","champ:SetATrap","champ:BladeFlurry+1"],"picked":"SKIP","floor":25.0},{"not_picked":["champ:FancyFootwork","champ:RisingSlash+1","champ:Encircle+1"],"picked":"champ:PreemptiveStrike","floor":27.0},{"not_picked":["champ:BladeFlurry","champ:FancyFootwork","champ:Shatter"],"picked":"champ:SwordSigil","floor":30.0},{"not_picked":["champ:IronFortress","champ:Parry","champ:ViciousMockery","champ:DefensiveShout"],"picked":"SKIP","floor":31.0},{"not_picked":["champ:Circumvent+1","champ:Haymaker","champ:EndlessRage"],"picked":"champ:RapidStrikes","floor":32.0},{"not_picked":["champ:IgnorePain","champ:GladiatorForm","champ:DancingMaster"],"picked":"champ:EnchantCrown","floor":33.0},{"not_picked":["expansioncontent:StudyTheSpire","expansioncontent:DecaShield","expansioncontent:Hexaburn"],"picked":"Singing Bowl","floor":37.0},{"not_picked":["champ:GutPunch+1","champ:StanceDance","champ:BladeFlurry+1","champ:TornadoPunch"],"picked":"Singing Bowl","floor":38.0},{"not_picked":["champ:GladiatorStyle+1","champ:RecklessLeap+1","champ:ShieldSigil+1","champ:CrownThrow"],"picked":"Singing Bowl","floor":40},{"not_picked":["champ:CrownThrow","champ:SwordSigil+1","champ:GladiatorStyle","champ:Haymaker+1"],"picked":"Singing Bowl","floor":42},{"not_picked":["champ:ShieldThrow","champ:FalseCounter+1","champ:DeathBlow","champ:BerserkersShout+1"],"picked":"Singing Bowl","floor":43},{"not_picked":["champ:FanOfKnives+1","champ:HeartStrike+1","champ:SetATrap+1"],"picked":"champ:TornadoPunch+1","floor":44},{"not_picked":["champ:FancyFootwork","champ:PerfectedStrike+1","champ:EnchantCrown"],"picked":"champ:FocusedDefense+1","floor":46},{"not_picked":["champ:FaceSlap","champ:BladeFlurry+1","champ:PreciseThrust+1"],"picked":"champ:DefensiveShout","floor":48},{"not_picked":["champ:CrownThrow+1","champ:StanceDance+1","champ:GladiatorStyle+1","champ:GutPunch+1"],"picked":"Singing Bowl","floor":49}],"player_experience":855242,"relics_obtained":[{"floor":7.0,"key":"War Paint"},{"floor":8.0,"key":"CloakClasp"},{"floor":23.0,"key":"Question Card"},{"floor":24.0,"key":"Mercury Hourglass"},{"floor":25.0,"key":"Nunchaku"},{"floor":28.0,"key":"Nilry\u0027s Codex"},{"floor":36.0,"key":"Boot"},{"floor":36.0,"key":"Singing Bowl"},{"floor":36.0,"key":"hexamod:Sixitude"},{"floor":41,"key":"Pocketwatch"},{"floor":42,"key":"Du-Vu Doll"},{"floor":46,"key":"Shuriken"}],"event_choices":[{"damage_healed":0.0,"max_hp_gain":0.0,"max_hp_loss":0.0,"gold_gain":0.0,"event_name":"Lab","player_choice":"Got Potions","floor":4.0,"gold_loss":0.0,"damage_taken":0.0},{"cards_removed":["champ:Strike"],"damage_healed":0.0,"max_hp_gain":0.0,"max_hp_loss":0.0,"gold_gain":0.0,"event_name":"Bonfire Elementals","player_choice":"Offered Basic","floor":12.0,"gold_loss":0.0,"damage_taken":0.0},{"damage_healed":0.0,"max_hp_gain":0.0,"max_hp_loss":0.0,"gold_gain":0.0,"event_name":"Vampires","player_choice":"Ignored","floor":22.0,"gold_loss":0.0,"damage_taken":0.0}],"is_beta":false,"boss_relics":[{"not_picked":["Coffee Dripper","Sozu"],"picked":"Pandora\u0027s Box"},{"not_picked":["SacredBark","Snecko Eye"],"picked":"champ:ChampionCrownUpgraded"}],"items_purged_floors":[21,39,45],"is_endless":false,"potions_floor_spawned":[3,8,23,27,30,31,32,40,44,46],"killed_by":"downfall:CharBossMerchant","ascension_level":0}}