{"host":"czyddnh1ekzxzhp2","time":1611819215,"event":{"mods":["BaseMod","Better Third Choice","BetterRewards","Hermit","Minty Spire (QoL Compilation)","StSLib"],"gold_per_floor":[113,113,76,76,92,120,120,131,131,131,162,162,162,200,200,324,324,343,393,409,409,259,302,327,327,327,327,327,343,386,386,386,511,511,525,118,118,118,142,142,186,186,186,186,37,37,57,88,88,88],"floor_reached":51,"language":"ENG","playtime":3806,"items_purged":["hermit:Brawl"],"score":1005,"play_id":"2335facb-1d5e-4f89-aabe-e696bce485c9","local_time":"20210128023335","is_ascension_mode":false,"campfire_choices":[{"floor":7.0,"key":"REST"},{"data":"hermit:Maintenance","floor":12.0,"key":"SMITH"},{"floor":15.0,"key":"REST"},{"floor":25.0,"key":"REST"},{"data":"hermit:CursedWeapon","floor":28.0,"key":"SMITH"},{"floor":32.0,"key":"REST"},{"data":"hermit:BlackWind","floor":40.0,"key":"SMITH"},{"data":"hermit:CalledShot","floor":42.0,"key":"SMITH"},{"data":"hermit:GoldenBullet","floor":44.0,"key":"SMITH"},{"data":"hermit:Covet","floor":46.0,"key":"SMITH"},{"floor":49.0,"key":"REST"}],"circlet_count":0,"master_deck":["hermit:Strike_Hermit","hermit:Strike_Hermit","hermit:Strike_Hermit","hermit:Defend_Hermit","hermit:Defend_Hermit","hermit:Defend_Hermit","hermit:Defend_Hermit","hermit:Covet+1","hermit:Grudge","Regret","hermit:Maintenance+1","hermit:CursedWeapon+1","Injury","hermit:BlackWind+1","hermit:Roulette+1","hermit:CalledShot+1","hermit:GoldenBullet+1","Doubt","Decay","hermit:Determination","hermit:Snipe+1","hermit:LoneWolf+1","Parasite"],"relics":["hermit:Momento","hermit:RedScarf","betterThird:SlimedRelic","Sundial","Pocketwatch","Meat on the Bone","Pear","Golden Idol","WingedGreaves","Cursed Key","Strange Spoon","Kunai","hermit:Horseshoe","CultistMask","Bag of Marbles","Philosopher\u0027s Stone","Gremlin Horn","Anchor","Ornamental Fan","Sling","MealTicket"],"acts_visited":["Exordium","TheCity","TheBeyond"],"potions_floor_usage":[50],"damage_taken":[{"damage":5.0,"enemies":"Jaw Worm","floor":1.0,"turns":4.0},{"damage":0.0,"enemies":"2 Louse","floor":5.0,"turns":2.0},{"damage":17.0,"enemies":"Lagavulin","floor":6.0,"turns":9.0},{"damage":0.0,"enemies":"Small Slimes","floor":8.0,"turns":4.0},{"damage":34.0,"enemies":"Gremlin Nob","floor":11.0,"turns":5.0},{"damage":13.0,"enemies":"3 Sentries","floor":14.0,"turns":8.0},{"damage":21.0,"enemies":"Hexaghost","floor":16.0,"turns":13.0},{"damage":18.0,"enemies":"Shell Parasite","floor":18.0,"turns":6.0},{"damage":14.0,"enemies":"Spheric Guardian","floor":20.0,"turns":4.0},{"damage":30.0,"enemies":"Book of Stabbing","floor":23.0,"turns":5.0},{"damage":23.0,"enemies":"Centurion and Healer","floor":24.0,"turns":4.0},{"damage":14.0,"enemies":"Sentry and Sphere","floor":29.0,"turns":3.0},{"damage":29.0,"enemies":"Gremlin Leader","floor":30.0,"turns":3.0},{"damage":23.0,"enemies":"Automaton","floor":33.0,"turns":12.0},{"damage":3.0,"enemies":"Orb Walker","floor":35.0,"turns":3.0},{"damage":4.0,"enemies":"3 Darklings","floor":39.0,"turns":3.0},{"damage":23.0,"enemies":"Giant Head","floor":41.0,"turns":8.0},{"damage":20.0,"enemies":"Maw","floor":47.0,"turns":6.0},{"damage":2.0,"enemies":"Reptomancer","floor":48.0,"turns":2.0},{"damage":53,"enemies":"Donu and Deca","floor":50,"turns":8}],"seed_played":"761290692797917526","potions_obtained":[{"floor":6.0,"key":"AttackPotion"},{"floor":16.0,"key":"hermit:Tonic"},{"floor":20.0,"key":"EssenceOfSteel"},{"floor":23.0,"key":"Energy Potion"},{"floor":24.0,"key":"BlessingOfTheForge"},{"floor":41.0,"key":"DistilledChaos"},{"floor":48.0,"key":"FairyPotion"}],"is_trial":false,"path_per_floor":["M","?","?","?","M","E","R","M","T","T","E","R","?","E","R","B",null,"M","?","M","?","$","E","M","R","T","?","R","M","E","?","R","B",null,"M","$","?","?","M","R","E","R","T","R","$","R","M","E","R","B",null],"character_chosen":"HERMIT","items_purchased":["Strange Spoon","hermit:Determination","Gremlin Horn","Sling"],"campfire_rested":5,"item_purchase_floors":[22,36,36,45],"current_hp_per_floor":[77,77,66,66,66,49,73,73,73,73,61,61,61,48,75,54,92,74,74,60,60,60,42,39,66,66,66,66,52,35,35,62,47,92,89,89,89,102,98,98,75,75,75,75,75,75,55,53,83,42],"gold":88,"neow_bonus":"TEN_PERCENT_HP_BONUS","is_daily":false,"chose_seed":false,"campfire_upgraded":6,"win_rate":0.0,"timestamp":1611819215,"path_taken":["M","?","?","?","M","E","R","?","T","?","E","R","?","E","R","BOSS","M","?","?","?","$","E","?","R","T","?","R","?","E","?","R","BOSS","M","$","?","?","M","R","E","R","T","R","$","R","M","E","R","BOSS"],"items_purchased_type":["Relic","Card","Relic","Relic"],"build_version":"2020-12-22","purchased_purges":1,"victory":true,"max_hp_per_floor":[82,82,82,82,82,82,82,82,82,82,92,92,92,92,92,92,92,92,92,92,92,92,92,92,92,92,92,92,92,92,92,92,92,92,92,92,92,102,102,102,102,102,102,102,102,102,102,102,102,102],"card_choices":[{"not_picked":["hermit:HoleUp","hermit:Snipe"],"picked":"hermit:Grudge","floor":1.0},{"not_picked":["hermit:BodyArmor","hermit:WideOpen"],"picked":"hermit:Maintenance","floor":5.0},{"not_picked":["hermit:ItchyTrigger","hermit:EyeOfTheStorm","hermit:Dive"],"picked":"SKIP","floor":6.0},{"not_picked":["hermit:Cheat","hermit:Shortfuse"],"picked":"hermit:CursedWeapon","floor":8.0},{"not_picked":["hermit:Quickdraw","hermit:Manifest","hermit:DeadMansHand"],"picked":"SKIP","floor":11.0},{"not_picked":["hermit:HoleUp","hermit:Misfire"],"picked":"hermit:BlackWind","floor":14.0},{"not_picked":["hermit:FinalCanter","hermit:FromBeyond"],"picked":"hermit:Reprieve","floor":16.0},{"not_picked":["hermit:DeadMansHand","hermit:Grudge","hermit:Glare"],"picked":"SKIP","floor":18.0},{"not_picked":["hermit:PistolWhip","hermit:Desperado"],"picked":"hermit:Roulette+1","floor":20.0},{"not_picked":["hermit:Glare","hermit:RoundhouseKick"],"picked":"hermit:GoldenBullet","floor":23.0},{"not_picked":["hermit:Dive+1","hermit:Misfire","hermit:TrackingShot"],"picked":"SKIP","floor":24.0},{"not_picked":["hermit:Midnight","hermit:Grudge"],"picked":"hermit:Brawl","floor":29.0},{"not_picked":["hermit:BodyArmor","hermit:SprayPray","hermit:Coalescence"],"picked":"SKIP","floor":30.0},{"not_picked":["hermit:WideOpen","hermit:LowProfile+1","hermit:CalledShot+1"],"picked":"SKIP","floor":35.0},{"not_picked":["hermit:Dive+1","hermit:FromBeyond"],"picked":"hermit:Snipe+1","floor":39.0},{"not_picked":["hermit:NoHoldsBarred","hermit:GhostlyPresence"],"picked":"hermit:LoneWolf+1","floor":41.0},{"not_picked":["hermit:GhostlyPresence","hermit:BodyArmor","hermit:EyeOfTheStorm+1"],"picked":"SKIP","floor":47.0},{"not_picked":["hermit:Vantage","hermit:PistolWhip","hermit:FlashPowder"],"picked":"SKIP","floor":48.0}],"player_experience":856928,"relics_obtained":[{"floor":6.0,"key":"Sundial"},{"floor":9.0,"key":"Pocketwatch"},{"floor":10.0,"key":"Meat on the Bone"},{"floor":11.0,"key":"Pear"},{"floor":14.0,"key":"WingedGreaves"},{"floor":23.0,"key":"Kunai"},{"floor":26.0,"key":"hermit:Horseshoe"},{"floor":30.0,"key":"Bag of Marbles"},{"floor":41.0,"key":"Anchor"},{"floor":43.0,"key":"Ornamental Fan"},{"floor":48.0,"key":"MealTicket"}],"event_choices":[{"damage_healed":0.0,"max_hp_gain":0.0,"max_hp_loss":0.0,"gold_gain":0.0,"event_name":"Big Fish","player_choice":"Box","floor":2.0,"gold_loss":0.0,"damage_taken":0.0,"relics_obtained":["hermit:RedScarf"],"cards_obtained":["Regret"]},{"damage_healed":0.0,"max_hp_gain":0.0,"max_hp_loss":0.0,"gold_gain":0.0,"event_name":"betterThird:BetterGoop","player_choice":"Slimed","floor":3.0,"gold_loss":37.0,"damage_taken":11.0},{"cards_removed":["hermit:Strike_Hermit"],"damage_healed":0.0,"max_hp_gain":0.0,"max_hp_loss":0.0,"gold_gain":0.0,"event_name":"Purifier","player_choice":"Purged","floor":4.0,"gold_loss":0.0,"damage_taken":0.0},{"damage_healed":0.0,"max_hp_gain":0.0,"max_hp_loss":0.0,"gold_gain":0.0,"event_name":"Golden Idol","player_choice":"Take Wound","floor":13.0,"gold_loss":0.0,"damage_taken":0.0,"relics_obtained":["Golden Idol"],"cards_obtained":["Injury"]},{"damage_healed":0.0,"max_hp_gain":0.0,"max_hp_loss":0.0,"gold_gain":100.0,"event_name":"The Joust","player_choice":"Bet on Murderer","floor":19.0,"gold_loss":50.0,"damage_taken":0.0},{"damage_healed":0.0,"max_hp_gain":0.0,"max_hp_loss":0.0,"gold_gain":0.0,"cards_transformed":["hermit:Snapshot"],"event_name":"Transmorgrifier","player_choice":"Transformed","floor":21.0,"gold_loss":0.0,"damage_taken":0.0,"cards_obtained":["hermit:CalledShot"]},{"damage_healed":0.0,"max_hp_gain":0.0,"max_hp_loss":0.0,"gold_gain":0.0,"event_name":"FaceTrader","player_choice":"Trade","floor":27.0,"gold_loss":0.0,"damage_taken":0.0,"relics_obtained":["CultistMask"]},{"damage_healed":0.0,"max_hp_gain":0.0,"max_hp_loss":0.0,"gold_gain":0.0,"event_name":"Wheel of Change","player_choice":"Cursed","floor":31.0,"gold_loss":0.0,"damage_taken":0.0,"cards_obtained":["Decay"]},{"damage_healed":0.0,"max_hp_gain":0.0,"max_hp_loss":0.0,"gold_gain":0.0,"event_name":"Tomb of Lord Red Mask","player_choice":"Ignored","floor":37.0,"gold_loss":0.0,"damage_taken":0.0},{"cards_removed":["hermit:Reprieve"],"damage_healed":3.0,"max_hp_gain":10.0,"max_hp_loss":0.0,"gold_gain":0.0,"event_name":"Bonfire Elementals","player_choice":"Offered Rare","floor":38.0,"gold_loss":0.0,"damage_taken":0.0}],"is_beta":false,"boss_relics":[{"not_picked":["hermit:ClaspedLocket","SacredBark"],"picked":"Cursed Key"},{"not_picked":["Pandora\u0027s Box","Astrolabe"],"picked":"Philosopher\u0027s Stone"}],"items_purged_floors":[36],"is_endless":false,"potions_floor_spawned":[6,16,20,23,24,41,48],"ascension_level":0}}