{"host":"lzlnscgb2n0l5w2m","time":1611802875,"event":{"mods":["AchievementEnabler","BaseMod","Block Reminder","Colored Powertips","Googly Eyes","Highlight Path","Minty Spire (QoL Compilation)","Permanent Neow","Relic Stats","StSLib"],"gold_per_floor":[13,25,43,43,43,43,62,94,94,56,126,141,153,153,153,279,279,294,294,294,310,91,91,106,142,142,181,200,299,47,68,68,196,196,209,222,29,93,108,108,126,126,153,193,3,0,35,60,60,60,60,60,37,68,68],"floor_reached":56,"language":"ZHT","playtime":6240,"items_purged":["Defend_G","Defend_G","Defend_G"],"score":1459,"play_id":"eaa199bf-41ee-4310-a860-6052c03d8b3f","local_time":"20210128110115","is_ascension_mode":true,"campfire_choices":[{"data":"Malaise","floor":6,"key":"SMITH"},{"floor":15,"key":"REST"},{"data":"A Thousand Cuts","floor":23,"key":"SMITH"},{"data":"Backflip","floor":32,"key":"SMITH"},{"floor":40,"key":"RECALL"},{"data":"Noxious Fumes","floor":42,"key":"SMITH"},{"data":"Well Laid Plans","floor":49,"key":"SMITH"},{"data":"Neutralize","floor":52,"key":"SMITH"}],"circlet_count":0,"master_deck":["Strike_G","Strike_G","Strike_G","Defend_G","Survivor+1","Neutralize+1","Backflip+1","Cloak And Dagger+1","Malaise+1","A Thousand Cuts+1","Flying Knee","Backstab","Escape Plan+1","Terror+1","Backflip+1","Venomology+1","Malaise+1","Deflect+1","Malaise+1","Outmaneuver+1","Cloak And Dagger+1","Deflect+1","Heel Hook","Slice","Doppelganger+1","Blade Dance+1","Noxious Fumes+1","Noxious Fumes+1","Parasite","Flying Knee+1","Well Laid Plans+1","Backflip+1","Deflect+1"],"relics":["Ring of the Snake","Toxic Egg 2","Eternal Feather","Golden Idol","Philosopher\u0027s Stone","Enchiridion","DollysMirror","Potion Belt","Gremlin Horn","Vajra","SlaversCollar","Tough Bandages","Boot","Snake Skull","Toy Ornithopter","Red Mask","FossilizedHelix","Bag of Preparation"],"acts_visited":["Exordium","TheCity","TheBeyond","TheEnding"],"potions_floor_usage":[8,16,16,21,21,24,24,24,25,27,31,33,33,33,33,36,39,44,44,44,47,48,48,50,50,54,55,55,55,55,55,55,55,55],"damage_taken":[{"damage":0,"enemies":"2 Louse","floor":1,"turns":4},{"damage":0,"enemies":"Small Slimes","floor":2,"turns":6},{"damage":1,"enemies":"Jaw Worm","floor":3,"turns":4},{"damage":0,"enemies":"Looter","floor":7,"turns":4},{"damage":27,"enemies":"Gremlin Nob","floor":8,"turns":6},{"damage":0,"enemies":"2 Fungi Beasts","floor":12,"turns":2},{"damage":0,"enemies":"Exordium Wildlife","floor":13,"turns":4},{"damage":14,"enemies":"The Guardian","floor":16,"turns":11},{"damage":11,"enemies":"3 Byrds","floor":18,"turns":6},{"damage":4,"enemies":"Spheric Guardian","floor":21,"turns":3},{"damage":1,"enemies":"Shelled Parasite and Fungi","floor":24,"turns":4},{"damage":13,"enemies":"Slavers","floor":25,"turns":8},{"damage":0,"enemies":"Gremlin Leader","floor":27,"turns":5},{"damage":0,"enemies":"Chosen and Byrds","floor":28,"turns":8},{"damage":1,"enemies":"Snecko","floor":31,"turns":6},{"damage":15,"enemies":"Champ","floor":33,"turns":14},{"damage":2,"enemies":"Orb Walker","floor":35,"turns":5},{"damage":5,"enemies":"3 Darklings","floor":36,"turns":3},{"damage":31,"enemies":"2 Orb Walkers","floor":38,"turns":5},{"damage":0,"enemies":"Writhing Mass","floor":39,"turns":6},{"damage":0,"enemies":"4 Shapes","floor":41,"turns":4},{"damage":6,"enemies":"Nemesis","floor":44,"turns":3},{"damage":14,"enemies":"Giant Head","floor":47,"turns":7},{"damage":16,"enemies":"3 Darklings","floor":48,"turns":4},{"damage":12,"enemies":"Time Eater","floor":50,"turns":12},{"damage":38,"enemies":"Shield and Spear","floor":54,"turns":5},{"damage":68,"enemies":"The Heart","floor":55,"turns":9}],"seed_played":"-4992413559410663186","potions_obtained":[{"floor":1,"key":"SteroidPotion"},{"floor":7,"key":"DuplicationPotion"},{"floor":8,"key":"GamblersBrew"},{"floor":13,"key":"Weak Potion"},{"floor":16,"key":"BlessingOfTheForge"},{"floor":21,"key":"Poison Potion"},{"floor":24,"key":"Fruit Juice"},{"floor":25,"key":"PowerPotion"},{"floor":28,"key":"SkillPotion"},{"floor":36,"key":"SteroidPotion"},{"floor":39,"key":"Swift Potion"},{"floor":44,"key":"Fire Potion"},{"floor":48,"key":"AttackPotion"}],"is_trial":false,"path_per_floor":["M","M","M","?","?","R","M","E","T","$","?","M","M","?","R","B",null,"M","?","?","M","$","R","M","E","T","E","M","?","$","M","R","B",null,"M","M","$","?","M","R","M","R","T","E","$","?","E","M","R","B",null,"R","$","E","B",null],"character_chosen":"THE_SILENT","items_purchased":["Escape Plan+1","DollysMirror","Vajra","Noxious Fumes","Well Laid Plans","Toy Ornithopter","Deflect+1"],"campfire_rested":1,"item_purchase_floors":[10,22,30,37,45,45,53],"current_hp_per_floor":[70,70,69,69,55,55,55,28,28,28,28,28,28,11,41,27,59,48,32,32,28,28,40,44,31,31,31,31,31,31,30,45,30,64,62,57,57,26,26,44,44,62,62,56,56,56,47,41,59,57,71,75,75,42,14],"gold":68,"neow_bonus":"REMOVE_TWO","is_daily":false,"chose_seed":false,"campfire_upgraded":6,"win_rate":0.0,"timestamp":1611802875,"path_taken":["M","M","M","?","?","R","M","E","T","?","?","M","M","?","R","BOSS","M","?","?","M","$","R","M","E","T","E","?","?","$","M","R","BOSS","M","M","$","?","M","R","M","R","T","E","$","?","E","M","R","BOSS","R","$","E","BOSS"],"items_purchased_type":["Card","Relic","Relic","Card","Card","Relic","Card"],"build_version":"2020-12-22","purchased_purges":3,"victory":true,"max_hp_per_floor":[70,70,70,70,70,70,70,70,70,70,70,70,70,70,70,70,70,70,70,70,70,70,70,75,75,75,75,75,75,75,75,75,75,75,75,75,75,75,75,75,75,75,75,75,75,75,75,75,75,75,75,75,75,75,75],"relic_stats":{"Tough Bandages":[30],"Gremlin Horn":[9,9],"counters":[27,158],"Golden Idol":187,"Eternal Feather":94,"Snake Skull":[49],"Bag of Preparation":[2],"Boot":[30],"obtain_stats":[{"Potion Belt":25,"Gremlin Horn":27,"Golden Idol":14,"Enchiridion":19,"Vajra":30,"Eternal Feather":9,"Snake Skull":44,"Bag of Preparation":54,"Boot":43,"SlaversCollar":34,"Tough Bandages":38,"DollysMirror":22,"Philosopher\u0027s Stone":17,"Red Mask":46,"Toxic Egg 2":8,"Toy Ornithopter":45,"FossilizedHelix":47,"Ring of the Snake":0},{"Potion Belt":12,"Gremlin Horn":13,"Golden Idol":7,"Enchiridion":9,"Vajra":14,"Eternal Feather":5,"Snake Skull":22,"Bag of Preparation":26,"Boot":21,"SlaversCollar":16,"Tough Bandages":19,"DollysMirror":10,"Philosopher\u0027s Stone":8,"Red Mask":22,"Toxic Egg 2":5,"Toy Ornithopter":22,"FossilizedHelix":23,"Ring of the Snake":0},{"Potion Belt":62,"Gremlin Horn":67,"Golden Idol":30,"Enchiridion":47,"Vajra":75,"Eternal Feather":24,"Snake Skull":121,"Bag of Preparation":149,"Boot":118,"SlaversCollar":95,"Tough Bandages":108,"DollysMirror":50,"Philosopher\u0027s Stone":41,"Red Mask":121,"Toxic Egg 2":24,"Toy Ornithopter":121,"FossilizedHelix":128,"Ring of the Snake":0}],"Toy Ornithopter":70,"Ring of the Snake":[54]},"card_choices":[{"not_picked":["Bouncing Flask","Slice"],"picked":"Backflip","floor":1},{"not_picked":["Poisoned Stab","Sucker Punch"],"picked":"Cloak And Dagger","floor":2},{"not_picked":["Backflip","Bouncing Flask"],"picked":"Malaise","floor":3},{"not_picked":["Poisoned Stab","Prepared"],"picked":"Flying Knee","floor":7},{"not_picked":["Caltrops","Deadly Poison+1"],"picked":"Backstab","floor":8},{"not_picked":["Backstab","Expertise+1"],"picked":"Terror+1","floor":12},{"not_picked":["Endless Agony","Expertise+1"],"picked":"Backflip+1","floor":13},{"not_picked":["Corpse Explosion+1","Night Terror+1"],"picked":"Venomology+1","floor":16},{"not_picked":["Crippling Poison+1","Dagger Throw","Sucker Punch+1"],"picked":"SKIP","floor":18},{"not_picked":["Sucker Punch","Poisoned Stab+1"],"picked":"Deflect+1","floor":21},{"not_picked":["Dodge and Roll+1","Backflip+1"],"picked":"Outmaneuver+1","floor":24},{"not_picked":["Expertise+1","Corpse Explosion+1"],"picked":"Cloak And Dagger+1","floor":25},{"not_picked":["Flechettes+1","Backflip+1"],"picked":"Deflect+1","floor":27},{"not_picked":["Deadly Poison+1","Backflip+1"],"picked":"Heel Hook","floor":28},{"not_picked":["Underhanded Strike","Flying Knee+1"],"picked":"Slice","floor":31},{"not_picked":["Wraith Form v2","After Image"],"picked":"Doppelganger+1","floor":33},{"not_picked":["Quick Slash+1","Dagger Spray+1"],"picked":"Blade Dance+1","floor":35},{"not_picked":["Dagger Spray+1","Crippling Poison+1","All Out Attack"],"picked":"SKIP","floor":36},{"not_picked":["Footwork","Catalyst+1"],"picked":"Noxious Fumes+1","floor":38},{"not_picked":["Cloak And Dagger+1","Finisher"],"picked":"Flying Knee+1","floor":39},{"not_picked":["Acrobatics+1","Dagger Throw+1","Dodge and Roll+1"],"picked":"SKIP","floor":41},{"not_picked":["Poisoned Stab+1","Choke","Flechettes+1"],"picked":"SKIP","floor":44},{"not_picked":["Poisoned Stab","Dagger Throw+1"],"picked":"Backflip+1","floor":47},{"not_picked":["Dagger Throw","Poisoned Stab+1","Choke"],"picked":"SKIP","floor":48},{"not_picked":["Predator","Distraction+1","Glass Knife"],"picked":"SKIP","floor":54}],"player_experience":259484,"relics_obtained":[{"floor":8,"key":"Toxic Egg 2"},{"floor":9,"key":"Eternal Feather"},{"floor":19,"key":"Enchiridion"},{"floor":25,"key":"Potion Belt"},{"floor":27,"key":"Gremlin Horn"},{"floor":38,"key":"Tough Bandages"},{"floor":43,"key":"Boot"},{"floor":44,"key":"Snake Skull"},{"floor":47,"key":"FossilizedHelix"},{"floor":54,"key":"Bag of Preparation"}],"event_choices":[{"damage_healed":0,"gold_gain":0,"cards_transformed":["Strike_G"],"player_choice":"Change","damage_taken":0,"max_hp_gain":0,"max_hp_loss":0,"event_name":"Living Wall","floor":4,"gold_loss":0,"cards_obtained":["A Thousand Cuts"]},{"damage_healed":0,"gold_gain":0,"player_choice":"Entered Light","damage_taken":14,"max_hp_gain":0,"max_hp_loss":0,"event_name":"Shining Light","floor":5,"gold_loss":0,"cards_upgraded":["Cloak And Dagger","Survivor"]},{"damage_healed":0,"gold_gain":70,"player_choice":"Gained Gold","damage_taken":0,"max_hp_gain":0,"max_hp_loss":0,"event_name":"Golden Wing","floor":11,"gold_loss":0},{"damage_healed":0,"gold_gain":0,"player_choice":"Take Damage","damage_taken":17,"relics_obtained":["Golden Idol"],"max_hp_gain":0,"max_hp_loss":0,"event_name":"Golden Idol","floor":14,"gold_loss":0},{"damage_healed":0,"gold_gain":0,"player_choice":"Obtained Book","damage_taken":16,"max_hp_gain":0,"max_hp_loss":0,"event_name":"Cursed Tome","floor":19,"gold_loss":0},{"damage_healed":0,"gold_gain":0,"player_choice":"Copied","damage_taken":0,"max_hp_gain":0,"max_hp_loss":0,"event_name":"Duplicator","floor":20,"gold_loss":0,"cards_obtained":["Malaise"]},{"damage_healed":0,"gold_gain":99,"player_choice":"Stole From Cult","damage_taken":0,"max_hp_gain":0,"max_hp_loss":0,"event_name":"Nest","floor":29,"gold_loss":0},{"damage_healed":0,"gold_gain":0,"player_choice":"Fight","damage_taken":0,"max_hp_gain":0,"max_hp_loss":0,"event_name":"Mysterious Sphere","floor":38,"gold_loss":0},{"damage_healed":0,"gold_gain":0,"player_choice":"Paid","damage_taken":0,"relics_obtained":["Red Mask"],"max_hp_gain":0,"max_hp_loss":0,"event_name":"Tomb of Lord Red Mask","floor":46,"gold_loss":3}],"is_beta":false,"boss_relics":[{"not_picked":["Ectoplasm","Runic Pyramid"],"picked":"Philosopher\u0027s Stone"},{"not_picked":["Astrolabe","Ring of the Serpent"],"picked":"SlaversCollar"}],"items_purged_floors":[22,30,37],"is_endless":false,"potions_floor_spawned":[1,7,8,13,16,21,24,25,28,36,39,44,48],"ascension_level":5}}