{"host":"lblchrha3vh2nram","time":1611805805,"event":{"mods":["BaseMod","Bestiary","Better Altar","Better Skull","Better Third Choice","ChefMod","Downfall","Evolution","Hermit","Highlight Path","Minty Spire (QoL Compilation)","Potionbrewer","Shade Mod","Spicy Shops","StSLib","The Blue Laboratory","The Dragon Tamer","The Hierophant","The Kombatant","The Marked"],"gold_per_floor":[115,39,49,65,65,100,275,295,321,27,27,27,27,43,43,166,166,186,209,209,64,84,84,183,194,218,228,0,0,20,38,38,134,134,147,147,147],"floor_reached":36,"language":"ENG","playtime":2221,"items_purged":[],"score":266,"play_id":"4738097a-93b0-4a65-bd53-1fe54b41a4eb","local_time":"20210127225005","is_ascension_mode":false,"campfire_choices":[{"data":"hierophant:RepressedViolence","floor":11,"key":"SMITH"},{"data":"hierophant:Endure","floor":13,"key":"SMITH"},{"data":"hierophant:Smite","floor":15,"key":"SMITH"},{"data":"hierophant:FlamingChariot","floor":23,"key":"SMITH"},{"data":"hierophant:Determination","floor":32,"key":"SMITH"}],"circlet_count":0,"master_deck":["hierophant:Strike_Hierophant","hierophant:Strike_Hierophant","hierophant:Strike_Hierophant","hierophant:Strike_Hierophant","hierophant:Punish","hierophant:Defend_Hierophant","hierophant:Defend_Hierophant","hierophant:Defend_Hierophant","hierophant:Defend_Hierophant+1","hierophant:ChurchCoffers+1","hierophant:RepressedViolence+1","hierophant:Endure+1","hierophant:HolyVerse","hierophant:Smite+1","hierophant:ThreeLashes","hierophant:Determination+1","hierophant:PassingBell+1","hierophant:Sermon","hierophant:FlamingChariot+1","hierophant:Upheaval+1"],"relics":["hierophant:PropheticMaskRelic","EVO:Axolotl","NeowsBlessing","War Paint","Bloody Idol","potionbrewer:Torch","Nunchaku","Lee\u0027s Waffle","Lantern","Sozu","Blood Vial","Oddly Smooth Stone","Ancient Tea Set","Vajra","Blood Vial","Runic Pyramid"],"acts_visited":["Exordium","TheCity","TheBeyond"],"potions_floor_usage":[6,8],"damage_taken":[{"damage":0,"enemies":"Cultist","floor":1,"turns":1},{"damage":0,"enemies":"Jaw Worm","floor":3,"turns":1},{"damage":0,"enemies":"Small Slimes","floor":4,"turns":2},{"damage":30,"enemies":"Gremlin Nob","floor":6,"turns":4},{"damage":14,"enemies":"Exordium Wildlife","floor":8,"turns":4},{"damage":6,"enemies":"Large Slime","floor":14,"turns":3},{"damage":49,"enemies":"Slime Boss","floor":16,"turns":11},{"damage":0,"enemies":"Spheric Guardian","floor":18,"turns":2},{"damage":17,"enemies":"Shell Parasite","floor":19,"turns":5},{"damage":12,"enemies":"Centurion and Healer","floor":22,"turns":4},{"damage":6,"enemies":"3 Cultists","floor":25,"turns":4},{"damage":32,"enemies":"Cultist and Chosen","floor":27,"turns":6},{"damage":5,"enemies":"Snecko","floor":30,"turns":5},{"damage":0,"enemies":"Chosen and Byrds","floor":31,"turns":3},{"damage":70,"enemies":"Automaton","floor":33,"turns":10},{"damage":11,"enemies":"3 Darklings","floor":35,"turns":4},{"damage":15,"enemies":"3 Shapes","floor":36,"turns":3}],"seed_played":"1344338400911846850","potions_obtained":[{"floor":3,"key":"Explosive Potion"},{"floor":8,"key":"Fruit Juice"},{"floor":14,"key":"BlessingOfTheForge"}],"is_trial":false,"path_per_floor":["M","$","M","M","?","E","?","M","T","$","R","?","R","M","R","B",null,"M","M","?","$","M","R","?","M","T","M","$","?","M","M","R","B",null,"M","M"],"character_chosen":"HIEROPHANT","items_purchased":["War Paint","Lee\u0027s Waffle","Lantern","Oddly Smooth Stone","Vajra","Blood Vial"],"campfire_rested":0,"item_purchase_floors":[2,10,10,21,28,28],"current_hp_per_floor":[75,75,75,75,57,27,27,18,18,87,87,87,87,81,81,32,87,87,70,46,46,58,58,63,71,76,51,51,51,64,79,79,27,87,87,72,72],"gold":147,"neow_bonus":"THREE_ENEMY_KILL","is_daily":false,"chose_seed":false,"campfire_upgraded":5,"win_rate":0.0,"timestamp":1611805805,"path_taken":["M","$","?","M","?","E","?","M","T","?","R","?","R","M","R","BOSS","M","?","?","$","M","R","?","M","T","M","$","?","?","M","R","BOSS","M","?"],"items_purchased_type":["Relic","Relic","Relic","Relic","Relic","Relic"],"build_version":"2020-12-22","purchased_purges":0,"victory":false,"max_hp_per_floor":[75,75,75,75,75,75,75,80,80,87,87,87,87,87,87,87,87,87,87,87,87,87,87,87,87,87,87,87,87,87,87,87,87,87,87,87,87],"card_choices":[{"not_picked":["hierophant:FlamingChariot","hierophant:DisplayOfPower"],"picked":"hierophant:RepressedViolence","floor":1},{"not_picked":["hierophant:Sermon","hierophant:FieryStrike"],"picked":"hierophant:Endure","floor":3},{"not_picked":["hierophant:Charity","hierophant:AuricBeam"],"picked":"hierophant:HolyVerse","floor":4},{"not_picked":["hierophant:Prophecy","hierophant:Anathema"],"picked":"hierophant:Smite","floor":6},{"not_picked":["hierophant:EyeForCoin","hierophant:Remorse","hierophant:Charity"],"picked":"SKIP","floor":8},{"not_picked":["hierophant:RustyCrate","hierophant:DisplayOfPower"],"picked":"hierophant:ThreeLashes","floor":14},{"not_picked":["hierophant:WrathOfGod","hierophant:Generosity"],"picked":"hierophant:Determination","floor":16},{"not_picked":["hierophant:Purify+1","hierophant:CoinFling"],"picked":"hierophant:PassingBell+1","floor":18},{"not_picked":["hierophant:Encroach","hierophant:SealAway"],"picked":"hierophant:Sermon","floor":19},{"not_picked":["hierophant:Chorus","hierophant:ArchangelShield"],"picked":"hierophant:FlamingChariot","floor":22},{"not_picked":["hierophant:Zeal","hierophant:ThreeLashes","hierophant:DeathKnell"],"picked":"SKIP","floor":25},{"not_picked":["hierophant:Sermon","hierophant:FaithHealing","hierophant:OrnateJavelin"],"picked":"SKIP","floor":27},{"not_picked":["hierophant:Encroach","hierophant:DisplayOfPower","hierophant:AuricBeam+1"],"picked":"SKIP","floor":30},{"not_picked":["hierophant:HammerAndAnvil","hierophant:TollTheBells+1"],"picked":"hierophant:Upheaval+1","floor":31},{"not_picked":["hierophant:Smite","hierophant:Martyrdom+1","hierophant:ThreeLashes"],"picked":"SKIP","floor":35}],"player_experience":55683,"relics_obtained":[{"floor":6,"key":"potionbrewer:Torch"},{"floor":9,"key":"Nunchaku"},{"floor":26,"key":"Ancient Tea Set"}],"event_choices":[{"damage_healed":0,"gold_gain":0,"player_choice":"Take Damage","damage_taken":18,"relics_obtained":["Golden Idol"],"max_hp_gain":0,"max_hp_loss":0,"event_name":"Golden Idol","floor":5,"gold_loss":0},{"damage_healed":0,"gold_gain":175,"player_choice":"AGREE","damage_taken":100,"max_hp_gain":0,"max_hp_loss":0,"event_name":"betterThird:BetterSerpent","floor":7,"gold_loss":0},{"cards_removed":["Doubt"],"damage_healed":0,"gold_gain":0,"player_choice":"Card Removal","damage_taken":0,"max_hp_gain":0,"max_hp_loss":0,"event_name":"Wheel of Change","floor":12,"gold_loss":0},{"damage_healed":0,"gold_gain":0,"player_choice":" GoldIdol Vial ","damage_taken":24,"relics_obtained":["Bloody Idol","Blood Vial"],"max_hp_gain":70,"max_hp_loss":46,"event_name":"betterAltar:BetterAltar","floor":20,"potions_obtained":[],"relics_lost":["Golden Idol"],"gold_loss":0},{"damage_healed":0,"gold_gain":99,"player_choice":"Steal","damage_taken":0,"max_hp_gain":0,"max_hp_loss":0,"event_name":"betterThird:BetterNest","floor":24,"gold_loss":0},{"damage_healed":0,"gold_gain":0,"player_choice":"Ignored","damage_taken":0,"max_hp_gain":0,"max_hp_loss":0,"event_name":"Ghosts","floor":29,"gold_loss":0}],"is_beta":false,"boss_relics":[{"not_picked":["SacredBark","Empty Cage"],"picked":"Sozu"},{"not_picked":["Busted Crown","Black Star"],"picked":"Runic Pyramid"}],"items_purged_floors":[],"is_endless":false,"potions_floor_spawned":[3,8,14,22,25,30,31],"killed_by":"3 Shapes","ascension_level":0}}