{"host":"uvmuduost5bzvojs","time":1611827165,"event":{"mods":["Aspiration","Bard","BaseMod","Better Match","Block Reminder","Conspire","Hermit","Highlight Path","Hubris","Infinite Spire","Jorbs\u0027s Wanderer Trilogy","Mad Scientist","Marisa????????","Mimic Mod","Minty Spire (QoL Compilation)","Potionbrewer","Replay The Spire","Robot Space Explorer","StSLib","The Blackbeard","The Construct","The Cursed","The Disciple","The Hayseed","The Hierophant","The Juggle","The Jungle","The Poker Player","The Runesmith","The Servant 0.9.4","The Spell Scribe","The Valiant","TheBandit"],"gold_per_floor":[118,118,138,154,19,19,45,45,45,45,74,91,46,65,65,65,65,65],"floor_reached":16,"language":"ENG","playtime":918,"items_purged":[],"score":110,"play_id":"116bdf75-ebe8-4622-b623-badf45df3bad","local_time":"20210128044605","is_ascension_mode":false,"metric_token":2130,"campfire_choices":[{"data":"PokerPlayerMod:Configure","floor":6,"key":"SMITH"},{"floor":10,"key":"REST"},{"floor":15,"key":"REST"}],"circlet_count":0,"master_deck":["PokerPlayerMod:Diamond1","PokerPlayerMod:Diamond3","PokerPlayerMod:Diamond3","PokerPlayerMod:Diamond4","PokerPlayerMod:Diamond5","PokerPlayerMod:Spade1","PokerPlayerMod:Spade2","PokerPlayerMod:Spade3","PokerPlayerMod:Spade4","PokerPlayerMod:Club2","PokerPlayerMod:Club2","PokerPlayerMod:Heart2","PokerPlayerMod:TrumpStrike","PokerPlayerMod:BadJoker","PokerPlayerMod:Mulligan","PokerPlayerMod:RiskyBet","PokerPlayerMod:Diamond5","PokerPlayerMod:Configure+1","PokerPlayerMod:Diamond10+","PokerPlayerMod:Diamond8","infinitespire:FutureSight","PokerPlayerMod:MagicTrick","PokerPlayerMod:Raise","PokerPlayerMod:Diamond3"],"relics":["PokerPlayerMod:DeckCase","NeowsBlessing","infinitespire:CheckeredPen","Kunai","Smiling Mask"],"acts_visited":["Exordium"],"potions_floor_usage":[11,16,16],"damage_taken":[{"damage":0,"enemies":"2 Louse","floor":1,"turns":1},{"damage":0,"enemies":"Jaw Worm","floor":3,"turns":1},{"damage":0,"enemies":"Small Slimes","floor":4,"turns":1},{"damage":18,"enemies":"3 Sentries","floor":7,"turns":5},{"damage":18,"enemies":"Lagavulin","floor":11,"turns":5},{"damage":10,"enemies":"Exordium Thugs","floor":12,"turns":3},{"damage":0,"enemies":"Looter","floor":14,"turns":2},{"damage":29,"enemies":"The Guardian","floor":16,"turns":7}],"seed_played":"5437198864810437438","potions_obtained":[{"floor":1,"key":"potionbrewer:BoundlessPotion"},{"floor":4,"key":"potionbrewer:DiscountPotion"},{"floor":12,"key":"potionbrewer:NoxiousPotion"},{"floor":14,"key":"FearPotion"}],"is_trial":false,"path_per_floor":["M","?","M","M","$","R","E","?","T","R","E","M","$","M","R","B"],"character_chosen":"THE_POKER_PLAYER","items_purchased":["PokerPlayerMod:Diamond10+","PokerPlayerMod:Raise"],"campfire_rested":2,"item_purchase_floors":[5,13],"current_hp_per_floor":[52,42,42,44,44,44,32,19,19,34,18,8,8,10,25,0,0,0],"gold":65,"neow_bonus":"THREE_ENEMY_KILL","is_daily":false,"chose_seed":false,"campfire_upgraded":1,"win_rate":0.0,"timestamp":1611827165,"path_taken":["M","?","M","M","$","R","E","?","T","R","E","M","?","?","R","BOSS"],"items_purchased_type":["Potion","Card"],"build_version":"2020-12-22","purchased_purges":0,"victory":false,"max_hp_per_floor":[52,52,52,52,52,52,52,52,52,52,52,52,52,52,52,52,52,52],"card_choices":[{"not_picked":["PokerPlayerMod:Spade4","PokerPlayerMod:FillThePot"],"picked":"PokerPlayerMod:RiskyBet","floor":1},{"not_picked":["PokerPlayerMod:Diamond1","PokerPlayerMod:CloakAndDiamond"],"picked":"PokerPlayerMod:Diamond5","floor":3},{"not_picked":["PokerPlayerMod:Spade1","PokerPlayerMod:Club2"],"picked":"PokerPlayerMod:Configure","floor":4},{"not_picked":["PokerPlayerMod:DamnStraight","PokerPlayerMod:Spade5"],"picked":"PokerPlayerMod:Diamond8","floor":7},{"not_picked":["ReplayTheSpireMod:Echoes of Time","infinitespire:Execution"],"picked":"infinitespire:FutureSight","floor":8},{"not_picked":["PokerPlayerMod:Diamond3","PokerPlayerMod:HeartStrike"],"picked":"PokerPlayerMod:MagicTrick","floor":11},{"not_picked":["PokerPlayerMod:Diamond2","PokerPlayerMod:Diamond3","PokerPlayerMod:HeartStrike"],"picked":"SKIP","floor":12},{"not_picked":["PokerPlayerMod:Club1","PokerPlayerMod:Club2"],"picked":"PokerPlayerMod:Diamond3","floor":14}],"player_experience":1886651,"relics_obtained":[{"floor":7,"key":"infinitespire:CheckeredPen"},{"floor":9,"key":"Kunai"},{"floor":11,"key":"Smiling Mask"}],"event_choices":[{"damage_healed":0,"gold_gain":0,"player_choice":"Entered Light","damage_taken":10,"max_hp_gain":0,"max_hp_loss":0,"event_name":"Shining Light","floor":2,"gold_loss":0,"cards_upgraded":["PokerPlayerMod:Diamond3","PokerPlayerMod:Club2"]}],"is_beta":false,"boss_relics":[],"items_purged_floors":[],"is_endless":false,"potions_floor_spawned":[1,4,12,14],"killed_by":"The Guardian","ascension_level":0}}