{"host":"gzsdmyo07u314vug","time":1611822389,"event":{"mods":["2.2 Compatiblity","Astrologer","BaseMod","Colored Powertips","GifTheSpireLib","Gremlin Mod","Hermit","Jorbs\u0027s Wanderer Trilogy","Minty Spire (QoL Compilation)","Quick Restart","Rare Cards Sparkle","Relic Stats","Replay The Spire","Robot Space Explorer","Shop Mod","StSLib","The Bug Knight","The Construct","The Cursed","The Elementalist","The Hierophant","The IronCluck","The Marked","The Necromancer","The Runesmith","The Servant 0.9.4","Unceasing Turn Reminder","everything is the same but u backflip on backflip","slay the spire mod where everything is the same but ironclad has a cowboy hat"],"gold_per_floor":[117,42,42,59,74,74,107,107,107,118,118,131,5,5,5,104,104,123,71,91,50,61,61,61],"floor_reached":23,"language":"ENG","playtime":1495,"items_purged":["HollowMod:NailStrikeStart"],"score":289,"play_id":"cee91e39-23ff-4156-9ebe-e9d514500c7d","local_time":"20210128052629","is_ascension_mode":true,"campfire_choices":[{"data":"HollowMod:AbyssShriek","floor":6.0,"key":"SMITH"},{"data":"HollowMod:CloakDash","floor":8.0,"key":"SMITH"},{"data":"Mayhem","floor":15.0,"key":"SMITH"}],"circlet_count":0,"master_deck":["HollowMod:NailStrikeStart","HollowMod:NailStrikeStart","HollowMod:QuickDashStart","HollowMod:QuickDashStart","HollowMod:QuickDashStart","HollowMod:QuickDashStart","HollowMod:FocusHealStart","HollowMod:PogoStrike+1","HollowMod:InfectionAssault","HollowMod:CloakDash+1","HollowMod:AbyssShriek+1","HollowMod:VengefulVoid","HollowMod:VengefulVoid","HollowMod:NewLittleFool","Mayhem+1","Good Instincts","HollowMod:LordofShades","HollowMod:ShadowDash","HollowMod:ShapeofUnn"],"relics":["HollowMod:VesselMask","Bottled Lightning","HollowMod:MillibellesNoteRelic","ReplayTheSpireMod:ShopPack","Runic Dome"],"acts_visited":["Exordium","TheCity"],"potions_floor_usage":[22,23],"damage_taken":[{"damage":7.0,"enemies":"Small Slimes","floor":1.0,"turns":3.0},{"damage":1.0,"enemies":"Cultist","floor":4.0,"turns":3.0},{"damage":0.0,"enemies":"Jaw Worm","floor":5.0,"turns":4.0},{"damage":27.0,"enemies":"Lagavulin","floor":7.0,"turns":5.0},{"damage":0.0,"enemies":"2 Fungi Beasts","floor":10.0,"turns":1.0},{"damage":0.0,"enemies":"Large Slime","floor":12.0,"turns":3.0},{"damage":0.0,"enemies":"Fading Forest","floor":16.0,"turns":11.0},{"damage":9.0,"enemies":"2 Thieves","floor":18.0,"turns":3.0},{"damage":0.0,"enemies":"Chosen","floor":20.0,"turns":3.0},{"damage":26,"enemies":"3 Cultists","floor":22,"turns":4},{"damage":44,"enemies":"Slavers","floor":23,"turns":2}],"seed_played":"-5598580147987258980","potions_obtained":[{"floor":7.0,"key":"SkillPotion"},{"floor":12.0,"key":"construct:ShiftPotion"},{"floor":14.0,"key":"Block Potion"},{"floor":14.0,"key":"Swift Potion"},{"floor":14.0,"key":"SteroidPotion"},{"floor":16.0,"key":"ColorlessPotion"},{"floor":22,"key":"AttackPotion"}],"is_trial":false,"path_per_floor":["M","$","?","M","M","R","E","R","T","M","?","M","$","?","R","B",null,"M","$","M","$","M","E"],"character_chosen":"THE_BUGKNIGHT","items_purchased":["ReplayTheSpireMod:ShopPack","HollowMod:ShadowDash","HollowMod:ShapeofUnn"],"campfire_rested":0,"item_purchase_floors":[13,19,21],"current_hp_per_floor":[74,74,74,75,75,75,48,48,48,48,48,48,48,48,48,48,75,66,66,66,66,40,0,0],"gold":61,"neow_bonus":"RANDOM_EVENT","is_daily":false,"chose_seed":false,"campfire_upgraded":3,"win_rate":0.0,"timestamp":1611822389,"path_taken":["M","$","?","M","M","R","E","R","T","M","?","M","$","?","R","BOSS","M","$","M","$","M","E"],"items_purchased_type":["Relic","Card","Card"],"build_version":"2020-12-22","purchased_purges":1,"victory":false,"max_hp_per_floor":[75,75,75,75,75,75,75,75,75,75,75,75,75,75,75,75,75,75,75,75,75,75,75,75],"relic_stats":{"counters":[11,42],"obtain_stats":[{"Runic Dome":17,"HollowMod:VesselMask":0,"Bottled Lightning":7,"HollowMod:MillibellesNoteRelic":9,"ReplayTheSpireMod:ShopPack":13},{"Runic Dome":7,"HollowMod:VesselMask":0,"Bottled Lightning":4,"HollowMod:MillibellesNoteRelic":4,"ReplayTheSpireMod:ShopPack":6},{"Runic Dome":30,"HollowMod:VesselMask":0,"Bottled Lightning":15,"HollowMod:MillibellesNoteRelic":15,"ReplayTheSpireMod:ShopPack":19}]},"card_choices":[{"not_picked":["HollowMod:CloakDash","HollowMod:CoiledNail"],"picked":"HollowMod:InfectionAssault","floor":1.0},{"not_picked":["HollowMod:CoiledNail","HollowMod:ChannelNail"],"picked":"HollowMod:CloakDash","floor":4.0},{"not_picked":["HollowMod:InfectedCysts","HollowMod:SiblingsShadow"],"picked":"HollowMod:AbyssShriek","floor":5.0},{"not_picked":["HollowMod:MothsMistake","HollowMod:MawleksShell"],"picked":"HollowMod:VengefulVoid","floor":7.0},{"not_picked":["HollowMod:NewGlowingWomb","HollowMod:SoulStrike"],"picked":"HollowMod:VengefulVoid","floor":10.0},{"not_picked":["HollowMod:CornifersMapStart","HollowMod:HowlingWraiths"],"picked":"HollowMod:NewLittleFool","floor":12.0},{"not_picked":["Crow Ritual","HandOfGreed"],"picked":"Mayhem","floor":13.0},{"not_picked":["Jack Of All Trades","Madness"],"picked":"Good Instincts","floor":13.0},{"not_picked":["HollowMod:RadiancesLament","HollowMod:LifebloodCore"],"picked":"HollowMod:LordofShades","floor":16.0},{"not_picked":["HollowMod:CrystalDash","HollowMod:CycloneSlash","HollowMod:QuirrelsAssistance"],"picked":"SKIP","floor":18.0},{"not_picked":["HollowMod:HeavyBlow","HollowMod:SharpenedNail","HollowMod:DesolateDive"],"picked":"SKIP","floor":20.0},{"not_picked":["HollowMod:InfectionAssault","HollowMod:MothsMistake","HollowMod:FallenFury+1"],"picked":"SKIP","floor":22}],"player_experience":804043,"relics_obtained":[{"floor":7.0,"key":"Bottled Lightning"},{"floor":9.0,"key":"HollowMod:MillibellesNoteRelic"}],"event_choices":[{"damage_healed":0.0,"max_hp_gain":0.0,"max_hp_loss":0.0,"gold_gain":0.0,"event_name":"Living Wall","player_choice":"Grow","floor":0.0,"gold_loss":0.0,"damage_taken":0.0,"cards_upgraded":["HollowMod:PogoStrike"]},{"damage_healed":0.0,"max_hp_gain":0.0,"max_hp_loss":0.0,"gold_gain":0.0,"event_name":"Lab","player_choice":"Got Potions","floor":14.0,"gold_loss":0.0,"damage_taken":0.0}],"is_beta":false,"boss_relics":[{"not_picked":["Fusion Hammer","Black Star"],"picked":"Runic Dome"}],"items_purged_floors":[2],"is_endless":false,"potions_floor_spawned":[7,12,16,22],"killed_by":"Slavers","ascension_level":4}}