{"host":"8j9942ssdstg70ua","time":1611873967,"event":{"mods":["BaseMod","Colored Map","Downfall","Minty Spire (QoL Compilation)","Relic Sorter","StSLib"],"gold_per_floor":[99,111,123,123,28,28,100,133,33,51,67,52,62,47,60,162,162,162,182,92,110,110,110,137,150,182,96,131,31,116,128,140,240,240,240,255,337,357,109,109,109,123,133,33,59,72,72,101,114,114,114,144,19,19,19,19],"floor_reached":57,"language":"ENG","playtime":5378,"items_purged":["Slimebound:Strike_Slimebound","Slimebound:Strike_Slimebound","Slimebound:Strike_Slimebound"],"score":1354,"play_id":"526ae9a7-338b-4544-a5fd-40d63ebb9a6d","local_time":"20210128144607","is_ascension_mode":false,"campfire_choices":[{"floor":1,"key":"RECALL"},{"data":"Slimebound:RejuvenatingLick","floor":6,"key":"SMITH"},{"data":"Slimebound:MassFeed","floor":9,"key":"SMITH"},{"data":"Slimebound:MegaLick","floor":18,"key":"SMITH"},{"data":"Slimebound:Grow","floor":29,"key":"SMITH"},{"data":"Slimebound:Grow","floor":35,"key":"SMITH"},{"data":"Slimebound:SlimeSlap","floor":40,"key":"SMITH"},{"data":"Slimebound:MegaLick","floor":44,"key":"SMITH"},{"data":"Slimebound:OozeBath","floor":54,"key":"SMITH"}],"circlet_count":0,"master_deck":["Slimebound:Tackle","Slimebound:Defend_Slimebound","Slimebound:Defend_Slimebound","Slimebound:Defend_Slimebound","Slimebound:Defend_Slimebound","Slimebound:Split","Slimebound:CorrosiveSpit","Slimebound:Equalize","Slimebound:LivingWall","Slimebound:RejuvenatingLick+1","Slimebound:Grow+1","Slimebound:MassFeed+1","Slimebound:MegaLick+1","Slimebound:ComboTackle","Slimebound:RejuvenatingLick","Slimebound:GoopSpray","Slimebound:SlimeSlap+1","Slimebound:Dissolve","Slimebound:Teamwork","CurseOfTheBell","Slimebound:RejuvenatingLick+1","Slimebound:DuplicatedForm","Slimebound:SpikyOuterGoop","Ghostly+1","Ghostly","Ghostly","Ghostly","Ghostly","Slimebound:Gluttony","Slimebound:MegaLick+1","Slimebound:GoopSpray+1","Slimebound:Grow+1","Slimebound:MegaLick","Slimebound:OozeBath+1","Slimebound:Prepare+1","expansioncontent:QuickStudy","Slimebound:AcidTongue+1","Slimebound:MegaLick+1","Slimebound:GoopSpray+1","expansioncontent:DashGenerateEvil","Slimebound:TongueLash+1","Slimebound:Prepare+1"],"relics":["Slimebound:AbsorbEndCombat","Shuriken","Potion Belt","downfall:HeartBlessingRed","Calling Bell","Happy Flower","HornCleat","Pocketwatch","PreservedInsect","Omamori","Dream Catcher","downfall:HeartBlessingGreen","Cursed Key","Letter Opener","downfall:HeartBlessingBlue","Bottled Lightning","Darkstone Periapt","Oddly Smooth Stone"],"acts_visited":["Exordium","TheCity","TheBeyond","TheEnding"],"potions_floor_usage":[16,16,37,37,50,50,55,55,56],"damage_taken":[{"damage":6,"enemies":"Cultist","floor":2,"turns":3},{"damage":0,"enemies":"2 Louse","floor":3,"turns":3},{"damage":10,"enemies":"downfall:FleeingMerchant","floor":5,"turns":4},{"damage":35,"enemies":"Lagavulin","floor":8,"turns":7},{"damage":7,"enemies":"Jaw Worm","floor":10,"turns":3},{"damage":0,"enemies":"Lots of Slimes","floor":11,"turns":1},{"damage":9,"enemies":"downfall:FleeingMerchant","floor":12,"turns":4},{"damage":12,"enemies":"Red Slaver","floor":13,"turns":3},{"damage":5,"enemies":"downfall:FleeingMerchant","floor":14,"turns":4},{"damage":12,"enemies":"Blue Slaver","floor":15,"turns":5},{"damage":73,"enemies":"IC_STATUS_ARCHETYPE","floor":16,"turns":13},{"damage":3,"enemies":"Chosen","floor":19,"turns":4},{"damage":2,"enemies":"downfall:FleeingMerchant","floor":20,"turns":4},{"damage":33,"enemies":"Shell Parasite","floor":21,"turns":6},{"damage":15,"enemies":"Snecko","floor":25,"turns":6},{"damage":22,"enemies":"Book of Stabbing","floor":26,"turns":7},{"damage":18,"enemies":"downfall:FleeingMerchant","floor":27,"turns":4},{"damage":7,"enemies":"Slavers","floor":28,"turns":5},{"damage":4,"enemies":"Shelled Parasite and Fungi","floor":31,"turns":5},{"damage":5,"enemies":"Snake Plant","floor":32,"turns":9},{"damage":42,"enemies":"SI_MIRROR_ARCHETYPE","floor":33,"turns":13},{"damage":2,"enemies":"3 Shapes","floor":36,"turns":4},{"damage":0,"enemies":"downfall:FleeingMerchant","floor":37,"turns":4},{"damage":11,"enemies":"3 Darklings","floor":38,"turns":8},{"damage":15,"enemies":"Writhing Mass","floor":42,"turns":5},{"damage":36,"enemies":"4 Shapes","floor":43,"turns":5},{"damage":38,"enemies":"Giant Head","floor":45,"turns":9},{"damage":24,"enemies":"Sphere and 2 Shapes","floor":46,"turns":5},{"damage":2,"enemies":"Reptomancer","floor":48,"turns":5},{"damage":1,"enemies":"3 Darklings","floor":49,"turns":5},{"damage":54,"enemies":"DF_ARCHETYPE_ORBS","floor":50,"turns":10},{"damage":34,"enemies":"downfall:CharBossMerchant","floor":52,"turns":8},{"damage":34,"enemies":"downfall:NeowBoss","floor":55,"turns":17},{"damage":65,"enemies":"downfall:NeowBossFinal","floor":56,"turns":11}],"seed_played":"3237060182482209747","potions_obtained":[{"floor":2,"key":"FairyPotion"},{"floor":11,"key":"Energy Potion"},{"floor":15,"key":"bronze:BurnAndBuffPotion"},{"floor":16,"key":"DuplicationPotion"},{"floor":21,"key":"Slimebound:SlimyTonguePotion"},{"floor":31,"key":"ColorlessPotion"},{"floor":32,"key":"Swift Potion"},{"floor":33,"key":"SpeedPotion"},{"floor":36,"key":"Slimebound:SlimyTonguePotion"},{"floor":42,"key":"sneckomod:MuddlingPotion"},{"floor":48,"key":"AttackPotion"},{"floor":52,"key":"LiquidMemories"}],"is_trial":false,"path_per_floor":["R","M","M","?","$","R","T","E","R","M","M","$","M","$","M","B",null,"R","M","$","M","?","?","T","M","E","$","E","R","?","M","M","B",null,"R","M","$","M","$","R","T","M","M","R","E","M","?","E","M","B",null,"E","$","R","B","B",null],"character_chosen":"SLIMEBOUND","items_purchased":["Slimebound:Grow","Slimebound:Grow","expansioncontent:QuickStudy","Letter Opener"],"campfire_rested":0,"item_purchase_floors":[5,27,37,39],"current_hp_per_floor":[71,69,71,71,71,71,71,51,51,50,70,69,65,72,68,15,107,107,111,111,109,57,57,57,61,62,64,77,77,65,81,84,65,85,85,89,89,93,93,93,93,93,86,96,79,80,80,94,101,70,119,104,104,104,101,63],"gold":19,"neow_bonus":"TEN_PERCENT_HP_BONUS","is_daily":false,"chose_seed":false,"campfire_upgraded":8,"win_rate":0.0,"timestamp":1611873967,"path_taken":["R","M","M","?","$","R","T","E","R","?","M","$","?","$","M","BOSS","R","M","$","M","?","?","T","?","E","?","E","R","?","M","M","BOSS","R","M","$","M","$","R","T","M","M","R","E","M","?","E","M","BOSS","E","$","R","BOSS","BOSS"],"items_purchased_type":["Card","Card","Card","Relic"],"build_version":"2020-12-22","purchased_purges":3,"victory":true,"max_hp_per_floor":[71,71,71,71,71,71,71,71,71,75,95,95,99,99,103,107,107,107,111,111,115,57,57,57,61,65,65,77,77,77,81,85,85,85,85,89,89,93,93,93,93,93,105,115,115,115,115,119,119,119,119,119,119,119,119,119],"card_choices":[{"not_picked":["Slimebound:LeadByExample","Slimebound:SplitLeeching"],"picked":"Slimebound:Equalize","floor":2},{"not_picked":["Slimebound:FinishingTackle","Slimebound:HauntingLick"],"picked":"Slimebound:LivingWall","floor":3},{"not_picked":["Slimebound:LeechingTouch","Slimebound:GoopTackle"],"picked":"Slimebound:RejuvenatingLick","floor":5},{"not_picked":["Slimebound:RollThrough","Slimebound:WasteNot"],"picked":"Slimebound:MassFeed","floor":8},{"not_picked":["Slimebound:Dissolve","Slimebound:SplitAcid"],"picked":"Slimebound:MegaLick","floor":10},{"not_picked":["Slimebound:PressTheAttack","Slimebound:RollThrough"],"picked":"Slimebound:ComboTackle","floor":11},{"not_picked":["Slimebound:SplitAcid","Slimebound:GrowthPunch"],"picked":"Slimebound:RejuvenatingLick","floor":12},{"not_picked":["Slimebound:RainOfGoop","Slimebound:LivingWall"],"picked":"Slimebound:GoopSpray","floor":13},{"not_picked":["Slimebound:PressTheAttack","Slimebound:FormOfPuddle"],"picked":"Slimebound:SlimeSlap","floor":14},{"not_picked":["Slimebound:RainOfGoop","Slimebound:RollThrough"],"picked":"Slimebound:Dissolve","floor":15},{"not_picked":["Slimebound:RallyTheTroops","Slimebound:FirmFortitude"],"picked":"Slimebound:Teamwork","floor":16},{"not_picked":["Slimebound:LeechingTouch","Slimebound:BestDefense"],"picked":"Slimebound:RejuvenatingLick+1","floor":19},{"not_picked":["Slimebound:LivingWall","Slimebound:SplitLeeching+1"],"picked":"Slimebound:DuplicatedForm","floor":20},{"not_picked":["Slimebound:PressTheAttack","Slimebound:RollThrough"],"picked":"Slimebound:SpikyOuterGoop","floor":21},{"not_picked":["Slimebound:SplitAcid+1","Slimebound:GoopSpray+1"],"picked":"Slimebound:Gluttony","floor":25},{"not_picked":["Slimebound:Replication","Slimebound:SplitAcid"],"picked":"Slimebound:MegaLick","floor":26},{"not_picked":["Slimebound:ProtectTheBoss","Slimebound:LeechingTouch"],"picked":"Slimebound:GoopSpray+1","floor":27},{"not_picked":["Slimebound:SpikyOuterGoop","Slimebound:FormOfPuddle"],"picked":"Slimebound:MegaLick","floor":28},{"not_picked":["Slimebound:Nibble","Slimebound:SlimeTap","Slimebound:DisruptingSlam"],"picked":"SKIP","floor":31},{"not_picked":["Slimebound:SplitMire","Slimebound:LivingWall","Slimebound:SplitLeeching"],"picked":"SKIP","floor":32},{"not_picked":["Slimebound:MassFeed","Slimebound:OneTwoCombo"],"picked":"Slimebound:OozeBath","floor":33},{"not_picked":["Slimebound:SplitLeeching","Slimebound:FlameTackle+1","Slimebound:Chomp"],"picked":"SKIP","floor":36},{"not_picked":["Slimebound:FormOfPuddle+1","Slimebound:RejuvenatingLick"],"picked":"Slimebound:Prepare+1","floor":37},{"not_picked":["Slimebound:ComboTackle+1","Slimebound:PressTheAttack+1","Slimebound:ItLooksTasty+1"],"picked":"SKIP","floor":38},{"not_picked":["Slimebound:RainOfGoop","Slimebound:SplitMire+1","Slimebound:Gluttony"],"picked":"SKIP","floor":42},{"not_picked":["Slimebound:GoopTackle+1","Slimebound:Prepare"],"picked":"Slimebound:AcidTongue+1","floor":43},{"not_picked":["Slimebound:MassFeed","Slimebound:SpikyOuterGoop"],"picked":"Slimebound:MegaLick+1","floor":45},{"not_picked":["Slimebound:HauntingLick+1","Slimebound:LivingWall+1"],"picked":"Slimebound:GoopSpray+1","floor":46},{"not_picked":["expansioncontent:PolyBeam","expansioncontent:DecaShield"],"picked":"expansioncontent:DashGenerateEvil","floor":47},{"not_picked":["Slimebound:FormOfPuddle","Slimebound:SpikyOuterGoop+1","Slimebound:GoopTackle"],"picked":"SKIP","floor":48},{"not_picked":["Slimebound:Grow","Slimebound:GoopTackle"],"picked":"Slimebound:TongueLash+1","floor":49},{"not_picked":["Slimebound:LivingWall","Slimebound:SplitAcid+1"],"picked":"Slimebound:Prepare+1","floor":52}],"player_experience":25347,"relics_obtained":[{"floor":7,"key":"Shuriken"},{"floor":8,"key":"Potion Belt"},{"floor":17,"key":"Happy Flower"},{"floor":17,"key":"HornCleat"},{"floor":17,"key":"Pocketwatch"},{"floor":24,"key":"PreservedInsect"},{"floor":26,"key":"Omamori"},{"floor":28,"key":"Dream Catcher"},{"floor":45,"key":"Bottled Lightning"},{"floor":48,"key":"Darkstone Periapt"},{"floor":52,"key":"Oddly Smooth Stone"}],"event_choices":[{"damage_healed":0,"gold_gain":0,"player_choice":"Ignored","damage_taken":0,"max_hp_gain":0,"max_hp_loss":0,"event_name":"NoteForYourself","floor":4,"gold_loss":0},{"damage_healed":0,"gold_gain":0,"player_choice":"Became a Ghost","damage_taken":0,"max_hp_gain":0,"max_hp_loss":58,"event_name":"Ghosts","floor":22,"gold_loss":0,"cards_obtained":["Ghostly","Ghostly","Ghostly","Ghostly","Ghostly"]},{"damage_healed":0,"gold_gain":0,"player_choice":"Forge","damage_taken":0,"max_hp_gain":0,"max_hp_loss":0,"event_name":"Accursed Blacksmith","floor":23,"gold_loss":0,"cards_upgraded":["Ghostly"]}],"is_beta":false,"boss_relics":[{"not_picked":["Snecko Eye","Astrolabe"],"picked":"Calling Bell"},{"not_picked":["Empty Cage","Runic Dome"],"picked":"Cursed Key"}],"items_purged_floors":[20,37,53],"is_endless":false,"potions_floor_spawned":[2,11,15,16,21,31,32,33,36,42,48,52],"ascension_level":0}}