{"host":"test","time":1611841605,"event":{"mods":["BaseMod","Colored Map","Colored Powertips","Minty Spire (QoL Compilation)","Relic Stats","Slay the Relics Exporter","SpireBot","StSLib","ojb\u0027s Better Paths Mod","ojb\u0027s Info Mod"],"gold_per_floor":[114,114,125,125,125,160,160,195,195,234,277,277,277,45,45,154,154,204,204,204,42,42,101,101,21,21,84,84,109,149,149,149,253,253,266,281,1280,1280,574,633,651,684,711,83,94,94,94,142,142,172,232,232,232,20,55,85],"floor_reached":57,"language":"JPN","playtime":3309,"items_purged":["Strike_P","Normality","Normality"],"score":2969,"play_id":"24fe1322-7159-45fc-a44c-dcf6aa280b5d","local_time":"20210128224645","is_ascension_mode":true,"campfire_choices":[{"floor":7.0,"key":"REST"},{"data":"Wish","floor":13.0,"key":"SMITH"},{"data":"Blasphemy","floor":15.0,"key":"SMITH"},{"data":"RitualDagger","floor":24.0,"key":"SMITH"},{"data":"Dagger Spray","floor":28.0,"key":"SMITH"},{"floor":32.0,"key":"REST"},{"floor":46,"key":"RECALL"},{"floor":49,"key":"REST"},{"floor":53,"key":"REST"}],"circlet_count":0,"master_deck":["AscendersBane","Strike_P+1","Strike_P+1","Defend_P+1","Defend_P","Defend_P","Defend_P","Eruption","Vigilance","CutThroughFate","SashWhip","Blasphemy+1","Wish+1","FearNoEvil","Creative AI","Dagger Spray+1","RitualDagger+1","WheelKick","Blood for Blood+1","Skim+1","Meditate","Meteor Strike","WaveOfTheHand+1","Meteor Strike","Dagger Throw","Wraith Form v2","DeceiveReality+1","Dark Embrace","Apotheosis","MasterReality"],"relics":["Snecko Eye","Mummified Hand","Oddly Smooth Stone","Gremlin Horn","PrismaticShard","Runic Dome","Lee\u0027s Waffle","Nilry\u0027s Codex","Nunchaku","White Beast Statue","Mercury Hourglass","TungstenRod","Fusion Hammer","TeardropLocket","Art of War","TheAbacus","Meat on the Bone","War Paint","FossilizedHelix","Anchor","Lantern"],"acts_visited":["Exordium","TheCity","TheBeyond","TheEnding"],"potions_floor_usage":[42,42,42,51,56,56],"damage_taken":[{"damage":0.0,"enemies":"Small Slimes","floor":1.0,"turns":2.0},{"damage":0.0,"enemies":"Jaw Worm","floor":3.0,"turns":2.0},{"damage":27.0,"enemies":"3 Sentries","floor":6.0,"turns":10.0},{"damage":0.0,"enemies":"Lagavulin","floor":8.0,"turns":2.0},{"damage":0.0,"enemies":"Cultist","floor":10.0,"turns":3.0},{"damage":0.0,"enemies":"3 Louse","floor":11.0,"turns":2.0},{"damage":26.0,"enemies":"Slime Boss","floor":16.0,"turns":6.0},{"damage":12.0,"enemies":"3 Byrds","floor":18.0,"turns":6.0},{"damage":10.0,"enemies":"Book of Stabbing","floor":23.0,"turns":3.0},{"damage":0.0,"enemies":"Slavers","floor":27.0,"turns":1.0},{"damage":24.0,"enemies":"Gremlin Leader","floor":29.0,"turns":3.0},{"damage":0.0,"enemies":"Chosen","floor":30.0,"turns":1.0},{"damage":15.0,"enemies":"Automaton","floor":33.0,"turns":5.0},{"damage":0.0,"enemies":"3 Shapes","floor":35.0,"turns":2.0},{"damage":0.0,"enemies":"3 Darklings","floor":36.0,"turns":1.0},{"damage":49.0,"enemies":"Reptomancer","floor":40.0,"turns":4.0},{"damage":0,"enemies":"Jaw Worm Horde","floor":41,"turns":1},{"damage":12,"enemies":"Nemesis","floor":42,"turns":4},{"damage":6,"enemies":"4 Shapes","floor":45,"turns":2},{"damage":0,"enemies":"Transient","floor":48,"turns":6},{"damage":6,"enemies":"Time Eater","floor":50,"turns":8},{"damage":21,"enemies":"Awakened One","floor":51,"turns":8},{"damage":0,"enemies":"Shield and Spear","floor":55,"turns":4},{"damage":55,"enemies":"The Heart","floor":56,"turns":8}],"seed_played":"-7288338463154034240","potions_obtained":[{"floor":3.0,"key":"AttackPotion"},{"floor":8.0,"key":"Regen Potion"},{"floor":11.0,"key":"AttackPotion"},{"floor":27.0,"key":"BottledMiracle"},{"floor":29.0,"key":"DistilledChaos"},{"floor":30.0,"key":"BlessingOfTheForge"},{"floor":33.0,"key":"LiquidMemories"},{"floor":36.0,"key":"EntropicBrew"},{"floor":42,"key":"Dexterity Potion"},{"floor":55,"key":"LiquidMemories"}],"is_trial":false,"path_per_floor":["M","?","M","$","?","E","R","E","T","M","M","?","R","$","R","B",null,"M","?","?","$","?","E","R","$","T","E","R","E","M","?","R","B",null,"M","M","?","?","$","E","M","E","T","$","M","R","$","M","R","B","B",null,"R","$","E","B",null],"character_chosen":"WATCHER","items_purchased":["PrismaticShard","Lee\u0027s Waffle","WheelKick","TeardropLocket","Art of War","TheAbacus","FossilizedHelix","Anchor","Apotheosis"],"campfire_rested":4,"item_purchase_floors":[14,21,25,39,39,39,44,44,54],"current_hp_per_floor":[61,41,41,41,41,14,34,34,34,34,34,34,34,34,34,8,53,41,35,35,75,54,44,44,44,44,44,44,20,20,20,42,41,67,67,67,67,67,67,18,30,30,30,30,36,36,36,48,70,64,43,67,75,75,75,32],"gold":85,"neow_bonus":"BOSS_RELIC","is_daily":false,"chose_seed":true,"campfire_upgraded":4,"win_rate":0.0,"timestamp":1611841605,"path_taken":["M","?","M","$","?","E","R","E","T","M","?","?","R","?","R","BOSS","M","?","?","$","?","E","R","?","T","E","R","E","M","?","R","BOSS","M","M","?","?","$","E","?","E","T","?","M","R","$","M","R","BOSS","BOSS","R","$","E","BOSS"],"items_purchased_type":["Relic","Relic","Card","Relic","Relic","Relic","Relic","Relic","Card"],"build_version":"2020-12-18","purchased_purges":3,"victory":true,"max_hp_per_floor":[68,68,68,68,68,68,68,68,68,68,68,68,68,68,68,68,68,68,68,68,75,75,75,75,75,75,75,75,75,75,75,75,75,75,75,75,75,75,75,75,75,75,75,75,75,75,75,75,75,75,75,75,75,75,75,75],"relic_stats":{"Lee\u0027s Waffle":40,"Gremlin Horn":[27,27],"counters":[24,94],"War Paint":["Skim","Defend_P"],"Mercury Hourglass":[227],"Nunchaku":[21],"TheAbacus":[78],"Mummified Hand":[89],"Snecko Eye":[187,206,217,171],"Art of War":[1],"obtain_stats":[{"Lee\u0027s Waffle":21,"Lantern":55,"Gremlin Horn":9,"Nilry\u0027s Codex":22,"Oddly Smooth Stone":8,"TeardropLocket":39,"War Paint":42,"PrismaticShard":14,"White Beast Statue":26,"Mercury Hourglass":27,"Runic Dome":17,"Nunchaku":23,"Anchor":44,"TheAbacus":39,"Mummified Hand":6,"Snecko Eye":0,"Fusion Hammer":34,"Art of War":39,"PureWater":0,"TungstenRod":29,"FossilizedHelix":44,"Meat on the Bone":40},{"Lee\u0027s Waffle":8,"Lantern":23,"Gremlin Horn":4,"Nilry\u0027s Codex":8,"Oddly Smooth Stone":4,"TeardropLocket":15,"War Paint":18,"PrismaticShard":6,"White Beast Statue":9,"Mercury Hourglass":10,"Runic Dome":7,"Nunchaku":9,"Anchor":18,"TheAbacus":15,"Mummified Hand":3,"Snecko Eye":0,"Fusion Hammer":13,"Art of War":15,"PureWater":0,"TungstenRod":11,"FossilizedHelix":18,"Meat on the Bone":16},{"Lee\u0027s Waffle":33,"Lantern":86,"Gremlin Horn":16,"Nilry\u0027s Codex":33,"Oddly Smooth Stone":16,"TeardropLocket":49,"War Paint":58,"PrismaticShard":21,"White Beast Statue":36,"Mercury Hourglass":37,"Runic Dome":27,"Nunchaku":36,"Anchor":58,"TheAbacus":49,"Mummified Hand":14,"Snecko Eye":0,"Fusion Hammer":46,"Art of War":49,"PureWater":0,"TungstenRod":40,"FossilizedHelix":58,"Meat on the Bone":53}],"TungstenRod":27,"Meat on the Bone":60},"card_choices":[{"not_picked":["FlurryOfBlows","Protect"],"picked":"CutThroughFate","floor":1.0},{"not_picked":["JustLucky","Meditate"],"picked":"SashWhip","floor":3.0},{"not_picked":["EmptyBody","Prostrate"],"picked":"Blasphemy","floor":6.0},{"not_picked":["FlurryOfBlows","EmptyBody"],"picked":"Wish","floor":8.0},{"not_picked":["WreathOfFlame","Crescendo"],"picked":"FearNoEvil","floor":10.0},{"not_picked":["Evaluate","SashWhip","BowlingBash"],"picked":"SKIP","floor":11.0},{"not_picked":["Adrenaline","Corruption"],"picked":"Creative AI","floor":16.0},{"not_picked":["Impatience+1","Outmaneuver"],"picked":"Dagger Spray","floor":18.0},{"not_picked":["Judgement","CarveReality","Prostrate"],"picked":"SKIP","floor":23.0},{"not_picked":["Conserve Battery","Nirvana"],"picked":"Blood for Blood+1","floor":27.0},{"not_picked":["CrushJoints","Iron Wave"],"picked":"Skim","floor":29.0},{"not_picked":["PathToVictory","Gash"],"picked":"Meditate","floor":30.0},{"not_picked":["Electrodynamics","Panache"],"picked":"Meteor Strike","floor":33.0},{"not_picked":["Slice","Dagger Throw","Warcry"],"picked":"SKIP","floor":35.0},{"not_picked":["Sucker Punch+1","PathToVictory"],"picked":"WaveOfTheHand+1","floor":36.0},{"not_picked":["Sweeping Beam","Panacea+1"],"picked":"Dagger Throw","floor":40.0},{"not_picked":["Blood for Blood","Evaluate","FearNoEvil"],"picked":"SKIP","floor":41},{"not_picked":["Loop","SashWhip"],"picked":"Wraith Form v2","floor":42},{"not_picked":["Vengeance","FollowUp"],"picked":"DeceiveReality+1","floor":45},{"not_picked":["Iron Wave+1","Dagger Spray"],"picked":"Dark Embrace","floor":48},{"not_picked":["ClearTheMind","Backflip+1"],"picked":"MasterReality","floor":55}],"player_experience":2008172,"relics_obtained":[{"floor":6.0,"key":"Mummified Hand"},{"floor":8.0,"key":"Oddly Smooth Stone"},{"floor":9.0,"key":"Gremlin Horn"},{"floor":22.0,"key":"Nilry\u0027s Codex"},{"floor":23.0,"key":"Nunchaku"},{"floor":26.0,"key":"White Beast Statue"},{"floor":27.0,"key":"Mercury Hourglass"},{"floor":29.0,"key":"TungstenRod"},{"floor":40.0,"key":"Meat on the Bone"},{"floor":42,"key":"War Paint"},{"floor":55,"key":"Lantern"}],"event_choices":[{"damage_healed":0.0,"max_hp_gain":0.0,"max_hp_loss":0.0,"gold_gain":0.0,"event_name":"Shining Light","player_choice":"Entered Light","floor":2.0,"gold_loss":0.0,"damage_taken":20.0,"cards_upgraded":["Strike_P","Strike_P"]},{"cards_removed":["Strike_P"],"damage_healed":0.0,"max_hp_gain":0.0,"max_hp_loss":0.0,"gold_gain":0.0,"event_name":"Wheel of Change","player_choice":"Card Removal","floor":5.0,"gold_loss":0.0,"damage_taken":0.0},{"damage_healed":0.0,"max_hp_gain":0.0,"max_hp_loss":0.0,"gold_gain":0.0,"event_name":"Liars Game","player_choice":"Ignored","floor":12.0,"gold_loss":0.0,"damage_taken":0.0},{"damage_healed":0.0,"max_hp_gain":0.0,"max_hp_loss":0.0,"gold_gain":0.0,"event_name":"Nest","player_choice":"Joined the Cult","floor":19.0,"gold_loss":0.0,"damage_taken":6.0,"cards_obtained":["RitualDagger"]},{"damage_healed":0.0,"max_hp_gain":0.0,"max_hp_loss":0.0,"gold_gain":0.0,"event_name":"Vampires","player_choice":"Ignored","floor":20.0,"gold_loss":0.0,"damage_taken":0.0},{"damage_healed":0.0,"max_hp_gain":0.0,"max_hp_loss":0.0,"gold_gain":0.0,"event_name":"Cursed Tome","player_choice":"Obtained Book","floor":22.0,"gold_loss":0.0,"damage_taken":21.0},{"damage_healed":0.0,"max_hp_gain":0.0,"max_hp_loss":0.0,"gold_gain":0.0,"event_name":"Ghosts","player_choice":"Ignored","floor":31.0,"gold_loss":0.0,"damage_taken":0.0},{"damage_healed":0.0,"max_hp_gain":0.0,"max_hp_loss":0.0,"gold_gain":999.0,"event_name":"MindBloom","player_choice":"Gold","floor":37.0,"gold_loss":0.0,"damage_taken":0.0,"cards_obtained":["Normality","Normality"]},{"damage_healed":0.0,"max_hp_gain":0.0,"max_hp_loss":0.0,"gold_gain":0.0,"event_name":"Duplicator","player_choice":"Copied","floor":38.0,"gold_loss":0.0,"damage_taken":0.0,"cards_obtained":["Meteor Strike"]}],"is_beta":true,"boss_relics":[{"not_picked":["Busted Crown","SacredBark"],"picked":"Runic Dome"},{"not_picked":["SlaversCollar","Tiny House"],"picked":"Fusion Hammer"}],"items_purged_floors":[14,39,44],"is_endless":false,"potions_floor_spawned":[3,8,11,27,29,30,33,35,36,40,41,42,45,48,55],"ascension_level":20}}