{"host":"vx9g5eyuglzorf3u","time":1611845881,"event":{"mods":["2.2 Compatiblity","BaseMod","DeckTracker","Keyboard Shortcuts","Minty Spire (QoL Compilation)","Relic Stats","StSLib","SuperFastMode","everything is the same but u backflip on backflip"],"gold_per_floor":[114,39,39,39,49,84,97,130,175,175,191,221,235,261,261,334,334,348,358,358,81,92,92,107,118,118,136,6,6,41,73,85,97,97],"floor_reached":33,"language":"KOR","playtime":1094,"items_purged":["Perfected Strike"],"score":673,"play_id":"979563c6-d96f-4116-bd0c-b2dc29cb22ff","local_time":"20210128235801","is_ascension_mode":true,"campfire_choices":[{"data":"Fire Breathing","floor":15,"key":"SMITH"},{"data":"Offering","floor":23,"key":"SMITH"},{"data":"Shrug It Off","floor":32,"key":"SMITH"}],"circlet_count":0,"master_deck":["AscendersBane","Strike_R","Strike_R","Strike_R","Strike_R","Defend_R","Defend_R","Defend_R","Defend_R","Bash+1","Whirlwind","Fire Breathing+1","Flame Barrier","Offering+1","CurseOfTheBell","Shrug It Off+1","Dropkick","Intimidate","Battle Trance+1","Burning Pact+1"],"relics":["Burning Blood","NeowsBlessing","Toy Ornithopter","Charon\u0027s Ashes","Self Forming Clay","Happy Flower","HornCleat","Red Skull","Calling Bell","Ancient Tea Set","The Courier","TungstenRod","Kunai","Pantograph","Lee\u0027s Waffle","MawBank"],"acts_visited":["Exordium","TheCity"],"potions_floor_usage":[33,33],"damage_taken":[{"damage":0,"enemies":"Small Slimes","floor":1,"turns":1},{"damage":0,"enemies":"Jaw Worm","floor":5,"turns":1},{"damage":0,"enemies":"Lagavulin","floor":6,"turns":1},{"damage":6,"enemies":"Cultist","floor":7,"turns":3},{"damage":35,"enemies":"3 Sentries","floor":8,"turns":5},{"damage":10,"enemies":"Red Slaver","floor":11,"turns":3},{"damage":52,"enemies":"Lagavulin","floor":12,"turns":8},{"damage":1,"enemies":"2 Fungi Beasts","floor":13,"turns":3},{"damage":10,"enemies":"3 Sentries","floor":14,"turns":4},{"damage":16,"enemies":"Slime Boss","floor":16,"turns":7},{"damage":23,"enemies":"Chosen","floor":18,"turns":4},{"damage":23,"enemies":"Shell Parasite","floor":19,"turns":10},{"damage":5,"enemies":"Chosen and Byrds","floor":22,"turns":4},{"damage":5,"enemies":"Snecko","floor":24,"turns":5},{"damage":5,"enemies":"Centurion and Healer","floor":25,"turns":5},{"damage":5,"enemies":"3 Cultists","floor":27,"turns":3},{"damage":24,"enemies":"Gremlin Leader","floor":30,"turns":5},{"damage":19,"enemies":"Snake Plant","floor":31,"turns":6},{"damage":123,"enemies":"Champ","floor":33,"turns":28}],"seed_played":"1139135122708094407","potions_obtained":[{"floor":5,"key":"GamblersBrew"},{"floor":12,"key":"Explosive Potion"},{"floor":14,"key":"SteroidPotion"},{"floor":30,"key":"LiquidMemories"}],"is_trial":false,"path_per_floor":["M","?","?","T","M","E","M","E","T","?","M","E","M","E","R","B",null,"M","M","?","$","M","R","M","M","T","M","$","?","E","M","R","B"],"character_chosen":"IRONCLAD","items_purchased":["Kunai","Lee\u0027s Waffle"],"campfire_rested":0,"item_purchase_floors":[21,28],"current_hp_per_floor":[74,74,79,79,80,80,80,51,51,90,86,40,45,41,41,31,75,58,41,41,41,42,42,43,44,44,45,97,97,79,66,66,0,0],"gold":97,"neow_bonus":"THREE_ENEMY_KILL","is_daily":false,"chose_seed":false,"campfire_upgraded":3,"win_rate":0.0,"timestamp":1611845881,"path_taken":["M","?","?","?","M","E","M","E","T","?","M","E","?","E","R","BOSS","M","M","?","$","M","R","M","M","T","M","$","?","E","?","R","BOSS"],"items_purchased_type":["Relic","Relic"],"build_version":"2020-12-22","purchased_purges":1,"victory":false,"max_hp_per_floor":[75,75,80,80,80,80,80,80,80,90,90,90,90,90,90,90,90,90,90,90,90,90,90,90,90,90,90,97,97,97,97,97,97,97],"relic_stats":{"Lee\u0027s Waffle":52,"Happy Flower":[31],"counters":[19,106],"Self Forming Clay":[102],"Pantograph":25,"Charon\u0027s Ashes":[185],"Kunai":[30],"MawBank":36,"obtain_stats":[{"Lee\u0027s Waffle":28,"NeowsBlessing":0,"Happy Flower":9,"Self Forming Clay":8,"Charon\u0027s Ashes":6,"The Courier":17,"Ancient Tea Set":17,"MawBank":30,"Burning Blood":0,"Calling Bell":17,"HornCleat":12,"Pantograph":26,"Kunai":21,"Toy Ornithopter":4,"Red Skull":14,"TungstenRod":17},{"Lee\u0027s Waffle":16,"NeowsBlessing":0,"Happy Flower":5,"Self Forming Clay":5,"Charon\u0027s Ashes":3,"The Courier":10,"Ancient Tea Set":10,"MawBank":17,"Burning Blood":0,"Calling Bell":10,"HornCleat":7,"Pantograph":15,"Kunai":12,"Toy Ornithopter":1,"Red Skull":9,"TungstenRod":10},{"Lee\u0027s Waffle":67,"NeowsBlessing":0,"Happy Flower":11,"Self Forming Clay":11,"Charon\u0027s Ashes":3,"The Courier":36,"Ancient Tea Set":36,"MawBank":72,"Burning Blood":0,"Calling Bell":36,"HornCleat":22,"Pantograph":64,"Kunai":50,"Toy Ornithopter":1,"Red Skull":29,"TungstenRod":36}],"Burning Blood":97,"Toy Ornithopter":10,"TungstenRod":35},"card_choices":[{"not_picked":["Anger","Headbutt"],"picked":"Perfected Strike","floor":1},{"not_picked":["Headbutt","Infernal Blade","Whirlwind"],"picked":"SKIP","floor":5},{"not_picked":["Headbutt","Infernal Blade"],"picked":"Whirlwind","floor":5},{"not_picked":["Clothesline","Thunderclap","Twin Strike"],"picked":"SKIP","floor":6},{"not_picked":["Armaments","Clash","Spot Weakness"],"picked":"SKIP","floor":7},{"not_picked":["Whirlwind","Headbutt"],"picked":"Brutality","floor":8},{"not_picked":["Headbutt","Searing Blow","Cleave"],"picked":"SKIP","floor":11},{"not_picked":["Flex","Clash"],"picked":"Fire Breathing","floor":12},{"not_picked":["Combust","Infernal Blade"],"picked":"Flame Barrier","floor":13},{"not_picked":["Flex","Havoc","Uppercut"],"picked":"SKIP","floor":14},{"not_picked":["Double Tap","Berserk"],"picked":"Offering","floor":16},{"not_picked":["Headbutt","Twin Strike"],"picked":"Shrug It Off","floor":18},{"not_picked":["Shrug It Off","Headbutt","Searing Blow"],"picked":"SKIP","floor":19},{"not_picked":["Clothesline","Armaments","Berserk"],"picked":"SKIP","floor":22},{"not_picked":["Rage","Perfected Strike","Clash"],"picked":"SKIP","floor":24},{"not_picked":["Headbutt+1","Iron Wave"],"picked":"Dropkick","floor":25},{"not_picked":["Warcry","Shrug It Off"],"picked":"Intimidate","floor":27},{"not_picked":["Rage","Intimidate"],"picked":"Battle Trance+1","floor":30},{"not_picked":["Cleave","Warcry"],"picked":"Burning Pact+1","floor":31}],"player_experience":1489641,"relics_obtained":[{"floor":4,"key":"Toy Ornithopter"},{"floor":6,"key":"Charon\u0027s Ashes"},{"floor":8,"key":"Self Forming Clay"},{"floor":9,"key":"Happy Flower"},{"floor":12,"key":"HornCleat"},{"floor":14,"key":"Red Skull"},{"floor":17,"key":"Ancient Tea Set"},{"floor":17,"key":"The Courier"},{"floor":17,"key":"TungstenRod"},{"floor":26,"key":"Pantograph"},{"floor":30,"key":"MawBank"}],"event_choices":[{"cards_removed":["Strike_R"],"damage_healed":0,"gold_gain":0,"player_choice":"Card Removal","damage_taken":0,"max_hp_gain":0,"max_hp_loss":0,"event_name":"The Cleric","floor":2,"gold_loss":75},{"damage_healed":0,"gold_gain":0,"player_choice":"Donut","damage_taken":0,"max_hp_gain":5,"max_hp_loss":0,"event_name":"Big Fish","floor":3,"gold_loss":0},{"cards_removed":["Brutality"],"damage_healed":29,"gold_gain":0,"player_choice":"Offered Rare","damage_taken":0,"max_hp_gain":10,"max_hp_loss":0,"event_name":"Bonfire Elementals","floor":10,"gold_loss":0},{"damage_healed":0,"gold_gain":0,"player_choice":"Ignored","damage_taken":0,"max_hp_gain":0,"max_hp_loss":0,"event_name":"The Mausoleum","floor":20,"gold_loss":0},{"damage_healed":0,"gold_gain":0,"player_choice":"Upgraded","damage_taken":0,"max_hp_gain":0,"max_hp_loss":0,"event_name":"Upgrade Shrine","floor":29,"gold_loss":0,"cards_upgraded":["Bash"]}],"is_beta":false,"boss_relics":[{"not_picked":["SlaversCollar","Philosopher\u0027s Stone"],"picked":"Calling Bell"}],"items_purged_floors":[21],"is_endless":false,"potions_floor_spawned":[5,12,13,14,22,25,30,31],"killed_by":"Champ","ascension_level":20}}