{"host":"7qqg3hyzrz6apiso","time":1611859530,"event":{"mods":["AchievementEnabler","BaseMod","Better Debug","Colored Map","Keyboard Shortcuts","Minty Spire (QoL Compilation)","Permanent Neow","Quick Restart","StSLib","SuperFastMode"],"gold_per_floor":[113,130,143,93,25,25,57,30,30,30,41,51,51,62,62,166,166,183,60,60,60,77,77,92,92,92,20,20,20,30,30,30,127,127,147,158,158,168,187,187,198,198,198],"floor_reached":42,"language":"KOR","playtime":1538,"items_purged":["Uppercut+1"],"score":492,"play_id":"219f682e-f198-43ed-9318-19ccd1ee65d6","local_time":"20210129034530","is_ascension_mode":true,"campfire_choices":[{"floor":6.0,"key":"RECALL"},{"floor":10.0,"key":"REST"},{"data":"Perfected Strike","floor":15.0,"key":"SMITH"},{"data":"Perfected Strike","floor":23.0,"key":"SMITH"},{"floor":25.0,"key":"REST"},{"data":"Shrug It Off","floor":28.0,"key":"SMITH"},{"floor":32.0,"key":"REST"},{"floor":40.0,"key":"REST"}],"circlet_count":0,"master_deck":["Strike_R","Strike_R","Strike_R","Strike_R","Strike_R","Defend_R","Pommel Strike","Inflame","Pommel Strike","Pommel Strike","Shrug It Off+1","Pommel Strike","Fire Breathing","Perfected Strike+1","Feel No Pain+1","Inflame+1","Perfected Strike+1","Necronomicurse","Finesse","Shrug It Off","Twin Strike+1","Inflame","Ghostly Armor","Twin Strike+1","Limit Break","Shrug It Off+1","Limit Break"],"relics":["Black Blood","Dream Catcher","Bottled Flame","Astrolabe","Necronomicon","Mercury Hourglass","Pen Nib","Spirit Poop"],"acts_visited":["Exordium","TheCity","TheBeyond"],"potions_floor_usage":[42],"damage_taken":[{"damage":10.0,"enemies":"Cultist","floor":1.0,"turns":5.0},{"damage":5.0,"enemies":"Jaw Worm","floor":2.0,"turns":5.0},{"damage":5.0,"enemies":"Small Slimes","floor":3.0,"turns":4.0},{"damage":32.0,"enemies":"Gremlin Nob","floor":7.0,"turns":5.0},{"damage":2.0,"enemies":"Exordium Thugs","floor":11.0,"turns":4.0},{"damage":8.0,"enemies":"Looter","floor":12.0,"turns":4.0},{"damage":15.0,"enemies":"Red Slaver","floor":14.0,"turns":4.0},{"damage":61.0,"enemies":"The Guardian","floor":16.0,"turns":14.0},{"damage":22.0,"enemies":"2 Thieves","floor":18.0,"turns":4.0},{"damage":12.0,"enemies":"Chosen","floor":22.0,"turns":3.0},{"damage":26.0,"enemies":"Shelled Parasite and Fungi","floor":24.0,"turns":3.0},{"damage":4.0,"enemies":"Cultist and Chosen","floor":30.0,"turns":4.0},{"damage":59.0,"enemies":"Champ","floor":33.0,"turns":6.0},{"damage":0.0,"enemies":"Orb Walker","floor":35.0,"turns":1.0},{"damage":55.0,"enemies":"3 Darklings","floor":36.0,"turns":6.0},{"damage":33.0,"enemies":"4 Shapes","floor":38.0,"turns":6.0},{"damage":0.0,"enemies":"Sphere and 2 Shapes","floor":39.0,"turns":3.0},{"damage":42.0,"enemies":"Transient","floor":41.0,"turns":5.0},{"damage":25,"enemies":"Maw","floor":42,"turns":2}],"seed_played":"-2718735246929833842","potions_obtained":[{"floor":1.0,"key":"PowerPotion"},{"floor":11.0,"key":"GamblersBrew"},{"floor":16.0,"key":"SpeedPotion"},{"floor":24.0,"key":"Explosive Potion"},{"floor":30.0,"key":"Strength Potion"},{"floor":38.0,"key":"Swift Potion"},{"floor":41.0,"key":"AttackPotion"}],"is_trial":false,"path_per_floor":["M","M","M","?","$","R","E","$","T","R","M","M","$","M","R","B",null,"M","$","?","?","M","R","M","R","T","$","R","?","M","$","R","B",null,"M","M","?","M","M","R","M","M"],"character_chosen":"IRONCLAD","items_purchased":["Inflame","Pommel Strike","Perfected Strike","Inflame"],"campfire_rested":4,"item_purchase_floors":[5,8,19,27],"current_hp_per_floor":[76,77,78,78,78,78,52,52,52,76,80,78,78,69,69,14,80,64,64,48,48,42,42,22,46,46,46,46,46,48,48,72,19,80,80,37,37,16,28,52,22,0,0],"gold":198,"neow_bonus":"RANDOM_COMMON_RELIC","is_daily":false,"chose_seed":false,"campfire_upgraded":3,"win_rate":0.0,"timestamp":1611859530,"path_taken":["M","?","M","?","$","R","E","$","T","R","M","M","$","M","R","BOSS","M","$","?","?","M","R","?","R","T","$","R","?","M","?","R","BOSS","M","M","?","M","?","R","M","M"],"items_purchased_type":["Card","Card","Card","Card"],"build_version":"2020-12-22","purchased_purges":1,"victory":false,"max_hp_per_floor":[80,80,80,80,80,80,80,80,80,80,80,80,80,80,80,80,80,80,80,80,80,80,80,80,80,80,80,80,80,80,80,80,80,80,80,80,80,80,80,80,80,80,80],"card_choices":[{"not_picked":["Dual Wield","Headbutt","Wild Strike"],"picked":"SKIP","floor":1.0},{"not_picked":["Twin Strike","Clothesline"],"picked":"Pommel Strike","floor":2.0},{"not_picked":["Reckless Charge","Dark Embrace","True Grit"],"picked":"SKIP","floor":3.0},{"not_picked":["Body Slam","Uppercut"],"picked":"Pommel Strike","floor":7.0},{"not_picked":["Entrench","Thunderclap"],"picked":"Shrug It Off","floor":10.0},{"not_picked":["Bludgeon","Dropkick"],"picked":"Pommel Strike","floor":11.0},{"not_picked":["Body Slam","Clash"],"picked":"Fire Breathing","floor":12.0},{"not_picked":["True Grit","Dark Embrace"],"picked":"Perfected Strike","floor":14.0},{"not_picked":["Clash","Evolve","Thunderclap"],"picked":"SKIP","floor":18.0},{"not_picked":["Anger","Warcry","Heavy Blade"],"picked":"SKIP","floor":22.0},{"not_picked":["Headbutt","Cleave"],"picked":"Shrug It Off","floor":24.0},{"not_picked":["Clash","Sentinel"],"picked":"Twin Strike+1","floor":25.0},{"not_picked":["Combust+1","Dual Wield"],"picked":"Ghostly Armor","floor":30.0},{"not_picked":["Shrug It Off","Anger"],"picked":"Twin Strike+1","floor":32.0},{"not_picked":["Immolate","Reaper"],"picked":"Limit Break","floor":33.0},{"not_picked":["Rampage","Havoc+1","Wild Strike"],"picked":"SKIP","floor":35.0},{"not_picked":["Havoc+1","Evolve+1"],"picked":"Shrug It Off+1","floor":36.0},{"not_picked":["Thunderclap+1","Pummel+1"],"picked":"Limit Break","floor":38.0},{"not_picked":["Sword Boomerang+1","Infernal Blade","Rampage"],"picked":"SKIP","floor":39.0},{"not_picked":["Dark Embrace","Dropkick","Cleave+1"],"picked":"SKIP","floor":41.0},{"not_picked":["Dark Embrace","Dropkick","Cleave+1"],"picked":"SKIP","floor":41.0}],"player_experience":163656,"relics_obtained":[{"floor":7.0,"key":"Bottled Flame"},{"floor":20.0,"key":"Necronomicon"},{"floor":26.0,"key":"Mercury Hourglass"}],"event_choices":[{"cards_removed":["Bash"],"damage_healed":0.0,"max_hp_gain":0.0,"max_hp_loss":0.0,"gold_gain":0.0,"event_name":"The Cleric","player_choice":"Card Removal","floor":4.0,"gold_loss":50.0,"damage_taken":0.0},{"damage_healed":0.0,"max_hp_gain":0.0,"max_hp_loss":0.0,"gold_gain":0.0,"event_name":"Cursed Tome","player_choice":"Obtained Book","floor":20.0,"gold_loss":0.0,"damage_taken":16.0},{"damage_healed":0.0,"max_hp_gain":0.0,"max_hp_loss":0.0,"gold_gain":0.0,"event_name":"Match and Keep!","player_choice":"1 cards matched","floor":21.0,"gold_loss":0.0,"damage_taken":0.0,"cards_obtained":["Finesse"]},{"damage_healed":0.0,"max_hp_gain":0.0,"max_hp_loss":0.0,"gold_gain":0.0,"event_name":"Addict","player_choice":"Stole Relic","floor":29.0,"gold_loss":0.0,"damage_taken":0.0,"relics_obtained":["Pen Nib"],"cards_obtained":["Shame"]},{"cards_removed":["Shame"],"damage_healed":0.0,"max_hp_gain":0.0,"max_hp_loss":0.0,"gold_gain":0.0,"event_name":"Bonfire Elementals","player_choice":"Offered Curse","floor":37.0,"gold_loss":0.0,"damage_taken":0.0,"relics_obtained":["Spirit Poop"]}],"is_beta":false,"boss_relics":[{"not_picked":["Cursed Key","Fusion Hammer"],"picked":"Astrolabe"},{"not_picked":["Runic Pyramid","Velvet Choker"],"picked":"Black Blood"}],"items_purged_floors":[19],"is_endless":false,"potions_floor_spawned":[1,11,16,24,30,38,41],"killed_by":"Maw","ascension_level":2}}