{"host":"Bawah","time":1611815148,"event":{"mods":["BaseMod","Downfall","Marisa????????","Minty Spire (QoL Compilation)","Replay The Spire","StSLib","The Cursed"],"gold_per_floor":[188,207,219,219,235,235,235,235,260,272,297,324,349,378,220,237,249,249,249,249],"floor_reached":18,"language":"SPA","playtime":1197,"items_purged":[],"score":108,"play_id":"041d08d9-3d09-47b9-8eba-37ff6f987cb5","local_time":"20210128072548","is_ascension_mode":false,"campfire_choices":[],"circlet_count":0,"master_deck":["Guardian:Strike_Guardian","Guardian:Strike_Guardian","Guardian:Strike_Guardian","Guardian:Strike_Guardian","Guardian:Defend_Guardian","Guardian:Defend_Guardian","Guardian:Defend_Guardian","Guardian:CurlUp","Guardian:TwinSlam","Guardian:Recover","Guardian:TemporalStrike","Guardian:Gem_Fragmented","Guardian:Gem_Fragmented","Guardian:DecasProtection+1","Guardian:Gem_Red","Guardian:Gem_Yellow","Guardian:SpikerProtocol","Guardian:SphericShield+1","Guardian:Clone","Guardian:ShieldSpikes","Guardian:EvasiveProtocol","Guardian:BronzeOrb"],"relics":["Guardian:ModeShifter","Guardian:PickAxe","MawBank","Guide Book"],"acts_visited":["Exordium"],"potions_floor_usage":[18,18],"damage_taken":[{"damage":0,"enemies":"2 Louse","floor":2,"turns":3},{"damage":6,"enemies":"Jaw Worm","floor":3,"turns":6},{"damage":10,"enemies":"Jaw Worm","floor":4,"turns":7},{"damage":0,"enemies":"Small Slimes","floor":5,"turns":4},{"damage":9,"enemies":"Exordium Wildlife","floor":11,"turns":6},{"damage":2,"enemies":"Blue Slaver","floor":12,"turns":5},{"damage":11,"enemies":"Exordium Wildlife","floor":13,"turns":6},{"damage":10,"enemies":"Exordium Thugs","floor":14,"turns":6},{"damage":0,"enemies":"downfall:FleeingMerchant","floor":15,"turns":4},{"damage":0,"enemies":"Gremlin Gang","floor":16,"turns":6},{"damage":0,"enemies":"Blue Slaver","floor":17,"turns":5},{"damage":28,"enemies":"SI_SHIV_ARCHETYPE","floor":18,"turns":7}],"seed_played":"-8948281782565549319","potions_obtained":[{"floor":5,"key":"SkillPotion"},{"floor":13,"key":"SmokeBomb"},{"floor":14,"key":"LiquidBronze"},{"floor":16,"key":"Energy Potion"}],"is_trial":false,"path_per_floor":["R","M","M","?","M","?","PTL","PTL","T","R","M","M","M","M","$","M","M","B"],"character_chosen":"GUARDIAN","items_purchased":["Guide Book"],"campfire_rested":0,"item_purchase_floors":[15],"current_hp_per_floor":[88,88,82,60,60,60,60,60,60,60,51,49,38,28,28,28,28,0,0,0],"gold":249,"neow_bonus":"TEN_PERCENT_HP_BONUS","is_daily":false,"chose_seed":false,"campfire_upgraded":0,"win_rate":0.0,"timestamp":1611815148,"path_taken":["R","M","M","?","M","?","PTL","PTL","T","R","M","M","M","M","$","M","M","BOSS"],"items_purchased_type":["Relic"],"build_version":"2020-12-18","purchased_purges":0,"victory":false,"max_hp_per_floor":[88,88,88,88,88,88,88,88,88,88,88,88,88,88,88,88,88,88,88,88],"card_choices":[{"not_picked":["Guardian:Suspension","Guardian:PiercingHide"],"picked":"Guardian:Recover","floor":2},{"not_picked":["Guardian:Gem_Cyan","Guardian:WalkerClaw"],"picked":"Guardian:TemporalStrike","floor":3},{"not_picked":["Guardian:PrismaticBeam","Guardian:Reroute"],"picked":"Guardian:DecasProtection","floor":5},{"not_picked":["Guardian:RefractedBeam","Guardian:Gem_Blue"],"picked":"Guardian:SpikerProtocol","floor":11},{"not_picked":["Guardian:Repulse","Guardian:MultiBeam","Guardian:BodySlam"],"picked":"SKIP","floor":12},{"not_picked":["Guardian:CrystalBeam","Guardian:PrismaticBeam"],"picked":"Guardian:SphericShield","floor":13},{"not_picked":["Guardian:Suspension","Guardian:BodySlam"],"picked":"Guardian:Clone","floor":14},{"not_picked":["Guardian:Gem_Green","Guardian:Gem_Red"],"picked":"Guardian:ShieldSpikes","floor":15},{"not_picked":["Guardian:PiercingHide","Guardian:TemporalStrike"],"picked":"Guardian:EvasiveProtocol","floor":16},{"not_picked":["Guardian:Clone","Guardian:PiercingHide"],"picked":"Guardian:BronzeOrb","floor":17}],"player_experience":838903,"relics_obtained":[{"floor":9,"key":"MawBank"}],"event_choices":[],"is_beta":true,"boss_relics":[],"items_purged_floors":[],"is_endless":false,"potions_floor_spawned":[5,13,14,16],"killed_by":"SI_SHIV_ARCHETYPE","ascension_level":0}}