{"host":"mr1ctipv0dcr6y8g","time":1611853775,"event":{"mods":["BaseMod","DeckTracker","Energized Spire","Minty Spire (QoL Compilation)","Shop Mod","StSLib"],"gold_per_floor":[110,9,9,9,9,9,21,21,47,74,105,105,105,122,122,220,220,231,251,251,266,20,20],"floor_reached":22,"language":"ENG","playtime":1013,"items_purged":["Strike_G"],"score":217,"play_id":"e08aa323-0c76-45f2-abe7-4f940a9fbcec","local_time":"20210128100935","daily_mods":["Specialized","Heirloom","Time Dilation","Flight","DeadlyEvents"],"is_ascension_mode":false,"campfire_choices":[{"floor":6,"key":"DIG"},{"floor":8,"key":"DIG"},{"data":"Crippling Poison","floor":12,"key":"SMITH"},{"floor":13,"key":"REST"},{"data":"Survivor","floor":15,"key":"SMITH"}],"circlet_count":0,"master_deck":["Strike_G","Strike_G","Defend_G","Defend_G","Defend_G","Defend_G","Defend_G","Survivor+1","Neutralize","Crippling Poison+1","Crippling Poison","Crippling Poison","Crippling Poison","Poisoned Stab","Deflect","Dodge and Roll","PiercingWail","Escape Plan","Corpse Explosion","Bouncing Flask","Backflip","Backflip","Riddle With Holes"],"relics":["Ring of the Snake","Shovel","MealTicket","CultistMask","Bronze Scales","Girya","Oddly Smooth Stone","PreservedInsect","Art of War","Black Star","Bottled Lightning"],"acts_visited":["Exordium","TheCity"],"potions_floor_usage":[],"damage_taken":[{"damage":10,"enemies":"Cultist","floor":1,"turns":4},{"damage":1,"enemies":"Jaw Worm","floor":7,"turns":4},{"damage":6,"enemies":"Lagavulin","floor":10,"turns":7},{"damage":1,"enemies":"3 Sentries","floor":11,"turns":4},{"damage":0,"enemies":"2 Louse","floor":14,"turns":2},{"damage":16,"enemies":"The Guardian","floor":16,"turns":11},{"damage":0,"enemies":"Chosen","floor":18,"turns":5},{"damage":7,"enemies":"Shell Parasite","floor":19,"turns":4},{"damage":31,"enemies":"Sentry and Sphere","floor":21,"turns":5}],"seed_played":"1297016926775733193","potions_obtained":[{"floor":10,"key":"Energy Potion"},{"floor":14,"key":"LiquidMemories"},{"floor":18,"key":"Dexterity Potion"}],"is_trial":true,"path_per_floor":["M","$","?","?","?","R","M","R","T","E","E","R","R","M","R","B",null,"M","M","?","M","$"],"character_chosen":"THE_SILENT","items_purchased":["Deflect","Bottled Lightning"],"campfire_rested":1,"item_purchase_floors":[2,22],"current_hp_per_floor":[60,60,60,35,35,35,34,34,34,28,27,27,48,48,48,32,70,70,63,63,32,47,47],"gold":20,"neow_bonus":"","is_daily":false,"chose_seed":false,"campfire_upgraded":2,"win_rate":0.0,"timestamp":1611853775,"path_taken":["M","$","?","?","?","R","M","R","T","E","?","R","R","?","R","BOSS","M","M","?","M","$"],"items_purchased_type":["Card","Relic"],"build_version":"2020-12-22","purchased_purges":1,"victory":false,"max_hp_per_floor":[70,70,70,70,70,70,70,70,70,70,70,70,70,70,70,70,70,70,70,70,70,70,70],"card_choices":[{"not_picked":["Distraction","Dagger Throw"],"picked":"Poisoned Stab","floor":1},{"not_picked":["Setup","All Out Attack","Slice"],"picked":"SKIP","floor":7},{"not_picked":["Bane","Acrobatics"],"picked":"Dodge and Roll","floor":10},{"not_picked":["Flechettes","Expertise"],"picked":"PiercingWail","floor":11},{"not_picked":["Slice","Infinite Blades"],"picked":"Escape Plan","floor":14},{"not_picked":["A Thousand Cuts","Venomology"],"picked":"Corpse Explosion","floor":16},{"not_picked":["Sucker Punch","Poisoned Stab+1"],"picked":"Bouncing Flask","floor":18},{"not_picked":["Quick Slash","Cloak And Dagger"],"picked":"Backflip","floor":19},{"not_picked":["Flechettes","Bane","Flying Knee"],"picked":"SKIP","floor":21}],"player_experience":1275052,"relics_obtained":[{"floor":6,"key":"Bronze Scales"},{"floor":8,"key":"Girya"},{"floor":9,"key":"Oddly Smooth Stone"},{"floor":10,"key":"PreservedInsect"},{"floor":11,"key":"Art of War"}],"event_choices":[{"cards_removed":["Crippling Poison"],"damage_healed":0,"gold_gain":0,"player_choice":"Forget","damage_taken":0,"max_hp_gain":0,"max_hp_loss":0,"event_name":"Living Wall","floor":3,"gold_loss":0},{"damage_healed":0,"gold_gain":0,"player_choice":"Success","damage_taken":25,"relics_obtained":["MealTicket"],"max_hp_gain":0,"max_hp_loss":0,"event_name":"Scrap Ooze","floor":4,"gold_loss":0},{"damage_healed":0,"gold_gain":0,"player_choice":"Trade","damage_taken":0,"relics_obtained":["CultistMask"],"max_hp_gain":0,"max_hp_loss":0,"event_name":"FaceTrader","floor":5,"gold_loss":0},{"damage_healed":0,"gold_gain":0,"cards_transformed":["Strike_G","Strike_G"],"player_choice":"Became Test Subject","damage_taken":0,"max_hp_gain":0,"max_hp_loss":0,"event_name":"Drug Dealer","floor":20,"gold_loss":0,"cards_obtained":["Backflip","Riddle With Holes"]}],"is_beta":false,"boss_relics":[{"not_picked":["energizedSpire:CursedPentagram","energizedSpire:OgreHead"],"picked":"Black Star"}],"items_purged_floors":[2],"is_endless":false,"potions_floor_spawned":[10,14,18,19],"ascension_level":0}}