{"host":"gfxjwtol062e9znw","time":1611837585,"event":{"mods":["BaseMod","Colored Map","Minty Spire (QoL Compilation)"],"gold_per_floor":[99,99,29,29,0,0,0,0,0,0,0,0,0,0,0,0,0,0,0,0,0,0,0,0,0,0,0,0,0,0,0,0,0,0],"floor_reached":33,"language":"ENG","playtime":1533,"items_purged":[],"score":394,"play_id":"1f5efbd4-eb23-4957-9e8f-11d21bfc0a2d","local_time":"20210128233945","is_ascension_mode":true,"campfire_choices":[{"floor":6,"key":"REST"},{"floor":11,"key":"REST"},{"floor":13,"key":"REST"},{"data":"Darkness","floor":15,"key":"SMITH"},{"floor":24,"key":"REST"},{"data":"Buffer","floor":27,"key":"SMITH"},{"floor":29,"key":"REST"},{"floor":32,"key":"REST"}],"circlet_count":0,"master_deck":["Strike_B","Strike_B","Strike_B","Strike_B","Defend_B","Defend_B","Defend_B+1","Zap","Dualcast","Darkness+1","Conserve Battery+1","Steam Power","Conserve Battery","Glacier","Buffer+1","Doom and Gloom","Buffer","Ball Lightning","Ball Lightning","Aggregate","Turbo","Skim","Doubt","BootSequence","Conserve Battery+1","Melter"],"relics":["Ectoplasm","Toy Ornithopter","Shuriken","War Paint","Smiling Mask","Cursed Key","Ancient Tea Set","CeramicFish","Toxic Egg 2"],"acts_visited":["Exordium","TheCity"],"potions_floor_usage":[8,16,23,25,25,33,33],"damage_taken":[{"damage":7,"enemies":"Jaw Worm","floor":1,"turns":3},{"damage":0,"enemies":"Cultist","floor":2,"turns":3},{"damage":5,"enemies":"Small Slimes","floor":4,"turns":4},{"damage":32,"enemies":"Exordium Thugs","floor":5,"turns":4},{"damage":6,"enemies":"Large Slime","floor":7,"turns":6},{"damage":36,"enemies":"3 Sentries","floor":8,"turns":9},{"damage":1,"enemies":"Blue Slaver","floor":10,"turns":4},{"damage":4,"enemies":"Lots of Slimes","floor":12,"turns":5},{"damage":0,"enemies":"Lagavulin","floor":14,"turns":7},{"damage":3,"enemies":"Slime Boss","floor":16,"turns":8},{"damage":0,"enemies":"Chosen","floor":18,"turns":6},{"damage":15,"enemies":"3 Byrds","floor":19,"turns":6},{"damage":4,"enemies":"Snake Plant","floor":21,"turns":4},{"damage":1,"enemies":"Snecko","floor":22,"turns":5},{"damage":10,"enemies":"3 Cultists","floor":23,"turns":6},{"damage":14,"enemies":"Gremlin Leader","floor":25,"turns":7},{"damage":17,"enemies":"Snake Plant","floor":28,"turns":4},{"damage":48,"enemies":"Book of Stabbing","floor":30,"turns":6},{"damage":2,"enemies":"Cultist and Chosen","floor":31,"turns":9},{"damage":72,"enemies":"Champ","floor":33,"turns":13}],"seed_played":"7069137361622037920","potions_obtained":[{"floor":4,"key":"Regen Potion"},{"floor":5,"key":"SpeedPotion"},{"floor":8,"key":"FocusPotion"},{"floor":19,"key":"SteroidPotion"},{"floor":22,"key":"LiquidBronze"},{"floor":23,"key":"SpeedPotion"},{"floor":25,"key":"SpeedPotion"}],"is_trial":false,"path_per_floor":["M","M","?","M","M","R","M","E","T","M","R","M","R","E","R","B",null,"M","M","?","M","M","M","R","E","T","R","M","R","E","M","R","B"],"character_chosen":"DEFECT","items_purchased":[],"campfire_rested":6,"item_purchase_floors":[],"current_hp_per_floor":[68,68,68,63,31,53,47,31,31,30,52,48,70,70,70,72,75,75,60,60,56,55,50,72,68,68,68,51,73,25,23,45,0,0],"gold":0,"neow_bonus":"BOSS_RELIC","is_daily":false,"chose_seed":false,"campfire_upgraded":2,"win_rate":0.0,"timestamp":1611837585,"path_taken":["M","M","?","M","M","R","M","E","T","M","R","M","R","E","R","BOSS","M","?","?","?","M","M","R","E","T","R","M","R","E","M","R","BOSS"],"items_purchased_type":[],"build_version":"2020-12-22","purchased_purges":0,"victory":false,"max_hp_per_floor":[75,75,75,75,75,75,75,75,75,75,75,75,75,75,75,75,75,75,75,75,75,75,75,75,75,75,75,75,75,75,75,75,75,75],"card_choices":[{"not_picked":["Sweeping Beam","Capacitor"],"picked":"Darkness","floor":1},{"not_picked":["Gash","Rebound"],"picked":"Conserve Battery","floor":2},{"not_picked":["Recycle","Rebound","Compile Driver"],"picked":"SKIP","floor":4},{"not_picked":["Rebound","Gash","Stack"],"picked":"SKIP","floor":5},{"not_picked":["Force Field","Storm"],"picked":"Steam Power","floor":7},{"not_picked":["Go for the Eyes","Doom and Gloom"],"picked":"Conserve Battery","floor":8},{"not_picked":["Lockon","Hologram"],"picked":"Glacier","floor":10},{"not_picked":["Go for the Eyes","Gash"],"picked":"Buffer","floor":12},{"not_picked":["Streamline","Blizzard"],"picked":"Doom and Gloom","floor":14},{"not_picked":["Thunder Strike","Rainbow"],"picked":"Buffer","floor":16},{"not_picked":["Capacitor","Glacier+1"],"picked":"Ball Lightning","floor":18},{"not_picked":["Beam Cell","Tempest","Force Field"],"picked":"SKIP","floor":19},{"not_picked":["Auto Shields","Barrage"],"picked":"Ball Lightning","floor":21},{"not_picked":["Steam","Gash"],"picked":"Aggregate","floor":22},{"not_picked":["Rebound","Buffer"],"picked":"Turbo","floor":23},{"not_picked":["Compile Driver","Steam Power+1"],"picked":"Skim","floor":25},{"not_picked":["Hello World+1","Sunder"],"picked":"BootSequence","floor":28},{"not_picked":["Thunder Strike","Glacier+1"],"picked":"Conserve Battery+1","floor":30},{"not_picked":["Static Discharge","Ball Lightning+1"],"picked":"Melter","floor":31}],"player_experience":17178,"relics_obtained":[{"floor":8,"key":"Shuriken"},{"floor":9,"key":"War Paint"},{"floor":14,"key":"Smiling Mask"},{"floor":25,"key":"Ancient Tea Set"},{"floor":26,"key":"CeramicFish"},{"floor":30,"key":"Toxic Egg 2"}],"event_choices":[{"damage_healed":0,"gold_gain":0,"player_choice":"Paid Gold","damage_taken":0,"relics_obtained":["Toy Ornithopter"],"max_hp_gain":0,"max_hp_loss":0,"event_name":"WeMeetAgain","floor":3,"gold_loss":70},{"cards_removed":["Defend_B"],"damage_healed":0,"gold_gain":0,"player_choice":"Offered Basic","damage_taken":0,"max_hp_gain":0,"max_hp_loss":0,"event_name":"Bonfire Elementals","floor":20,"gold_loss":0}],"is_beta":false,"boss_relics":[{"not_picked":["Astrolabe","Velvet Choker"],"picked":"Cursed Key"}],"items_purged_floors":[],"is_endless":false,"potions_floor_spawned":[4,5,8,19,22,23,25],"killed_by":"Champ","ascension_level":4}}