{"host":"t9zjxed0utvsfjwc","time":1611837512,"event":{"mods":["2.2 Compatiblity","Aspiration","BaseMod","Better Altar","Better Match","Better Note","Better Sensory Stone","Better Skull","Better Third Choice","Block Reminder","Colored Map","Colored Powertips","Custom Start","Downfall","Hermit","Highlight Path","Hubris","Infinite Spire","Marisa????????","Minty Spire (QoL Compilation)","Quick Restart","Rare Cards Sparkle","Reliquary","Replay The Spire","StSLib","The Cursed","The Marked","The Runesmith","Unceasing Turn Reminder","everything is the same but u backflip on backflip"],"gold_per_floor":[99,116,116,135,95,160,187,240,284,346,246,295,295,41,101,251,251,251,310,310,365,365,365,413,413,413,413,413],"floor_reached":27,"language":"ENG","playtime":2506,"items_purged":["DC"],"score":289,"play_id":"dd6fc534-0921-4df8-b47a-486e675e40eb","local_time":"20210128123832","is_ascension_mode":false,"campfire_choices":[{"floor":1,"key":"RECALL"},{"data":"UltimateShortwave","floor":11,"key":"SMITH"},{"floor":13,"key":"REST"},{"data":"FinalSpark","floor":18,"key":"SMITH"},{"data":"CasketOfStar","floor":25,"key":"SMITH"}],"circlet_count":0,"master_deck":["Strike_MRS","Strike_MRS+1","Strike_MRS+1","Strike_MRS","Defend_MRS","Defend_MRS","Defend_MRS","Defend_MRS","MasterSpark","UpSweep","PowerUp","GalacticHalo","WitchOfGreed","WitchOfGreed","DC","UltimateShortwave+1","WitchOfGreed","EarthLightRay","EarthLightRay","FinalSpark+1","EarthLightRay","CasketOfStar+1","OortCloud","WitchOfGreed"],"relics":["MiniHakkero","hubris:SlimyHat","infinitespire:Satchel","Runesmith:AutoHammer","downfall:HeartBlessingRed","hubris:Backtick","hubris:FunFungus","Pen Nib"],"acts_visited":["Exordium","TheCity"],"potions_floor_usage":[5,6,6,9,10,10,12,14,14,16,16,16,19,21,21,23,23,23],"damage_taken":[{"damage":1,"enemies":"Jaw Worm","floor":2,"turns":4},{"damage":0,"enemies":"2 Louse","floor":4,"turns":2},{"damage":0,"enemies":"downfall:FleeingMerchant","floor":5,"turns":4},{"damage":39,"enemies":"3 Sentries","floor":6,"turns":11},{"damage":0,"enemies":"Cultist","floor":9,"turns":4},{"damage":13,"enemies":"Replay:BlueRogue","floor":10,"turns":5},{"damage":13,"enemies":"2 Fungi Beasts","floor":12,"turns":3},{"damage":12,"enemies":"downfall:FleeingMerchant","floor":14,"turns":4},{"damage":12,"enemies":"Gremlin Gang","floor":15,"turns":5},{"damage":31,"enemies":"IC_STATUS_ARCHETYPE","floor":16,"turns":7},{"damage":49,"enemies":"3 Byrds","floor":19,"turns":7},{"damage":16,"enemies":"Chosen","floor":21,"turns":7},{"damage":37,"enemies":"Book of Stabbing","floor":23,"turns":5},{"damage":33,"enemies":"Snake Plant","floor":27,"turns":3}],"seed_played":"-3417326754229758787","potions_obtained":[{"floor":2,"key":"DistilledChaos"},{"floor":4,"key":"PowerPotion"},{"floor":6,"key":"sneckomod:MuddlingPotion"},{"floor":6,"key":"Fruit Juice"},{"floor":9,"key":"StarNLove"},{"floor":9,"key":"sneckomod:MuddlingPotion"},{"floor":10,"key":"BottledSpark"},{"floor":10,"key":"Swift Potion"},{"floor":10,"key":"SmokeBomb"},{"floor":12,"key":"Energy Potion"},{"floor":12,"key":"AttackPotion"},{"floor":14,"key":"Elixir"},{"floor":14,"key":"SneckoOil"},{"floor":14,"key":"champ:CounterPotion"},{"floor":15,"key":"Regen Potion"},{"floor":15,"key":"PowerPotion"},{"floor":16,"key":"Toxic Potion"},{"floor":19,"key":"SpeedPotion"},{"floor":19,"key":"Energy Potion"},{"floor":21,"key":"SmokeBomb"},{"floor":21,"key":"SpeedPotion"},{"floor":21,"key":"DistilledChaos"}],"is_trial":false,"path_per_floor":["R","M","?","M","$","E","T","T","M","E","R","M","R","$","M","B",null,"R_BF","M","?","M","?","E","T","R","?","M"],"character_chosen":"MARISA","items_purchased":["WitchOfGreed","EarthLightRay","FinalSpark"],"campfire_rested":1,"item_purchase_floors":[5,14,14],"current_hp_per_floor":[82,81,81,81,81,47,47,47,47,34,34,21,47,35,31,27,87,87,50,42,39,39,14,14,14,14,0,0],"gold":413,"neow_bonus":"TEN_PERCENT_HP_BONUS","is_daily":false,"chose_seed":false,"campfire_upgraded":3,"win_rate":0.0,"timestamp":1611837512,"path_taken":["R","M","?","M","$","E","T","?","M","E","R","M","R","$","M","BOSS","R_BF","M","?","M","?","E","T","R","?","M"],"items_purchased_type":["Card","Card","Card"],"build_version":"2020-12-22","purchased_purges":1,"victory":false,"max_hp_per_floor":[82,82,82,82,82,87,87,87,87,87,87,87,87,87,87,87,87,87,87,87,87,87,87,87,87,87,87,87],"card_choices":[{"not_picked":["SporeBomb","GrandCross"],"picked":"PowerUp","floor":2},{"not_picked":["PulseMagic","EarthLightRay"],"picked":"GalacticHalo","floor":4},{"not_picked":["DoubleSpark","DeepEcoloBomb"],"picked":"WitchOfGreed","floor":5},{"not_picked":["IllusionStar","OrrerysSun"],"picked":"DC","floor":6},{"not_picked":["Occultation","ShootingEcho"],"picked":"DC","floor":9},{"not_picked":["DC","ShootTheMoon"],"picked":"UltimateShortwave","floor":10},{"not_picked":["ShootingEcho","Singularity"],"picked":"WitchOfGreed","floor":12},{"not_picked":["ShootTheMoon","Acceleration","DeepEcoloBomb"],"picked":"SKIP","floor":14},{"not_picked":["IllusionStar","OortCloud"],"picked":"EarthLightRay","floor":15},{"not_picked":["UltimateShortwave","ManaRampage"],"picked":"CasketOfStar","floor":16},{"not_picked":["OrrerysSun","GalacticHalo+1"],"picked":"OortCloud","floor":19},{"not_picked":["SporeBomb","Acceleration"],"picked":"WitchOfGreed","floor":21}],"player_experience":450379,"relics_obtained":[{"floor":7,"key":"hubris:SlimyHat"},{"floor":8,"key":"infinitespire:Satchel"},{"floor":10,"key":"Runesmith:AutoHammer"},{"floor":24,"key":"Pen Nib"}],"event_choices":[{"damage_healed":0,"gold_gain":1,"player_choice":"1","damage_taken":0,"max_hp_gain":0,"max_hp_loss":0,"event_name":"betterStone:BetterStone","floor":3,"gold_loss":0},{"cards_removed":["UltimateShortwave"],"damage_healed":0,"gold_gain":0,"player_choice":"Give","damage_taken":0,"max_hp_gain":0,"max_hp_loss":0,"event_name":"betterNote:BetterNote","floor":22,"gold_loss":0,"cards_obtained":["bronze:ChosenStrike"]},{"damage_healed":0,"gold_gain":0,"player_choice":"Ignored","damage_taken":0,"max_hp_gain":0,"max_hp_loss":0,"event_name":"Vampires","floor":26,"gold_loss":0}],"is_beta":false,"boss_relics":[{"not_picked":["Snecko Eye","bronze:MakeshiftBattery"],"picked":"hubris:Backtick"}],"items_purged_floors":[14],"is_endless":false,"potions_floor_spawned":[2,4,10,15,23],"killed_by":"Snake Plant","ascension_level":0}}