{"host":"04hh9gplt9wkfmr1","time":1611848229,"event":{"mods":["AchievementEnabler","BaseMod","Colored Map","KOR Keyword Fix","Minty Spire (QoL Compilation)","Rare Cards Sparkle","SuperFastMode"],"gold_per_floor":[113,78,98,114,114,142,142,159,159,176,176,176,219,233,233,357,357,378,378,300,300,316,316,347,347,347],"floor_reached":25,"language":"KOR","playtime":546,"items_purged":[],"score":362,"play_id":"fc403f71-bf2e-41d6-bf35-732bd3323f66","local_time":"20210129003709","is_ascension_mode":true,"campfire_choices":[{"data":"Bash","floor":7.0,"key":"SMITH"},{"data":"Inflame","floor":12.0,"key":"SMITH"},{"data":"Immolate","floor":15.0,"key":"SMITH"},{"data":"Heavy Blade","floor":23,"key":"SMITH"}],"circlet_count":0,"master_deck":["Strike_R","Strike_R","Strike_R","Strike_R","Strike_R","Defend_R","Defend_R","Defend_R","Defend_R","Bash+1","Mayhem+1","Pommel Strike","Pommel Strike","Evolve","Pommel Strike","Headbutt","Inflame+1","Immolate+1","Demon Form+1","Pommel Strike","Disarm","Heavy Blade+1"],"relics":["Burning Blood","Pen Nib","Mummified Hand","Bloody Idol","WingedGreaves","Philosopher\u0027s Stone","Letter Opener"],"acts_visited":["Exordium","TheCity"],"potions_floor_usage":[],"damage_taken":[{"damage":9.0,"enemies":"Jaw Worm","floor":1.0,"turns":4.0},{"damage":3.0,"enemies":"2 Louse","floor":3.0,"turns":3.0},{"damage":7.0,"enemies":"Small Slimes","floor":4.0,"turns":3.0},{"damage":10.0,"enemies":"3 Sentries","floor":6.0,"turns":9.0},{"damage":13.0,"enemies":"Red Slaver","floor":8.0,"turns":3.0},{"damage":8.0,"enemies":"Blue Slaver","floor":10.0,"turns":2.0},{"damage":25.0,"enemies":"Lagavulin","floor":13.0,"turns":6.0},{"damage":2.0,"enemies":"Exordium Wildlife","floor":14.0,"turns":3.0},{"damage":0.0,"enemies":"Slime Boss","floor":16.0,"turns":3.0},{"damage":0.0,"enemies":"2 Thieves","floor":18.0,"turns":1.0},{"damage":37,"enemies":"Shell Parasite","floor":22,"turns":5},{"damage":22,"enemies":"Gremlin Leader","floor":24,"turns":5}],"seed_played":"-5273952016580609491","potions_obtained":[{"floor":1.0,"key":"DistilledChaos"},{"floor":10.0,"key":"Fruit Juice"},{"floor":13.0,"key":"Strength Potion"},{"floor":14.0,"key":"Fire Potion"},{"floor":18.0,"key":"AttackPotion"},{"floor":24,"key":"Strength Potion"}],"is_trial":false,"path_per_floor":["M","?","M","M","?","E","R","M","T","M","?","R","E","M","R","B",null,"M","?","$","?","M","R","E","R"],"character_chosen":"IRONCLAD","items_purchased":["Disarm"],"campfire_rested":0,"item_purchase_floors":[20],"current_hp_per_floor":[53,73,76,75,75,71,71,64,64,67,46,46,27,31,31,37,85,85,85,85,85,59,59,48,48,48],"gold":347,"neow_bonus":"RANDOM_COLORLESS_2","is_daily":false,"chose_seed":false,"campfire_upgraded":4,"win_rate":0.0,"timestamp":1611848229,"path_taken":["M","?","M","M","?","E","R","M","T","M","?","R","E","M","R","BOSS","M","?","$","?","M","R","E","R"],"items_purchased_type":["Card"],"build_version":"2020-12-22","purchased_purges":0,"victory":false,"max_hp_per_floor":[80,80,80,80,80,80,80,80,80,85,85,85,85,85,85,85,85,85,85,85,85,85,85,85,85,85],"card_choices":[{"not_picked":["Secret Technique","Chrysalis"],"picked":"Mayhem","floor":0.0},{"not_picked":["Sword Boomerang","Headbutt"],"picked":"Pommel Strike","floor":1.0},{"not_picked":["Intimidate","Dropkick"],"picked":"Pommel Strike","floor":3.0},{"not_picked":["Evolve","Cleave","Flex"],"picked":"SKIP","floor":4.0},{"not_picked":["Cleave","Flex"],"picked":"Evolve","floor":4.0},{"not_picked":["Flex","Clothesline"],"picked":"Pommel Strike","floor":6.0},{"not_picked":["Flame Barrier","True Grit"],"picked":"Headbutt","floor":8.0},{"not_picked":["Intimidate","Power Through"],"picked":"Inflame","floor":10.0},{"not_picked":["Clash","Headbutt"],"picked":"Immolate","floor":13.0},{"not_picked":["Anger","Havoc","Blood for Blood"],"picked":"SKIP","floor":14.0},{"not_picked":["Fiend Fire","Immolate"],"picked":"Demon Form","floor":16.0},{"not_picked":["Thunderclap","Feel No Pain+1"],"picked":"Pommel Strike","floor":18.0},{"not_picked":["Shrug It Off","Thunderclap"],"picked":"Heavy Blade","floor":22},{"not_picked":["Iron Wave+1","Spot Weakness+1","Sever Soul+1"],"picked":"SKIP","floor":24}],"player_experience":96306,"relics_obtained":[{"floor":6.0,"key":"Pen Nib"},{"floor":9.0,"key":"Mummified Hand"},{"floor":13.0,"key":"WingedGreaves"},{"floor":24,"key":"Letter Opener"}],"event_choices":[{"damage_healed":20.0,"max_hp_gain":0.0,"max_hp_loss":0.0,"gold_gain":0.0,"event_name":"The Cleric","player_choice":"Healed","floor":2.0,"gold_loss":35.0,"damage_taken":0.0},{"damage_healed":0.0,"max_hp_gain":0.0,"max_hp_loss":0.0,"gold_gain":0.0,"event_name":"Living Wall","player_choice":"Grow","floor":5.0,"gold_loss":0.0,"damage_taken":0.0,"cards_upgraded":["Mayhem"]},{"damage_healed":0.0,"max_hp_gain":0.0,"max_hp_loss":0.0,"gold_gain":0.0,"event_name":"Golden Idol","player_choice":"Take Damage","floor":11.0,"gold_loss":0.0,"damage_taken":21.0,"relics_obtained":["Golden Idol"]},{"damage_healed":0,"gold_gain":0,"player_choice":"Gave Idol","damage_taken":0,"relics_obtained":["Bloody Idol"],"max_hp_gain":0,"max_hp_loss":0,"event_name":"Forgotten Altar","floor":19,"relics_lost":["Golden Idol"],"gold_loss":0},{"damage_healed":0,"gold_gain":0,"player_choice":"Upgraded","damage_taken":0,"max_hp_gain":0,"max_hp_loss":0,"event_name":"Upgrade Shrine","floor":21,"gold_loss":0,"cards_upgraded":["Demon Form"]}],"is_beta":false,"boss_relics":[{"not_picked":["Pandora\u0027s Box","Coffee Dripper"],"picked":"Philosopher\u0027s Stone"}],"items_purged_floors":[],"is_endless":false,"potions_floor_spawned":[1,10,13,14,18,24],"ascension_level":4}}