{"host":"7f01flv6y0vhl3vt","time":1611868540,"event":{"mods":["Act Like it!","BaseMod","Downfall","Minty Spire (QoL Compilation)","StSLib"],"gold_per_floor":[99,99,99,99,274,274,274,74,10,0,14,25,25,43,61,164,214,214,226,242,0,0,0,24,59,59,59,59],"floor_reached":26,"language":"ENG","playtime":7394,"items_purged":["Guardian:Strike_Guardian"],"score":248,"play_id":"6b218784-6ffe-4339-a075-f63ff5ed70a1","local_time":"20210128161540","is_ascension_mode":true,"campfire_choices":[{"floor":1,"key":"RECALL"},{"data":"Guardian:MultiBeam","floor":8,"key":"SMITH"},{"floor":13,"key":"REST"},{"data":"Guardian:RevengeProtocol","floor":18,"key":"SMITH"},{"floor":23,"key":"REST"}],"circlet_count":0,"master_deck":["Guardian:Strike_Guardian","Guardian:Strike_Guardian","Guardian:Strike_Guardian","Guardian:Defend_Guardian","Guardian:Defend_Guardian","Guardian:Defend_Guardian+1","Guardian:Defend_Guardian+1","Guardian:CurlUp+1","Guardian:TwinSlam","Guardian:MultiBeam+1","Guardian:PolyBeam","Guardian:Emergency","Guardian:TemporalShield","Guardian:TemporalStrike","Guardian:SpikerProtocol","Guardian:Orbwalk","Guardian:EvasiveProtocol","Guardian:DonusPower","Guardian:RevengeProtocol+1","Guardian:GuardianWhirl","Guardian:RefractedBeam","Guardian:DonusPower","Guardian:BodySlam","Guardian:Repulse"],"relics":["Guardian:ModeShifter","downfall:HeartsMalice","downfall:HeartBlessingBlue","downfall:HeartBlessingRed","Tiny House","War Paint","NlothsMask","Art of War"],"acts_visited":["Exordium","TheCity"],"potions_floor_usage":[12,15,16,19,20,26],"damage_taken":[{"damage":0,"enemies":"Small Slimes","floor":2,"turns":1},{"damage":0,"enemies":"2 Louse","floor":3,"turns":1},{"damage":0,"enemies":"Jaw Worm","floor":4,"turns":1},{"damage":4,"enemies":"downfall:FleeingMerchant","floor":9,"turns":4},{"damage":15,"enemies":"downfall:FleeingMerchant","floor":10,"turns":4},{"damage":13,"enemies":"Red Slaver","floor":11,"turns":2},{"damage":12,"enemies":"Blue Slaver","floor":12,"turns":4},{"damage":0,"enemies":"3 Louse","floor":14,"turns":1},{"damage":9,"enemies":"Exordium Wildlife","floor":15,"turns":3},{"damage":42,"enemies":"SI_SHIV_ARCHETYPE","floor":16,"turns":11},{"damage":9,"enemies":"3 Byrds","floor":19,"turns":3},{"damage":30,"enemies":"Cultist and Chosen","floor":20,"turns":7},{"damage":20,"enemies":"downfall:FleeingMerchant","floor":21,"turns":4},{"damage":46,"enemies":"Slavers","floor":25,"turns":4},{"damage":21,"enemies":"Snake Plant","floor":26,"turns":1}],"seed_played":"-4612711998416602116","potions_obtained":[{"floor":11,"key":"PowerPotion"},{"floor":12,"key":"BlessingOfTheForge"},{"floor":15,"key":"Guardian:BlockOnCardUsePotion"},{"floor":16,"key":"LiquidBronze"},{"floor":17,"key":"LiquidMemories"},{"floor":20,"key":"Guardian:AcceleratePotion"},{"floor":25,"key":"Explosive Potion"}],"is_trial":false,"path_per_floor":["R","M","M","M","?","?","T","R","$","$","M","M","R","M","M","B",null,"R","M","M","$","?","R","T","E","M"],"character_chosen":"GUARDIAN","items_purchased":["Guardian:TemporalStrike","War Paint"],"campfire_rested":2,"item_purchase_floors":[9,21],"current_hp_per_floor":[80,80,80,80,80,80,80,90,86,71,58,46,73,73,64,22,95,95,86,56,36,36,64,64,18,0,0,0],"gold":59,"neow_bonus":"THREE_ENEMY_KILL","is_daily":false,"chose_seed":false,"campfire_upgraded":2,"win_rate":0.0,"timestamp":1611868540,"path_taken":["R","M","M","M","?","?","T","R","?","$","M","M","R","?","M","BOSS","R","M","M","$","?","R","T","E","?"],"items_purchased_type":["Card","Relic"],"build_version":"2020-12-22","purchased_purges":1,"victory":false,"max_hp_per_floor":[80,80,80,80,80,80,80,90,90,90,90,90,90,90,90,90,95,95,95,95,95,95,95,95,95,95,95,95],"card_choices":[{"not_picked":["Guardian:RollAttack","Guardian:PiercingHide"],"picked":"Guardian:MultiBeam","floor":2},{"not_picked":["Guardian:ShieldSpikes","Guardian:ShieldCharger"],"picked":"Guardian:PolyBeam","floor":3},{"not_picked":["Guardian:RollAttack","Guardian:ShieldCharger"],"picked":"Guardian:Emergency","floor":4},{"not_picked":["Guardian:ChargeCore","Guardian:Reroute"],"picked":"Guardian:TemporalShield","floor":9},{"not_picked":["Guardian:TimeBomb","Guardian:Emergency"],"picked":"Guardian:SpikerProtocol","floor":10},{"not_picked":["Guardian:Planning","Guardian:Gem_Green"],"picked":"Guardian:Orbwalk","floor":11},{"not_picked":["Guardian:DecasProtection","Guardian:DonusPower"],"picked":"Guardian:Gem_Orange","floor":12},{"not_picked":["Guardian:Preprogram","Guardian:WalkerClaw"],"picked":"Guardian:EvasiveProtocol","floor":14},{"not_picked":["Guardian:FuturePlans","Guardian:Suspension"],"picked":"Guardian:DonusPower","floor":15},{"not_picked":["Guardian:ExploitGems","Guardian:StasisStrike"],"picked":"Guardian:RevengeProtocol","floor":16},{"not_picked":["Guardian:ShieldCharger","Guardian:Recover"],"picked":"Guardian:GuardianWhirl","floor":17},{"not_picked":["Guardian:MultiBeam","Guardian:Planning"],"picked":"Guardian:RefractedBeam","floor":19},{"not_picked":["Guardian:TemporalShield","Guardian:Gem_Lightblue"],"picked":"Guardian:DonusPower","floor":20},{"not_picked":["Guardian:Gem_Cyan","Guardian:Reroute"],"picked":"Guardian:BodySlam","floor":21},{"not_picked":["Guardian:FloatingOrbs","Guardian:PrimingBeam"],"picked":"Guardian:Repulse","floor":25}],"player_experience":1478366,"relics_obtained":[{"floor":25,"key":"Art of War"}],"event_choices":[{"damage_healed":0,"gold_gain":0,"player_choice":"Trade","damage_taken":0,"relics_obtained":["NlothsMask"],"max_hp_gain":0,"max_hp_loss":0,"event_name":"FaceTrader","floor":22,"gold_loss":0}],"is_beta":false,"boss_relics":[{"not_picked":["Astrolabe","Runic Dome"],"picked":"Tiny House"}],"items_purged_floors":[21],"is_endless":false,"potions_floor_spawned":[11,12,15,16,20,25],"killed_by":"Snake Plant","ascension_level":1}}