{"host":"fevvm7bbzuh4s1jc","time":1611792521,"event":{"mods":["BaseMod","Highlight Path","Minty Spire (QoL Compilation)","Relic Stats"],"gold_per_floor":[211,191,24,42,61,61,88,88,88,114,131,155,185,205,205,281,281,296,312,59,76,76,76,103,103,130,29,48,61,92,142,142,213,213,229,60,0,15,15,48,48,81,81,98,98,132,132,146,146,146,146,146,146,46,81,81,81],"floor_reached":56,"language":"ENG","playtime":4901,"items_purged":["Strike_R","Strike_R"],"score":2036,"play_id":"17d74b9a-b095-4311-ab8b-91fb3e2776b2","local_time":"20210127190841","is_ascension_mode":true,"campfire_choices":[{"data":"Combust","floor":6.0,"key":"SMITH"},{"data":"Spot Weakness","floor":8.0,"key":"SMITH"},{"data":"Bash","floor":15.0,"key":"SMITH"},{"data":"Metallicize","floor":23.0,"key":"SMITH"},{"data":"Disarm","floor":25.0,"key":"SMITH"},{"floor":32.0,"key":"REST"},{"floor":41.0,"key":"RECALL"},{"floor":45.0,"key":"REST"},{"data":"Limit Break","floor":49.0,"key":"SMITH"},{"data":"Battle Trance","floor":53.0,"key":"SMITH"}],"circlet_count":0,"master_deck":["AscendersBane","Strike_R","Strike_R","Strike_R","Defend_R","Defend_R","Defend_R","Defend_R","Bash+1","Thunderclap","Clothesline","Combust+1","Spot Weakness+1","Flame Barrier","Battle Trance+1","Heavy Blade","Feed","Armaments+1","Reaper","Metallicize+1","Disarm+1","PanicButton","Limit Break+1","Reaper","Rupture+1","Flex+1","Blind","Finesse"],"relics":["Burning Blood","Centennial Puzzle","Meat on the Bone","Letter Opener","Bag of Marbles","Odd Mushroom","StoneCalendar","Runic Pyramid","Boot","Bronze Scales","SlaversCollar","Potion Belt","Red Mask","Happy Flower","Charon\u0027s Ashes","Kunai","Bottled Lightning","Shuriken"],"acts_visited":["TheCity","TheBeyond","TheEnding"],"potions_floor_usage":[56,56],"damage_taken":[{"damage":14.0,"enemies":"Jaw Worm","floor":1.0,"turns":7.0},{"damage":1.0,"enemies":"Cultist","floor":4.0,"turns":3.0},{"damage":8.0,"enemies":"2 Louse","floor":5.0,"turns":3.0},{"damage":10.0,"enemies":"Gremlin Nob","floor":7.0,"turns":3.0},{"damage":25.0,"enemies":"Lagavulin","floor":10.0,"turns":7.0},{"damage":9.0,"enemies":"Blue Slaver","floor":11.0,"turns":3.0},{"damage":3.0,"enemies":"The Mushroom Lair","floor":12.0,"turns":3.0},{"damage":17.0,"enemies":"3 Sentries","floor":13.0,"turns":4.0},{"damage":27.0,"enemies":"Exordium Thugs","floor":14.0,"turns":6.0},{"damage":35.0,"enemies":"Hexaghost","floor":16.0,"turns":7.0},{"damage":17.0,"enemies":"2 Thieves","floor":18.0,"turns":4.0},{"damage":1.0,"enemies":"3 Byrds","floor":19.0,"turns":3.0},{"damage":31.0,"enemies":"Centurion and Healer","floor":21.0,"turns":10.0},{"damage":51.0,"enemies":"Gremlin Leader","floor":24.0,"turns":7.0},{"damage":18.0,"enemies":"Sentry and Sphere","floor":28.0,"turns":9.0},{"damage":11.0,"enemies":"Shelled Parasite and Fungi","floor":29.0,"turns":7.0},{"damage":64.0,"enemies":"Book of Stabbing","floor":30.0,"turns":5.0},{"damage":64.0,"enemies":"Collector","floor":33.0,"turns":10.0},{"damage":35.0,"enemies":"Orb Walker","floor":35.0,"turns":5.0},{"damage":12.0,"enemies":"3 Shapes","floor":38.0,"turns":7.0},{"damage":64.0,"enemies":"Reptomancer","floor":40.0,"turns":7.0},{"damage":114.0,"enemies":"Giant Head","floor":42.0,"turns":9.0},{"damage":50.0,"enemies":"Transient","floor":44.0,"turns":6.0},{"damage":26.0,"enemies":"Nemesis","floor":46.0,"turns":7.0},{"damage":74.0,"enemies":"Spire Growth","floor":48.0,"turns":6.0},{"damage":112.0,"enemies":"Donu and Deca","floor":50.0,"turns":9.0},{"damage":54.0,"enemies":"Awakened One","floor":51.0,"turns":10.0},{"damage":146.0,"enemies":"Shield and Spear","floor":55.0,"turns":9.0},{"damage":104,"enemies":"The Heart","floor":56,"turns":6}],"seed_played":"7225884460340668621","potions_obtained":[{"floor":2.0,"key":"Strength Potion"},{"floor":4.0,"key":"ElixirPotion"},{"floor":5.0,"key":"Regen Potion"},{"floor":12.0,"key":"LiquidBronze"},{"floor":13.0,"key":"PowerPotion"},{"floor":16.0,"key":"Weak Potion"},{"floor":18.0,"key":"SneckoOil"},{"floor":21.0,"key":"DistilledChaos"},{"floor":24.0,"key":"Explosive Potion"},{"floor":29.0,"key":"Swift Potion"},{"floor":30.0,"key":"SteroidPotion"},{"floor":46.0,"key":"Strength Potion"},{"floor":48.0,"key":"SteroidPotion"}],"is_trial":false,"path_per_floor":["M","?","$","M","M","R","E","R","T","E","M","?","E","M","R","B",null,"M","M","$","M","?","R","E","R","T","$","M","M","E","?","R","B",null,"M","$","?","M","?","E","R","E","T","M","R","E","?","M","R","B","B",null,"R","$","E","B"],"character_chosen":"IRONCLAD","items_purchased":["Centennial Puzzle","Reaper","PanicButton","Potion Belt"],"campfire_rested":2,"item_purchase_floors":[3,20,27,36],"current_hp_per_floor":[60,60,60,65,63,63,59,59,59,52,49,52,53,47,47,30,64,56,64,64,61,61,61,56,56,56,56,60,58,28,28,56,65,91,85,85,85,83,83,90,90,72,72,40,72,92,82,65,65,35,85,112,112,112,54,0,0],"gold":81,"neow_bonus":"HUNDRED_GOLD","is_daily":false,"chose_seed":false,"campfire_upgraded":7,"win_rate":0.0,"timestamp":1611792521,"path_taken":["M","?","?","M","M","R","E","R","T","E","M","?","E","M","R","BOSS","M","M","$","M","?","R","E","R","T","?","M","M","E","?","R","BOSS","M","$","?","M","?","E","R","E","T","M","R","E","?","M","R","BOSS","BOSS","R","$","E","BOSS"],"items_purchased_type":["Relic","Card","Card","Relic"],"build_version":"2020-12-22","purchased_purges":2,"victory":false,"max_hp_per_floor":[75,75,75,75,75,75,75,75,75,75,75,75,75,75,75,75,75,78,81,81,85,85,85,85,85,85,85,89,92,95,95,95,99,99,103,103,103,107,102,105,105,109,109,109,109,112,112,115,115,118,121,121,121,121,125,125,125],"relic_stats":{"Happy Flower":[20],"counters":[29,182],"StoneCalendar":[433],"Charon\u0027s Ashes":[135],"Letter Opener":[268],"Boot":[38],"Burning Blood":168,"Centennial Puzzle":[84],"Shuriken":[1],"Bronze Scales":[350],"Kunai":[6],"obtain_stats":[{"Potion Belt":36,"Happy Flower":40,"StoneCalendar":13,"Charon\u0027s Ashes":42,"Letter Opener":9,"Odd Mushroom":12,"Boot":24,"Burning Blood":0,"SlaversCollar":34,"Centennial Puzzle":3,"Shuriken":55,"Bronze Scales":30,"Bag of Marbles":10,"Red Mask":37,"Kunai":43,"Bottled Lightning":46,"Meat on the Bone":7,"Runic Pyramid":17},{"Potion Belt":19,"Happy Flower":21,"StoneCalendar":8,"Charon\u0027s Ashes":22,"Letter Opener":4,"Odd Mushroom":7,"Boot":14,"Burning Blood":0,"SlaversCollar":18,"Centennial Puzzle":1,"Shuriken":28,"Bronze Scales":17,"Bag of Marbles":5,"Red Mask":19,"Kunai":22,"Bottled Lightning":24,"Meat on the Bone":4,"Runic Pyramid":10},{"Potion Belt":106,"Happy Flower":120,"StoneCalendar":33,"Charon\u0027s Ashes":129,"Letter Opener":16,"Odd Mushroom":29,"Boot":70,"Burning Blood":0,"SlaversCollar":101,"Centennial Puzzle":7,"Shuriken":176,"Bronze Scales":91,"Bag of Marbles":23,"Red Mask":106,"Kunai":129,"Bottled Lightning":142,"Meat on the Bone":16,"Runic Pyramid":46}],"Meat on the Bone":120},"card_choices":[{"not_picked":["Feel No Pain","Armaments"],"picked":"Thunderclap","floor":1.0},{"not_picked":["Sever Soul","Clash"],"picked":"Clothesline","floor":4.0},{"not_picked":["Sword Boomerang","Clothesline"],"picked":"Combust","floor":5.0},{"not_picked":["Warcry","Twin Strike"],"picked":"Spot Weakness","floor":7.0},{"not_picked":["Wild Strike","Demon Form"],"picked":"Flame Barrier","floor":10.0},{"not_picked":["Power Through","Rage"],"picked":"Battle Trance","floor":11.0},{"not_picked":["Infernal Blade","Rage","Inflame"],"picked":"SKIP","floor":13.0},{"not_picked":["Twin Strike","Thunderclap"],"picked":"Heavy Blade","floor":14.0},{"not_picked":["Demon Form","Double Tap"],"picked":"Feed","floor":16.0},{"not_picked":["Cleave","Clash","Rage"],"picked":"SKIP","floor":18.0},{"not_picked":["Cleave","Clash","Rage"],"picked":"SKIP","floor":18.0},{"not_picked":["Cleave","Clash","Rage"],"picked":"SKIP","floor":18.0},{"not_picked":["Clothesline","Battle Trance"],"picked":"Armaments","floor":19.0},{"not_picked":["Bludgeon","Flex"],"picked":"Metallicize","floor":21.0},{"not_picked":["Evolve","Second Wind"],"picked":"Disarm","floor":24.0},{"not_picked":["Body Slam+1","Armaments","Wild Strike"],"picked":"SKIP","floor":28.0},{"not_picked":["Sever Soul","Thunderclap","Evolve"],"picked":"SKIP","floor":29.0},{"not_picked":["Cleave","Thunderclap"],"picked":"Limit Break","floor":30.0},{"not_picked":["Immolate","Exhume"],"picked":"Reaper","floor":33.0},{"not_picked":["Dropkick+1","Wild Strike+1","Anger"],"picked":"SKIP","floor":35.0},{"not_picked":["Sword Boomerang+1","Whirlwind","Perfected Strike"],"picked":"SKIP","floor":38.0},{"not_picked":["Sword Boomerang+1","Whirlwind","Perfected Strike"],"picked":"SKIP","floor":38.0},{"not_picked":["Heavy Blade","Immolate","Sword Boomerang+1"],"picked":"SKIP","floor":40.0},{"not_picked":["Rage","Cleave","Anger"],"picked":"SKIP","floor":42.0},{"not_picked":["Havoc+1","Headbutt"],"picked":"Rupture+1","floor":44.0},{"not_picked":["Blood for Blood","Reckless Charge"],"picked":"Flex+1","floor":46.0},{"not_picked":["Impatience","Magnetism"],"picked":"Blind","floor":47.0},{"not_picked":["Impatience","Swift Strike"],"picked":"Finesse","floor":47.0},{"not_picked":["Warcry","Pommel Strike","Anger"],"picked":"SKIP","floor":48.0},{"not_picked":["Clash","Pommel Strike","Uppercut"],"picked":"SKIP","floor":55.0}],"player_experience":2760113,"relics_obtained":[{"floor":7.0,"key":"Meat on the Bone"},{"floor":9.0,"key":"Letter Opener"},{"floor":10.0,"key":"Bag of Marbles"},{"floor":12.0,"key":"Odd Mushroom"},{"floor":13.0,"key":"StoneCalendar"},{"floor":24.0,"key":"Boot"},{"floor":30.0,"key":"Bronze Scales"},{"floor":40.0,"key":"Happy Flower"},{"floor":42.0,"key":"Charon\u0027s Ashes"},{"floor":43.0,"key":"Kunai"},{"floor":46.0,"key":"Bottled Lightning"},{"floor":55.0,"key":"Shuriken"}],"event_choices":[{"damage_healed":0.0,"max_hp_gain":0.0,"max_hp_loss":0.0,"gold_gain":0.0,"event_name":"The Woman in Blue","player_choice":"Bought 1 Potion","floor":2.0,"gold_loss":0.0,"damage_taken":0.0},{"damage_healed":0.0,"max_hp_gain":0.0,"max_hp_loss":0.0,"gold_gain":0.0,"event_name":"Mushrooms","player_choice":"Fought Mushrooms","floor":12.0,"gold_loss":0.0,"damage_taken":0.0},{"damage_healed":0.0,"max_hp_gain":0.0,"max_hp_loss":0.0,"gold_gain":0.0,"event_name":"Upgrade Shrine","player_choice":"Upgraded","floor":22.0,"gold_loss":0.0,"damage_taken":0.0,"cards_upgraded":["Armaments"]},{"damage_healed":0.0,"max_hp_gain":0.0,"max_hp_loss":0.0,"gold_gain":50.0,"event_name":"Nest","player_choice":"Stole From Cult","floor":31.0,"gold_loss":0.0,"damage_taken":0.0},{"damage_healed":0.0,"max_hp_gain":0.0,"max_hp_loss":0.0,"gold_gain":0.0,"event_name":"Tomb of Lord Red Mask","player_choice":"Paid","floor":37.0,"gold_loss":60.0,"damage_taken":0.0,"relics_obtained":["Red Mask"]},{"damage_healed":0.0,"max_hp_gain":0.0,"max_hp_loss":5.0,"gold_gain":0.0,"event_name":"Winding Halls","player_choice":"Max HP","floor":39.0,"gold_loss":0.0,"damage_taken":0.0},{"damage_healed":0.0,"max_hp_gain":0.0,"max_hp_loss":0.0,"gold_gain":0.0,"event_name":"SensoryStone","player_choice":"Memory 3","floor":47.0,"gold_loss":0.0,"damage_taken":10.0}],"is_beta":false,"boss_relics":[{"not_picked":["Fusion Hammer","Mark of Pain"],"picked":"Runic Pyramid"},{"not_picked":["Empty Cage","Pandora\u0027s Box"],"picked":"SlaversCollar"}],"items_purged_floors":[20,54],"is_endless":false,"potions_floor_spawned":[4,5,12,13,16,18,21,24,29,30,46,48],"killed_by":"The Heart","ascension_level":20}}