{"host":"rolltorest","time":1611875818,"event":{"mods":["BaseMod","Jorbs\u0027s Wanderer Trilogy","Koishi","Minty Spire (QoL Compilation)","Relic Stats","Robot Space Explorer","Slay the Relics Exporter","StSLib","The Servant 0.9.4"],"gold_per_floor":[113,113,130,55,75,75,102,102,125,125,158,171,171,17,17,93,93,107,78,93,103,103,130,130,160,160,2,2,2,2],"floor_reached":29,"language":"ENG","playtime":788,"items_purged":["Pain","stsjorbsmod:Strike_Wanderer"],"score":538,"play_id":"a1fcb0fc-67b6-4a03-9adc-d0765f28cde5","local_time":"20210128151658","is_ascension_mode":true,"campfire_choices":[{"data":"stsjorbsmod:FlameWard","floor":6,"key":"SMITH"},{"floor":8,"key":"REST"},{"data":"stsjorbsmod:TrueStrike","floor":13,"key":"SMITH"},{"data":"stsjorbsmod:BurningFlask","floor":15,"key":"SMITH"},{"floor":24,"key":"REST"}],"circlet_count":0,"master_deck":["AscendersBane","stsjorbsmod:ForbiddenGrimoire+1","stsjorbsmod:Strike_Wanderer","stsjorbsmod:Strike_Wanderer","stsjorbsmod:Defend_Wanderer","stsjorbsmod:Defend_Wanderer","stsjorbsmod:Defend_Wanderer","stsjorbsmod:Defend_Wanderer","stsjorbsmod:FreshAdventure","stsjorbsmod:EyeOfTheStorm","stsjorbsmod:Index+1","stsjorbsmod:ChainLightning","stsjorbsmod:FlameWard+1","stsjorbsmod:WeightOfMemory","stsjorbsmod:Withdraw","stsjorbsmod:TrueStrike+1","stsjorbsmod:BurningFlask+1","stsjorbsmod:Fireball","stsjorbsmod:Materialize+1","stsjorbsmod:Prestidigitation","stsjorbsmod:Inferno","stsjorbsmod:MagicMirror"],"relics":["SacredBark","WarpedTongs","Bag of Marbles","Strawberry","Omamori","stsjorbsmod:AlchemistsFireRelic","Fusion Hammer","Vajra","Bottled Tornado","Meat on the Bone","Lantern"],"acts_visited":["Exordium","TheCity"],"potions_floor_usage":[7,18,23,29],"damage_taken":[{"damage":7,"enemies":"Cultist","floor":1,"turns":5},{"damage":6,"enemies":"Small Slimes","floor":3,"turns":4},{"damage":0,"enemies":"2 Louse","floor":5,"turns":2},{"damage":24,"enemies":"Gremlin Nob","floor":7,"turns":4},{"damage":10,"enemies":"3 Sentries","floor":11,"turns":4},{"damage":8,"enemies":"Exordium Wildlife","floor":12,"turns":4},{"damage":12,"enemies":"Slime Boss","floor":16,"turns":8},{"damage":2,"enemies":"2 Thieves","floor":18,"turns":3},{"damage":4,"enemies":"Shell Parasite","floor":20,"turns":4},{"damage":2,"enemies":"Centurion and Healer","floor":21,"turns":4},{"damage":43,"enemies":"Slavers","floor":23,"turns":5},{"damage":14,"enemies":"Book of Stabbing","floor":25,"turns":4},{"damage":21,"enemies":"Shelled Parasite and Fungi","floor":29,"turns":3}],"seed_played":"1789742184077739150","potions_obtained":[{"floor":3,"key":"stsjorbsmod:BurningPotion"},{"floor":12,"key":"DistilledChaos"},{"floor":16,"key":"CultistPotion"},{"floor":18,"key":"SkillPotion"},{"floor":25,"key":"PowerPotion"}],"is_trial":false,"path_per_floor":["M","?","M","$","M","R","E","R","T","T","E","M","R","$","R","B",null,"M","$","M","M","?","E","R","E","T","$","$","M"],"character_chosen":"WANDERER","items_purchased":["stsjorbsmod:BurningFlask","stsjorbsmod:Prestidigitation","Lantern"],"campfire_rested":2,"item_purchase_floors":[14,19,27],"current_hp_per_floor":[51,51,45,45,45,45,21,40,47,47,37,29,29,29,29,17,58,56,56,52,50,50,7,28,14,14,14,14,0,0],"gold":2,"neow_bonus":"BOSS_RELIC","is_daily":false,"chose_seed":false,"campfire_upgraded":3,"win_rate":0.0,"timestamp":1611875818,"path_taken":["M","?","?","$","M","R","E","R","T","?","E","M","R","$","R","BOSS","M","$","M","M","?","E","R","E","T","?","$","?"],"items_purchased_type":["Card","Card","Relic"],"build_version":"2020-12-18","purchased_purges":2,"victory":false,"max_hp_per_floor":[64,64,64,64,64,64,64,64,71,71,71,71,71,71,71,71,71,71,71,71,71,71,71,71,71,71,71,71,71,71],"relic_stats":{"counters":[13,54],"obtain_stats":[{"Lantern":27,"SacredBark":0,"Strawberry":9,"Vajra":23,"stsjorbsmod:GrimoireRelic":0,"Fusion Hammer":17,"Bag of Marbles":7,"Omamori":10,"stsjorbsmod:AlchemistsFireRelic":11,"Bottled Tornado":25,"WarpedTongs":2,"Meat on the Bone":26},{"Lantern":12,"SacredBark":0,"Strawberry":4,"Vajra":11,"stsjorbsmod:GrimoireRelic":0,"Fusion Hammer":7,"Bag of Marbles":4,"Omamori":4,"stsjorbsmod:AlchemistsFireRelic":5,"Bottled Tornado":12,"WarpedTongs":1,"Meat on the Bone":12},{"Lantern":51,"SacredBark":0,"Strawberry":15,"Vajra":47,"stsjorbsmod:GrimoireRelic":0,"Fusion Hammer":31,"Bag of Marbles":15,"Omamori":15,"stsjorbsmod:AlchemistsFireRelic":19,"Bottled Tornado":51,"WarpedTongs":5,"Meat on the Bone":51}],"WarpedTongs":[48],"Meat on the Bone":0},"card_choices":[{"not_picked":["stsjorbsmod:Mending","stsjorbsmod:Counterspell"],"picked":"stsjorbsmod:Index","floor":1},{"not_picked":["stsjorbsmod:Materialize","stsjorbsmod:ArcaneWeapon"],"picked":"stsjorbsmod:ChainLightning","floor":3},{"not_picked":["stsjorbsmod:Will","stsjorbsmod:Prepare"],"picked":"stsjorbsmod:FlameWard","floor":5},{"not_picked":["stsjorbsmod:FindFamiliar","stsjorbsmod:Will"],"picked":"stsjorbsmod:WeightOfMemory","floor":7},{"not_picked":["stsjorbsmod:LocateObject","stsjorbsmod:ParryingBlow"],"picked":"stsjorbsmod:Withdraw","floor":11},{"not_picked":["stsjorbsmod:WanderingMind","stsjorbsmod:Hurt"],"picked":"stsjorbsmod:TrueStrike","floor":12},{"not_picked":["stsjorbsmod:Banish","stsjorbsmod:Fear"],"picked":"stsjorbsmod:Fireball","floor":16},{"not_picked":["stsjorbsmod:RayOfFrost","stsjorbsmod:Hurt"],"picked":"stsjorbsmod:Materialize+1","floor":18},{"not_picked":["stsjorbsmod:UnseenServant","stsjorbsmod:Inferno","stsjorbsmod:Firebolt"],"picked":"SKIP","floor":20},{"not_picked":["stsjorbsmod:UnseenServant","stsjorbsmod:Firebolt"],"picked":"stsjorbsmod:Inferno","floor":20},{"not_picked":["stsjorbsmod:Thorns+1","stsjorbsmod:DisguiseSelf","stsjorbsmod:Firebolt"],"picked":"SKIP","floor":21},{"not_picked":["stsjorbsmod:MistyStep+1","stsjorbsmod:Will","stsjorbsmod:Firebolt"],"picked":"SKIP","floor":23},{"not_picked":["stsjorbsmod:Message","stsjorbsmod:Thorns"],"picked":"stsjorbsmod:MagicMirror","floor":25}],"player_experience":2267238,"relics_obtained":[{"floor":7,"key":"Bag of Marbles"},{"floor":9,"key":"Strawberry"},{"floor":10,"key":"Omamori"},{"floor":11,"key":"stsjorbsmod:AlchemistsFireRelic"},{"floor":23,"key":"Vajra"},{"floor":25,"key":"Bottled Tornado"},{"floor":26,"key":"Meat on the Bone"}],"event_choices":[{"damage_healed":0,"gold_gain":0,"player_choice":"Rummage","damage_taken":0,"relics_obtained":["WarpedTongs"],"max_hp_gain":0,"max_hp_loss":0,"event_name":"Accursed Blacksmith","floor":2,"gold_loss":0,"cards_obtained":["Pain"]},{"cards_removed":["stsjorbsmod:Strike_Wanderer"],"damage_healed":0,"gold_gain":0,"player_choice":"Offered Basic","damage_taken":0,"max_hp_gain":0,"max_hp_loss":0,"event_name":"Bonfire Elementals","floor":22,"gold_loss":0}],"is_beta":true,"boss_relics":[{"not_picked":["Pandora\u0027s Box","Empty Cage"],"picked":"Fusion Hammer"}],"items_purged_floors":[4,14],"is_endless":false,"potions_floor_spawned":[3,12,16,18,25],"killed_by":"Shelled Parasite and Fungi","ascension_level":20}}