{"host":"h1qktzcccqnez8tx","time":1611798506,"event":{"mods":["AchievementEnabler","BaseMod","Bestiary","Better Note","Block Reminder","Colored Map","Colored Powertips","Curses Come First","Highlight Path","Minty Spire (QoL Compilation)","Permanent Neow","Quick Restart","Relic Stats","StSLib","UnlockEverythingMod"],"gold_per_floor":[110,110,21,40,54,54,54,54,54,89,89,104,35,68,68,173,173,189,203,131,131,131],"floor_reached":21,"language":"ENG","playtime":752,"items_purged":[],"score":234,"play_id":"4655dcf0-b1d8-41b7-800d-df05e4a95e09","local_time":"20210128024826","daily_mods":["Hoarder","Heirloom","Binary"],"is_ascension_mode":true,"campfire_choices":[{"floor":6,"key":"RECALL"},{"data":"1","floor":8,"key":"LIFT"},{"data":"2","floor":11,"key":"LIFT"},{"data":"3","floor":15,"key":"LIFT"}],"circlet_count":0,"master_deck":["Strike_R","Strike_R","Strike_R","Strike_R","Strike_R","Defend_R","Defend_R","Defend_R","Defend_R","Bash","Flex","Flex","Flex","Bandage Up","Bandage Up","Bandage Up","Perfected Strike","Perfected Strike","Perfected Strike","Decay","Decay","Decay","Battle Trance","Battle Trance","Battle Trance","Flame Barrier","Flame Barrier","Flame Barrier","Impervious","Impervious","Impervious"],"relics":["Burning Blood","Girya","GremlinMask","Kunai","Gremlin Horn","Mummified Hand","Mark of Pain"],"acts_visited":["Exordium","TheCity"],"potions_floor_usage":[10,16,18],"damage_taken":[{"damage":12,"enemies":"Small Slimes","floor":1,"turns":4},{"damage":6,"enemies":"Cultist","floor":4,"turns":4},{"damage":7,"enemies":"Jaw Worm","floor":5,"turns":2},{"damage":42,"enemies":"Gremlin Nob","floor":10,"turns":5},{"damage":14,"enemies":"Gremlin Gang","floor":12,"turns":4},{"damage":21,"enemies":"3 Sentries","floor":14,"turns":6},{"damage":48,"enemies":"The Guardian","floor":16,"turns":14},{"damage":25,"enemies":"Shell Parasite","floor":18,"turns":10},{"damage":25,"enemies":"2 Thieves","floor":19,"turns":5},{"damage":2,"enemies":"Chosen and Byrds","floor":21,"turns":3}],"seed_played":"5251484205506233299","potions_obtained":[{"floor":4,"key":"ElixirPotion"},{"floor":5,"key":"Explosive Potion"},{"floor":10,"key":"SteroidPotion"},{"floor":18,"key":"GamblersBrew"}],"is_trial":true,"path_per_floor":["M","?","$","M","M","R","?","R","T","E","R","M","$","E","R","B",null,"M","M","$","M"],"character_chosen":"IRONCLAD","items_purchased":["Bandage Up","Flame Barrier","Regen Potion"],"campfire_rested":0,"item_purchase_floors":[3,13,20],"current_hp_per_floor":[74,74,74,80,79,79,79,79,79,44,44,48,48,45,45,15,64,57,50,50,52,52],"gold":131,"neow_bonus":"","is_daily":false,"chose_seed":false,"campfire_upgraded":0,"win_rate":0.0,"timestamp":1611798506,"path_taken":["M","?","$","?","M","R","?","R","T","E","R","M","$","E","R","BOSS","M","M","$","M"],"items_purchased_type":["Card","Card","Potion"],"build_version":"2020-12-22","purchased_purges":0,"victory":false,"max_hp_per_floor":[80,80,80,80,80,80,80,80,80,80,80,80,80,80,80,80,80,80,80,80,80,80],"relic_stats":{"Gremlin Horn":[6,6],"counters":[10,57],"Mummified Hand":[0],"Kunai":[2],"obtain_stats":[{"Girya":0,"Gremlin Horn":10,"Mummified Hand":14,"GremlinMask":2,"Mark of Pain":17,"Kunai":9,"Burning Blood":0},{"Girya":0,"Gremlin Horn":4,"Mummified Hand":6,"GremlinMask":1,"Mark of Pain":7,"Kunai":3,"Burning Blood":0},{"Girya":0,"Gremlin Horn":15,"Mummified Hand":25,"GremlinMask":4,"Mark of Pain":39,"Kunai":10,"Burning Blood":0}],"Burning Blood":53},"card_choices":[{"not_picked":["Sever Soul"],"picked":"Flex","floor":1},{"not_picked":["Dropkick"],"picked":"Perfected Strike","floor":4},{"not_picked":["Twin Strike","Clothesline"],"picked":"SKIP","floor":5},{"not_picked":["Infernal Blade"],"picked":"Battle Trance","floor":10},{"not_picked":["Metallicize","Intimidate"],"picked":"SKIP","floor":12},{"not_picked":["Sentinel","Warcry"],"picked":"SKIP","floor":14},{"not_picked":["Feed"],"picked":"Impervious","floor":16},{"not_picked":["Body Slam","Ghostly Armor"],"picked":"SKIP","floor":18},{"not_picked":["Pommel Strike+1","Anger"],"picked":"SKIP","floor":19}],"player_experience":201993,"relics_obtained":[{"floor":9,"key":"Kunai"},{"floor":10,"key":"Gremlin Horn"},{"floor":14,"key":"Mummified Hand"}],"event_choices":[{"damage_healed":0,"gold_gain":0,"player_choice":"Trade","damage_taken":0,"relics_obtained":["GremlinMask"],"max_hp_gain":0,"max_hp_loss":0,"event_name":"FaceTrader","floor":2,"gold_loss":0},{"damage_healed":0,"gold_gain":0,"player_choice":"Cursed","damage_taken":0,"max_hp_gain":0,"max_hp_loss":0,"event_name":"Wheel of Change","floor":7,"gold_loss":0,"cards_obtained":["Decay"]}],"is_beta":false,"boss_relics":[{"not_picked":["Empty Cage","Pandora\u0027s Box"],"picked":"Mark of Pain"}],"items_purged_floors":[],"is_endless":false,"potions_floor_spawned":[4,5,10,18],"killed_by":"Chosen and Byrds","ascension_level":5}}