{"host":"l5zfpd2l2htson6l","time":1611837642,"event":{"mods":["AchievementEnabler","BaseMod","Colored Map","Colored Powertips","Minty Spire (QoL Compilation)","Permanent Neow","Quick Restart","Rare Cards Sparkle","Relic Stats","SuperFastMode"],"gold_per_floor":[209,209,223,22,33,64,76,76,146,146,163,163,190,190,190,295,295,313,18,31,31,45,74,74,107,107,107,123,139,49,67,67,166,166,177,52,97,114,0,29,29,79,79,108,118,118,118,146,146,146,146,146,23,54,54],"floor_reached":56,"language":"ENG","playtime":7376,"items_purged":["Strike_R","Strike_R","Strike_R"],"score":1825,"play_id":"79043557-44e1-4fc4-a127-40bfd301ecfa","local_time":"20210128044042","is_ascension_mode":true,"campfire_choices":[{"data":"Pommel Strike","floor":8.0,"key":"SMITH"},{"data":"Bloodletting","floor":10.0,"key":"SMITH"},{"data":"Carnage","floor":15.0,"key":"SMITH"},{"data":"Fiend Fire","floor":24.0,"key":"SMITH"},{"data":"Blood for Blood","floor":27.0,"key":"SMITH"},{"data":"Shrug It Off","floor":32.0,"key":"SMITH"},{"data":"Rage","floor":41.0,"key":"SMITH"},{"data":"Rupture","floor":47.0,"key":"SMITH"},{"floor":49.0,"key":"RECALL"},{"data":"Clothesline","floor":52.0,"key":"SMITH"}],"circlet_count":0,"master_deck":["AscendersBane","Defend_R","Defend_R","Defend_R","Defend_R","Bash","Clothesline+1","Carnage+1","Pommel Strike+1","Iron Wave","Bloodletting+1","Rage+1","Blood for Blood+1","Fiend Fire+1","Cleave+1","Shockwave+1","Infernal Blade","Shrug It Off+1","Demon Form","Whirlwind","Bloodletting+1","Heavy Blade+1","Metallicize+1","Rupture+1","Ghostly Armor","Combust","Shrug It Off","Flame Barrier+1"],"relics":["Burning Blood","FossilizedHelix","Lantern","Self Forming Clay","Darkstone Periapt","Runic Pyramid","Sling","Centennial Puzzle","Art of War","Question Card","Velvet Choker","Bird Faced Urn","Red Mask","Lizard Tail","Shovel","StrikeDummy","Pear","Blood Vial"],"acts_visited":["Exordium","TheCity","TheBeyond","TheEnding"],"potions_floor_usage":[55,55,55],"damage_taken":[{"damage":15.0,"enemies":"Small Slimes","floor":1.0,"turns":5.0},{"damage":6.0,"enemies":"Jaw Worm","floor":3.0,"turns":4.0},{"damage":0.0,"enemies":"2 Louse","floor":5.0,"turns":3.0},{"damage":20.0,"enemies":"Lagavulin","floor":6.0,"turns":7.0},{"damage":3.0,"enemies":"Blue Slaver","floor":7.0,"turns":5.0},{"damage":14.0,"enemies":"Lots of Slimes","floor":11.0,"turns":7.0},{"damage":17.0,"enemies":"3 Sentries","floor":13.0,"turns":9.0},{"damage":10.0,"enemies":"Slime Boss","floor":16.0,"turns":9.0},{"damage":0.0,"enemies":"Spheric Guardian","floor":18.0,"turns":3.0},{"damage":0.0,"enemies":"Shell Parasite","floor":20.0,"turns":2.0},{"damage":14.0,"enemies":"Shelled Parasite and Fungi","floor":22.0,"turns":4.0},{"damage":15.0,"enemies":"Slavers","floor":23.0,"turns":4.0},{"damage":4.0,"enemies":"Gremlin Leader","floor":25.0,"turns":3.0},{"damage":0.0,"enemies":"Sentry and Sphere","floor":28.0,"turns":4.0},{"damage":0.0,"enemies":"Snecko","floor":29.0,"turns":3.0},{"damage":3.0,"enemies":"Shelled Parasite and Fungi","floor":31.0,"turns":3.0},{"damage":21.0,"enemies":"Collector","floor":33.0,"turns":10.0},{"damage":4.0,"enemies":"3 Darklings","floor":35.0,"turns":4.0},{"damage":16.0,"enemies":"2 Orb Walkers","floor":37.0,"turns":4.0},{"damage":3.0,"enemies":"3 Shapes","floor":38.0,"turns":6.0},{"damage":3.0,"enemies":"Giant Head","floor":40.0,"turns":6.0},{"damage":3.0,"enemies":"Mind Bloom Boss Battle","floor":42.0,"turns":4.0},{"damage":3.0,"enemies":"Reptomancer","floor":44.0,"turns":3.0},{"damage":31.0,"enemies":"Spire Growth","floor":45.0,"turns":4.0},{"damage":10.0,"enemies":"Giant Head","floor":48.0,"turns":7.0},{"damage":48.0,"enemies":"Donu and Deca","floor":50.0,"turns":9.0},{"damage":54.0,"enemies":"Shield and Spear","floor":54.0,"turns":7.0},{"damage":55,"enemies":"The Heart","floor":55,"turns":8}],"seed_played":"-2394384368220828459","potions_obtained":[{"floor":1.0,"key":"ElixirPotion"},{"floor":6.0,"key":"Fruit Juice"},{"floor":11.0,"key":"ColorlessPotion"},{"floor":13.0,"key":"Fruit Juice"},{"floor":23.0,"key":"DuplicationPotion"},{"floor":28.0,"key":"BlessingOfTheForge"},{"floor":33.0,"key":"Swift Potion"},{"floor":37.0,"key":"GamblersBrew"},{"floor":38.0,"key":"ColorlessPotion"},{"floor":40.0,"key":"LiquidMemories"},{"floor":54.0,"key":"ColorlessPotion"}],"is_trial":false,"path_per_floor":["M","?","M","$","M","E","M","R","T","R","M","?","E","?","R","B",null,"M","$","M","?","M","E","R","E","T","R","M","M","?","M","R","B",null,"M","$","?","M","?","E","R","?","T","E","M","?","R","E","R","B",null,"R","$","E","B",null],"character_chosen":"IRONCLAD","items_purchased":["Pommel Strike","BloodPotion","PowerPotion","Sling","Cleave","Shrug It Off","HeartOfIron"],"campfire_rested":0,"item_purchase_floors":[4,4,4,19,19,53,53],"current_hp_per_floor":[63,45,45,45,51,37,40,40,40,40,37,30,36,41,41,42,82,88,88,94,82,74,65,65,67,67,67,73,79,79,82,82,67,88,90,90,80,85,85,90,90,95,95,95,70,70,70,82,82,48,87,87,87,47,56],"gold":54,"neow_bonus":"HUNDRED_GOLD","is_daily":false,"chose_seed":false,"campfire_upgraded":9,"win_rate":0.0,"timestamp":1611837642,"path_taken":["M","?","M","$","M","E","M","R","T","R","M","?","E","?","R","BOSS","M","$","M","?","?","E","R","E","T","R","M","?","?","M","R","BOSS","BOSS","M","$","?","M","?","E","R","?","T","E","M","?","R","E","R","BOSS","R","$","E","BOSS"],"items_purchased_type":["Card","Potion","Potion","Relic","Card","Card","Potion"],"build_version":"2020-12-22","purchased_purges":3,"victory":true,"max_hp_per_floor":[80,80,80,80,80,80,80,80,80,80,85,85,85,90,90,95,95,95,95,95,95,95,95,95,95,95,95,95,95,95,95,95,95,95,95,95,95,95,95,95,95,95,95,95,95,90,90,100,100,100,100,100,100,100,100],"relic_stats":{"Darkstone Periapt":0,"Blood Vial":2,"Centennial Puzzle":[41],"Lizard Tail":50,"Shovel":0,"counters":[28,147],"Self Forming Clay":[195],"Bird Faced Urn":[34],"Art of War":[13],"Question Card":15,"obtain_stats":[{"Darkstone Periapt":13,"Lantern":6,"Pear":48,"Self Forming Clay":9,"Velvet Choker":34,"Sling":19,"Question Card":26,"Burning Blood":0,"Blood Vial":54,"Centennial Puzzle":23,"Lizard Tail":40,"Shovel":42,"Bird Faced Urn":37,"Art of War":25,"Red Mask":39,"StrikeDummy":44,"FossilizedHelix":2,"Runic Pyramid":17},{"Darkstone Periapt":7,"Lantern":4,"Pear":25,"Self Forming Clay":5,"Velvet Choker":17,"Sling":9,"Question Card":13,"Burning Blood":0,"Blood Vial":27,"Centennial Puzzle":12,"Lizard Tail":21,"Shovel":22,"Bird Faced Urn":19,"Art of War":13,"Red Mask":20,"StrikeDummy":23,"FossilizedHelix":1,"Runic Pyramid":8},{"Darkstone Periapt":40,"Lantern":19,"Pear":123,"Self Forming Clay":24,"Velvet Choker":85,"Sling":52,"Question Card":65,"Burning Blood":0,"Blood Vial":139,"Centennial Puzzle":62,"Lizard Tail":105,"Shovel":109,"Bird Faced Urn":93,"Art of War":65,"Red Mask":99,"StrikeDummy":112,"FossilizedHelix":5,"Runic Pyramid":49}],"Burning Blood":165},"card_choices":[{"not_picked":["Inflame","Pummel"],"picked":"Clothesline","floor":1.0},{"not_picked":["Clash","Pommel Strike"],"picked":"Carnage","floor":3.0},{"not_picked":["True Grit","Cleave"],"picked":"Iron Wave","floor":5.0},{"not_picked":["Rampage","Feel No Pain"],"picked":"Bloodletting","floor":6.0},{"not_picked":["Dark Embrace","Flex"],"picked":"Rage","floor":7.0},{"not_picked":["Armaments","Combust"],"picked":"Blood for Blood","floor":11.0},{"not_picked":["Power Through","Clothesline","Sentinel"],"picked":"SKIP","floor":13.0},{"not_picked":["Demon Form","Reaper"],"picked":"Fiend Fire","floor":16.0},{"not_picked":["Pommel Strike","Wild Strike","Perfected Strike"],"picked":"SKIP","floor":18.0},{"not_picked":["Second Wind","Iron Wave+1"],"picked":"Shockwave+1","floor":20.0},{"not_picked":["Rage","Flex","Dropkick"],"picked":"SKIP","floor":22.0},{"not_picked":["Armaments","Corruption","Perfected Strike+1"],"picked":"SKIP","floor":23.0},{"not_picked":["Warcry","Pommel Strike","Clash"],"picked":"SKIP","floor":25.0},{"not_picked":["Heavy Blade+1","Iron Wave+1","Clash","Anger+1"],"picked":"SKIP","floor":28.0},{"not_picked":["Heavy Blade+1","Iron Wave+1","Clash","Anger+1"],"picked":"SKIP","floor":28.0},{"not_picked":["Evolve","Intimidate","Anger"],"picked":"Infernal Blade","floor":29.0},{"not_picked":["True Grit","Hemokinesis","Carnage"],"picked":"Shrug It Off","floor":31.0},{"not_picked":["Juggernaut","Barricade","Immolate"],"picked":"Demon Form","floor":33.0},{"not_picked":["Body Slam","Havoc+1","Sword Boomerang+1"],"picked":"Whirlwind","floor":35.0},{"not_picked":["Metallicize+1","Havoc","Dark Embrace"],"picked":"Bloodletting+1","floor":37.0},{"not_picked":["Shockwave","Wild Strike+1","Entrench+1"],"picked":"Heavy Blade+1","floor":38.0},{"not_picked":["Barricade","Blood for Blood+1","Flex"],"picked":"Metallicize+1","floor":40.0},{"not_picked":["Spot Weakness+1","Headbutt","Evolve"],"picked":"Rupture","floor":42.0},{"not_picked":["Body Slam","Sever Soul+1","True Grit+1"],"picked":"Ghostly Armor","floor":44.0},{"not_picked":["Sever Soul","Headbutt+1","Iron Wave","Whirlwind"],"picked":"SKIP","floor":45.0},{"not_picked":["Thunderclap","Sword Boomerang+1","Cleave+1"],"picked":"Combust","floor":48.0},{"not_picked":["Heavy Blade","Shrug It Off+1","Anger"],"picked":"Flame Barrier+1","floor":54.0}],"player_experience":735201,"relics_obtained":[{"floor":6.0,"key":"Lantern"},{"floor":9.0,"key":"Self Forming Clay"},{"floor":13.0,"key":"Darkstone Periapt"},{"floor":23.0,"key":"Centennial Puzzle"},{"floor":25.0,"key":"Art of War"},{"floor":26.0,"key":"Question Card"},{"floor":37.0,"key":"Bird Faced Urn"},{"floor":40.0,"key":"Lizard Tail"},{"floor":42.0,"key":"Shovel"},{"floor":44.0,"key":"StrikeDummy"},{"floor":48.0,"key":"Pear"},{"floor":54.0,"key":"Blood Vial"}],"event_choices":[{"damage_healed":0.0,"max_hp_gain":0.0,"max_hp_loss":0.0,"gold_gain":0.0,"event_name":"Scrap Ooze","player_choice":"Success","floor":2.0,"gold_loss":0.0,"damage_taken":18.0,"relics_obtained":["FossilizedHelix"]},{"cards_removed":["Strike_R"],"damage_healed":0.0,"max_hp_gain":0.0,"max_hp_loss":0.0,"gold_gain":0.0,"event_name":"Golden Wing","player_choice":"Card Removal","floor":12.0,"gold_loss":0.0,"damage_taken":7.0},{"damage_healed":0.0,"max_hp_gain":5.0,"max_hp_loss":0.0,"gold_gain":0.0,"event_name":"Big Fish","player_choice":"Donut","floor":14.0,"gold_loss":0.0,"damage_taken":0.0},{"damage_healed":0.0,"max_hp_gain":0.0,"max_hp_loss":0.0,"gold_gain":0.0,"event_name":"Knowing Skull","player_choice":"POTION ","floor":21.0,"potions_obtained":["BlessingOfTheForge"],"gold_loss":0.0,"damage_taken":12.0,"cards_obtained":[]},{"cards_removed":["Strike_R"],"damage_healed":0.0,"max_hp_gain":0.0,"max_hp_loss":0.0,"gold_gain":0.0,"event_name":"Designer","player_choice":"Upgrade and Remove","floor":30.0,"gold_loss":90.0,"damage_taken":0.0,"cards_upgraded":["Cleave"]},{"damage_healed":0.0,"max_hp_gain":0.0,"max_hp_loss":0.0,"gold_gain":0.0,"event_name":"Mysterious Sphere","player_choice":"Fight","floor":37.0,"gold_loss":0.0,"damage_taken":0.0},{"damage_healed":0.0,"max_hp_gain":0.0,"max_hp_loss":0.0,"gold_gain":0.0,"event_name":"Tomb of Lord Red Mask","player_choice":"Paid","floor":39.0,"gold_loss":114.0,"damage_taken":0.0,"relics_obtained":["Red Mask"]},{"damage_healed":0.0,"max_hp_gain":0.0,"max_hp_loss":0.0,"gold_gain":0.0,"event_name":"MindBloom","player_choice":"Fight","floor":42.0,"gold_loss":0.0,"damage_taken":0.0},{"damage_healed":0.0,"max_hp_gain":0.0,"max_hp_loss":5.0,"gold_gain":0.0,"event_name":"Winding Halls","player_choice":"Max HP","floor":46.0,"gold_loss":0.0,"damage_taken":0.0}],"is_beta":false,"boss_relics":[{"not_picked":["Sozu","Philosopher\u0027s Stone"],"picked":"Runic Pyramid"},{"not_picked":["Cursed Key","Mark of Pain"],"picked":"Velvet Choker"}],"items_purged_floors":[4,19,36],"is_endless":false,"potions_floor_spawned":[1,6,11,13,23,28,33,37,38,40,54],"ascension_level":10}}