{"host":"h5golg54dem4i27y","time":1611826577,"event":{"mods":["BaseMod","Colored Map","Colored Powertips","Minty Spire (QoL Compilation)","Replay The Spire","StSLib","SuperFastMode","The Hierophant"],"gold_per_floor":[119,132,57,57,68,68,68,68,68,68,68,68,79,105,105,105,105],"floor_reached":16,"language":"KOR","playtime":315,"items_purged":["Strike_R"],"score":196,"play_id":"6f2775ba-1142-4507-ad82-d6b936f5ee81","local_time":"20210128183617","is_ascension_mode":true,"campfire_choices":[{"data":"Hemokinesis","floor":6.0,"key":"SMITH"},{"data":"Twin Strike","floor":10.0,"key":"SMITH"}],"circlet_count":0,"master_deck":["AscendersBane","Strike_R","Strike_R","Strike_R+1","Defend_R","Defend_R","Defend_R","Defend_R","Bash","Twin Strike+1","Hemokinesis+1","Self Repair+1","Warcry+1"],"relics":["NeowsBlessing","Iron Core","Golden Egg","Incense Burner","Letter Opener","ReplayTheSpireMod:Spearhead"],"acts_visited":["Exordium"],"potions_floor_usage":[16],"damage_taken":[{"damage":0.0,"enemies":"Jaw Worm","floor":1.0,"turns":1.0},{"damage":0.0,"enemies":"2 Louse","floor":2.0,"turns":1.0},{"damage":0.0,"enemies":"Small Slimes","floor":5.0,"turns":1.0},{"damage":9.0,"enemies":"Looter","floor":13.0,"turns":3.0},{"damage":9.0,"enemies":"Gremlin Nob","floor":14.0,"turns":3.0},{"damage":52,"enemies":"Hexaghost","floor":16,"turns":9}],"seed_played":"2099233234861697465","potions_obtained":[{"floor":2.0,"key":"FearPotion"},{"floor":5.0,"key":"EssenceOfSteel"}],"is_trial":false,"path_per_floor":["M","M","$","?","M","R","?","?","T","R","T","$","M","E","R_BF","B"],"character_chosen":"IRONCLAD","items_purchased":[],"campfire_rested":0,"item_purchase_floors":[],"current_hp_per_floor":[74,75,75,75,75,75,75,70,70,70,70,70,71,72,49,0,0],"gold":105,"neow_bonus":"THREE_ENEMY_KILL","is_daily":false,"chose_seed":false,"campfire_upgraded":2,"win_rate":0.0,"timestamp":1611826577,"path_taken":["M","M","$","?","M","R","?","?","T","R","?","$","?","E","R_BF","BOSS"],"items_purchased_type":[],"build_version":"2020-12-22","purchased_purges":1,"victory":false,"max_hp_per_floor":[75,75,75,75,75,75,75,75,75,75,75,75,75,75,75,75,75],"card_choices":[{"not_picked":["ReplayTheSpireMod:Strike From Hell","ReplayTheSpireMod:Corrosion Curse"],"picked":"Twin Strike","floor":1.0},{"not_picked":["Pommel Strike","Flex"],"picked":"Hemokinesis","floor":2.0},{"not_picked":["Gash","Cleave","Clothesline"],"picked":"SKIP","floor":5.0},{"not_picked":["Anger","Rage"],"picked":"Warcry","floor":13.0},{"not_picked":["Eclipse","Iron Wave","Juggernaut"],"picked":"SKIP","floor":14.0}],"player_experience":647793,"relics_obtained":[{"floor":9.0,"key":"Incense Burner"},{"floor":11.0,"key":"Letter Opener"},{"floor":14.0,"key":"ReplayTheSpireMod:Spearhead"}],"event_choices":[{"cards_removed":["Strike_R"],"damage_healed":0.0,"max_hp_gain":0.0,"max_hp_loss":0.0,"gold_gain":0.0,"event_name":"Living Wall","player_choice":"Forget","floor":7.0,"gold_loss":0.0,"damage_taken":0.0},{"damage_healed":0.0,"max_hp_gain":0.0,"max_hp_loss":0.0,"gold_gain":0.0,"event_name":"Scrap Ooze","player_choice":"Success","floor":8.0,"gold_loss":0.0,"damage_taken":5.0,"relics_obtained":["Golden Egg"]},{"damage_healed":0.0,"max_hp_gain":0.0,"max_hp_loss":0.0,"gold_gain":0.0,"event_name":"Shining Light","player_choice":"Entered Light","floor":15.0,"gold_loss":0.0,"damage_taken":23.0,"cards_upgraded":["Warcry","Strike_R"]}],"is_beta":false,"boss_relics":[],"items_purged_floors":[3],"is_endless":false,"potions_floor_spawned":[2,5,13],"killed_by":"Hexaghost","ascension_level":20}}