{"host":"2smcgt1ki1qcud40","time":1611850336,"event":{"mods":["BaseMod","Minty Spire (QoL Compilation)"],"gold_per_floor":[114,134,145,91,110,138,138,170,170,170,54,79,79,29,29,101,101,112,112,132,132,132,132,165,180,180,214,227,256,256,94,94,171,171,185,203,217,62,81,114,114,114,141,195,226,226,251,268,268,268,268,268,21,51,51],"floor_reached":56,"language":"ENG","playtime":3868,"items_purged":["Defend_P"],"score":2076,"play_id":"422900ab-f99e-4dfd-a44a-7ed9a69680b4","local_time":"20210128171216","is_ascension_mode":true,"campfire_choices":[{"data":"Eruption","floor":7.0,"key":"SMITH"},{"floor":10.0,"key":"REST"},{"data":"Ragnarok","floor":13.0,"key":"SMITH"},{"data":"LikeWater","floor":15.0,"key":"SMITH"},{"data":"Devotion","floor":23.0,"key":"SMITH"},{"data":"TalkToTheHand","floor":30.0,"key":"SMITH"},{"data":"Adaptation","floor":32.0,"key":"SMITH"},{"data":"ForeignInfluence","floor":42.0,"key":"SMITH"},{"floor":46.0,"key":"REST"},{"floor":49.0,"key":"RECALL"},{"data":"Defend_P","floor":52.0,"key":"PURGE"}],"circlet_count":0,"master_deck":["AscendersBane","Strike_P+1","Strike_P+1","Eruption+1","Vigilance+1","EmptyBody+1","TalkToTheHand+1","CrushJoints+1","FollowUp","LikeWater+1","Ragnarok+1","ClearTheMind+1","Meditate","Devotion+1","Prostrate+1","Crescendo+1","LessonLearned+1","JustLucky+1","ForeignInfluence+1","CutThroughFate+1","Adaptation+1","Protect+1","DevaForm+1","TalkToTheHand+1","TalkToTheHand+1","Evaluate","CutThroughFate+1","EmptyMind+1","Indignation+1","BattleHymn","Weave","EmptyMind"],"relics":["PureWater","TungstenRod","Akabeko","White Beast Statue","Eternal Feather","Pear","Black Star","GoldenEye","TeardropLocket","PreservedInsect","WingedGreaves","Centennial Puzzle","Strawberry","Peace Pipe","Torii","Empty Cage","DollysMirror","Bag of Preparation","Gambling Chip","Calipers","Damaru","Bag of Marbles","Singing Bowl","Potion Belt","Boot","Art of War"],"acts_visited":["Exordium","TheCity","TheBeyond","TheEnding"],"potions_floor_usage":[55],"damage_taken":[{"damage":0.0,"enemies":"2 Louse","floor":1.0,"turns":2.0},{"damage":0.0,"enemies":"Small Slimes","floor":2.0,"turns":3.0},{"damage":1.0,"enemies":"Cultist","floor":3.0,"turns":4.0},{"damage":8.0,"enemies":"Exordium Wildlife","floor":5.0,"turns":4.0},{"damage":27.0,"enemies":"Gremlin Nob","floor":6.0,"turns":5.0},{"damage":16.0,"enemies":"Lagavulin","floor":8.0,"turns":6.0},{"damage":16.0,"enemies":"3 Sentries","floor":12.0,"turns":8.0},{"damage":8.0,"enemies":"The Guardian","floor":16.0,"turns":7.0},{"damage":8.0,"enemies":"2 Thieves","floor":18.0,"turns":3.0},{"damage":5.0,"enemies":"Spheric Guardian","floor":20.0,"turns":3.0},{"damage":32.0,"enemies":"Slavers","floor":24.0,"turns":4.0},{"damage":0.0,"enemies":"Cultist and Chosen","floor":25.0,"turns":1.0},{"damage":0.0,"enemies":"Gremlin Leader","floor":27.0,"turns":1.0},{"damage":0.0,"enemies":"3 Cultists","floor":28.0,"turns":4.0},{"damage":20.0,"enemies":"Book of Stabbing","floor":29.0,"turns":4.0},{"damage":12.0,"enemies":"Collector","floor":33.0,"turns":6.0},{"damage":7.0,"enemies":"3 Shapes","floor":35.0,"turns":11.0},{"damage":0.0,"enemies":"Orb Walker","floor":36.0,"turns":1.0},{"damage":26.0,"enemies":"Transient","floor":37.0,"turns":5.0},{"damage":12.0,"enemies":"3 Darklings","floor":39.0,"turns":7.0},{"damage":0.0,"enemies":"Giant Head","floor":40.0,"turns":8.0},{"damage":17.0,"enemies":"2 Orb Walkers","floor":44.0,"turns":3.0},{"damage":8.0,"enemies":"Nemesis","floor":45.0,"turns":7.0},{"damage":0.0,"enemies":"Reptomancer","floor":47.0,"turns":2.0},{"damage":5.0,"enemies":"Sphere and 2 Shapes","floor":48.0,"turns":5.0},{"damage":71.0,"enemies":"Donu and Deca","floor":50.0,"turns":8.0},{"damage":10.0,"enemies":"Shield and Spear","floor":54.0,"turns":2.0},{"damage":8,"enemies":"The Heart","floor":55,"turns":10}],"seed_played":"-5137600558002650026","potions_obtained":[{"floor":1.0,"key":"EntropicBrew"},{"floor":8.0,"key":"PowerPotion"},{"floor":20.0,"key":"DuplicationPotion"},{"floor":24.0,"key":"SkillPotion"},{"floor":25.0,"key":"Strength Potion"},{"floor":27.0,"key":"AttackPotion"},{"floor":28.0,"key":"DistilledChaos"},{"floor":29.0,"key":"SteroidPotion"},{"floor":33.0,"key":"AttackPotion"},{"floor":35.0,"key":"SteroidPotion"},{"floor":37.0,"key":"AttackPotion"},{"floor":39.0,"key":"Dexterity Potion"},{"floor":40.0,"key":"Ancient Potion"},{"floor":45.0,"key":"DuplicationPotion"},{"floor":47.0,"key":"Ancient Potion"},{"floor":48.0,"key":"PowerPotion"},{"floor":54.0,"key":"EntropicBrew"}],"is_trial":false,"path_per_floor":["M","M","M","$","M","E","R","E","T","R","$","E","R","?","R","B",null,"M","?","M","?","?","R","E","M","T","E","M","E","R","$","R","B",null,"M","M","M","$","M","E","?","R","T","?","E","R","E","M","R","B",null,"R","$","E","B",null],"character_chosen":"WATCHER","items_purchased":["CrushJoints","Ragnarok","ClearTheMind","Adaptation","Protect","DollysMirror","BattleHymn","Weave","Energy Potion","EmptyMind"],"campfire_rested":2,"item_purchase_floors":[4,11,11,31,31,38,53,53,53,53],"current_hp_per_floor":[65,65,64,64,56,29,29,13,13,41,41,35,47,47,56,48,68,60,60,55,55,55,67,35,35,35,42,42,22,37,37,52,40,72,65,65,39,39,27,27,27,42,42,25,17,59,61,58,76,5,66,84,84,76,68],"gold":51,"neow_bonus":"ONE_RARE_RELIC","is_daily":false,"chose_seed":false,"campfire_upgraded":7,"win_rate":0.0,"timestamp":1611850336,"path_taken":["M","M","M","$","M","E","R","E","T","R","$","E","R","?","R","BOSS","M","?","?","?","?","R","E","M","T","E","M","E","R","$","R","BOSS","M","M","M","$","?","E","?","R","T","?","E","R","E","M","R","BOSS","R","$","E","BOSS"],"items_purchased_type":["Card","Card","Card","Card","Card","Relic","Card","Card","Potion","Card"],"build_version":"2020-12-22","purchased_purges":1,"victory":true,"max_hp_per_floor":[65,65,65,65,65,65,65,65,65,65,65,75,75,75,75,75,75,75,75,75,75,75,75,75,75,75,82,82,82,82,82,82,82,82,82,82,82,82,82,82,82,82,82,82,82,82,84,86,86,86,86,86,86,88,88],"card_choices":[{"not_picked":["ForeignInfluence","Wireheading"],"picked":"SashWhip","floor":1.0},{"not_picked":["JustLucky","Crescendo"],"picked":"EmptyBody","floor":2.0},{"not_picked":["Pray","EmptyMind"],"picked":"TalkToTheHand","floor":3.0},{"not_picked":["Perseverance","EmptyMind","InnerPeace"],"picked":"SKIP","floor":5.0},{"not_picked":["Protect","Sanctity"],"picked":"FollowUp","floor":6.0},{"not_picked":["DeceiveReality","Sanctity"],"picked":"LikeWater","floor":8.0},{"not_picked":["Consecrate","Pray"],"picked":"Meditate","floor":12.0},{"not_picked":["Judgement","Brilliance"],"picked":"Devotion","floor":16.0},{"not_picked":["FlyingSleeves","Evaluate"],"picked":"Prostrate","floor":18.0},{"not_picked":["SashWhip","ClearTheMind+1"],"picked":"Crescendo+1","floor":20.0},{"not_picked":["Crescendo","CarveReality"],"picked":"LessonLearned","floor":24.0},{"not_picked":["WreathOfFlame+1","Conclude"],"picked":"JustLucky","floor":25.0},{"not_picked":["Consecrate","SashWhip"],"picked":"ForeignInfluence","floor":27.0},{"not_picked":["MasterReality","EmptyBody"],"picked":"Wireheading","floor":28.0},{"not_picked":["SashWhip","ForeignInfluence"],"picked":"CutThroughFate","floor":29.0},{"not_picked":["Blasphemy","LessonLearned"],"picked":"DevaForm","floor":33.0},{"not_picked":["PathToVictory+1","CrushJoints"],"picked":"TalkToTheHand+1","floor":35.0},{"not_picked":["EmptyFist","Protect","BowlingBash"],"picked":"SKIP","floor":36.0},{"not_picked":["Wireheading","Prostrate","BowlingBash"],"picked":"SKIP","floor":37.0},{"not_picked":["CarveReality","MasterReality"],"picked":"Evaluate","floor":39.0},{"not_picked":["FlurryOfBlows","Meditate"],"picked":"CutThroughFate+1","floor":40.0},{"not_picked":["SandsOfTime","PathToVictory+1"],"picked":"EmptyMind+1","floor":44.0},{"not_picked":["Tantrum","Evaluate"],"picked":"Indignation+1","floor":45.0},{"not_picked":["JustLucky","CutThroughFate","Prostrate"],"picked":"Singing Bowl","floor":47.0},{"not_picked":["Swivel","EmptyBody","Indignation"],"picked":"Singing Bowl","floor":48.0},{"not_picked":["Blasphemy","FollowUp","PathToVictory"],"picked":"Singing Bowl","floor":54.0}],"player_experience":706406,"relics_obtained":[{"floor":6.0,"key":"Akabeko"},{"floor":8.0,"key":"White Beast Statue"},{"floor":9.0,"key":"Eternal Feather"},{"floor":12.0,"key":"Pear"},{"floor":24.0,"key":"TeardropLocket"},{"floor":24.0,"key":"PreservedInsect"},{"floor":26.0,"key":"WingedGreaves"},{"floor":27.0,"key":"Centennial Puzzle"},{"floor":27.0,"key":"Strawberry"},{"floor":29.0,"key":"Peace Pipe"},{"floor":29.0,"key":"Torii"},{"floor":40.0,"key":"Bag of Preparation"},{"floor":40.0,"key":"Gambling Chip"},{"floor":44.0,"key":"Calipers"},{"floor":45.0,"key":"Damaru"},{"floor":45.0,"key":"Bag of Marbles"},{"floor":47.0,"key":"Singing Bowl"},{"floor":47.0,"key":"Potion Belt"},{"floor":54.0,"key":"Boot"},{"floor":54.0,"key":"Art of War"}],"event_choices":[{"cards_removed":["Defend_P"],"damage_healed":0.0,"max_hp_gain":0.0,"max_hp_loss":0.0,"gold_gain":0.0,"event_name":"The Cleric","player_choice":"Card Removal","floor":14.0,"gold_loss":50.0,"damage_taken":0.0},{"cards_removed":["Strike_P"],"damage_healed":0.0,"max_hp_gain":0.0,"max_hp_loss":0.0,"gold_gain":0.0,"event_name":"Purifier","player_choice":"Purged","floor":19.0,"gold_loss":0.0,"damage_taken":0.0},{"damage_healed":0.0,"max_hp_gain":0.0,"max_hp_loss":0.0,"gold_gain":0.0,"event_name":"Ghosts","player_choice":"Ignored","floor":21.0,"gold_loss":0.0,"damage_taken":0.0},{"cards_removed":["SashWhip"],"damage_healed":0.0,"max_hp_gain":0.0,"max_hp_loss":0.0,"gold_gain":0.0,"event_name":"WeMeetAgain","player_choice":"Gave Card","floor":22.0,"gold_loss":0.0,"damage_taken":0.0,"relics_obtained":["GoldenEye"]},{"cards_removed":["Wireheading"],"damage_healed":0.0,"max_hp_gain":0.0,"max_hp_loss":0.0,"gold_gain":0.0,"event_name":"Falling","player_choice":"Removed Power","floor":41.0,"gold_loss":0.0,"damage_taken":0.0},{"damage_healed":0.0,"max_hp_gain":0.0,"max_hp_loss":0.0,"gold_gain":0.0,"event_name":"Mysterious Sphere","player_choice":"Fight","floor":44.0,"gold_loss":0.0,"damage_taken":0.0}],"is_beta":false,"boss_relics":[{"not_picked":["Philosopher\u0027s Stone","Tiny House"],"picked":"Black Star"},{"not_picked":["Runic Pyramid","Fusion Hammer"],"picked":"Empty Cage"}],"items_purged_floors":[31],"is_endless":false,"potions_floor_spawned":[1,8,12,16,18,20,24,25,27,28,29,33,35,36,37,39,40,44,45,47,48,54],"ascension_level":13}}