{"host":"mmqs5ul2bvb60kyc","time":1611839053,"event":{"mods":["AchievementEnabler","BaseMod","Colored Map","Colored Powertips","Minty Spire (QoL Compilation)","Quick Restart","StSLib"],"gold_per_floor":[13,32,51,126,142,142,153,38,38,58,58,58,75,110,124,124,201,201,219,219,237,250,263,292,292,318,342,342,342,342,342,342,377,377,449,449,463,463,481,233,253,282,300,327,327,327,356,356,207,207,207,207,207,207,2,27,27],"floor_reached":58,"language":"ZHS","playtime":4114,"items_purged":["Strike_B","Zap"],"score":1994,"play_id":"4d1dce03-5583-40d5-9213-b343c42f2aa9","local_time":"20210128210413","is_ascension_mode":true,"campfire_choices":[{"data":"Apotheosis","floor":6.0,"key":"SMITH"},{"data":"Defragment","floor":12.0,"key":"SMITH"},{"data":"Heatsinks","floor":16.0,"key":"SMITH"},{"floor":25.0,"key":"REST"},{"floor":28.0,"key":"REST"},{"floor":31.0,"key":"REST"},{"floor":34.0,"key":"RECALL"},{"data":"Skim","floor":46,"key":"SMITH"},{"data":"Coolheaded","floor":48,"key":"SMITH"},{"floor":51,"key":"REST"},{"data":"Echo Form","floor":54,"key":"SMITH"}],"circlet_count":0,"master_deck":["AscendersBane","Defend_B","Defend_B","Defend_B","Defend_B","Dualcast","Apotheosis+1","Ball Lightning","Chaos","Hologram+1","Genetic Algorithm","Heatsinks+1","Defragment+1","Chill","Ball Lightning","Electrodynamics","Coolheaded+1","Coolheaded+1","Turbo","Static Discharge","Recycle","BootSequence","Steam","Echo Form","Core Surge","Steam Power+1","Skim+1","Echo Form+1","Hologram","Capacitor","Reinforced Body","Deep Breath"],"relics":["Cracked Core","Happy Flower","Bag of Preparation","Philosopher\u0027s Stone","Kunai","Centennial Puzzle","Nilry\u0027s Codex","Question Card","SlaversCollar","Strange Spoon","Blue Candle","Mummified Hand","Emotion Chip","PreservedInsect","Medical Kit","Boot"],"acts_visited":["Exordium","TheCity","TheBeyond","TheEnding"],"potions_floor_usage":[43,57,57],"damage_taken":[{"damage":4.0,"enemies":"Small Slimes","floor":1.0,"turns":3.0},{"damage":7.0,"enemies":"Jaw Worm","floor":2.0,"turns":3.0},{"damage":0.0,"enemies":"2 Louse","floor":3.0,"turns":2.0},{"damage":0.0,"enemies":"2 Fungi Beasts","floor":5.0,"turns":4.0},{"damage":17.0,"enemies":"Looter","floor":7.0,"turns":4.0},{"damage":7.0,"enemies":"3 Louse","floor":10.0,"turns":3.0},{"damage":5.0,"enemies":"Gremlin Gang","floor":13.0,"turns":3.0},{"damage":13.0,"enemies":"3 Sentries","floor":14.0,"turns":7.0},{"damage":0.0,"enemies":"Lots of Slimes","floor":15.0,"turns":3.0},{"damage":17.0,"enemies":"The Guardian","floor":17.0,"turns":9.0},{"damage":11.0,"enemies":"2 Thieves","floor":19.0,"turns":3.0},{"damage":0.0,"enemies":"Spheric Guardian","floor":21.0,"turns":3.0},{"damage":14.0,"enemies":"Snecko","floor":22.0,"turns":5.0},{"damage":0.0,"enemies":"Cultist and Chosen","floor":23.0,"turns":4.0},{"damage":17.0,"enemies":"Gremlin Leader","floor":24.0,"turns":5.0},{"damage":12.0,"enemies":"Slavers","floor":26.0,"turns":3.0},{"damage":7.0,"enemies":"Book of Stabbing","floor":33.0,"turns":7.0},{"damage":22.0,"enemies":"Automaton","floor":35.0,"turns":10.0},{"damage":0.0,"enemies":"3 Shapes","floor":37.0,"turns":2.0},{"damage":6.0,"enemies":"Orb Walker","floor":39.0,"turns":5.0},{"damage":8.0,"enemies":"4 Shapes","floor":41.0,"turns":6.0},{"damage":6.0,"enemies":"Nemesis","floor":42.0,"turns":11.0},{"damage":4,"enemies":"Jaw Worm Horde","floor":43,"turns":3},{"damage":0,"enemies":"Giant Head","floor":44,"turns":8},{"damage":0,"enemies":"Reptomancer","floor":47,"turns":3},{"damage":2,"enemies":"Time Eater","floor":52,"turns":13},{"damage":20,"enemies":"Shield and Spear","floor":56,"turns":4},{"damage":39,"enemies":"The Heart","floor":57,"turns":9}],"seed_played":"4356215049834342283","potions_obtained":[{"floor":1.0,"key":"Explosive Potion"},{"floor":3.0,"key":"Weak Potion"},{"floor":15.0,"key":"ColorlessPotion"},{"floor":23.0,"key":"Weak Potion"},{"floor":26.0,"key":"Regen Potion"},{"floor":33.0,"key":"PowerPotion"},{"floor":47,"key":"BlessingOfTheForge"},{"floor":56,"key":"FocusPotion"}],"is_trial":false,"path_per_floor":["M","M","M","?","M","R","M","$","T","M","?","R","M","E","M","R","B",null,"M","?","M","M","M","E","R","E","T","R","?","?","R","?","E","R","B",null,"M","?","M","$","M","E","M","E","T","R","E","R","$","$","R","B",null,"R","$","E","B",null],"character_chosen":"DEFECT","items_purchased":["Defragment","Strange Spoon","Medical Kit","Capacitor","Reinforced Body","Deep Breath"],"campfire_rested":4,"item_purchase_floors":[8,40,49,55,55,55],"current_hp_per_floor":[64,57,57,46,46,46,29,29,29,22,47,47,42,29,29,29,12,59,48,48,48,34,34,17,39,27,27,49,33,33,55,55,48,48,26,63,63,63,57,57,49,43,48,48,48,48,48,48,48,48,70,68,73,73,73,53,14],"gold":27,"neow_bonus":"RANDOM_COLORLESS_2","is_daily":false,"chose_seed":false,"campfire_upgraded":6,"win_rate":0.0,"timestamp":1611839053,"path_taken":["M","M","M","?","M","R","M","$","T","M","?","R","M","E","?","R","BOSS","M","?","M","M","M","E","R","E","T","R","?","?","R","?","E","R","BOSS","M","?","M","$","?","E","?","E","T","R","E","R","?","$","R","BOSS","R","$","E","BOSS"],"items_purchased_type":["Card","Relic","Relic","Card","Card","Card"],"build_version":"2020-12-22","purchased_purges":2,"victory":true,"max_hp_per_floor":[75,75,75,75,75,75,75,75,75,75,75,75,75,75,75,75,75,75,75,75,75,75,75,75,75,75,75,75,75,75,75,75,75,75,75,75,75,75,75,75,75,75,75,75,75,75,75,75,75,75,75,75,75,75,75,75,75],"card_choices":[{"not_picked":["Secret Weapon","Transmutation"],"picked":"Apotheosis","floor":0.0},{"not_picked":["Rebound","Compile Driver"],"picked":"Ball Lightning","floor":1.0},{"not_picked":["Streamline","Storm"],"picked":"Chaos","floor":2.0},{"not_picked":["Stack","Streamline"],"picked":"Hologram","floor":3.0},{"not_picked":["Leap","Cold Snap"],"picked":"Genetic Algorithm","floor":5.0},{"not_picked":["Go for the Eyes","Amplify"],"picked":"Heatsinks","floor":7.0},{"not_picked":["Force Field","BootSequence","Lockon"],"picked":"SKIP","floor":10.0},{"not_picked":["Static Discharge","Streamline","Steam"],"picked":"SKIP","floor":13.0},{"not_picked":["Leap","Redo"],"picked":"Chill","floor":14.0},{"not_picked":["Go for the Eyes","Chill"],"picked":"Ball Lightning","floor":15.0},{"not_picked":["Multi-Cast","Biased Cognition"],"picked":"Electrodynamics","floor":17.0},{"not_picked":["Stack","Force Field"],"picked":"Coolheaded+1","floor":19.0},{"not_picked":["Chaos","Beam Cell"],"picked":"Coolheaded","floor":21.0},{"not_picked":["Conserve Battery","Cold Snap"],"picked":"Turbo","floor":22.0},{"not_picked":["Rip and Tear","Steam"],"picked":"Static Discharge","floor":23.0},{"not_picked":["Sunder","Cold Snap"],"picked":"Recycle","floor":24.0},{"not_picked":["Leap","Double Energy","Doom and Gloom"],"picked":"SKIP","floor":26.0},{"not_picked":["Undo+1","Recycle"],"picked":"Echo Form","floor":33.0},{"not_picked":["Thunder Strike","Rainbow","Fission"],"picked":"Core Surge","floor":35.0},{"not_picked":["Rebound","Coolheaded","Static Discharge+1"],"picked":"Steam Power+1","floor":37.0},{"not_picked":["Melter","BootSequence","Rip and Tear","Go for the Eyes"],"picked":"SKIP","floor":39.0},{"not_picked":["Conserve Battery","Leap","Redo"],"picked":"Skim","floor":41.0},{"not_picked":["Redo","Beam Cell+1","Go for the Eyes+1"],"picked":"Echo Form","floor":42.0},{"not_picked":["Ball Lightning","Streamline+1","Compile Driver","Gash"],"picked":"SKIP","floor":43},{"not_picked":["Compile Driver","Rip and Tear","Gash+1","Scrape"],"picked":"SKIP","floor":44},{"not_picked":["Hello World","Cold Snap+1","Self Repair"],"picked":"Hologram","floor":47},{"not_picked":["Gash+1","All For One","Conserve Battery","Beam Cell"],"picked":"SKIP","floor":56}],"player_experience":307506,"relics_obtained":[{"floor":9.0,"key":"Happy Flower"},{"floor":14.0,"key":"Bag of Preparation"},{"floor":24.0,"key":"Kunai"},{"floor":26.0,"key":"Centennial Puzzle"},{"floor":29.0,"key":"Nilry\u0027s Codex"},{"floor":33.0,"key":"Question Card"},{"floor":42.0,"key":"Blue Candle"},{"floor":44,"key":"Mummified Hand"},{"floor":45,"key":"Emotion Chip"},{"floor":47,"key":"PreservedInsect"},{"floor":56,"key":"Boot"}],"event_choices":[{"damage_healed":0.0,"max_hp_gain":0.0,"max_hp_loss":0.0,"gold_gain":75.0,"event_name":"World of Goop","player_choice":"Gather Gold","floor":4.0,"gold_loss":0.0,"damage_taken":11.0},{"damage_healed":25.0,"max_hp_gain":0.0,"max_hp_loss":0.0,"gold_gain":0.0,"event_name":"Big Fish","player_choice":"Banana","floor":11.0,"gold_loss":0.0,"damage_taken":0.0},{"cards_removed":["Strike_B"],"damage_healed":0.0,"max_hp_gain":0.0,"max_hp_loss":0.0,"gold_gain":0.0,"event_name":"Back to Basics","player_choice":"Elegance","floor":20.0,"gold_loss":0.0,"damage_taken":0.0},{"damage_healed":0.0,"max_hp_gain":0.0,"max_hp_loss":0.0,"gold_gain":0.0,"event_name":"Cursed Tome","player_choice":"Obtained Book","floor":29.0,"gold_loss":0.0,"damage_taken":16.0},{"damage_healed":0.0,"max_hp_gain":0.0,"max_hp_loss":0.0,"gold_gain":0.0,"event_name":"Vampires","player_choice":"Ignored","floor":30.0,"gold_loss":0.0,"damage_taken":0.0},{"damage_healed":0.0,"max_hp_gain":0.0,"max_hp_loss":0.0,"gold_gain":0.0,"cards_transformed":["Strike_B","Strike_B"],"event_name":"Drug Dealer","player_choice":"Became Test Subject","floor":32.0,"gold_loss":0.0,"damage_taken":0.0,"cards_obtained":["BootSequence","Steam"]},{"damage_healed":0.0,"max_hp_gain":0.0,"max_hp_loss":0.0,"gold_gain":0.0,"event_name":"Upgrade Shrine","player_choice":"Upgraded","floor":38.0,"gold_loss":0.0,"damage_taken":0.0,"cards_upgraded":["Hologram"]}],"is_beta":false,"boss_relics":[{"not_picked":["Busted Crown","Ectoplasm"],"picked":"Philosopher\u0027s Stone"},{"not_picked":["Snecko Eye","Tiny House"],"picked":"SlaversCollar"}],"items_purged_floors":[8,40],"is_endless":false,"potions_floor_spawned":[1,3,10,15,23,26,33,42,47,56],"ascension_level":13}}