{"host":"guk5h31bsklpp7e4","time":1611816688,"event":{"mods":["AchievementEnabler","BaseMod","Colored Map","Colored Powertips","Highlight Path","Minty Spire (QoL Compilation)","Quick Restart"],"gold_per_floor":[117,42,42,56,56,81,92,127,127,154,174,174,204,218,218,319,319,332,332,332,247,43,43,78,78,78,78,78,98,98,118,118,219,219,230,2,12,31,31,31,31,31,84,96,114,133,133,144,144,144],"floor_reached":51,"language":"ENG","playtime":3035,"items_purged":["Defend_B","Hello World","Zap"],"score":829,"play_id":"ee5ad810-183f-4db2-8d84-325137070686","local_time":"20210128015128","is_ascension_mode":true,"campfire_choices":[{"floor":12,"key":"REST"},{"floor":15,"key":"REST"},{"data":"Conserve Battery","floor":23,"key":"SMITH"},{"data":"Defragment","floor":25,"key":"SMITH"},{"floor":27,"key":"REST"},{"data":"Chaos","floor":30,"key":"SMITH"},{"data":"Defragment","floor":32,"key":"SMITH"},{"data":"Leap","floor":40,"key":"SMITH"},{"data":"Reprogram","floor":47,"key":"SMITH"},{"floor":49,"key":"REST"}],"circlet_count":0,"master_deck":["Dualcast","Defragment+1","Chaos+1","Defragment+1","Tempest+1","Conserve Battery+1","Capacitor","Barrage+1","Genetic Algorithm","Machine Learning","Go for the Eyes+1","All For One+1","BootSequence","Reinforced Body+1","Self Repair","Amplify+1","Go for the Eyes+1","Leap+1","Steam+1","Consume+1","Conserve Battery+1","Reprogram+1","Tempest","Glacier+1","Storm+1","Leap+1"],"relics":["Cracked Core","NeowsBlessing","HornCleat","Matryoshka","Question Card","Molten Egg 2","Happy Flower","StoneCalendar","Pandora\u0027s Box","Blue Candle","War Paint","Orichalcum","Pantograph","Inserter","DataDisk"],"acts_visited":["Exordium","TheCity","TheBeyond"],"potions_floor_usage":[11,13,22,24,33,33,46,50,50,50],"damage_taken":[{"damage":0,"enemies":"Jaw Worm","floor":1,"turns":1},{"damage":0,"enemies":"Cultist","floor":4,"turns":1},{"damage":0,"enemies":"Gremlin Nob","floor":6,"turns":1},{"damage":3,"enemies":"2 Louse","floor":7,"turns":3},{"damage":16,"enemies":"3 Sentries","floor":8,"turns":6},{"damage":24,"enemies":"Gremlin Nob","floor":10,"turns":4},{"damage":0,"enemies":"Large Slime","floor":11,"turns":4},{"damage":22,"enemies":"3 Sentries","floor":13,"turns":5},{"damage":8,"enemies":"3 Louse","floor":14,"turns":3},{"damage":41,"enemies":"The Guardian","floor":16,"turns":9},{"damage":15,"enemies":"Spheric Guardian","floor":18,"turns":4},{"damage":42,"enemies":"Gremlin Leader","floor":24,"turns":7},{"damage":5,"enemies":"Chosen","floor":29,"turns":4},{"damage":2,"enemies":"Snake Plant","floor":31,"turns":6},{"damage":31,"enemies":"Collector","floor":33,"turns":8},{"damage":0,"enemies":"Orb Walker","floor":35,"turns":4},{"damage":12,"enemies":"3 Darklings","floor":37,"turns":5},{"damage":3,"enemies":"Maw","floor":38,"turns":7},{"damage":9,"enemies":"4 Shapes","floor":44,"turns":5},{"damage":30,"enemies":"3 Darklings","floor":45,"turns":6},{"damage":0,"enemies":"Maw","floor":46,"turns":7},{"damage":2,"enemies":"Writhing Mass","floor":48,"turns":4},{"damage":31,"enemies":"Awakened One","floor":50,"turns":11}],"seed_played":"1579165757723178795","potions_obtained":[{"floor":7,"key":"FearPotion"},{"floor":8,"key":"Regen Potion"},{"floor":10,"key":"Ancient Potion"},{"floor":11,"key":"Fire Potion"},{"floor":18,"key":"Energy Potion"},{"floor":24,"key":"Explosive Potion"},{"floor":31,"key":"Ancient Potion"},{"floor":44,"key":"SteroidPotion"},{"floor":46,"key":"FearPotion"}],"is_trial":false,"path_per_floor":["M","$","?","M","?","E","M","E","T","E","M","R","E","M","R","B",null,"M","?","?","?","$","R","E","R","T","R","$","M","R","M","R","B",null,"M","$","M","M","?","R","$","?","T","M","M","M","R","M","R","B",null],"character_chosen":"DEFECT","items_purchased":["Fruit Juice","EssenceOfDarkness"],"campfire_rested":4,"item_purchase_floors":[22,36],"current_hp_per_floor":[75,75,75,75,75,75,72,56,56,32,44,66,44,36,58,17,75,67,53,79,79,84,84,56,56,56,81,81,83,83,85,85,61,85,85,85,73,84,81,81,81,81,81,72,49,63,63,68,81,50],"gold":144,"neow_bonus":"THREE_ENEMY_KILL","is_daily":false,"chose_seed":false,"campfire_upgraded":6,"win_rate":0.0,"timestamp":1611816688,"path_taken":["M","$","?","?","?","E","M","E","T","E","M","R","E","M","R","BOSS","M","?","?","?","$","R","E","R","T","R","$","M","R","M","R","BOSS","M","$","M","M","?","R","$","?","T","M","?","M","R","M","R","BOSS"],"items_purchased_type":["Potion","Potion"],"build_version":"2020-12-22","purchased_purges":3,"victory":true,"max_hp_per_floor":[75,75,75,75,75,75,75,75,75,75,75,75,75,75,75,75,75,75,80,80,80,85,85,85,85,85,85,85,85,85,85,85,85,85,85,85,85,85,81,81,81,81,81,81,81,81,81,81,81,81],"card_choices":[{"not_picked":["Go for the Eyes","Sweeping Beam"],"picked":"Defragment","floor":1},{"not_picked":["Ball Lightning","Heatsinks"],"picked":"Chaos","floor":4},{"not_picked":["Go for the Eyes","Gash"],"picked":"Defragment","floor":6},{"not_picked":["Compile Driver","Cold Snap"],"picked":"Tempest","floor":7},{"not_picked":["Creative AI","Stack"],"picked":"Conserve Battery","floor":8},{"not_picked":["Stack","Recycle","Cold Snap+1"],"picked":"Capacitor","floor":10},{"not_picked":["Sweeping Beam+1","Compile Driver+1","Leap"],"picked":"Barrage+1","floor":11},{"not_picked":["Stack","Capacitor","Self Repair"],"picked":"Genetic Algorithm","floor":13},{"not_picked":["Gash+1","Steam","Reinforced Body","Compile Driver+1"],"picked":"SKIP","floor":14},{"not_picked":["Buffer","Hyperbeam+1","Biased Cognition"],"picked":"Machine Learning","floor":16},{"not_picked":["Recycle","Rebound+1","Gash+1","Turbo"],"picked":"SKIP","floor":18},{"not_picked":["Streamline+1","Sunder+1","Gash+1"],"picked":"Go for the Eyes+1","floor":24},{"not_picked":["Darkness","Seek","Self Repair+1"],"picked":"Leap","floor":29},{"not_picked":["Ball Lightning+1","Coolheaded","White Noise"],"picked":"Steam+1","floor":31},{"not_picked":["Leap","Beam Cell+1","Gash+1"],"picked":"Consume+1","floor":35},{"not_picked":["Coolheaded","Stack","Sweeping Beam+1"],"picked":"Conserve Battery+1","floor":37},{"not_picked":["Turbo+1","Recycle+1","Redo"],"picked":"Reprogram","floor":38},{"not_picked":["Streamline+1","Redo","Ball Lightning+1"],"picked":"Tempest","floor":44},{"not_picked":["Static Discharge+1","Reprogram+1","Scrape+1"],"picked":"Glacier+1","floor":45},{"not_picked":["Hologram+1","Barrage+1","Consume+1"],"picked":"Storm+1","floor":46},{"not_picked":["Coolheaded+1","FTL+1","Genetic Algorithm+1"],"picked":"Leap+1","floor":48}],"player_experience":319954,"relics_obtained":[{"floor":6,"key":"HornCleat"},{"floor":8,"key":"Matryoshka"},{"floor":9,"key":"Question Card"},{"floor":9,"key":"Molten Egg 2"},{"floor":10,"key":"Happy Flower"},{"floor":13,"key":"StoneCalendar"},{"floor":24,"key":"War Paint"},{"floor":26,"key":"Orichalcum"},{"floor":26,"key":"Pantograph"},{"floor":43,"key":"DataDisk"}],"event_choices":[{"damage_healed":0,"gold_gain":0,"player_choice":"0 cards matched","damage_taken":0,"max_hp_gain":0,"max_hp_loss":0,"event_name":"Match and Keep!","floor":3,"gold_loss":0,"cards_obtained":[]},{"damage_healed":0,"gold_gain":0,"player_choice":"Ignored","damage_taken":0,"max_hp_gain":0,"max_hp_loss":0,"event_name":"Golden Idol","floor":5,"gold_loss":0},{"damage_healed":0,"gold_gain":0,"player_choice":"Shed Blood","damage_taken":19,"max_hp_gain":5,"max_hp_loss":0,"event_name":"Forgotten Altar","floor":19,"gold_loss":0},{"damage_healed":26,"gold_gain":0,"player_choice":"Heal","damage_taken":0,"max_hp_gain":0,"max_hp_loss":0,"event_name":"The Library","floor":20,"gold_loss":0},{"damage_healed":0,"gold_gain":0,"player_choice":"Obtained Relic","damage_taken":0,"relics_obtained":["Blue Candle"],"max_hp_gain":0,"max_hp_loss":0,"event_name":"Addict","floor":21,"gold_loss":85},{"damage_healed":0,"gold_gain":0,"player_choice":"Max HP","damage_taken":0,"max_hp_gain":0,"max_hp_loss":4,"event_name":"Winding Halls","floor":39,"gold_loss":0},{"damage_healed":0,"gold_gain":0,"player_choice":"Upgraded","damage_taken":0,"max_hp_gain":0,"max_hp_loss":0,"event_name":"Upgrade Shrine","floor":42,"gold_loss":0,"cards_upgraded":["Reinforced Body"]}],"is_beta":false,"boss_relics":[{"not_picked":["Coffee Dripper","Sozu"],"picked":"Pandora\u0027s Box"},{"not_picked":["Busted Crown","Velvet Choker"],"picked":"Inserter"}],"items_purged_floors":[2,22,36],"is_endless":false,"potions_floor_spawned":[7,8,10,11,18,24,31,44,46,48],"ascension_level":4}}