{"host":"auv68s8i97pkmhwr","time":1611835449,"event":{"mods":["A Penny For Your Troubles","AchievementEnabler","BaseMod","Best Route Mod","Bestiary","Better Altar","Better Match","Better Note","Better Sensory Stone","Better Skull","Better Third Choice","Better Vampires","BetterRewards","Block Reminder","Colored Map","Colored Powertips","Dark Map","Displayed Cursed Tome","Minty Spire (QoL Compilation)","StSLib","SuperFastMode","Uncapped","Unceasing Turn Reminder"],"gold_per_floor":[111,433,453,470,480,505,505,539,620,654,672,698,724,739,739,838,838,856,869,887,887,906,941,941,959,959,977,1010,558,569,588,588,684,684,699,711,730,730,350,379,394,419,442,454,454,454,454,486,486,487,487,487,111,153,153],"floor_reached":56,"language":"ENG","playtime":1919,"items_purged":["Strike_R","Strike_R","Strike_R","Feed","Strike_R"],"score":2532,"play_id":"5ccbfa56-4b99-4064-ad66-f2a66aba5651","local_time":"20210128200409","is_ascension_mode":true,"campfire_choices":[{"floor":7,"key":"REST"},{"data":"Apotheosis","floor":15,"key":"SMITH"},{"data":"Disarm","floor":24,"key":"SMITH"},{"data":"Double Tap","floor":32,"key":"SMITH"},{"floor":45,"key":"RECALL"},{"data":"Sword Boomerang","floor":49,"key":"SMITH"},{"data":"Shrug It Off","floor":52,"key":"SMITH"}],"circlet_count":0,"master_deck":["AscendersBane","Strike_R","Defend_R","Defend_R","Defend_R","Bash","Apotheosis+1","Cleave","Metallicize+1","Disarm+1","Shrug It Off+1","Sword Boomerang+1","Double Tap+1","Feel No Pain+1","Fire Breathing+1","Spot Weakness+1","Dropkick+1","Reaper","Demon Form+1","Shockwave+1","True Grit+1","Entrench","Inflame+1","Master of Strategy","Second Wind+1"],"relics":["Burning Blood","Unceasing Top","Incense Burner","Sling","Frozen Egg 2","Ginger","Bronze Scales","Bird Faced Urn","Toy Ornithopter","Thread and Needle","Torii","Bag of Marbles","Meat on the Bone","Centennial Puzzle","Sozu","Oddly Smooth Stone","Kunai","Vajra","Membership Card","Mummified Hand","Mark of Pain","Dead Branch","Lantern","OrangePellets","Pen Nib","Blood Vial","CeramicFish","Potion Belt","Anchor","Happy Flower","CaptainsWheel"],"acts_visited":["Exordium","TheCity","TheBeyond","TheEnding"],"potions_floor_usage":[6,55],"damage_taken":[{"damage":8,"enemies":"Jaw Worm","floor":1,"turns":3},{"damage":0,"enemies":"Cultist","floor":3,"turns":4},{"damage":0,"enemies":"2 Louse","floor":4,"turns":2},{"damage":2,"enemies":"Blue Slaver","floor":5,"turns":4},{"damage":28,"enemies":"Gremlin Nob","floor":6,"turns":4},{"damage":0,"enemies":"Lagavulin","floor":8,"turns":7},{"damage":8,"enemies":"Gremlin Nob","floor":10,"turns":4},{"damage":0,"enemies":"Exordium Thugs","floor":11,"turns":4},{"damage":11,"enemies":"3 Sentries","floor":12,"turns":5},{"damage":1,"enemies":"2 Fungi Beasts","floor":14,"turns":3},{"damage":0,"enemies":"Hexaghost","floor":16,"turns":11},{"damage":0,"enemies":"Chosen","floor":18,"turns":4},{"damage":1,"enemies":"Spheric Guardian","floor":19,"turns":4},{"damage":6,"enemies":"Snake Plant","floor":20,"turns":2},{"damage":26,"enemies":"Snecko","floor":22,"turns":8},{"damage":5,"enemies":"Book of Stabbing","floor":23,"turns":6},{"damage":7,"enemies":"Shelled Parasite and Fungi","floor":25,"turns":5},{"damage":1,"enemies":"Snake Plant","floor":27,"turns":6},{"damage":4,"enemies":"Gremlin Leader","floor":28,"turns":8},{"damage":0,"enemies":"Snecko","floor":30,"turns":5},{"damage":1,"enemies":"3 Cultists","floor":31,"turns":5},{"damage":20,"enemies":"Champ","floor":33,"turns":8},{"damage":10,"enemies":"3 Shapes","floor":35,"turns":2},{"damage":2,"enemies":"3 Darklings","floor":36,"turns":4},{"damage":0,"enemies":"Maw","floor":37,"turns":6},{"damage":1,"enemies":"Giant Head","floor":40,"turns":7},{"damage":11,"enemies":"4 Shapes","floor":41,"turns":3},{"damage":15,"enemies":"Nemesis","floor":42,"turns":5},{"damage":31,"enemies":"3 Darklings","floor":44,"turns":5},{"damage":26,"enemies":"Reptomancer","floor":48,"turns":9},{"damage":52,"enemies":"Time Eater","floor":50,"turns":9},{"damage":15,"enemies":"Shield and Spear","floor":54,"turns":4},{"damage":30,"enemies":"The Heart","floor":55,"turns":6}],"seed_played":"4855038374835002623","potions_obtained":[{"floor":1,"key":"FearPotion"},{"floor":6,"key":"BloodPotion"},{"floor":8,"key":"Ancient Potion"},{"floor":10,"key":"SmokeBomb"}],"is_trial":false,"path_per_floor":["M","?","M","M","M","E","R","E","T","E","M","E","T","M","R","B",null,"M","M","M","?","M","E","R","M","T","M","E","$","M","M","R","B",null,"M","M","M","?","$","E","M","E","T","M","R","?","?","E","R","B",null,"R","$","E","B",null],"character_chosen":"IRONCLAD","items_purchased":["Apotheosis","Cleave","Sling","Frozen Egg 2","Bronze Scales","Metallicize+1","Membership Card","Mummified Hand","Reaper","Demon Form+1","Dead Branch","Lantern","OrangePellets","Anchor","Happy Flower","Entrench","Inflame+1","Master of Strategy"],"campfire_rested":1,"item_purchase_floors":[0,0,0,0,0,0,29,29,29,29,39,39,39,53,53,53,53,53],"current_hp_per_floor":[72,29,37,43,49,34,58,66,66,66,78,79,79,90,90,96,96,96,100,100,100,84,95,95,104,104,116,120,120,124,128,128,128,128,126,128,128,128,128,128,128,128,128,128,128,128,128,128,128,119,126,126,126,128,114],"gold":153,"neow_bonus":"","is_daily":false,"chose_seed":false,"campfire_upgraded":5,"win_rate":0.0,"timestamp":1611835449,"path_taken":["M","?","?","M","M","E","R","E","T","E","?","E","?","?","R","BOSS","M","M","M","?","M","E","R","M","T","M","E","$","M","M","R","BOSS","M","M","M","?","$","E","M","E","T","M","R","?","?","E","R","BOSS","R","$","E","BOSS"],"items_purchased_type":["Card","Card","Relic","Relic","Relic","Card","Relic","Relic","Card","Card","Relic","Relic","Relic","Relic","Relic","Card","Card","Card"],"build_version":"2020-12-22","purchased_purges":5,"victory":true,"max_hp_per_floor":[80,80,80,80,80,80,80,80,80,80,84,88,88,92,92,96,96,96,100,100,100,104,108,108,112,112,116,120,120,124,128,128,128,128,128,128,128,128,128,128,128,128,128,128,128,128,128,128,128,128,128,128,128,128,128],"card_choices":[{"not_picked":["Blood for Blood","Uppercut"],"picked":"Disarm","floor":1},{"not_picked":["Warcry","Havoc","Rage"],"picked":"SKIP","floor":3},{"not_picked":["Sword Boomerang","Heavy Blade"],"picked":"Shrug It Off","floor":4},{"not_picked":["Thunderclap","Cleave"],"picked":"Sword Boomerang","floor":5},{"not_picked":["True Grit","Flex","Evolve+1"],"picked":"SKIP","floor":6},{"not_picked":["Seeing Red","Sword Boomerang","Sentinel"],"picked":"SKIP","floor":8},{"not_picked":["Sever Soul","Intimidate"],"picked":"Feed","floor":10},{"not_picked":["Heavy Blade","Sword Boomerang","True Grit"],"picked":"SKIP","floor":11},{"not_picked":["Warcry","Carnage","Dark Embrace+1"],"picked":"SKIP","floor":12},{"not_picked":["Power Through","Armaments","Wild Strike"],"picked":"SKIP","floor":14},{"not_picked":["Impervious","Immolate"],"picked":"Double Tap","floor":16},{"not_picked":["Warcry","Body Slam","Combust+1"],"picked":"SKIP","floor":18},{"not_picked":["Warcry+1","Headbutt+1","Sword Boomerang"],"picked":"SKIP","floor":19},{"not_picked":["Havoc+1","Carnage+1"],"picked":"Feel No Pain+1","floor":20},{"not_picked":["Clash+1","Heavy Blade+1"],"picked":"Fire Breathing+1","floor":22},{"not_picked":["Pummel","Wild Strike"],"picked":"Spot Weakness+1","floor":23},{"not_picked":["Clash","Armaments","Warcry"],"picked":"SKIP","floor":25},{"not_picked":["Infernal Blade+1","Shrug It Off"],"picked":"Dropkick+1","floor":27},{"not_picked":["Cleave","Evolve+1","Body Slam+1"],"picked":"SKIP","floor":28},{"not_picked":["Perfected Strike","Whirlwind"],"picked":"Shockwave+1","floor":30},{"not_picked":["Armaments","Fiend Fire","Wild Strike"],"picked":"SKIP","floor":31},{"not_picked":["Shockwave","Anger+1","Wild Strike"],"picked":"SKIP","floor":35},{"not_picked":["Headbutt","Exhume","Cleave+1"],"picked":"SKIP","floor":36},{"not_picked":["Anger+1","Flex","Cleave+1"],"picked":"SKIP","floor":37},{"not_picked":["Brutality+1","Sentinel"],"picked":"True Grit+1","floor":40},{"not_picked":["Uppercut+1","Shrug It Off","Warcry+1"],"picked":"SKIP","floor":41},{"not_picked":["True Grit","Flame Barrier","Battle Trance+1"],"picked":"SKIP","floor":42},{"not_picked":["Armaments","Sword Boomerang","Thunderclap+1"],"picked":"SKIP","floor":44},{"not_picked":["Armaments","Sword Boomerang","Thunderclap+1"],"picked":"SKIP","floor":44},{"not_picked":["Clothesline+1","Cleave","Intimidate"],"picked":"SKIP","floor":48},{"not_picked":["Warcry","Body Slam"],"picked":"Second Wind+1","floor":54}],"player_experience":1264896,"relics_obtained":[{"floor":6,"key":"Thread and Needle"},{"floor":8,"key":"Torii"},{"floor":10,"key":"Bag of Marbles"},{"floor":12,"key":"Meat on the Bone"},{"floor":13,"key":"Centennial Puzzle"},{"floor":23,"key":"Oddly Smooth Stone"},{"floor":26,"key":"Kunai"},{"floor":28,"key":"Vajra"},{"floor":40,"key":"Pen Nib"},{"floor":42,"key":"Blood Vial"},{"floor":43,"key":"CeramicFish"},{"floor":48,"key":"Potion Belt"},{"floor":54,"key":"CaptainsWheel"}],"event_choices":[{"damage_healed":0,"gold_gain":322,"player_choice":"RE GO GO GO ","damage_taken":48,"relics_obtained":["Toy Ornithopter"],"max_hp_gain":0,"max_hp_loss":0,"event_name":"betterSkull:BetterSkull","floor":2,"gold_loss":0,"cards_upgraded":[]},{"damage_healed":0,"gold_gain":0,"player_choice":"Bought 0 Potions","damage_taken":0,"max_hp_gain":0,"max_hp_loss":0,"event_name":"The Woman in Blue","floor":21,"gold_loss":0},{"cards_removed":["Defend_R"],"damage_healed":0,"gold_gain":0,"player_choice":"Removed Skill","damage_taken":0,"max_hp_gain":0,"max_hp_loss":0,"event_name":"Falling","floor":38,"gold_loss":0},{"damage_healed":0,"gold_gain":0,"player_choice":"Ignored","damage_taken":0,"max_hp_gain":0,"max_hp_loss":0,"event_name":"Tomb of Lord Red Mask","floor":46,"gold_loss":0},{"damage_healed":0,"gold_gain":0,"player_choice":"Full Heal","damage_taken":0,"max_hp_gain":0,"max_hp_loss":0,"event_name":"Wheel of Change","floor":47,"gold_loss":0}],"is_beta":false,"boss_relics":[{"not_picked":["Astrolabe","Velvet Choker"],"picked":"Sozu"},{"not_picked":["Black Blood","SacredBark"],"picked":"Mark of Pain"}],"items_purged_floors":[0,0,29,39,53],"is_endless":false,"potions_floor_spawned":[1,6,8,10,16,23,27,28,30,31,37,40,41,44],"ascension_level":10}}