{"host":"y1oqg7uy0jc6f5mb","time":1611844241,"event":{"mods":["BaseMod","Better Altar","Better Match","Better Note","Better Sensory Stone","Better Skull","Better Third Choice","Block Reminder","Colored Map","Colored Powertips","Custom Start","DeckTracker","Displayed Cursed Tome","Highlight Path","Ironclad Rager","Minty Spire (QoL Compilation)","Permanent Neow","Quick Restart","Relic Sorter","Relic Stats","Replay The Spire","Shop Mod","StSLib"],"gold_per_floor":[13,23,23,42,5,38,38,38,38,38,52,52,52,78,78,78,78],"floor_reached":16,"language":"ENG","playtime":1063,"items_purged":[],"score":113,"play_id":"5ab9bf98-1468-443c-98fa-dc7b8725e1f0","local_time":"20210128223041","is_ascension_mode":true,"campfire_choices":[{"data":"Eruption","floor":7.0,"key":"SMITH"},{"data":"ClearTheMind","floor":10.0,"key":"SMITH"},{"floor":12.0,"key":"REST"}],"circlet_count":0,"master_deck":["Strike_P","Strike_P","Strike_P","Defend_P","Defend_P","Defend_P","Eruption+1","Vigilance","ClearTheMind+1","EmptyBody","LikeWater","Swivel","Replay:AtTheReady","Halt","Pain"],"relics":["PureWater","Replay:Purple Gloves","Bronze Scales","Gremlin Horn","Potion Belt","WarpedTongs"],"acts_visited":["Exordium"],"potions_floor_usage":[14,16],"damage_taken":[{"damage":4.0,"enemies":"Small Slimes","floor":1.0,"turns":5.0},{"damage":2.0,"enemies":"Cultist","floor":2.0,"turns":4.0},{"damage":0.0,"enemies":"2 Louse","floor":4.0,"turns":3.0},{"damage":2.0,"enemies":"Replay:BlueRogue","floor":6.0,"turns":6.0},{"damage":4.0,"enemies":"Blue Slaver","floor":11.0,"turns":4.0},{"damage":8,"enemies":"Lagavulin","floor":14,"turns":8},{"damage":49,"enemies":"Hexaghost","floor":16,"turns":16}],"seed_played":"-5759770070674563985","potions_obtained":[{"floor":3.0,"key":"Strength Potion"},{"floor":3.0,"key":"Swift Potion"},{"floor":3.0,"key":"Toxic Potion"},{"floor":6.0,"key":"SmokeBomb"}],"is_trial":false,"path_per_floor":["M","M","?","M","$","E","R","?","T","R","M","R","?","E","R_BF","B"],"character_chosen":"WATCHER","items_purchased":["LikeWater"],"campfire_rested":1,"item_purchase_floors":[5],"current_hp_per_floor":[68,66,66,66,66,64,64,46,46,46,42,63,56,48,48,0,0],"gold":78,"neow_bonus":"REMOVE_TWO","is_daily":false,"chose_seed":false,"campfire_upgraded":2,"win_rate":0.0,"timestamp":1611844241,"path_taken":["M","M","?","?","?","E","R","?","T","R","M","R","?","E","R_BF","BOSS"],"items_purchased_type":["Card"],"build_version":"2020-12-22","purchased_purges":0,"victory":false,"max_hp_per_floor":[72,72,72,72,72,72,72,72,72,72,72,72,72,72,72,72,72],"relic_stats":{"Gremlin Horn":[0,0],"counters":[7,46],"Bronze Scales":[102],"obtain_stats":[{"Potion Belt":14,"Gremlin Horn":9,"Bronze Scales":8,"Replay:Purple Gloves":6,"PureWater":0,"WarpedTongs":15},{"Potion Belt":6,"Gremlin Horn":4,"Bronze Scales":4,"Replay:Purple Gloves":4,"PureWater":0,"WarpedTongs":6},{"Potion Belt":30,"Gremlin Horn":18,"Bronze Scales":18,"Replay:Purple Gloves":18,"PureWater":0,"WarpedTongs":30}],"WarpedTongs":[12]},"card_choices":[{"not_picked":["JustLucky","Replay:BluntJabs"],"picked":"ClearTheMind","floor":1.0},{"not_picked":["CarveReality","Halt"],"picked":"EmptyBody","floor":2.0},{"not_picked":["ForeignInfluence","WindmillStrike","PathToVictory"],"picked":"SKIP","floor":4.0},{"not_picked":["Adaptation","CarveReality"],"picked":"Swivel","floor":6.0},{"not_picked":["FlyingSleeves","JustLucky"],"picked":"Replay:AtTheReady","floor":11.0},{"not_picked":["Perseverance","CrushJoints"],"picked":"Halt","floor":14}],"player_experience":247861,"relics_obtained":[{"floor":6.0,"key":"Replay:Purple Gloves"},{"floor":9.0,"key":"Gremlin Horn"},{"floor":14,"key":"Potion Belt"}],"event_choices":[{"damage_healed":0.0,"max_hp_gain":0.0,"max_hp_loss":0.0,"gold_gain":0.0,"event_name":"Lab","player_choice":"Got Potions","floor":3.0,"gold_loss":0.0,"damage_taken":0.0},{"damage_healed":0.0,"max_hp_gain":0.0,"max_hp_loss":0.0,"gold_gain":0.0,"event_name":"betterThird:BetterScrap","player_choice":"Relic ","floor":8.0,"gold_loss":0.0,"damage_taken":18.0,"cards_obtained":["Meteor Strike"]},{"damage_healed":0.0,"max_hp_gain":0.0,"max_hp_loss":0.0,"gold_gain":0.0,"event_name":"Wheel of Change","player_choice":"Damaged","floor":13.0,"gold_loss":0.0,"damage_taken":7.0},{"damage_healed":0,"gold_gain":0,"player_choice":"Rummage","damage_taken":0,"relics_obtained":["WarpedTongs"],"max_hp_gain":0,"max_hp_loss":0,"event_name":"Accursed Blacksmith","floor":15,"gold_loss":0,"cards_obtained":["Pain"]}],"is_beta":false,"boss_relics":[],"items_purged_floors":[],"is_endless":false,"potions_floor_spawned":[6],"killed_by":"Hexaghost","ascension_level":1}}