{"host":"u1dfzl6o6mfmauc3","time":1611809882,"event":{"mods":["2.2 Compatiblity","AchievementEnabler","BaseMod","Block Reminder","Challenge The Spire","Dark Map","Hermit","Minty Spire (QoL Compilation)","Relic Stats","Robot Space Explorer","StSLib","The Disciple"],"gold_per_floor":[116,131,131,131,145,145,188,208,228,255,269,344,344,364,129,129,129,129],"floor_reached":17,"language":"ENG","playtime":656,"items_purged":["Pain"],"score":136,"play_id":"2a184da5-5872-4a12-a00b-99bb0c4598fb","local_time":"20210127235802","is_ascension_mode":true,"campfire_choices":[{"data":"hermit:Dive","floor":6,"key":"SMITH"},{"floor":16,"key":"REST"}],"circlet_count":0,"master_deck":["hermit:Strike_Hermit","hermit:Strike_Hermit","hermit:Strike_Hermit","hermit:Strike_Hermit","hermit:Defend_Hermit","hermit:Defend_Hermit","hermit:Defend_Hermit","hermit:Defend_Hermit","hermit:Snapshot","hermit:Covet","hermit:Dive+1","hermit:BigShot","hermit:PistolWhip","hermit:FromBeyond","hermit:GhostlyPresence","Pain","PanicButton"],"relics":["Cursed Key","Golden Idol","Incense Burner","Blood Vial","hermit:RedScarf"],"acts_visited":["Exordium"],"potions_floor_usage":[14,14,14,17],"damage_taken":[{"damage":1,"enemies":"Cultist","floor":1,"turns":4},{"damage":0,"enemies":"Small Slimes","floor":2,"turns":3},{"damage":2,"enemies":"Jaw Worm","floor":5,"turns":4},{"damage":23,"enemies":"Gremlin Nob","floor":7,"turns":4},{"damage":0,"enemies":"3 Louse","floor":8,"turns":3},{"damage":8,"enemies":"Blue Slaver","floor":9,"turns":3},{"damage":11,"enemies":"2 Fungi Beasts","floor":11,"turns":4},{"damage":3,"enemies":"Large Slime","floor":14,"turns":6},{"damage":58,"enemies":"Hexaghost","floor":17,"turns":16}],"seed_played":"-5352873045511385900","potions_obtained":[{"floor":2,"key":"EssenceOfSteel"},{"floor":8,"key":"ColorlessPotion"},{"floor":14,"key":"Fruit Juice"}],"is_trial":false,"path_per_floor":["M","M","?","?","M","R","E","M","M","T","M","?","T","M","$","R","B"],"character_chosen":"HERMIT","items_purchased":["Regen Potion","PanicButton"],"campfire_rested":1,"item_purchase_floors":[15,15],"current_hp_per_floor":[74,74,56,61,59,59,36,36,28,28,19,8,8,12,12,37,0,0],"gold":129,"neow_bonus":"BOSS_RELIC","is_daily":false,"chose_seed":false,"campfire_upgraded":1,"win_rate":0.0,"timestamp":1611809882,"path_taken":["M","?","?","?","M","R","E","M","M","T","?","?","?","M","$","R","BOSS"],"items_purchased_type":["Potion","Card"],"build_version":"2020-12-22","purchased_purges":1,"victory":false,"max_hp_per_floor":[75,75,75,80,80,80,80,80,80,80,80,80,80,85,85,85,85,85],"relic_stats":{"Blood Vial":6,"counters":[9,47],"Golden Idol":27,"Cursed Key":2,"obtain_stats":[{"Blood Vial":10,"Golden Idol":3,"Incense Burner":7,"hermit:RedScarf":13,"Cursed Key":0,"hermit:Momento":0},{"Blood Vial":6,"Golden Idol":2,"Incense Burner":4,"hermit:RedScarf":7,"Cursed Key":0,"hermit:Momento":0},{"Blood Vial":21,"Golden Idol":7,"Incense Burner":15,"hermit:RedScarf":25,"Cursed Key":0,"hermit:Momento":0}]},"card_choices":[{"not_picked":["hermit:BodyArmor","hermit:ItchyTrigger"],"picked":"hermit:Dive","floor":1},{"not_picked":["hermit:HoleUp","hermit:Desperado"],"picked":"hermit:BigShot","floor":2},{"not_picked":["hermit:HighCaliber","hermit:Maintenance"],"picked":"hermit:PistolWhip","floor":5},{"not_picked":["hermit:Vantage","hermit:Misfire"],"picked":"hermit:FromBeyond","floor":7},{"not_picked":["hermit:Roulette","hermit:CalledShot","hermit:Feint"],"picked":"SKIP","floor":8},{"not_picked":["hermit:Horror","hermit:ShadowCloak"],"picked":"hermit:GhostlyPresence","floor":9},{"not_picked":["hermit:CalledShot","hermit:BodyArmor","hermit:Desperado"],"picked":"SKIP","floor":11},{"not_picked":["hermit:Misfire","hermit:Dive","hermit:CalledShot"],"picked":"SKIP","floor":14}],"player_experience":178593,"relics_obtained":[{"floor":7,"key":"Incense Burner"},{"floor":10,"key":"Blood Vial"},{"floor":13,"key":"hermit:RedScarf"}],"event_choices":[{"damage_healed":0,"gold_gain":0,"player_choice":"Take Damage","damage_taken":18,"relics_obtained":["Golden Idol"],"max_hp_gain":0,"max_hp_loss":0,"event_name":"Golden Idol","floor":3,"gold_loss":0},{"damage_healed":0,"gold_gain":0,"player_choice":"Donut","damage_taken":0,"max_hp_gain":5,"max_hp_loss":0,"event_name":"Big Fish","floor":4,"gold_loss":0},{"damage_healed":0,"gold_gain":75,"player_choice":"Gather Gold","damage_taken":11,"max_hp_gain":0,"max_hp_loss":0,"event_name":"World of Goop","floor":12,"gold_loss":0}],"is_beta":false,"boss_relics":[],"items_purged_floors":[15],"is_endless":false,"potions_floor_spawned":[2,8,14],"killed_by":"Hexaghost","ascension_level":5}}