{"host":"0ricjaa7rfq9v76t","time":1611805607,"event":{"mods":["AchievementEnabler","Aspiration","BaseMod","Better Vampires","BetterRewards","Colored Powertips","Downfall","Highlight Path","Hubris","Infinite Spire","Minty Spire (QoL Compilation)","Quick Restart","Rare Cards Sparkle","Relic Sorter","Reliquary","Replay The Spire","StSLib","SuperFastMode","Synergy Search","The Cursed","The Disciple","The Jungle","The Marked","Uncapped"],"gold_per_floor":[109,34,34,49,324,324,351,367,393,393,77,95,95,113,113,244,244,259,45,68,91,91,91,107,107,107,107,107,107,121,145,145,264,264,284,309,309,309,309],"floor_reached":38,"language":"ENG","playtime":2126,"items_purged":["Strike_B","Regret","Regret","Injury"],"score":526,"play_id":"dadeedc8-ce96-4a5b-a3bd-5ca31687b069","local_time":"20210128114647","is_ascension_mode":false,"campfire_choices":[{"data":"Time Bomb","floor":6,"key":"SMITH"},{"floor":13,"key":"REST"},{"floor":15,"key":"REST"},{"floor":23,"key":"REST"},{"floor":25,"key":"REST"},{"floor":27,"key":"REST"},{"data":"White Noise","floor":29,"key":"SMITH"},{"floor":32,"key":"REST"}],"circlet_count":0,"master_deck":["Strike_B","Strike_B+1","Strike_B","Defend_B","Defend_B+1","Defend_B","Defend_B","Zap","Dualcast","Ball Lightning","Conserve Battery","Time Bomb+1","Streamline","Gash+1","White Noise+1","Replay:Dark Deal","Heatsinks","Mirror Shield","hubris:Ukulele","Gash+1","Poisoned Strike","Blind","Biased Cognition","Pain"],"relics":["Cracked Core","infinitespire:Satchel","aspiration:FaultyCoupler","Simple Rune","PreservedInsect","Golden Idol","Membership Card","SacredBark","infinitespire:Lucky Rock","DollysMirror","MutagenicStrength","Replay:Bottled Eggs","ReplayTheSpireMod:ShopPack","WarpedTongs"],"acts_visited":["Exordium","TheCity","TheBeyond"],"potions_floor_usage":[7,7,12,21],"damage_taken":[{"damage":3,"enemies":"2 Louse","floor":1,"turns":3},{"damage":4,"enemies":"Jaw Worm","floor":4,"turns":3},{"damage":21,"enemies":"Lagavulin","floor":7,"turns":5},{"damage":3,"enemies":"Cultist","floor":8,"turns":3},{"damage":3,"enemies":"Blue Slaver","floor":12,"turns":3},{"damage":19,"enemies":"Exordium Thugs","floor":14,"turns":3},{"damage":30,"enemies":"Slime Boss","floor":16,"turns":8},{"damage":31,"enemies":"Shell Parasite","floor":18,"turns":6},{"damage":12,"enemies":"Chosen","floor":20,"turns":5},{"damage":0,"enemies":"Snecko","floor":21,"turns":5},{"damage":21,"enemies":"Snake Plant","floor":24,"turns":2},{"damage":26,"enemies":"Centurion and Healer","floor":30,"turns":10},{"damage":0,"enemies":"Snecko","floor":31,"turns":4},{"damage":68,"enemies":"hubris:MusketHawk","floor":33,"turns":9},{"damage":30,"enemies":"Orb Walker","floor":35,"turns":5},{"damage":29,"enemies":"3 Darklings","floor":36,"turns":7},{"damage":25,"enemies":"Spire Growth","floor":38,"turns":2}],"seed_played":"-2570167078242147708","potions_obtained":[{"floor":1,"key":"ColorlessPotion"},{"floor":4,"key":"Adrenaline Potion"},{"floor":8,"key":"Block Potion"},{"floor":18,"key":"Venom Potion"},{"floor":20,"key":"champ:CounterPotion"},{"floor":30,"key":"Elixir"},{"floor":31,"key":"SteroidPotion"}],"is_trial":false,"path_per_floor":["M","$","?","M","?","R","E","M","T","?","$","M","R","M","R","B",null,"M","$","M","M","?","R","M","R","T","R","AVR","R","M","M","R","B",null,"M","M","?","M"],"character_chosen":"DEFECT","items_purchased":["infinitespire:Satchel","Ball Lightning","Conserve Battery","Membership Card","White Noise","Replay:Dark Deal","infinitespire:Lucky Rock","DollysMirror"],"campfire_rested":6,"item_purchase_floors":[0,0,0,11,11,11,19,19],"current_hp_per_floor":[63,63,63,59,59,59,38,35,35,35,35,32,54,35,57,27,75,44,44,32,32,32,54,33,55,55,75,75,75,49,49,71,3,75,45,16,16,0,0],"gold":309,"neow_bonus":"","is_daily":false,"chose_seed":false,"campfire_upgraded":2,"win_rate":0.0,"timestamp":1611805607,"path_taken":["M","$","?","M","?","R","E","?","T","?","?","M","R","M","R","BOSS","M","$","M","M","?","R","M","R","T","R","AVR","R","M","M","R","BOSS","M","M","?","?"],"items_purchased_type":["Relic","Card","Card","Relic","Card","Card","Relic","Relic"],"build_version":"2020-12-22","purchased_purges":4,"victory":false,"max_hp_per_floor":[75,75,75,75,75,75,75,75,75,75,75,75,75,75,75,75,75,75,75,75,75,75,75,75,75,75,75,75,75,75,75,75,75,75,75,75,75,75,75],"card_choices":[{"not_picked":["Panic Button","BootSequence","Compile Driver"],"picked":"SKIP","floor":1},{"not_picked":["Conserve Battery","Hologram"],"picked":"Time Bomb","floor":4},{"not_picked":["Hologram","Sweeping Beam"],"picked":"Streamline","floor":7},{"not_picked":["FIFO Queue","Stack"],"picked":"Gash","floor":8},{"not_picked":["Compile Driver","BasicCrystalCard"],"picked":"Heatsinks","floor":12},{"not_picked":["Coolheaded","FTL","Cold Snap"],"picked":"SKIP","floor":14},{"not_picked":["Coolheaded","FTL","Cold Snap"],"picked":"SKIP","floor":14},{"not_picked":["Hyperbeam","All For One"],"picked":"Mirror Shield","floor":16},{"not_picked":["BasicCrystalCard","Hologram"],"picked":"hubris:Ukulele","floor":18},{"not_picked":["Beam Cell","Aggregate","Darkness"],"picked":"SKIP","floor":20},{"not_picked":["Hologram","Compile Driver+1","Cold Snap"],"picked":"SKIP","floor":21},{"not_picked":["Rebound","Hologram","Rainbow"],"picked":"SKIP","floor":24},{"not_picked":["The Bomb","HandOfGreed"],"picked":"Poisoned Strike","floor":28},{"not_picked":["Discovery","Flash of Steel"],"picked":"Blind","floor":28},{"not_picked":["Defragment","Auto Shields","Sunder"],"picked":"SKIP","floor":30},{"not_picked":["Darkness+1","Sweeping Beam","Beam Cell"],"picked":"SKIP","floor":31},{"not_picked":["Seek","Amplify"],"picked":"Biased Cognition","floor":33},{"not_picked":["Rebound+1","Steam","ReplaySort+1"],"picked":"SKIP","floor":35},{"not_picked":["Redo","Leap","aspiration:Polymerization"],"picked":"SKIP","floor":36}],"player_experience":222938,"relics_obtained":[{"floor":7,"key":"Simple Rune"},{"floor":9,"key":"PreservedInsect"},{"floor":26,"key":"Replay:Bottled Eggs"}],"event_choices":[{"damage_healed":0,"gold_gain":0,"player_choice":"Box","damage_taken":0,"relics_obtained":["aspiration:FaultyCoupler"],"max_hp_gain":0,"max_hp_loss":0,"event_name":"Big Fish","floor":3,"gold_loss":0,"cards_obtained":["Regret"]},{"damage_healed":0,"gold_gain":275,"player_choice":"Desecrate","damage_taken":0,"max_hp_gain":0,"max_hp_loss":0,"event_name":"Golden Shrine","floor":5,"gold_loss":0,"cards_obtained":["Regret"]},{"damage_healed":0,"gold_gain":0,"player_choice":"Take Wound","damage_taken":0,"relics_obtained":["Golden Idol"],"max_hp_gain":0,"max_hp_loss":0,"event_name":"Golden Idol","floor":10,"gold_loss":0,"cards_obtained":["Injury"]},{"damage_healed":0,"gold_gain":0,"player_choice":"Inject Mutagens","damage_taken":0,"relics_obtained":["MutagenicStrength"],"max_hp_gain":0,"max_hp_loss":0,"event_name":"Drug Dealer","floor":22,"gold_loss":0},{"damage_healed":0,"gold_gain":0,"player_choice":"Rummage","damage_taken":0,"relics_obtained":["WarpedTongs"],"max_hp_gain":0,"max_hp_loss":0,"event_name":"Accursed Blacksmith","floor":37,"gold_loss":0,"cards_obtained":["Pain"]}],"is_beta":false,"boss_relics":[{"not_picked":["Astrolabe","bronze:MakeshiftBattery"],"picked":"SacredBark"},{"not_picked":["hubris:GrandSneckoEye","Snecko Eye","aspiration:FutureDiary"]}],"items_purged_floors":[2,11,19,28],"is_endless":false,"potions_floor_spawned":[1,4,8,18,20,30,31],"killed_by":"Spire Growth","ascension_level":0}}