{"host":"yd6hhqps9de4qmof","time":1611852459,"event":{"mods":["BaseMod","Downfall","Hermit","Highlight Path","Jorbs\u0027s Wanderer Trilogy","Minty Spire (QoL Compilation)","Relic Stats","Robot Space Explorer","Shade Mod","StSLib","The Cursed","The Disciple","The Marked","The Servant 0.9.4"],"gold_per_floor":[212,223,24,24,36,36,64,75,75,92,110,110,130,140,140,236,236,252,252,252,252,272,301,301,301,301,301,317,317,351,57,57,154,154,168,185,185,185,185,216,216,246,246,265,26,43,55,89,89,89],"floor_reached":51,"language":"ENG","playtime":2223,"items_purged":["Parasite"],"score":1053,"play_id":"09534da9-e65e-4ed1-80f8-682d6fdd6e3f","local_time":"20210128174739","is_ascension_mode":true,"campfire_choices":[{"data":"RobotSpaceExplorer:ShovelStrike","floor":6,"key":"SMITH"},{"data":"RobotSpaceExplorer:Fix","floor":12,"key":"SMITH"},{"data":"RobotSpaceExplorer:PowerGlove","floor":15,"key":"SMITH"},{"data":"RobotSpaceExplorer:Accelerator","floor":25,"key":"SMITH"},{"data":"RobotSpaceExplorer:Jetpack","floor":27,"key":"SMITH"},{"data":"RobotSpaceExplorer:PowerCollector","floor":29,"key":"SMITH"},{"floor":32,"key":"REST"},{"data":"RobotSpaceExplorer:IronShell","floor":41,"key":"SMITH"},{"data":"RobotSpaceExplorer:MiniLasers","floor":49,"key":"SMITH"}],"circlet_count":0,"master_deck":["RobotSpaceExplorer:Strike+1","RobotSpaceExplorer:Strike+1","RobotSpaceExplorer:Strike+1","RobotSpaceExplorer:Defend+1","RobotSpaceExplorer:Defend+1","RobotSpaceExplorer:Defend+1","RobotSpaceExplorer:Scan+1","RobotSpaceExplorer:MiniLasers+1","RobotSpaceExplorer:MiniDrones","RobotSpaceExplorer:GearShield+1","RobotSpaceExplorer:ShovelStrike+1","RobotSpaceExplorer:FrostMissile+1","RobotSpaceExplorer:IronShell+1","RobotSpaceExplorer:PowerGlove+1","RobotSpaceExplorer:Fix+1","RobotSpaceExplorer:Jetpack+1","RobotSpaceExplorer:ScrapToss","RobotSpaceExplorer:LuckyStrike","RobotSpaceExplorer:Probe","RobotSpaceExplorer:Accelerator+1","RitualDagger","RobotSpaceExplorer:MiniDrones+1","RobotSpaceExplorer:PowerCollector+1","RobotSpaceExplorer:PowerCollector+1","Flash of Steel","RobotSpaceExplorer:ScrapMissile+1","RobotSpaceExplorer:Fix+1"],"relics":["RobotSpaceExplorer:TurboCore","Oddly Smooth Stone","Whetstone","White Beast Statue","Busted Crown","RobotSpaceExplorer:RingOfTheNewt","Regal Pillow","War Paint","hexamod:BolsterEngine","Vajra","Happy Flower","Smiling Mask","Pear","Membership Card","HornCleat"],"acts_visited":["Exordium","TheCity","TheBeyond"],"potions_floor_usage":[14,16,23,28,30,33],"damage_taken":[{"damage":0,"enemies":"Small Slimes","floor":1,"turns":3},{"damage":0,"enemies":"Cultist","floor":2,"turns":3},{"damage":0,"enemies":"2 Louse","floor":5,"turns":2},{"damage":30,"enemies":"Gremlin Nob","floor":7,"turns":5},{"damage":0,"enemies":"Exordium Thugs","floor":8,"turns":4},{"damage":0,"enemies":"3 Louse","floor":10,"turns":2},{"damage":0,"enemies":"Blue Slaver","floor":11,"turns":4},{"damage":0,"enemies":"Red Slaver","floor":13,"turns":3},{"damage":0,"enemies":"2 Fungi Beasts","floor":14,"turns":4},{"damage":46,"enemies":"Slime Boss","floor":16,"turns":6},{"damage":0,"enemies":"3 Byrds","floor":18,"turns":4},{"damage":0,"enemies":"2 Thieves","floor":22,"turns":3},{"damage":1,"enemies":"Gremlin Leader","floor":23,"turns":6},{"damage":10,"enemies":"Cultist and Chosen","floor":28,"turns":5},{"damage":30,"enemies":"Slavers","floor":30,"turns":3},{"damage":9,"enemies":"Champ","floor":33,"turns":7},{"damage":0,"enemies":"3 Shapes","floor":35,"turns":4},{"damage":0,"enemies":"Orb Walker","floor":36,"turns":3},{"damage":0,"enemies":"Reptomancer","floor":40,"turns":4},{"damage":0,"enemies":"Giant Head","floor":42,"turns":6},{"damage":0,"enemies":"Writhing Mass","floor":44,"turns":4},{"damage":0,"enemies":"Transient","floor":46,"turns":5},{"damage":0,"enemies":"Maw","floor":47,"turns":5},{"damage":0,"enemies":"Reptomancer","floor":48,"turns":4},{"damage":1,"enemies":"Awakened One","floor":50,"turns":7}],"seed_played":"1280661573923062537","potions_obtained":[{"floor":2,"key":"BlessingOfTheForge"},{"floor":8,"key":"Weak Potion"},{"floor":10,"key":"FearPotion"},{"floor":14,"key":"bronze:BurnAndBuffPotion"},{"floor":16,"key":"Dexterity Potion"},{"floor":23,"key":"Weak Potion"},{"floor":28,"key":"GamblersBrew"},{"floor":30,"key":"SkillPotion"},{"floor":33,"key":"SpeedPotion"},{"floor":40,"key":"DuplicationPotion"},{"floor":46,"key":"Energy Potion"}],"is_trial":false,"path_per_floor":["M","M","$","?","M","R","E","M","T","M","M","R","M","M","R","B",null,"M","?","?","?","M","E","?","R","T","R","M","R","E","$","R","B",null,"M","M","?","?","$","E","R","E","T","M","$","M","M","E","R","B",null],"character_chosen":"RobotSpaceExplorer","items_purchased":["Oddly Smooth Stone","RobotSpaceExplorer:ShovelStrike","hexamod:BolsterEngine","Vajra","Membership Card","Flash of Steel"],"campfire_rested":1,"item_purchase_floors":[3,3,31,31,45,45],"current_hp_per_floor":[75,75,75,75,75,75,45,45,45,45,49,49,55,61,61,21,62,68,68,68,62,68,73,73,73,73,73,65,65,41,41,75,72,74,75,75,75,71,71,71,71,71,81,81,78,78,78,78,78,78],"gold":89,"neow_bonus":"HUNDRED_GOLD","is_daily":false,"chose_seed":false,"campfire_upgraded":8,"win_rate":0.0,"timestamp":1611852459,"path_taken":["M","M","$","?","M","R","E","M","T","M","M","R","M","M","R","BOSS","M","?","?","?","M","E","?","R","T","R","?","R","E","$","R","BOSS","M","M","?","?","?","E","R","E","T","M","$","?","M","E","R","BOSS"],"items_purchased_type":["Relic","Card","Relic","Relic","Relic","Card"],"build_version":"2020-12-22","purchased_purges":1,"victory":true,"max_hp_per_floor":[75,75,75,75,75,75,75,75,75,75,75,75,75,75,75,75,75,75,75,75,75,75,75,75,75,75,75,75,75,75,75,75,75,75,75,75,75,71,71,71,71,71,81,81,78,78,78,78,78,78],"relic_stats":{"Regal Pillow":12,"Busted Crown":28,"Happy Flower":[10],"counters":[25,106],"Whetstone":["RobotSpaceExplorer:Strike","RobotSpaceExplorer:FrostMissile"],"War Paint":["RobotSpaceExplorer:Scan","RobotSpaceExplorer:GearShield"],"Smiling Mask":-12,"obtain_stats":[{"Regal Pillow":26,"Pear":43,"Happy Flower":40,"Oddly Smooth Stone":3,"Vajra":31,"RobotSpaceExplorer:RoboCore":0,"RobotSpaceExplorer:RingOfTheNewt":23,"Whetstone":7,"War Paint":30,"Smiling Mask":42,"White Beast Statue":9,"RobotSpaceExplorer:TurboCore":34,"Busted Crown":17,"HornCleat":48,"Membership Card":45,"hexamod:BolsterEngine":31},{"Regal Pillow":13,"Pear":20,"Happy Flower":19,"Oddly Smooth Stone":2,"Vajra":15,"RobotSpaceExplorer:RoboCore":0,"RobotSpaceExplorer:RingOfTheNewt":13,"Whetstone":4,"War Paint":15,"Smiling Mask":20,"White Beast Statue":5,"RobotSpaceExplorer:TurboCore":16,"Busted Crown":10,"HornCleat":24,"Membership Card":21,"hexamod:BolsterEngine":15},{"Regal Pillow":49,"Pear":81,"Happy Flower":75,"Oddly Smooth Stone":6,"Vajra":57,"RobotSpaceExplorer:RoboCore":0,"RobotSpaceExplorer:RingOfTheNewt":49,"Whetstone":13,"War Paint":57,"Smiling Mask":81,"White Beast Statue":17,"RobotSpaceExplorer:TurboCore":64,"Busted Crown":36,"HornCleat":99,"Membership Card":85,"hexamod:BolsterEngine":57}]},"card_choices":[{"not_picked":["RobotSpaceExplorer:JunkDive","RobotSpaceExplorer:MiniBoosters"],"picked":"RobotSpaceExplorer:MiniDrones","floor":1},{"not_picked":["RobotSpaceExplorer:ImprovisedAttack","RobotSpaceExplorer:Counterblock"],"picked":"RobotSpaceExplorer:GearShield","floor":2},{"not_picked":["RobotSpaceExplorer:ExhaustFan","RobotSpaceExplorer:Discharger"],"picked":"RobotSpaceExplorer:IronShell","floor":5},{"not_picked":["RobotSpaceExplorer:DualCore","RobotSpaceExplorer:ShovelStrike"],"picked":"RobotSpaceExplorer:PowerGlove","floor":7},{"not_picked":["RobotSpaceExplorer:StunGrenade","RobotSpaceExplorer:MetalStrike"],"picked":"RobotSpaceExplorer:Fix","floor":8},{"not_picked":["RobotSpaceExplorer:LuckyStrike","RobotSpaceExplorer:Counterblock"],"picked":"RobotSpaceExplorer:Jetpack","floor":10},{"not_picked":["RobotSpaceExplorer:SurgingStrike","RobotSpaceExplorer:StunGrenade"],"picked":"RobotSpaceExplorer:ScrapToss","floor":11},{"not_picked":["RobotSpaceExplorer:ShovelStrike","RobotSpaceExplorer:SlimeMissile"],"picked":"RobotSpaceExplorer:LuckyStrike","floor":13},{"not_picked":["RobotSpaceExplorer:Calculate","RobotSpaceExplorer:SurgingShield"],"picked":"RobotSpaceExplorer:Probe","floor":14},{"not_picked":["RobotSpaceExplorer:Exploration","RobotSpaceExplorer:Multitool"],"picked":"RobotSpaceExplorer:Accelerator","floor":16},{"not_picked":["RobotSpaceExplorer:FreezingShield"],"picked":"SKIP","floor":18},{"not_picked":["RobotSpaceExplorer:Counterblock"],"picked":"SKIP","floor":22},{"not_picked":[],"picked":"RobotSpaceExplorer:MiniDrones+1","floor":23},{"not_picked":[],"picked":"RobotSpaceExplorer:PowerCollector","floor":28},{"not_picked":["RobotSpaceExplorer:MakeshiftVolley"],"picked":"SKIP","floor":30},{"not_picked":[],"picked":"RobotSpaceExplorer:PowerCollector+1","floor":35},{"not_picked":["RobotSpaceExplorer:ShockKick"],"picked":"SKIP","floor":36},{"not_picked":["RobotSpaceExplorer:Ammunition"],"picked":"SKIP","floor":40},{"not_picked":["RobotSpaceExplorer:Probe"],"picked":"SKIP","floor":42},{"not_picked":["RobotSpaceExplorer:Ammunition"],"picked":"SKIP","floor":44},{"not_picked":[],"picked":"RobotSpaceExplorer:ScrapMissile+1","floor":46},{"not_picked":[],"picked":"RobotSpaceExplorer:Fix+1","floor":47},{"not_picked":["RobotSpaceExplorer:Ammunition"],"picked":"SKIP","floor":48}],"player_experience":1186203,"relics_obtained":[{"floor":7,"key":"Whetstone"},{"floor":9,"key":"White Beast Statue"},{"floor":23,"key":"RobotSpaceExplorer:RingOfTheNewt"},{"floor":26,"key":"Regal Pillow"},{"floor":30,"key":"War Paint"},{"floor":40,"key":"Happy Flower"},{"floor":42,"key":"Smiling Mask"},{"floor":43,"key":"Pear"},{"floor":48,"key":"HornCleat"}],"event_choices":[{"damage_healed":0,"gold_gain":0,"cards_transformed":["RobotSpaceExplorer:Strike"],"player_choice":"Transformed","damage_taken":0,"max_hp_gain":0,"max_hp_loss":0,"event_name":"Transmorgrifier","floor":4,"gold_loss":0,"cards_obtained":["RobotSpaceExplorer:FrostMissile"]},{"damage_healed":0,"gold_gain":0,"player_choice":"Ignored","damage_taken":0,"max_hp_gain":0,"max_hp_loss":0,"event_name":"Ghosts","floor":19,"gold_loss":0},{"damage_healed":0,"gold_gain":0,"player_choice":"Simplicity","damage_taken":0,"max_hp_gain":0,"max_hp_loss":0,"event_name":"Back to Basics","floor":20,"gold_loss":0,"cards_upgraded":["RobotSpaceExplorer:Strike","RobotSpaceExplorer:Strike","RobotSpaceExplorer:Defend","RobotSpaceExplorer:Defend","RobotSpaceExplorer:Defend","RobotSpaceExplorer:Defend"]},{"damage_healed":0,"gold_gain":0,"player_choice":"Joined the Cult","damage_taken":6,"max_hp_gain":0,"max_hp_loss":0,"event_name":"Nest","floor":21,"gold_loss":0,"cards_obtained":["RitualDagger"]},{"cards_removed":["RobotSpaceExplorer:Defend"],"damage_healed":0,"gold_gain":0,"player_choice":"Card Removal","damage_taken":0,"max_hp_gain":0,"max_hp_loss":0,"event_name":"Wheel of Change","floor":24,"gold_loss":0},{"damage_healed":0,"gold_gain":0,"player_choice":"Ignored","damage_taken":0,"max_hp_gain":0,"max_hp_loss":0,"event_name":"Tomb of Lord Red Mask","floor":37,"gold_loss":0},{"damage_healed":0,"gold_gain":0,"player_choice":"Max HP","damage_taken":0,"max_hp_gain":0,"max_hp_loss":4,"event_name":"Winding Halls","floor":38,"gold_loss":0}],"is_beta":false,"boss_relics":[{"not_picked":["Black Star","Sozu"],"picked":"Busted Crown"},{"not_picked":["SacredBark","SlaversCollar"],"picked":"RobotSpaceExplorer:TurboCore"}],"items_purged_floors":[45],"is_endless":false,"potions_floor_spawned":[2,8,10,11,13,14,16,18,22,23,28,30,33,35,36,40,42,44,46,47,48],"ascension_level":5}}