{"host":"7k2a2omxz3voj5ax","time":1611839183,"event":{"mods":["BaseMod","Marisa£¨ìFÓê¡¡Ä§ÀíÉ³£©","Minty Spire (QoL Compilation)","Quick Restart","Spicy Shops","StSLib","Starting Relic: Pandora\u0027s Box","Yakumo Yukari mod","¡¾ÒÅÎï¿¨ÅÆ¡¿REMEMod","óô»ðÖ¸ÄÏ"],"gold_per_floor":[113,123,123,48,48,66,166,205,205,219,219,219,244,23,44,63,129,79,79,199,199,212,212,236,236,236,143,171,171,253,284,203,231,231,243,259,39,141,141,153,166,166,166,176,193,224,224,258,285,304,9,36,51,51,71,71,71,71,71,71,97,97],"floor_reached":63,"language":"ZHS","playtime":3116,"items_purged":["Pray"],"score":2262,"play_id":"8725078a-8c84-4977-8dce-8aac425f6141","local_time":"20210128220623","is_ascension_mode":true,"campfire_choices":[{"data":"CasketOfStar","floor":9.0,"key":"SMITH"},{"data":"Eruption","floor":11.0,"key":"SMITH"},{"floor":19.0,"key":"RECALL"},{"data":"Adaptation","floor":29.0,"key":"SMITH"}],"circlet_count":0,"master_deck":["Eruption+1","Vigilance+1","Halt+1","ForeignInfluence+1","FlurryOfBlows+1","ClearTheMind+1","CasketOfStar+1","Crescendo+1","LessonLearned+1","Adaptation+1","Ragnarok+1","Adaptation+1","REME_ShortnessOfBreath+1","Fasting2+1","Indignation+1","Madness+1","SpiritShield+1","InnerPeace+1","Vault+1","REME_ShortnessOfBreath+1"],"relics":["PureWater","REME_ComplimentaryCards","NeowsBlessing","Bloody Idol","Mercury Hourglass","Gremlin Horn","Omamori","Orrery","TeardropLocket","REME_LowDesire","Strawberry","Art of War","Enchiridion","TungstenRod","Frozen Egg 2","Torii","Blood Vial","VioletLotus","Bronze Scales","Question Card","TheAbacus","Medical Kit","Thread and Needle","Lizard Tail"],"acts_visited":["Exordium","TheCity","TheBeyond","TheEnding"],"potions_floor_usage":[62,62],"damage_taken":[{"damage":0.0,"enemies":"2 Louse","floor":1.0,"turns":2.0},{"damage":0.0,"enemies":"Jaw Worm","floor":2.0,"turns":1.0},{"damage":0.0,"enemies":"Cultist","floor":6.0,"turns":1.0},{"damage":18.0,"enemies":"3 Sentries","floor":8.0,"turns":6.0},{"damage":16.0,"enemies":"Lots of Slimes","floor":10.0,"turns":2.0},{"damage":0.0,"enemies":"3 Louse","floor":13.0,"turns":1.0},{"damage":0.0,"enemies":"2 Fungi Beasts","floor":15.0,"turns":2.0},{"damage":1.0,"enemies":"Gremlin Gang","floor":16.0,"turns":2.0},{"damage":0.0,"enemies":"Gremlin Nob","floor":17.0,"turns":2.0},{"damage":3.0,"enemies":"The Guardian","floor":20.0,"turns":5.0},{"damage":0.0,"enemies":"2 Thieves","floor":22.0,"turns":1.0},{"damage":6.0,"enemies":"3 Byrds","floor":24.0,"turns":3.0},{"damage":0.0,"enemies":"Gremlin Leader","floor":28.0,"turns":3.0},{"damage":0.0,"enemies":"Slavers","floor":31.0,"turns":1.0},{"damage":0.0,"enemies":"REME_1_Revenger","floor":33.0,"turns":2.0},{"damage":0.0,"enemies":"Cultist and Chosen","floor":35.0,"turns":2.0},{"damage":13.0,"enemies":"Centurion and Healer","floor":36.0,"turns":3.0},{"damage":26.0,"enemies":"Champ","floor":38.0,"turns":5.0},{"damage":10.0,"enemies":"Orb Walker","floor":40.0,"turns":4.0},{"damage":0.0,"enemies":"3 Darklings","floor":41.0,"turns":3.0},{"damage":17.0,"enemies":"Spire Growth","floor":44.0,"turns":2.0},{"damage":8.0,"enemies":"Transient","floor":45.0,"turns":5.0},{"damage":0.0,"enemies":"Reptomancer","floor":46.0,"turns":2.0},{"damage":0.0,"enemies":"Nemesis","floor":48.0,"turns":1.0},{"damage":0.0,"enemies":"4 Shapes","floor":50.0,"turns":1.0},{"damage":0.0,"enemies":"Giant Head","floor":52.0,"turns":2.0},{"damage":0.0,"enemies":"Jaw Worm Horde","floor":53.0,"turns":2.0},{"damage":0.0,"enemies":"Spire Growth","floor":55.0,"turns":3.0},{"damage":0.0,"enemies":"Awakened One","floor":57.0,"turns":2.0},{"damage":0,"enemies":"Shield and Spear","floor":61,"turns":2},{"damage":0,"enemies":"The Heart","floor":62,"turns":5}],"seed_played":"-2418155099314083220","potions_obtained":[{"floor":10.0,"key":"Swift Potion"},{"floor":13.0,"key":"Strength Potion"},{"floor":17.0,"key":"SteroidPotion"},{"floor":24.0,"key":"SpeedPotion"},{"floor":28.0,"key":"LiquidBronze"},{"floor":31.0,"key":"SkillPotion"},{"floor":44.0,"key":"PowerPotion"},{"floor":45.0,"key":"AttackPotion"},{"floor":50.0,"key":"FairyPotion"}],"is_trial":false,"path_per_floor":["M","M","?","$","?","M","?","E","R","M","R","T","M","$","M","M","?","?","R","B",null,"M","?","M","?","?","R","E","R","T","E","R","E","$","M","M","R","B",null,"M","M","?","?","M","M","E","R","E","T","M","R","E","M","$","M","R","B",null,"R","$","E","B",null],"character_chosen":"WATCHER","items_purchased":["Omamori","Orrery","REME_ShortnessOfBreath","Indignation","Madness","TheAbacus","Medical Kit"],"campfire_rested":0,"item_purchase_floors":[14,14,27,32,37,51,51],"current_hp_per_floor":[65,65,65,65,52,52,52,34,34,18,18,18,18,18,18,17,17,17,17,14,61,61,66,60,60,44,44,49,49,54,59,59,64,64,71,65,65,46,67,64,71,71,71,61,60,67,67,74,74,74,74,74,74,74,74,74,74,74,74,74,74,74],"gold":97,"neow_bonus":"THREE_ENEMY_KILL","is_daily":false,"chose_seed":false,"campfire_upgraded":3,"win_rate":0.0,"timestamp":1611839183,"path_taken":["M","M","?","$","?","M","?","E","R","M","R","T","?","?","M","M","?","?","R","BOSS","M","?","?","?","?","R","E","R","T","E","R","E","?","M","?","R","BOSS","M","M","?","?","M","M","E","R","E","T","M","R","E","M","$","M","R","BOSS","R","$","E","BOSS"],"items_purchased_type":["Relic","Relic","Card","Card","Card","Relic","Relic"],"build_version":"2020-12-22","purchased_purges":1,"victory":true,"max_hp_per_floor":[72,72,67,67,67,67,67,67,67,67,67,67,67,67,67,67,67,67,67,67,74,74,74,74,74,74,74,74,74,74,74,74,74,74,74,74,74,74,74,74,74,74,74,74,74,74,74,74,74,74,74,74,74,74,74,74,74,74,74,74,74,74],"card_choices":[{"not_picked":["ThirdEye","Wireheading","JustLucky"],"picked":"SKIP","floor":1.0},{"not_picked":["Pray","Sanctity","Collect"],"picked":"SKIP","floor":2.0},{"not_picked":["PathToVictory","Study","REME_Repentance"],"picked":"SKIP","floor":6.0},{"not_picked":["Protect","Pray","CutThroughFate"],"picked":"SKIP","floor":8.0},{"not_picked":["ThirdEye","CrushJoints"],"picked":"Crescendo","floor":10.0},{"not_picked":["BattleHymn","CutThroughFate","Prostrate"],"picked":"SKIP","floor":13.0},{"not_picked":["Study","REME_Repentance"],"picked":"LessonLearned","floor":14.0},{"not_picked":["ForeignInfluence","FlurryOfBlows"],"picked":"Adaptation","floor":15.0},{"not_picked":["REME_Repentance","Protect","BowlingBash"],"picked":"SKIP","floor":16.0},{"not_picked":["LessonLearned","DeusExMachina"],"picked":"Ragnarok","floor":20.0},{"not_picked":["BattleHymn+1","Prostrate","Halt","REME_MagicPocketWatch+1"],"picked":"SKIP","floor":22.0},{"not_picked":["FollowUp","FearNoEvil","Mayhem"],"picked":"Adaptation","floor":24.0},{"not_picked":["ForeignInfluence","Swivel","REME_EyeOfCthun"],"picked":"Fasting2","floor":28.0},{"not_picked":["Wireheading+1","EmptyBody","BattleHymn+1","Good Instincts"],"picked":"SKIP","floor":31.0},{"not_picked":["Worship","REME_WorshipGod","EmptyBody+1","The Bomb"],"picked":"SKIP","floor":33.0},{"not_picked":["SashWhip+1","Conclude","WaveOfTheHand+1","Flash of Steel"],"picked":"SKIP","floor":35.0},{"not_picked":["Collect","EmptyMind","EmptyFist","Master of Strategy"],"picked":"SKIP","floor":36.0},{"not_picked":["Devotion+1","DeusExMachina","Enlightenment"],"picked":"SpiritShield","floor":38.0},{"not_picked":["Fasting2+1","CutThroughFate+1","Vengeance","Madness"],"picked":"SKIP","floor":40.0},{"not_picked":["CrushJoints","EmptyBody","DeceiveReality","Discovery+1"],"picked":"SKIP","floor":41.0},{"not_picked":["CutThroughFate+1","CrushJoints+1","SashWhip+1","Blind+1"],"picked":"SKIP","floor":44.0},{"not_picked":["Crescendo+1","Swivel+1","FollowUp+1","Transmutation"],"picked":"SKIP","floor":45.0},{"not_picked":["Sanctity","Evaluate+1","CutThroughFate+1","Sadistic Nature+1"],"picked":"SKIP","floor":46.0},{"not_picked":["Crescendo","PathToVictory+1","Bandage Up"],"picked":"InnerPeace","floor":48.0},{"not_picked":["Brilliance","REME_Repentance+1","Wireheading+1","Perseverance","Mayhem+1"],"picked":"SKIP","floor":50.0},{"not_picked":["Evaluate","Consecrate","BowlingBash","FlurryOfBlows+1","Swift Strike+1"],"picked":"SKIP","floor":52.0},{"not_picked":["Consecrate","Nirvana+1","SignatureMove+1","Chrysalis"],"picked":"Vault","floor":53.0},{"not_picked":["Pray+1","Fasting2+1","FollowUp","ThirdEye+1"],"picked":"REME_ShortnessOfBreath+1","floor":55.0},{"not_picked":["WheelKick+1","Collect+1","EmptyBody","Evaluate+1","Forethought"],"picked":"SKIP","floor":61}],"player_experience":262692,"relics_obtained":[{"floor":8.0,"key":"Mercury Hourglass"},{"floor":12.0,"key":"Gremlin Horn"},{"floor":21.0,"key":"Strawberry"},{"floor":21.0,"key":"Art of War"},{"floor":26.0,"key":"Enchiridion"},{"floor":28.0,"key":"TungstenRod"},{"floor":30.0,"key":"Frozen Egg 2"},{"floor":31.0,"key":"Torii"},{"floor":33.0,"key":"Blood Vial"},{"floor":46.0,"key":"Bronze Scales"},{"floor":48.0,"key":"Question Card"},{"floor":52.0,"key":"Thread and Needle"},{"floor":61,"key":"Lizard Tail"}],"event_choices":[{"damage_healed":0.0,"max_hp_gain":0.0,"max_hp_loss":5.0,"gold_gain":0.0,"event_name":"Golden Idol","player_choice":"Lose Max HP","floor":3.0,"gold_loss":0.0,"damage_taken":0.0,"relics_obtained":["Golden Idol"]},{"damage_healed":0.0,"max_hp_gain":0.0,"max_hp_loss":0.0,"gold_gain":0.0,"event_name":"Shining Light","player_choice":"Entered Light","floor":5.0,"gold_loss":0.0,"damage_taken":13.0,"cards_upgraded":["EmptyFist","ForeignInfluence"]},{"damage_healed":0.0,"max_hp_gain":0.0,"max_hp_loss":0.0,"gold_gain":100.0,"event_name":"Golden Shrine","player_choice":"Pray","floor":7.0,"gold_loss":0.0,"damage_taken":0.0},{"damage_healed":0.0,"max_hp_gain":0.0,"max_hp_loss":0.0,"gold_gain":30.0,"event_name":"Dead Adventurer","player_choice":"Searched \u00273\u0027 times","floor":17.0,"gold_loss":0.0,"damage_taken":0.0,"relics_obtained":["TeardropLocket"]},{"cards_removed":["Prostrate"],"damage_healed":0.0,"max_hp_gain":0.0,"max_hp_loss":0.0,"gold_gain":0.0,"event_name":"The Cleric","player_choice":"Card Removal","floor":18.0,"gold_loss":50.0,"damage_taken":0.0},{"cards_removed":["EmptyFist"],"damage_healed":5.0,"max_hp_gain":0.0,"max_hp_loss":0.0,"gold_gain":0.0,"event_name":"Bonfire Elementals","player_choice":"Offered Common","floor":23.0,"gold_loss":0.0,"damage_taken":0.0},{"cards_removed":["EmptyFist"],"damage_healed":5.0,"max_hp_gain":0.0,"max_hp_loss":0.0,"gold_gain":0.0,"event_name":"Bonfire Elementals","player_choice":"Offered Special","floor":23.0,"gold_loss":0.0,"damage_taken":0.0},{"damage_healed":0.0,"max_hp_gain":0.0,"max_hp_loss":0.0,"gold_gain":0.0,"event_name":"Forgotten Altar","player_choice":"Gave Idol","floor":25.0,"relics_lost":["Golden Idol"],"gold_loss":0.0,"damage_taken":0.0,"relics_obtained":["Bloody Idol"]},{"damage_healed":0.0,"max_hp_gain":0.0,"max_hp_loss":0.0,"gold_gain":0.0,"event_name":"Cursed Tome","player_choice":"Obtained Book","floor":26.0,"gold_loss":0.0,"damage_taken":16.0},{"damage_healed":0.0,"max_hp_gain":0.0,"max_hp_loss":0.0,"gold_gain":0.0,"event_name":"Tomb of Lord Red Mask","player_choice":"Ignored","floor":42.0,"gold_loss":0.0,"damage_taken":0.0},{"cards_removed":["ClearTheMind"],"damage_healed":0.0,"max_hp_gain":0.0,"max_hp_loss":0.0,"gold_gain":0.0,"event_name":"Falling","player_choice":"Removed Skill","floor":43.0,"gold_loss":0.0,"damage_taken":0.0}],"is_beta":false,"boss_relics":[{"not_picked":["Cursed Key","SlaversCollar"],"picked":"REME_LowDesire"},{"not_picked":["Busted Crown","Philosopher\u0027s Stone"],"picked":"VioletLotus"}],"items_purged_floors":[4],"is_endless":false,"potions_floor_spawned":[10,13,17,24,28,31,44,45,48,50,52,53],"ascension_level":9}}