{"host":"sav7uxregyirlf69","time":1611819147,"event":{"mods":["AchievementEnabler","BaseMod","Colored Map","DeckTracker","Keyboard Shortcuts","Minty Spire (QoL Compilation)","READ ME - Guardian Mod","StSLib","SuperFastMode"],"gold_per_floor":[15,15,29,29,43,83,83,106,129,73,94,107,126,126,126,126,126],"floor_reached":16,"language":"KOR","playtime":237,"items_purged":[],"score":208,"play_id":"e008a8d2-afd3-4654-aaa4-91c696540396","local_time":"20210128163227","is_ascension_mode":true,"campfire_choices":[{"data":"Noxious Fumes","floor":7,"key":"SMITH"},{"floor":15,"key":"REST"}],"circlet_count":0,"master_deck":["AscendersBane","Strike_G","Strike_G","Strike_G","Strike_G","Strike_G","Defend_G","Defend_G","Defend_G","Defend_G","Defend_G","Survivor","Neutralize","Die Die Die+1","Noxious Fumes+1","Blade Dance","Backflip","Accuracy"],"relics":["Ring of the Snake","Golden Idol","Strawberry","Centennial Puzzle"],"acts_visited":["Exordium"],"potions_floor_usage":[6,12,13],"damage_taken":[{"damage":0,"enemies":"2 Louse","floor":1,"turns":2},{"damage":2,"enemies":"Small Slimes","floor":3,"turns":3},{"damage":1,"enemies":"Jaw Worm","floor":5,"turns":3},{"damage":33,"enemies":"Lagavulin","floor":6,"turns":7},{"damage":28,"enemies":"Exordium Thugs","floor":8,"turns":6},{"damage":0,"enemies":"Lots of Slimes","floor":11,"turns":1},{"damage":0,"enemies":"Exordium Wildlife","floor":12,"turns":5},{"damage":0,"enemies":"2 Fungi Beasts","floor":13,"turns":3},{"damage":23,"enemies":"Slime Boss","floor":16,"turns":3}],"seed_played":"8146166133041724683","potions_obtained":[{"floor":1,"key":"AttackPotion"},{"floor":5,"key":"Energy Potion"},{"floor":12,"key":"EssenceOfSteel"}],"is_trial":false,"path_per_floor":["M","?","M","?","M","E","R","M","T","$","M","M","M","?","R","B"],"character_chosen":"THE_SILENT","items_purchased":["Block Potion"],"campfire_rested":1,"item_purchase_floors":[10],"current_hp_per_floor":[59,59,57,57,56,30,30,2,2,2,2,2,2,2,22,0,0],"gold":126,"neow_bonus":"THREE_RARE_CARDS","is_daily":false,"chose_seed":false,"campfire_upgraded":1,"win_rate":0.0,"timestamp":1611819147,"path_taken":["M","?","M","?","M","E","R","M","T","$","M","M","M","?","R","BOSS"],"items_purchased_type":["Potion"],"build_version":"2020-12-22","purchased_purges":0,"victory":false,"max_hp_per_floor":[66,66,66,60,60,67,67,67,67,67,67,67,67,67,67,67,67],"card_choices":[{"not_picked":["Unload","Corpse Explosion"],"picked":"Die Die Die","floor":0},{"not_picked":["Backflip","Catalyst"],"picked":"Noxious Fumes","floor":1},{"not_picked":["Prepared","Bane","Sucker Punch"],"picked":"SKIP","floor":3},{"not_picked":["Deflect","Dodge and Roll"],"picked":"Blade Dance","floor":5},{"not_picked":["Endless Agony","Acrobatics","All Out Attack"],"picked":"SKIP","floor":6},{"not_picked":["Quick Slash","Infinite Blades"],"picked":"Backflip","floor":8},{"not_picked":["Bane","Deflect","Prepared"],"picked":"SKIP","floor":11},{"not_picked":["Bouncing Flask","Blade Dance"],"picked":"Accuracy","floor":12},{"not_picked":["Deadly Poison","Bane","Backflip"],"picked":"SKIP","floor":13}],"player_experience":1414959,"relics_obtained":[{"floor":6,"key":"Strawberry"},{"floor":9,"key":"Centennial Puzzle"}],"event_choices":[{"damage_healed":0,"gold_gain":0,"player_choice":"Grow","damage_taken":0,"max_hp_gain":0,"max_hp_loss":0,"event_name":"Living Wall","floor":2,"gold_loss":0,"cards_upgraded":["Die Die Die"]},{"damage_healed":0,"gold_gain":0,"player_choice":"Lose Max HP","damage_taken":0,"relics_obtained":["Golden Idol"],"max_hp_gain":0,"max_hp_loss":6,"event_name":"Golden Idol","floor":4,"gold_loss":0},{"damage_healed":0,"gold_gain":0,"player_choice":"Ignored","damage_taken":0,"max_hp_gain":0,"max_hp_loss":0,"event_name":"Liars Game","floor":14,"gold_loss":0}],"is_beta":false,"boss_relics":[],"items_purged_floors":[],"is_endless":false,"potions_floor_spawned":[1,5,12],"killed_by":"Slime Boss","ascension_level":20}}