{"host":"czen9m7c7ttmirt2","time":1611825359,"event":{"mods":["AchievementEnabler","Aspiration","BaseMod","Better Third Choice","Colored Map","Colored Powertips","Conspire","Hubris","Minty Spire (QoL Compilation)","Replay The Spire","StSLib"],"gold_per_floor":[109,175,140,40,55,55,85,85,85,95,111,135,135,147,147,250,250,238,252,252,267,186,186,201,201,201,201,234,234,247,264,264,361,361,374,69,69,69,82,114,114,114,114],"floor_reached":42,"language":"ENG","playtime":1916,"items_purged":[],"score":515,"play_id":"1a0b493f-0427-4ec4-906e-d3a2de9b6b78","local_time":"20210128031559","is_ascension_mode":true,"campfire_choices":[{"floor":6.0,"key":"RECALL"},{"floor":8.0,"key":"REST"},{"floor":13,"key":"REST"},{"floor":23,"key":"REST"},{"floor":25,"key":"REST"},{"data":"1","floor":29,"key":"LIFT"},{"floor":32,"key":"REST"},{"floor":41,"key":"REST"}],"circlet_count":0,"master_deck":["Strike_B","Strike_B","Strike_B","Defend_B","Defend_B","Defend_B","Defend_B","Zap","Dualcast","BootSequence","Heatsinks","Ghostly","Capacitor","Redo","Leap","Conserve Battery","Lockon","Ball Lightning","Heatsinks","Thunder Strike","Ball Lightning","Defragment","Rainbow","Redo","Parasite","Sweeping Beam","Glacier","Rebound","Conserve Battery+1","Compile Driver","Consume","Glacier+1","BasicCrystalCard","Machine Learning","Ball Lightning+1","Coolheaded+1","Echo Form","Time Bomb","Coolheaded","hubris:Ukulele+1"],"relics":["Cracked Core","aspiration:Nostalgia","Ring of the Snake","aspiration:ArtOfWarUpgrade","hubris:BundleOfHerbs","Prayer Wheel","aspiration:BursterCore","Girya","conspire:GlowingRock","Red Mask","Black Star","Juzu Bracelet","Vajra","hubris:CuriousFeather"],"acts_visited":["Exordium","TheCity","TheBeyond"],"potions_floor_usage":[16,33,33,39],"damage_taken":[{"damage":0.0,"enemies":"2 Louse","floor":1.0,"turns":1.0},{"damage":0.0,"enemies":"Jaw Worm","floor":5.0,"turns":4.0},{"damage":69.0,"enemies":"Gremlin Nob","floor":7.0,"turns":6.0},{"damage":1,"enemies":"conspire:RoseBush","floor":10,"turns":3},{"damage":2,"enemies":"Looter","floor":11,"turns":4},{"damage":0,"enemies":"3 Louse","floor":14,"turns":4},{"damage":41,"enemies":"Hexaghost","floor":16,"turns":11},{"damage":7,"enemies":"2 Thieves","floor":18,"turns":4},{"damage":36,"enemies":"conspire:FuzzyDice","floor":19,"turns":6},{"damage":12,"enemies":"Snake Plant","floor":21,"turns":4},{"damage":2,"enemies":"conspire:HollyBat","floor":24,"turns":10},{"damage":18,"enemies":"Masked Bandits","floor":28,"turns":4},{"damage":25,"enemies":"Sentry and Sphere","floor":30,"turns":7},{"damage":7,"enemies":"Centurion and Healer","floor":31,"turns":5},{"damage":31,"enemies":"hubris:MusketHawk","floor":33,"turns":9},{"damage":16,"enemies":"3 Shapes","floor":35,"turns":5},{"damage":12,"enemies":"3 Darklings","floor":39,"turns":6},{"damage":44,"enemies":"Nemesis","floor":40,"turns":5},{"damage":33,"enemies":"Reptomancer","floor":42,"turns":2}],"seed_played":"-1198471500726006732","potions_obtained":[{"floor":1.0,"key":"SkillPotion"},{"floor":2.0,"key":"Adrenaline Potion"},{"floor":2.0,"key":"ColorlessPotion"},{"floor":10,"key":"Elixir"},{"floor":16,"key":"LiquidBronze"},{"floor":28,"key":"Block Potion"},{"floor":33,"key":"Fire Potion"},{"floor":40,"key":"Ancient Potion"}],"is_trial":false,"path_per_floor":["M","?","?","?","M","R","E","R","T","M","M","T","R","M","R","B",null,"M","M","?","M","$","R","M","R","T","R","?","R","M","M","R","B",null,"M","$","?","?","M","E","R","E"],"character_chosen":"DEFECT","items_purchased":["Glacier","Echo Form","Juzu Bracelet"],"campfire_rested":6,"item_purchase_floors":[22,36,36],"current_hp_per_floor":[75,57,75,75,75,75,6,28,28,38,36,36,58,58,58,17,75,68,32,32,25,25,47,45,67,67,67,49,49,24,17,39,59,75,59,59,59,59,47,3,24,0,0],"gold":114,"neow_bonus":"NOSTALGIA","is_daily":false,"chose_seed":false,"campfire_upgraded":0,"win_rate":0.0,"timestamp":1611825359,"path_taken":["M","?","?","?","M","R","E","R","T","M","M","?","R","M","R","BOSS","M","M","?","M","$","R","M","R","T","R","?","R","M","M","R","BOSS","M","$","?","?","M","E","R","E"],"items_purchased_type":["Card","Card","Relic"],"build_version":"2020-12-22","purchased_purges":0,"victory":false,"max_hp_per_floor":[75,75,75,75,75,75,75,75,75,75,75,75,75,75,75,75,75,75,75,75,75,75,75,75,75,75,75,75,75,75,75,75,75,75,75,75,75,71,71,71,71,71,71],"card_choices":[{"not_picked":["Cold Snap","Ball Lightning"],"picked":"BootSequence","floor":1.0},{"not_picked":["Streamline","Rebound"],"picked":"Heatsinks","floor":2.0},{"not_picked":["Go for the Eyes","Redo"],"picked":"Capacitor","floor":5.0},{"not_picked":["ReplayTheSpireMod:Calculation Training","Panic Button"],"picked":"ReplayTheSpireMod:Fabricate Wheel","floor":7.0},{"not_picked":["Gash","Compile Driver"],"picked":"Redo","floor":10},{"not_picked":["Turbo","Static Discharge"],"picked":"Leap","floor":10},{"not_picked":["Gash","Streamline"],"picked":"Conserve Battery","floor":11},{"not_picked":["Turbo","Static Discharge"],"picked":"Lockon","floor":11},{"not_picked":["Multi-Cast","Coolheaded"],"picked":"Ball Lightning","floor":14},{"not_picked":["Panic Button","Turbo"],"picked":"Heatsinks","floor":14},{"not_picked":["Buffer","Biased Cognition"],"picked":"Thunder Strike","floor":16},{"not_picked":["FIFO Queue","Coolheaded"],"picked":"Ball Lightning","floor":18},{"not_picked":["Auto Shields","BasicCrystalCard"],"picked":"Defragment","floor":18},{"not_picked":["Ball Lightning","Beam Cell+1"],"picked":"Rainbow","floor":19},{"not_picked":["aspiration:Polymerization","conspire:SharedLibrary"],"picked":"Redo","floor":19},{"not_picked":["Panic Button+1","Barrage"],"picked":"Sweeping Beam","floor":21},{"not_picked":["Genetic Algorithm+1","Blizzard","Beam Cell"],"picked":"SKIP","floor":21},{"not_picked":["Beam Cell","Barrage"],"picked":"Rebound","floor":24},{"not_picked":["Compile Driver","Gash","Streamline"],"picked":"SKIP","floor":24},{"not_picked":["All For One","Steam"],"picked":"Conserve Battery+1","floor":28},{"not_picked":["BasicCrystalCard","Redo"],"picked":"Compile Driver","floor":30},{"not_picked":["Steam","Conserve Battery"],"picked":"Consume","floor":30},{"not_picked":["FIFO Queue","Streamline+1"],"picked":"Glacier+1","floor":31},{"not_picked":["Compile Driver","Turbo"],"picked":"BasicCrystalCard","floor":31},{"not_picked":["Biased Cognition","Thunder Strike"],"picked":"Machine Learning","floor":33},{"not_picked":["Conserve Battery+1","ReplayTheSpireMod:GoodbyeWorld+1"],"picked":"Ball Lightning+1","floor":35},{"not_picked":["Conserve Battery+1","Hologram+1"],"picked":"Coolheaded+1","floor":35},{"not_picked":["Force Field+1","Hello World"],"picked":"Time Bomb","floor":39},{"not_picked":["Beam Cell","Genetic Algorithm"],"picked":"Coolheaded","floor":39},{"not_picked":["Scrape+1","Aggregate"],"picked":"hubris:Ukulele+1","floor":40}],"player_experience":206748,"relics_obtained":[{"floor":7.0,"key":"Art of War"},{"floor":9,"key":"hubris:BundleOfHerbs"},{"floor":26,"key":"conspire:GlowingRock"},{"floor":28,"key":"Red Mask"},{"floor":40,"key":"Vajra"},{"floor":40,"key":"hubris:CuriousFeather"}],"event_choices":[{"damage_healed":18.0,"max_hp_gain":0.0,"max_hp_loss":0.0,"gold_gain":0.0,"event_name":"The Cleric","player_choice":"Healed","floor":3.0,"gold_loss":35.0,"damage_taken":0.0},{"damage_healed":0.0,"max_hp_gain":0.0,"max_hp_loss":0.0,"gold_gain":0.0,"event_name":"conspire:LoneGhost","player_choice":"Argue","floor":4.0,"gold_loss":0.0,"damage_taken":0.0},{"damage_healed":0,"gold_gain":0,"player_choice":"Fought Bandits","damage_taken":0,"max_hp_gain":0,"max_hp_loss":0,"event_name":"Masked Bandits","floor":28,"gold_loss":0},{"cards_removed":["Strike_B"],"damage_healed":0,"gold_gain":0,"player_choice":"Removed Attack","damage_taken":0,"max_hp_gain":0,"max_hp_loss":0,"event_name":"Falling","floor":37,"gold_loss":0},{"damage_healed":0,"gold_gain":0,"player_choice":"Max HP","damage_taken":0,"max_hp_gain":0,"max_hp_loss":4,"event_name":"Winding Halls","floor":38,"gold_loss":0}],"is_beta":false,"boss_relics":[{"not_picked":["Empty Cage","SacredBark"],"picked":"aspiration:BursterCore"},{"not_picked":["aspiration:WatcherSkillbook","conspire:SeveredTorchhead"],"picked":"Black Star"}],"items_purged_floors":[],"is_endless":false,"potions_floor_spawned":[1,7,10,11,16,24,28,33,40],"killed_by":"Reptomancer","ascension_level":3}}