{"host":"u8jm3mkzbb0z8q6m","time":1611873088,"event":{"mods":["BaseMod","Colored Powertips","Minty Spire (QoL Compilation)","Quick Restart","Replay The Spire","StSLib","¡¾ÒÅÎï¿¨ÅÆ¡¿REMEMod"],"gold_per_floor":[109,109,132,132,132,132,207,241,241,241,261,280,280,294,294,294,294],"floor_reached":16,"language":"ZHS","playtime":607,"items_purged":[],"score":125,"play_id":"1a958062-a24d-4155-88f6-cf3bfcbbd3a3","local_time":"20210129073128","is_ascension_mode":false,"campfire_choices":[{"data":"Die Die Die","floor":6,"key":"SMITH"},{"floor":10,"key":"REST"},{"data":"Panacea","floor":15,"key":"SMITH"}],"circlet_count":0,"master_deck":["Strike_R","Strike_R","Strike_R","Strike_R+1","Strike_R+1","Defend_R","Defend_R","Defend_R","Defend_R+1","Bash","Die Die Die+1","ReplayTheSpireMod:Strike From Hell+1","Bloodletting","Perfected Strike","Warcry","Pommel Strike","Panacea+1","Bash","Shame","Clash"],"relics":["Burning Blood","REME_ComplimentaryCards","NeowsBlessing","Golden Idol","Another Sword","Gremlin Food"],"acts_visited":["Exordium"],"potions_floor_usage":[],"damage_taken":[{"damage":0,"enemies":"2 Louse","floor":1,"turns":2},{"damage":0,"enemies":"Jaw Worm","floor":3,"turns":1},{"damage":0,"enemies":"3 Sentries","floor":8,"turns":1},{"damage":0,"enemies":"Small Slimes","floor":11,"turns":1},{"damage":0,"enemies":"2 Fungi Beasts","floor":12,"turns":1},{"damage":10,"enemies":"Exordium Wildlife","floor":14,"turns":3},{"damage":76,"enemies":"The Guardian","floor":16,"turns":8}],"seed_played":"2012832886389877709","potions_obtained":[{"floor":1,"key":"Doom Potion"},{"floor":12,"key":"Adrenaline Potion"},{"floor":14,"key":"ColorlessPotion"}],"is_trial":false,"path_per_floor":["M","?","M","?","?","R","?","E","T","R","M","M","?","M","R","B"],"character_chosen":"IRONCLAD","items_purchased":[],"campfire_rested":1,"item_purchase_floors":[],"current_hp_per_floor":[80,60,66,50,50,50,39,45,45,69,75,80,80,76,76,0,0],"gold":294,"neow_bonus":"THREE_ENEMY_KILL","is_daily":false,"chose_seed":false,"campfire_upgraded":2,"win_rate":0.0,"timestamp":1611873088,"path_taken":["M","?","M","?","?","R","?","E","T","R","?","M","?","M","R","BOSS"],"items_purchased_type":[],"build_version":"2020-12-22","purchased_purges":0,"victory":false,"max_hp_per_floor":[80,80,80,80,80,80,80,80,80,80,80,80,80,80,80,80,80],"card_choices":[{"not_picked":["Headbutt","Perfected Strike"],"picked":"ReplayTheSpireMod:Strike From Hell","floor":1},{"not_picked":["Clothesline","Run Through"],"picked":"Bloodletting","floor":3},{"not_picked":["Dark Embrace","Fire Breathing"],"picked":"Perfected Strike","floor":8},{"not_picked":["Wild Strike","Dark Embrace"],"picked":"Warcry","floor":11},{"not_picked":["ReplayTheSpireMod:LeadingStrike","Bloodletting"],"picked":"Pommel Strike","floor":12},{"not_picked":["Twin Strike","Replay:Many Hands"],"picked":"Clash","floor":14}],"player_experience":20787,"relics_obtained":[{"floor":8,"key":"Another Sword"},{"floor":9,"key":"Gremlin Food"}],"event_choices":[{"damage_healed":0,"gold_gain":0,"player_choice":"Take Damage","damage_taken":20,"relics_obtained":["Golden Idol"],"max_hp_gain":0,"max_hp_loss":0,"event_name":"Golden Idol","floor":2,"gold_loss":0},{"damage_healed":0,"gold_gain":0,"player_choice":"Entered Light","damage_taken":16,"max_hp_gain":0,"max_hp_loss":0,"event_name":"Shining Light","floor":4,"gold_loss":0,"cards_upgraded":["ReplayTheSpireMod:Strike From Hell","Strike_R"]},{"damage_healed":0,"gold_gain":75,"player_choice":"Gather Gold","damage_taken":11,"max_hp_gain":0,"max_hp_loss":0,"event_name":"World of Goop","floor":7,"gold_loss":0},{"damage_healed":0,"gold_gain":0,"player_choice":"3 cards matched","damage_taken":0,"max_hp_gain":0,"max_hp_loss":0,"event_name":"Match and Keep!","floor":13,"gold_loss":0,"cards_obtained":["Panacea","Bash","Shame"]}],"is_beta":false,"boss_relics":[],"items_purged_floors":[],"is_endless":false,"potions_floor_spawned":[1,12,14],"killed_by":"The Guardian","ascension_level":0}}