{"host":"8anmd7ibyxevnonj","time":1611835704,"event":{"mods":["BaseMod","Curses Come First","Glutton Mod","Marisa????????","Minty Spire (QoL Compilation)","StSLib","The Cursed","The Marked"],"gold_per_floor":[112,129,161,187,215,257,257,307,333,283,283,369,408,445,457,588,600,645,699,746,284,209,209,56,106,129,154,154,186,217,234,234,350,350,378,139,169,194,194,194,250,250,250,250,290,290],"floor_reached":45,"language":"ENG","playtime":4424,"items_purged":[],"score":577,"play_id":"5de8890e-ce90-4c52-b78d-0d8dbc9b6556","local_time":"20210128130824","is_ascension_mode":false,"campfire_choices":[{"data":"BinaryStars","floor":7,"key":"SMITH"},{"data":"PulseMagic","floor":15,"key":"SMITH"},{"data":"PropBag","floor":23,"key":"SMITH"},{"data":"OortCloud","floor":28,"key":"SMITH"},{"data":"BinaryStars","floor":32,"key":"SMITH"},{"data":"DeepEcoloBomb","floor":40,"key":"SMITH"},{"data":"MillisecondPulsars","floor":42,"key":"SMITH"}],"circlet_count":0,"master_deck":["Strike_MRS","Strike_MRS","Defend_MRS","Defend_MRS","Defend_MRS","Defend_MRS","MasterSpark","UpSweep","DC","WitchOfGreed","MysteriousBeam","DeepEcoloBomb+1","PowerUp","BinaryStars+1","PulseMagic+1","ShootTheMoon","OortCloud+1","EnergyFlow","DeepEcoloBomb+1","DoubleSpark","LuminesStrike","PropBag+1","MysteriousBeam+1","Singularity+1","BinaryStars+1","MysteriousBeam+1","UltimateShortwave","DoubleSpark+1","GrandCross+1","Robbery+1","MillisecondPulsars+1","Pain"],"relics":["BewitchedHakkero","NeowsBlessing","Bottled Tornado","Lantern","Anchor","Bag of Preparation","MawBank","ExperimentalFamiliar","Red Mask","Matryoshka","Juzu Bracelet","Orichalcum","Molten Egg 2","Bag of Marbles","Centennial Puzzle","StoneCalendar","Pantograph","Bottled Lightning","Nunchaku","Ornamental Fan","WarpedTongs","Gremlin Horn"],"acts_visited":["Exordium","TheCity","TheBeyond"],"potions_floor_usage":[5,6,6,12,12,14,16,16,16,16,19,25,30,33,33,33,41,41,45,45],"damage_taken":[{"damage":0,"enemies":"Cultist","floor":1,"turns":1},{"damage":0,"enemies":"2 Louse","floor":2,"turns":1},{"damage":0,"enemies":"Small Slimes","floor":3,"turns":2},{"damage":0,"enemies":"Looter","floor":4,"turns":3},{"damage":5,"enemies":"3 Louse","floor":5,"turns":3},{"damage":0,"enemies":"Gremlin Nob","floor":6,"turns":2},{"damage":13,"enemies":"Lagavulin","floor":8,"turns":4},{"damage":0,"enemies":"Lagavulin Event","floor":12,"turns":2},{"damage":0,"enemies":"Gremlin Gang","floor":13,"turns":3},{"damage":0,"enemies":"Lots of Slimes","floor":14,"turns":3},{"damage":17,"enemies":"The Guardian","floor":16,"turns":8},{"damage":0,"enemies":"3 Byrds","floor":18,"turns":4},{"damage":0,"enemies":"Masked Bandits","floor":19,"turns":3},{"damage":0,"enemies":"Spheric Guardian","floor":20,"turns":1},{"damage":0,"enemies":"Gremlin Leader","floor":25,"turns":4},{"damage":0,"enemies":"Shelled Parasite and Fungi","floor":27,"turns":3},{"damage":0,"enemies":"Snake Plant","floor":29,"turns":2},{"damage":0,"enemies":"Snecko","floor":30,"turns":3},{"damage":0,"enemies":"Sentry and Sphere","floor":31,"turns":3},{"damage":60,"enemies":"Automaton","floor":33,"turns":12},{"damage":0,"enemies":"Orb Walker","floor":35,"turns":2},{"damage":0,"enemies":"3 Darklings","floor":37,"turns":3},{"damage":3,"enemies":"4 Shapes","floor":38,"turns":3},{"damage":13,"enemies":"Reptomancer","floor":41,"turns":4},{"damage":116,"enemies":"Transient","floor":45,"turns":6}],"seed_played":"8652871215676672909","potions_obtained":[{"floor":3,"key":"ColorlessPotion"},{"floor":3,"key":"SkillPotion"},{"floor":4,"key":"PowerPotion"},{"floor":5,"key":"DuplicationPotion"},{"floor":6,"key":"BottledSpark"},{"floor":8,"key":"EntropicBrew"},{"floor":12,"key":"Ancient Potion"},{"floor":12,"key":"Swift Potion"},{"floor":13,"key":"AttackPotion"},{"floor":14,"key":"SpeedPotion"},{"floor":16,"key":"ShroomBrew"},{"floor":19,"key":"FearPotion"},{"floor":25,"key":"BlessingOfTheForge"},{"floor":27,"key":"Block Potion"},{"floor":30,"key":"DuplicationPotion"},{"floor":30,"key":"Ancient Potion"},{"floor":33,"key":"GamblersBrew"},{"floor":35,"key":"BottledSpark"},{"floor":35,"key":"AttackPotion"},{"floor":37,"key":"Fire Potion"},{"floor":41,"key":"Fire Potion"},{"floor":41,"key":"GamblersBrew"}],"is_trial":false,"path_per_floor":["M","M","M","M","M","E","R","E","T","?","?","?","M","M","R","B",null,"M","?","M","$","?","R","$","E","T","M","R","M","M","M","R","B",null,"M","$","M","M","?","R","E","R","T","?","M"],"character_chosen":"MARISA","items_purchased":["Matryoshka","Juzu Bracelet","PropBag","Orichalcum","Pantograph"],"campfire_rested":0,"item_purchase_floors":[21,21,21,24,36],"current_hp_per_floor":[75,75,75,75,70,70,70,57,57,57,50,50,50,50,50,33,75,75,75,75,75,75,75,75,75,75,75,75,75,75,75,75,15,75,75,75,75,72,85,85,72,72,72,72,0,0],"gold":290,"neow_bonus":"THREE_ENEMY_KILL","is_daily":false,"chose_seed":false,"campfire_upgraded":7,"win_rate":0.0,"timestamp":1611835704,"path_taken":["M","M","?","M","M","E","R","E","T","?","?","?","M","M","R","BOSS","M","?","M","$","?","R","$","E","T","M","R","M","M","M","R","BOSS","M","$","M","M","?","R","E","R","T","?","M"],"items_purchased_type":["Relic","Relic","Card","Relic","Relic"],"build_version":"2020-12-13","purchased_purges":0,"victory":false,"max_hp_per_floor":[75,75,75,75,75,75,75,75,75,75,75,75,75,75,75,75,75,75,75,75,75,75,75,75,75,75,75,75,75,75,75,75,75,75,75,75,75,75,85,85,85,85,85,85,85,85],"card_choices":[{"not_picked":["DoubleSpark","GrandCross"],"picked":"DC","floor":1},{"not_picked":["DarkMatter","NonDirectionalLaser"],"picked":"WitchOfGreed","floor":2},{"not_picked":["DC","StarDustReverie"],"picked":"MysteriousBeam","floor":3},{"not_picked":["IllusionStar","AsteroidBelt"],"picked":"DeepEcoloBomb","floor":4},{"not_picked":["GrandCross","StarlightTyphoon"],"picked":"PowerUp","floor":5},{"not_picked":["OpenUniverse","PowerUp"],"picked":"BinaryStars","floor":6},{"not_picked":["DC","Acceleration"],"picked":"PulseMagic","floor":8},{"not_picked":["GasGiant","SporeBomb"],"picked":"ShootTheMoon","floor":12},{"not_picked":["PowerUp","StarlightTyphoon"],"picked":"OortCloud","floor":13},{"not_picked":["PropBag","Robbery"],"picked":"EnergyFlow","floor":14},{"not_picked":["FinalSpark","CollectingQuirk"],"picked":"TreasureHunter","floor":16},{"not_picked":["BlazeAway","UnstableBomb"],"picked":"DeepEcoloBomb+1","floor":18},{"not_picked":["GravityBeat","GalacticHalo"],"picked":"DoubleSpark","floor":19},{"not_picked":["NonDirectionalLaser","EarthLightRay"],"picked":"LuminesStrike","floor":20},{"not_picked":["AsteroidBelt+1","GasGiant"],"picked":"MysteriousBeam+1","floor":25},{"not_picked":["WitchLeyline+1","SporeBomb"],"picked":"Singularity+1","floor":27},{"not_picked":["OrrerysSun","PowerUp+1"],"picked":"BinaryStars","floor":29},{"not_picked":["ShootingEcho+1","SuperPerseids"],"picked":"MysteriousBeam+1","floor":30},{"not_picked":["Acceleration+1","ShootTheMoon+1","MysteriousBeam+1"],"picked":"SKIP","floor":31},{"not_picked":["BlazingStar+1","MaximisePower"],"picked":"UltimateShortwave","floor":33},{"not_picked":["DC+1","Occultation"],"picked":"DoubleSpark+1","floor":35},{"not_picked":["Occultation+1","StarBarrage+1"],"picked":"GrandCross+1","floor":37},{"not_picked":["GalacticHalo+1","DC+1"],"picked":"Robbery+1","floor":38},{"not_picked":["LuminesStrike+1","DeepEcoloBomb+1"],"picked":"MillisecondPulsars","floor":41}],"player_experience":3933,"relics_obtained":[{"floor":6,"key":"Bottled Tornado"},{"floor":8,"key":"Lantern"},{"floor":9,"key":"Anchor"},{"floor":12,"key":"MawBank"},{"floor":19,"key":"Red Mask"},{"floor":25,"key":"Molten Egg 2"},{"floor":26,"key":"Bag of Marbles"},{"floor":26,"key":"Centennial Puzzle"},{"floor":33,"key":"StoneCalendar"},{"floor":41,"key":"Bottled Lightning"},{"floor":43,"key":"Nunchaku"},{"floor":43,"key":"Ornamental Fan"}],"event_choices":[{"cards_removed":["Strike_MRS"],"damage_healed":0,"gold_gain":0,"player_choice":"Card Removal","damage_taken":0,"max_hp_gain":0,"max_hp_loss":0,"event_name":"The Cleric","floor":10,"gold_loss":50},{"damage_healed":0,"gold_gain":0,"player_choice":"Success","damage_taken":7,"relics_obtained":["Bag of Preparation"],"max_hp_gain":0,"max_hp_loss":0,"event_name":"Scrap Ooze","floor":11,"gold_loss":0},{"damage_healed":0,"gold_gain":0,"player_choice":"Searched \u00271\u0027 times","damage_taken":0,"max_hp_gain":0,"max_hp_loss":0,"event_name":"Dead Adventurer","floor":12,"gold_loss":0},{"damage_healed":0,"gold_gain":0,"player_choice":"Fought Bandits","damage_taken":0,"max_hp_gain":0,"max_hp_loss":0,"event_name":"Masked Bandits","floor":19,"gold_loss":0},{"cards_removed":["Strike_MRS"],"damage_healed":0,"gold_gain":0,"player_choice":"Gave Gold","damage_taken":0,"max_hp_gain":0,"max_hp_loss":0,"event_name":"Beggar","floor":22,"gold_loss":75},{"cards_removed":["TreasureHunter"],"damage_healed":3,"gold_gain":0,"player_choice":"Offered Rare","damage_taken":0,"max_hp_gain":10,"max_hp_loss":0,"event_name":"Bonfire Elementals","floor":39,"gold_loss":0},{"damage_healed":0,"gold_gain":0,"player_choice":"Rummage","damage_taken":0,"relics_obtained":["WarpedTongs"],"max_hp_gain":0,"max_hp_loss":0,"event_name":"Accursed Blacksmith","floor":44,"gold_loss":0,"cards_obtained":["Pain"]}],"is_beta":false,"boss_relics":[{"not_picked":["Empty Cage","Tiny House"],"picked":"ExperimentalFamiliar"},{"not_picked":["Astrolabe","Runic Dome"],"picked":"BewitchedHakkero"}],"items_purged_floors":[],"is_endless":false,"potions_floor_spawned":[3,4,5,12,13,14,25,27,29,30,35,41],"killed_by":"Transient","ascension_level":0}}