{"host":"rolltorest","time":1611819974,"event":{"mods":["BaseMod","Jorbs\u0027s Wanderer Trilogy","Koishi","Minty Spire (QoL Compilation)","Relic Stats","Robot Space Explorer","Slay the Relics Exporter","StSLib","The Servant 0.9.4"],"gold_per_floor":[110,123,123,137,157,187,187,203,203,33,49,49,81,100,100,100,100],"floor_reached":16,"language":"ENG","playtime":604,"items_purged":[],"score":228,"play_id":"d0b80e9c-346d-47ae-bae9-6102029a593e","local_time":"20210127234614","is_ascension_mode":true,"campfire_choices":[{"data":"Hightail","floor":7,"key":"SMITH"},{"data":"Hightail","floor":15,"key":"SMITH"}],"circlet_count":0,"master_deck":["AscendersBane","Strike_S","Strike_S","Strike_S","Defend_S","Defend_S","Defend_S","Defend_S","KidneyShot","Exchange","TimeWarp","Hightail+1","Alleviate","DoubleEdge","Sabotage","Starlight","Defy","Starlight","SpecialFormula","Hightail+1","ShatteredReality"],"relics":["Uniform","NeowsBlessing","Mango","The Courier","HornCleat"],"acts_visited":["Exordium"],"potions_floor_usage":[6,8],"damage_taken":[{"damage":0,"enemies":"Cultist","floor":1,"turns":1},{"damage":0,"enemies":"Jaw Worm","floor":2,"turns":1},{"damage":0,"enemies":"2 Louse","floor":4,"turns":1},{"damage":0,"enemies":"2 Fungi Beasts","floor":5,"turns":7},{"damage":47,"enemies":"Gremlin Nob","floor":6,"turns":7},{"damage":11,"enemies":"Exordium Thugs","floor":8,"turns":8},{"damage":0,"enemies":"3 Louse","floor":11,"turns":4},{"damage":5,"enemies":"Lagavulin","floor":13,"turns":14},{"damage":0,"enemies":"Blue Slaver","floor":14,"turns":3},{"damage":15,"enemies":"Slime Boss","floor":16,"turns":9}],"seed_played":"-1452253833345544125","potions_obtained":[{"floor":2,"key":"Explosive Potion"},{"floor":6,"key":"Regen Potion"},{"floor":13,"key":"Regen Potion"},{"floor":14,"key":"Fire Potion"}],"is_trial":false,"path_per_floor":["M","M","?","M","M","E","R","M","T","$","M","$","E","M","R","B"],"character_chosen":"THE_SERVANT","items_purchased":["Defy","FairyPotion","Starlight"],"campfire_rested":0,"item_purchase_floors":[10,10,10],"current_hp_per_floor":[54,54,54,54,54,21,21,25,25,25,25,25,25,30,30,20,20],"gold":100,"neow_bonus":"THREE_ENEMY_KILL","is_daily":false,"chose_seed":false,"campfire_upgraded":2,"win_rate":0.0,"timestamp":1611819974,"path_taken":["M","?","?","?","M","E","R","M","T","?","M","?","E","M","R","BOSS"],"items_purchased_type":["Card","Potion","Card"],"build_version":"2020-12-18","purchased_purges":0,"victory":false,"max_hp_per_floor":[60,60,60,60,60,74,74,74,74,74,74,74,74,74,74,74,74],"relic_stats":{"counters":[10,55],"obtain_stats":[{"HornCleat":13,"NeowsBlessing":0,"Mango":6,"The Courier":9,"Uniform":0},{"HornCleat":8,"NeowsBlessing":0,"Mango":5,"The Courier":6,"Uniform":0},{"HornCleat":43,"NeowsBlessing":0,"Mango":17,"The Courier":25,"Uniform":0}]},"card_choices":[{"not_picked":["Revamp","Replace"],"picked":"TimeWarp","floor":1},{"not_picked":["Ricochet","Gouge"],"picked":"Hightail","floor":2},{"not_picked":["ReturningBlade","TimeTheft"],"picked":"Alleviate","floor":4},{"not_picked":["RealityMarble","Advance"],"picked":"DoubleEdge","floor":5},{"not_picked":["Potential","Revamp"],"picked":"Sabotage","floor":6},{"not_picked":["PendulumOfEternity","SilverBlades"],"picked":"Starlight","floor":8},{"not_picked":["GearUp","DancingSilver"],"picked":"SpecialFormula","floor":11},{"not_picked":["FastForward","Potential"],"picked":"Hightail","floor":13},{"not_picked":["FanOfKnives","SpecialFormula"],"picked":"ShatteredReality","floor":14}],"player_experience":2256842,"relics_obtained":[{"floor":6,"key":"Mango"},{"floor":9,"key":"The Courier"},{"floor":13,"key":"HornCleat"}],"event_choices":[{"cards_removed":["Strike_S"],"damage_healed":0,"gold_gain":0,"player_choice":"Purged","damage_taken":0,"max_hp_gain":0,"max_hp_loss":0,"event_name":"Purifier","floor":3,"gold_loss":0}],"is_beta":true,"boss_relics":[],"items_purged_floors":[],"is_endless":false,"potions_floor_spawned":[2,6,13,14],"killed_by":"Slime Boss","ascension_level":20}}