{"host":"lirv846qj71y0vl3","time":1611849215,"event":{"mods":["AchievementEnabler","BaseMod","Better Match","Better Note","Colored Map","Colored Powertips","Defuse TimeMaze Blight","Emptier Cage","Highlight Path","Minty Spire (QoL Compilation)","Permanent Neow","Quick Restart","Rare Cards Sparkle","StSLib","Swap Starting Deck Mod","Transform Curses"],"gold_per_floor":[119,119,119,119,20,20,51,75,121,134,150,183,15,66,66,186,186,210,228,228,248,12,12,46,58,95,130,142,154,166,213,225,358,370,405,417,449,488,135,135,135,135,182,5,46,69,90,90,90,90,90],"floor_reached":50,"language":"ITA","playtime":3030,"items_purged":["Regret"],"score":664,"play_id":"bb79f1ac-9645-4d79-a49a-add3a2b56415","local_time":"20210128165335","is_ascension_mode":false,"campfire_choices":[{"floor":15,"key":"REST"},{"floor":23,"key":"RECALL"},{"data":"Reprogram","floor":25,"key":"SMITH"},{"data":"Echo Form","floor":28,"key":"SMITH"},{"data":"Genetic Algorithm","floor":30,"key":"SMITH"},{"floor":32,"key":"REST"},{"floor":40,"key":"REST"},{"floor":49,"key":"REST"}],"circlet_count":0,"master_deck":["Gash","Gash","Gash","Gash","Rip and Tear","Reprogram+1","Steam","Steam","Steam","Steam+1","Rebound","Coolheaded+1","Echo Form+1","Hologram+1","Genetic Algorithm+1","Streamline","Conserve Battery","Go for the Eyes","Reboot+1","CurseOfTheBell","Double Energy+1","Gash","Beam Cell","Melter","Dramatic Entrance","Rebound","BootSequence","Stack","Amplify","Sweeping Beam+1","Undo","Finesse","FTL","Machine Learning","Madness","Madness","Doubt","Hologram","Gash+1","Hyperbeam"],"relics":["FrozenCore","swapstartingdeckmod:DeadBlossom","Golden Idol","Potion Belt","MealTicket","Bronze Scales","PreservedInsect","Happy Flower","Calling Bell","Tiny Chest","Ornamental Fan","Bird Faced Urn","Nunchaku","MawBank","War Paint","Oddly Smooth Stone","Torii","Bag of Preparation","Membership Card","Boot","Blood Vial","Thread and Needle","Eternal Feather","Lantern"],"acts_visited":["Exordium","TheCity","TheBeyond"],"potions_floor_usage":[12,16,16,33,37,47,48,48,50,50],"damage_taken":[{"damage":0,"enemies":"Jaw Worm","floor":1,"turns":3},{"damage":17,"enemies":"3 Sentries","floor":7,"turns":5},{"damage":0,"enemies":"Small Slimes","floor":8,"turns":2},{"damage":0,"enemies":"Cultist","floor":10,"turns":3},{"damage":2,"enemies":"Exordium Wildlife","floor":11,"turns":3},{"damage":9,"enemies":"Gremlin Nob","floor":12,"turns":3},{"damage":13,"enemies":"Hexaghost","floor":16,"turns":6},{"damage":5,"enemies":"3 Byrds","floor":18,"turns":3},{"damage":0,"enemies":"Shell Parasite","floor":19,"turns":3},{"damage":8,"enemies":"3 Cultists","floor":21,"turns":5},{"damage":16,"enemies":"Slavers","floor":24,"turns":4},{"damage":17,"enemies":"Snake Plant","floor":27,"turns":4},{"damage":0,"enemies":"Gremlin Leader","floor":31,"turns":5},{"damage":47,"enemies":"Automaton","floor":33,"turns":8},{"damage":0,"enemies":"Orb Walker","floor":35,"turns":4},{"damage":11,"enemies":"3 Darklings","floor":37,"turns":4},{"damage":18,"enemies":"Nemesis","floor":45,"turns":7},{"damage":20,"enemies":"Transient","floor":47,"turns":5},{"damage":0,"enemies":"Writhing Mass","floor":48,"turns":2},{"damage":76,"enemies":"Time Eater","floor":50,"turns":11}],"seed_played":"2163934280242086089","potions_obtained":[{"floor":7,"key":"SpeedPotion"},{"floor":10,"key":"Dexterity Potion"},{"floor":11,"key":"Strength Potion"},{"floor":12,"key":"Fire Potion"},{"floor":24,"key":"Energy Potion"},{"floor":27,"key":"Dexterity Potion"},{"floor":29,"key":"FearPotion"},{"floor":29,"key":"SmokeBomb"},{"floor":33,"key":"Fire Potion"},{"floor":37,"key":"DistilledChaos"},{"floor":45,"key":"Regen Potion"},{"floor":47,"key":"EssenceOfDarkness"}],"is_trial":false,"path_per_floor":["M","?","?","?","$","?","E","M","T","M","M","E","$","?","R","B",null,"M","M","?","M","$","R","E","R","T","M","R","?","R","E","R","B",null,"M","?","M","T","$","R","?","?","T","$","E","T","M","M","R","B"],"character_chosen":"DEFECT","items_purchased":["Coolheaded","Happy Flower","Go for the Eyes","Dramatic Entrance","Nunchaku","Membership Card","Boot","Finesse","FTL","Machine Learning","Thread and Needle","Hologram"],"campfire_rested":4,"item_purchase_floors":[5,13,13,22,22,39,39,39,39,39,44,44],"current_hp_per_floor":[75,75,68,68,75,60,43,43,43,43,41,32,40,40,51,38,75,70,71,71,64,72,72,57,57,57,41,41,41,41,42,53,7,45,46,46,35,35,43,54,45,75,75,75,57,57,38,43,66,0,0],"gold":90,"neow_bonus":"","is_daily":false,"chose_seed":false,"campfire_upgraded":3,"win_rate":0.0,"timestamp":1611849215,"path_taken":["M","?","?","?","$","?","E","?","T","M","?","E","$","?","R","BOSS","M","M","?","M","$","R","E","R","T","M","R","?","R","E","R","BOSS","M","?","M","?","$","R","?","?","T","?","E","?","?","M","R","BOSS"],"items_purchased_type":["Card","Relic","Card","Card","Relic","Relic","Relic","Card","Card","Card","Relic","Card"],"build_version":"2020-12-22","purchased_purges":1,"victory":false,"max_hp_per_floor":[75,75,75,75,75,75,75,75,75,75,75,75,75,75,75,75,75,75,75,75,75,75,75,75,75,75,75,75,75,75,75,75,75,75,75,75,75,75,75,75,75,75,75,75,75,75,75,75,75,75,75],"card_choices":[{"not_picked":["Cold Snap","Storm"],"picked":"Rebound","floor":1},{"not_picked":["Turbo","Streamline"],"picked":"Echo Form","floor":7},{"not_picked":["Turbo","Barrage"],"picked":"Hologram","floor":8},{"not_picked":["Cold Snap","Rip and Tear"],"picked":"Genetic Algorithm","floor":10},{"not_picked":["Heatsinks","Steam"],"picked":"Streamline","floor":11},{"not_picked":["Amplify","Hologram"],"picked":"Conserve Battery","floor":12},{"not_picked":["Thunder Strike","Rainbow"],"picked":"Reboot","floor":16},{"not_picked":["Rebound","Cold Snap"],"picked":"Double Energy+1","floor":18},{"not_picked":["Conserve Battery","Chaos"],"picked":"Gash","floor":19},{"not_picked":["Genetic Algorithm","Consume"],"picked":"Melter","floor":21},{"not_picked":["Coolheaded","Rainbow"],"picked":"Rebound","floor":24},{"not_picked":["Glacier","Coolheaded"],"picked":"BootSequence","floor":27},{"not_picked":["Turbo+1","Scrape"],"picked":"Stack","floor":31},{"not_picked":["Fission","Biased Cognition"],"picked":"Amplify","floor":33},{"not_picked":["Recycle+1","Coolheaded"],"picked":"Sweeping Beam+1","floor":35},{"not_picked":["Self Repair","Coolheaded"],"picked":"Undo","floor":37},{"not_picked":["Beam Cell+1","Turbo+1"],"picked":"Gash+1","floor":45},{"not_picked":["Recycle","Redo"],"picked":"Hyperbeam","floor":47}],"player_experience":145743,"relics_obtained":[{"floor":7,"key":"Bronze Scales"},{"floor":12,"key":"PreservedInsect"},{"floor":17,"key":"Tiny Chest"},{"floor":17,"key":"Ornamental Fan"},{"floor":17,"key":"Bird Faced Urn"},{"floor":24,"key":"MawBank"},{"floor":26,"key":"War Paint"},{"floor":31,"key":"Oddly Smooth Stone"},{"floor":38,"key":"Bag of Preparation"},{"floor":43,"key":"Blood Vial"},{"floor":45,"key":"Eternal Feather"},{"floor":46,"key":"Lantern"}],"event_choices":[{"damage_healed":0,"gold_gain":0,"player_choice":"Take Wound","damage_taken":0,"relics_obtained":["Golden Idol"],"max_hp_gain":0,"max_hp_loss":0,"event_name":"Golden Idol","floor":2,"gold_loss":0,"cards_obtained":["Injury"]},{"damage_healed":0,"gold_gain":0,"player_choice":"Success","damage_taken":7,"relics_obtained":["Potion Belt"],"max_hp_gain":0,"max_hp_loss":0,"event_name":"Scrap Ooze","floor":3,"gold_loss":0},{"damage_healed":0,"gold_gain":0,"player_choice":"Box","damage_taken":0,"relics_obtained":["MealTicket"],"max_hp_gain":0,"max_hp_loss":0,"event_name":"Big Fish","floor":4,"gold_loss":0,"cards_obtained":["Regret"]},{"damage_healed":0,"gold_gain":0,"player_choice":"Entered Light","damage_taken":15,"max_hp_gain":0,"max_hp_loss":0,"event_name":"Shining Light","floor":6,"gold_loss":0,"cards_upgraded":["Coolheaded","Steam"]},{"damage_healed":0,"gold_gain":51,"player_choice":"Gained Gold","damage_taken":0,"max_hp_gain":0,"max_hp_loss":0,"event_name":"Golden Wing","floor":14,"gold_loss":0},{"damage_healed":0,"gold_gain":0,"cards_transformed":["Injury"],"player_choice":"Transformed","damage_taken":0,"max_hp_gain":0,"max_hp_loss":0,"event_name":"Transmorgrifier","floor":20,"gold_loss":0,"cards_obtained":["Beam Cell"]},{"damage_healed":0,"gold_gain":0,"player_choice":"Got Potions","damage_taken":0,"max_hp_gain":0,"max_hp_loss":0,"event_name":"Lab","floor":29,"gold_loss":0},{"damage_healed":0,"gold_gain":0,"player_choice":"Gave Potion","damage_taken":0,"relics_obtained":["Torii"],"max_hp_gain":0,"max_hp_loss":0,"event_name":"WeMeetAgain","floor":36,"gold_loss":0},{"damage_healed":0,"gold_gain":0,"player_choice":"Embrace Madness","damage_taken":9,"max_hp_gain":0,"max_hp_loss":0,"event_name":"Winding Halls","floor":41,"gold_loss":0,"cards_obtained":["Madness","Madness"]},{"damage_healed":30,"gold_gain":0,"player_choice":"Heal","damage_taken":0,"max_hp_gain":0,"max_hp_loss":0,"event_name":"MindBloom","floor":42,"gold_loss":0,"cards_obtained":["Doubt"]}],"is_beta":false,"boss_relics":[{"not_picked":["Sozu","Inserter"],"picked":"Calling Bell"},{"not_picked":["Velvet Choker","Pandora\u0027s Box"],"picked":"FrozenCore"}],"items_purged_floors":[5],"is_endless":false,"potions_floor_spawned":[7,10,11,12,24,27,33,37,45,47],"killed_by":"Time Eater","ascension_level":0}}