{"host":"or1kyy78tiubr3jv","time":1611852666,"event":{"mods":["2.2 Compatiblity","AchievementEnabler","BaseMod","Bestiary","Better Note","Better Third Choice","BetterRewards","Colored Map","Colored Powertips","DeckTracker","Downfall","Energized Spire","Highlight Path","Infinite Spire","Minty Spire (QoL Compilation)","Quick Restart","Relic Filter","Reworked Bosses","StSLib","The Cursed"],"gold_per_floor":[99,114,28,28,45,61,61,61,77,77,92,92,2,36,54,154,154,54,72,72,86,86,86,137,137,137,157,187,200,300,320,336,432,432,232,232,247,257,120,132,132,148,148,198,198,198,211,211,227,227,227,253,38,38,38,38],"floor_reached":57,"language":"ENG","playtime":5432,"items_purged":["Pain","champ:Strike","champ:Strike","champ:Strike"],"score":1376,"play_id":"3d80fcb5-e389-48cc-9864-bb226b169ccb","local_time":"20210128115106","is_ascension_mode":true,"campfire_choices":[{"data":"champ:Taunt","floor":1.0,"key":"SMITH"},{"data":"champ:FlashCut","floor":8.0,"key":"SMITH"},{"floor":12.0,"key":"REST"},{"data":"champ:Improvising","floor":18.0,"key":"SMITH"},{"data":"infinitespire:Punishment","floor":23.0,"key":"SMITH"},{"floor":25.0,"key":"RECALL"},{"data":"champ:TripleStrike","floor":35.0,"key":"SMITH"},{"data":"champ:StrikeOfGenius","floor":43.0,"key":"SMITH"},{"floor":45.0,"key":"REST"},{"data":"champ:Lariat","floor":54,"key":"SMITH"}],"circlet_count":0,"master_deck":["champ:Defend","champ:Defend","champ:Execute","champ:Taunt+1","champ:FlashCut+1","champ:FaceSlap","champ:RisingSlash","champ:ShieldSlam","champ:Shatter","champ:Improvising+1","champ:GladiatorForm","champ:PreciseThrust","champ:TripleStrike+1","champ:GutPunch+1","infinitespire:Punishment+1","champ:ShieldSlam+1","champ:StrikeOfGenius+1","champ:EnchantCrown","champ:FancyFootwork+1","champ:Lariat+1","champ:RageSigil+1"],"relics":["champ:ChampionCrown","WarpedTongs","Oddly Smooth Stone","energizedSpire:DeadBattery","downfall:HeartBlessingBlue","Strawberry","Art of War","Cursed Key","MealTicket","Guardian:GemstoneGun","infinitespire:Bottled Soul","expansioncontent:StudyCardRelic","downfall:HeartBlessingGreen","downfall:HeartBlessingRed","Guardian:PocketSentry","Membership Card","Orichalcum","Potion Belt","Calipers","TheAbacus","Toy Ornithopter","Guardian:BottledAnomaly","Lantern"],"acts_visited":["Exordium","TheCity","TheBeyond","TheEnding"],"potions_floor_usage":[55,56,56,56],"damage_taken":[{"damage":13.0,"enemies":"2 Louse","floor":2.0,"turns":5.0},{"damage":20.0,"enemies":"downfall:FleeingMerchant","floor":3.0,"turns":4.0},{"damage":15.0,"enemies":"Cultist","floor":5.0,"turns":3.0},{"damage":7.0,"enemies":"Jaw Worm","floor":6.0,"turns":2.0},{"damage":17.0,"enemies":"Gremlin Gang","floor":9.0,"turns":4.0},{"damage":22.0,"enemies":"Large Slime","floor":11.0,"turns":6.0},{"damage":23.0,"enemies":"downfall:FleeingMerchant","floor":13.0,"turns":4.0},{"damage":28.0,"enemies":"Gremlin Nob","floor":14.0,"turns":4.0},{"damage":5.0,"enemies":"Exordium Thugs","floor":15.0,"turns":3.0},{"damage":44.0,"enemies":"IC_STATUS_ARCHETYPE","floor":16.0,"turns":6.0},{"damage":1.0,"enemies":"Shell Parasite","floor":19.0,"turns":2.0},{"damage":53.0,"enemies":"Centurion and Healer","floor":21.0,"turns":4.0},{"damage":11.0,"enemies":"Snecko","floor":27.0,"turns":3.0},{"damage":48.0,"enemies":"Gremlin Leader","floor":28.0,"turns":5.0},{"damage":22.0,"enemies":"3 Cultists","floor":29.0,"turns":4.0},{"damage":33.0,"enemies":"IC_STATUS_ARCHETYPE","floor":30.0,"turns":3.0},{"damage":15.0,"enemies":"Cultist and Chosen","floor":31.0,"turns":3.0},{"damage":7.0,"enemies":"Centurion and Healer","floor":32.0,"turns":2.0},{"damage":50.0,"enemies":"DF_ARCHETYPE_CLAW","floor":33.0,"turns":5.0},{"damage":5.0,"enemies":"3 Shapes","floor":37.0,"turns":4.0},{"damage":22.0,"enemies":"3 Darklings","floor":38.0,"turns":3.0},{"damage":20.0,"enemies":"downfall:FleeingMerchant","floor":39.0,"turns":3.0},{"damage":36.0,"enemies":"Writhing Mass","floor":40.0,"turns":4.0},{"damage":54.0,"enemies":"Transient","floor":42.0,"turns":5.0},{"damage":44.0,"enemies":"Transient","floor":44.0,"turns":4.0},{"damage":5.0,"enemies":"Jaw Worm Horde","floor":47.0,"turns":3.0},{"damage":50.0,"enemies":"Spire Growth","floor":49.0,"turns":2.0},{"damage":58.0,"enemies":"SI_POISON_ARCHETYPE","floor":50.0,"turns":5.0},{"damage":65,"enemies":"downfall:CharBossMerchant","floor":52,"turns":5},{"damage":123,"enemies":"downfall:NeowBoss","floor":55,"turns":11},{"damage":85,"enemies":"downfall:NeowBossFinal","floor":56,"turns":8}],"seed_played":"5812685902673187858","potions_obtained":[{"floor":5.0,"key":"SteroidPotion"},{"floor":6.0,"key":"Strength Potion"},{"floor":14.0,"key":"LiquidMemories"},{"floor":15.0,"key":"Dexterity Potion"},{"floor":27.0,"key":"CultistPotion"},{"floor":30.0,"key":"BlessingOfTheForge"},{"floor":49.0,"key":"SpeedPotion"},{"floor":52,"key":"SkillPotion"}],"is_trial":false,"path_per_floor":["R","M","$","?","M","M","T","R","M","?","M","R","$","E","M","B",null,"R","M","?","M","?","R","T","R","AVR","M","E","M","?","M","M","B",null,"R","?","M","M","$","M","T","M","R","?","R","?","M","AVR","M","B",null,"E","$","R","B","B",null],"character_chosen":"THE_CHAMP","items_purchased":["champ:DefensiveStyle","Guardian:PocketSentry","Membership Card","Orichalcum","champ:Lariat","Block Potion","Guardian:BottledAnomaly","Lantern","LiquidBronze"],"campfire_rested":2,"item_purchase_floors":[3,39,39,39,39,53,53,53,53],"current_hp_per_floor":[81,78,78,78,73,66,66,66,49,54,47,72,64,41,41,12,86,96,95,72,49,96,96,103,103,103,102,84,77,69,69,67,47,103,103,103,103,96,88,82,82,78,78,69,99,99,99,99,99,96,103,103,103,103,95,90],"gold":38,"neow_bonus":"REMOVE_TWO","is_daily":false,"chose_seed":false,"campfire_upgraded":7,"win_rate":0.0,"timestamp":1611852666,"path_taken":["R","M","$","?","M","?","T","R","M","?","M","R","$","E","M","BOSS","R","M","?","M","?","R","T","R","AVR","?","E","M","?","M","M","BOSS","R","?","M","M","$","M","T","?","R","?","R","?","M","AVR","M","BOSS","E","$","R","BOSS","BOSS"],"items_purchased_type":["Card","Relic","Relic","Relic","Card","Potion","Relic","Relic","Potion"],"build_version":"2020-12-22","purchased_purges":4,"victory":true,"max_hp_per_floor":[81,81,81,81,81,81,81,81,81,86,86,86,86,86,86,86,86,96,96,96,96,96,96,103,103,103,103,103,103,103,103,103,103,103,103,103,103,103,103,103,103,103,103,103,103,103,103,103,103,103,103,103,103,103,103,103],"card_choices":[{"not_picked":["champ:ShieldSigil","champ:FancyFootwork"],"picked":"champ:FlashCut","floor":2.0},{"not_picked":["champ:Backstep","champ:FancyFootwork"],"picked":"champ:FaceSlap","floor":3.0},{"not_picked":["champ:Endure","champ:FlashCut"],"picked":"champ:RisingSlash","floor":5.0},{"not_picked":["champ:ViciousMockery","champ:SkillfulDodge"],"picked":"champ:ShieldSlam","floor":6.0},{"not_picked":["champ:SkillfulDodge","champ:ShieldSlam"],"picked":"champ:Shatter","floor":9.0},{"not_picked":["champ:ShieldSigil","champ:Shatter"],"picked":"champ:Improvising","floor":11.0},{"not_picked":["champ:Haymaker","champ:StanceDance"],"picked":"champ:GladiatorForm","floor":13.0},{"not_picked":["champ:RapidStrikes","champ:DefensiveShout","champ:GladiatorForm"],"picked":"SKIP","floor":14.0},{"not_picked":["champ:DefensiveShout","champ:Shatter"],"picked":"champ:PreciseThrust","floor":15.0},{"not_picked":["champ:LastStand","champ:Devastate"],"picked":"champ:TripleStrike","floor":16.0},{"not_picked":["champ:DefensiveShout","champ:Circumvent"],"picked":"champ:GutPunch+1","floor":19.0},{"not_picked":["infinitespire:FinalStrike","infinitespire:SealOfDarkness+"],"picked":"infinitespire:Punishment","floor":20.0},{"not_picked":["champ:Backstep","champ:StanceDance","champ:DefensiveStyle"],"picked":"SKIP","floor":21.0},{"not_picked":["champ:RapidStrikes","champ:StanceDance","champ:Circumvent"],"picked":"SKIP","floor":27.0},{"not_picked":["champ:FanOfKnives","champ:BladeFlurry","champ:DefensiveShout"],"picked":"SKIP","floor":28.0},{"not_picked":["champ:Circumvent","champ:AdrenalArmor"],"picked":"champ:ShieldSlam+1","floor":29.0},{"not_picked":["champ:FlashCut+1","champ:EnGarde+1","champ:EnragedBash+1"],"picked":"SKIP","floor":31.0},{"not_picked":["champ:EnGarde","champ:BerserkersShout","champ:BringItOn"],"picked":"SKIP","floor":32.0},{"not_picked":["champ:EnchantCrown","champ:HeavySlash"],"picked":"champ:StrikeOfGenius","floor":33.0},{"not_picked":["champ:CrookedStrike+1","champ:CrownThrow+1"],"picked":"champ:FancyFootwork+1","floor":37.0},{"not_picked":["champ:CrookedStrike","champ:Backstep+1","champ:Circumvent+1"],"picked":"SKIP","floor":38.0},{"not_picked":["champ:CalledShot","champ:SwordThrow","champ:FocusedBerserking"],"picked":"SKIP","floor":39.0},{"not_picked":["champ:SkillfulDodge+1","champ:Shatter","champ:BerserkersShout"],"picked":"SKIP","floor":40.0},{"not_picked":["champ:DefensiveStyle","champ:Lariat"],"picked":"champ:RageSigil+1","floor":42.0},{"not_picked":["champ:FlashCut+1","champ:StanceDance+1","champ:PreemptiveStrike"],"picked":"SKIP","floor":47.0},{"not_picked":["champ:DefensiveShout+1","champ:FanOfKnives","champ:PreemptiveStrike"],"picked":"SKIP","floor":49.0},{"not_picked":["champ:BladeFlurry+1","champ:CrownThrow+1","champ:HeavySlash"],"picked":"SKIP","floor":52}],"player_experience":512233,"relics_obtained":[{"floor":14.0,"key":"Oddly Smooth Stone"},{"floor":24.0,"key":"Strawberry"},{"floor":28.0,"key":"MealTicket"},{"floor":30.0,"key":"Guardian:GemstoneGun"},{"floor":30.0,"key":"infinitespire:Bottled Soul"},{"floor":41.0,"key":"Potion Belt"},{"floor":44.0,"key":"Calipers"},{"floor":52,"key":"Toy Ornithopter"}],"event_choices":[{"damage_healed":0.0,"max_hp_gain":0.0,"max_hp_loss":0.0,"gold_gain":0.0,"event_name":"Accursed Blacksmith","player_choice":"Rummage","floor":4.0,"gold_loss":0.0,"damage_taken":0.0,"relics_obtained":["WarpedTongs"],"cards_obtained":["Pain"]},{"damage_healed":0.0,"max_hp_gain":5.0,"max_hp_loss":0.0,"gold_gain":0.0,"event_name":"Big Fish","player_choice":"Donut","floor":10.0,"gold_loss":0.0,"damage_taken":0.0},{"cards_removed":["champ:DefensiveStyle"],"damage_healed":47.0,"max_hp_gain":0.0,"max_hp_loss":0.0,"gold_gain":0.0,"event_name":"Bonfire Elementals","player_choice":"Offered Uncommon","floor":22.0,"gold_loss":0.0,"damage_taken":0.0}],"is_beta":false,"boss_relics":[{"not_picked":["Fusion Hammer","energizedSpire:CursedPentagram"],"picked":"energizedSpire:DeadBattery"},{"not_picked":["Busted Crown","Sozu"],"picked":"expansioncontent:StudyCardRelic"}],"items_purged_floors":[13,26,39,48],"is_endless":false,"potions_floor_spawned":[5,6,14,15,16,19,27,30,38,40,49,52],"ascension_level":2}}