{"host":"c52z9ixzgdjttcmx","time":1611863970,"event":{"mods":["BaseMod","Colored Powertips","Downfall","Filter the Spire","Minty Spire (QoL Compilation)","Rare Cards Sparkle","Relic Stats","StSLib"],"gold_per_floor":[110,110,125,275,31,56,56,56,56,56,66,66,100,115,115,192,192,163,163,163],"floor_reached":19,"language":"ENG","playtime":734,"items_purged":["Doubt"],"score":315,"play_id":"26ed9156-7eac-4d22-bed9-df8b2f924d99","local_time":"20210128135930","is_ascension_mode":true,"campfire_choices":[{"data":"Redo","floor":7,"key":"SMITH"},{"data":"Double Energy","floor":10,"key":"SMITH"},{"floor":15,"key":"REST"}],"circlet_count":0,"master_deck":["AscendersBane","Strike_B+1","Strike_B","Strike_B","Defend_B","Defend_B","Defend_B","Defend_B","Zap+1","Dualcast","Redo+1","Glacier","Double Energy+1","Rebound","Regret","Cold Snap+1","Ball Lightning","Genetic Algorithm","Echo Form","Steam+1"],"relics":["Cracked Core","Anchor","Matryoshka","Pantograph","Darkstone Periapt","Mango","Tiny Chest","Nuclear Battery"],"acts_visited":["Exordium","TheCity"],"potions_floor_usage":[],"damage_taken":[{"damage":0,"enemies":"2 Louse","floor":1,"turns":2},{"damage":0,"enemies":"Cultist","floor":3,"turns":3},{"damage":4,"enemies":"Lagavulin","floor":6,"turns":11},{"damage":0,"enemies":"Small Slimes","floor":11,"turns":2},{"damage":20,"enemies":"3 Sentries","floor":13,"turns":9},{"damage":0,"enemies":"Blue Slaver","floor":14,"turns":2},{"damage":25,"enemies":"The Guardian","floor":16,"turns":14},{"damage":29,"enemies":"2 Thieves","floor":18,"turns":5},{"damage":52,"enemies":"Masked Bandits","floor":19,"turns":3}],"seed_played":"1715921279180031745","potions_obtained":[{"floor":1,"key":"BlessingOfTheForge"},{"floor":13,"key":"GamblersBrew"},{"floor":16,"key":"DuplicationPotion"}],"is_trial":false,"path_per_floor":["M","?","M","?","$","E","R","?","T","R","M","?","E","M","R","B",null,"M","?"],"character_chosen":"DEFECT","items_purchased":["Anchor"],"campfire_rested":1,"item_purchase_floors":[5],"current_hp_per_floor":[64,64,64,64,64,60,60,60,74,74,74,48,28,28,53,53,77,48,0,0],"gold":163,"neow_bonus":"TRANSFORM_CARD","is_daily":false,"chose_seed":false,"campfire_upgraded":2,"win_rate":0.0,"timestamp":1611863970,"path_taken":["M","?","?","?","$","E","R","?","T","R","M","?","E","M","R","BOSS","M","?"],"items_purchased_type":["Relic"],"build_version":"2020-12-22","purchased_purges":1,"victory":false,"max_hp_per_floor":[71,71,71,71,71,71,71,71,85,85,85,85,85,85,85,85,85,85,85,85],"relic_stats":{"Darkstone Periapt":0,"counters":[9,51],"Pantograph":25,"Tiny Chest":0,"obtain_stats":[{"Darkstone Periapt":9,"Anchor":5,"Matryoshka":6,"Pantograph":8,"Mango":9,"Tiny Chest":13,"Cracked Core":0,"Nuclear Battery":17},{"Darkstone Periapt":3,"Anchor":2,"Matryoshka":3,"Pantograph":3,"Mango":3,"Tiny Chest":5,"Cracked Core":0,"Nuclear Battery":7},{"Darkstone Periapt":16,"Anchor":5,"Matryoshka":16,"Pantograph":16,"Mango":16,"Tiny Chest":27,"Cracked Core":0,"Nuclear Battery":43}]},"card_choices":[{"not_picked":["Sunder","Barrage"],"picked":"Glacier","floor":1},{"not_picked":["Stack","Streamline"],"picked":"Double Energy","floor":3},{"not_picked":["Meteor Strike","Tempest"],"picked":"Rebound","floor":6},{"not_picked":["Storm","Turbo"],"picked":"Cold Snap","floor":11},{"not_picked":["Stack","Gash"],"picked":"Ball Lightning","floor":13},{"not_picked":["Steam Power","Stack"],"picked":"Genetic Algorithm","floor":14},{"not_picked":["Thunder Strike","Seek"],"picked":"Echo Form","floor":16},{"not_picked":["Beam Cell","Leap"],"picked":"Steam+1","floor":18}],"player_experience":3372508,"relics_obtained":[{"floor":6,"key":"Matryoshka"},{"floor":9,"key":"Darkstone Periapt"},{"floor":9,"key":"Mango"},{"floor":13,"key":"Tiny Chest"}],"event_choices":[{"damage_healed":0,"gold_gain":0,"player_choice":"Upgraded","damage_taken":0,"max_hp_gain":0,"max_hp_loss":0,"event_name":"Upgrade Shrine","floor":2,"gold_loss":0,"cards_upgraded":["Zap"]},{"damage_healed":0,"gold_gain":150,"player_choice":"AGREE","damage_taken":0,"max_hp_gain":0,"max_hp_loss":0,"event_name":"Liars Game","floor":4,"gold_loss":0,"cards_obtained":["Doubt"]},{"damage_healed":0,"gold_gain":0,"player_choice":"Box","damage_taken":0,"relics_obtained":["Pantograph"],"max_hp_gain":0,"max_hp_loss":0,"event_name":"Big Fish","floor":8,"gold_loss":0,"cards_obtained":["Regret"]},{"damage_healed":0,"gold_gain":0,"player_choice":"Entered Light","damage_taken":26,"max_hp_gain":0,"max_hp_loss":0,"event_name":"Shining Light","floor":12,"gold_loss":0,"cards_upgraded":["Cold Snap","Strike_B"]},{"damage_healed":0,"gold_gain":0,"player_choice":"Fought Bandits","damage_taken":0,"max_hp_gain":0,"max_hp_loss":0,"event_name":"Masked Bandits","floor":19,"gold_loss":0}],"is_beta":false,"boss_relics":[{"not_picked":["Ectoplasm","Sozu"],"picked":"Nuclear Battery"}],"items_purged_floors":[5],"is_endless":false,"potions_floor_spawned":[1,13,16,18],"killed_by":"Masked Bandits","ascension_level":16}}