{"host":"test","time":1611827708,"event":{"mods":["BaseMod","Colored Map","Colored Powertips","Minty Spire (QoL Compilation)","Relic Stats","Slay the Relics Exporter","SpireBot","StSLib","ojb\u0027s Better Paths Mod","ojb\u0027s Info Mod"],"gold_per_floor":[109,384,394,407,424,424,454,454,454,479,58,70,70,70,70],"floor_reached":14,"language":"JPN","playtime":452,"items_purged":["Regret"],"score":200,"play_id":"65829e85-8f06-438b-a3bc-d44831e37e61","local_time":"20210128185508","is_ascension_mode":true,"campfire_choices":[{"floor":6.0,"key":"REST"},{"data":"Footwork","floor":8.0,"key":"SMITH"},{"data":"Noxious Fumes","floor":13.0,"key":"SMITH"}],"circlet_count":0,"master_deck":["AscendersBane","Strike_G","Strike_G","Strike_G","Strike_G","Strike_G","Defend_G","Defend_G","Defend_G","Defend_G","Defend_G","Survivor","Neutralize","CurseOfTheBell","Poisoned Stab","Dagger Spray","Footwork+1","Noxious Fumes","Footwork","Noxious Fumes+1","Dodge and Roll","Adrenaline","Good Instincts"],"relics":["Calling Bell","Snake Skull","Pantograph","Du-Vu Doll","Ornamental Fan","Pear","Mummified Hand","PrismaticShard"],"acts_visited":["Exordium"],"potions_floor_usage":[14,14],"damage_taken":[{"damage":5.0,"enemies":"Small Slimes","floor":1.0,"turns":5.0},{"damage":3.0,"enemies":"Cultist","floor":3.0,"turns":3.0},{"damage":4.0,"enemies":"Jaw Worm","floor":4.0,"turns":3.0},{"damage":17.0,"enemies":"3 Louse","floor":5.0,"turns":3.0},{"damage":15.0,"enemies":"3 Sentries","floor":7.0,"turns":6.0},{"damage":9.0,"enemies":"Lagavulin","floor":10.0,"turns":6.0},{"damage":1.0,"enemies":"Lots of Slimes","floor":12.0,"turns":3.0},{"damage":46,"enemies":"Gremlin Nob","floor":14,"turns":4}],"seed_played":"1838156607384214766","potions_obtained":[{"floor":1.0,"key":"CultistPotion"},{"floor":5.0,"key":"BlessingOfTheForge"}],"is_trial":false,"path_per_floor":["M","?","M","M","M","R","E","R","T","E","$","M","R","E"],"character_chosen":"THE_SILENT","items_purchased":["PrismaticShard","Dodge and Roll","Adrenaline"],"campfire_rested":1,"item_purchase_floors":[11,11,11],"current_hp_per_floor":[54,54,51,47,30,49,34,34,44,35,35,34,34,0,0],"gold":70,"neow_bonus":"BOSS_RELIC","is_daily":false,"chose_seed":true,"campfire_upgraded":2,"win_rate":0.0,"timestamp":1611827708,"path_taken":["M","?","M","?","?","R","E","R","T","E","$","M","R","E"],"items_purchased_type":["Relic","Card","Card"],"build_version":"2020-12-18","purchased_purges":1,"victory":false,"max_hp_per_floor":[66,66,66,66,66,66,66,66,76,76,76,76,76,76,76],"relic_stats":{"counters":[8,33],"Ornamental Fan":[16],"Mummified Hand":[3],"Pantograph":0,"Snake Skull":[28],"obtain_stats":[{"Calling Bell":0,"Du-Vu Doll":0,"Pear":9,"Ornamental Fan":7,"Mummified Hand":10,"Pantograph":0,"Snake Skull":0,"PrismaticShard":11,"Ring of the Snake":0},{"Calling Bell":0,"Du-Vu Doll":0,"Pear":5,"Ornamental Fan":5,"Mummified Hand":6,"Pantograph":0,"Snake Skull":0,"PrismaticShard":6,"Ring of the Snake":0},{"Calling Bell":0,"Du-Vu Doll":0,"Pear":20,"Ornamental Fan":20,"Mummified Hand":26,"Pantograph":0,"Snake Skull":0,"PrismaticShard":26,"Ring of the Snake":0}]},"card_choices":[{"not_picked":["Dagger Throw","Underhanded Strike"],"picked":"Poisoned Stab","floor":1.0},{"not_picked":["Flying Knee","Escape Plan"],"picked":"Dagger Spray","floor":3.0},{"not_picked":["Reflex","Acrobatics"],"picked":"Footwork","floor":4.0},{"not_picked":["Poisoned Stab","Dagger Throw"],"picked":"Noxious Fumes","floor":5.0},{"not_picked":["Masterful Stab","Terror"],"picked":"Footwork","floor":7.0},{"not_picked":["Choke","Poisoned Stab"],"picked":"Noxious Fumes","floor":10.0},{"not_picked":["Poisoned Stab","Clash"],"picked":"Good Instincts","floor":12.0}],"player_experience":2002047,"relics_obtained":[{"floor":0.0,"key":"Snake Skull"},{"floor":0.0,"key":"Pantograph"},{"floor":0.0,"key":"Du-Vu Doll"},{"floor":7.0,"key":"Ornamental Fan"},{"floor":9.0,"key":"Pear"},{"floor":10.0,"key":"Mummified Hand"}],"event_choices":[{"damage_healed":0.0,"max_hp_gain":0.0,"max_hp_loss":0.0,"gold_gain":275.0,"event_name":"Golden Shrine","player_choice":"Desecrate","floor":2.0,"gold_loss":0.0,"damage_taken":0.0,"cards_obtained":["Regret"]}],"is_beta":true,"boss_relics":[],"items_purged_floors":[11],"is_endless":false,"potions_floor_spawned":[1,5,12],"killed_by":"Gremlin Nob","ascension_level":20}}