{"host":"j4g6ia6asvpyu2b0","time":1611848634,"event":{"mods":["BaseMod","Colored Map","Minty Spire (QoL Compilation)","Permanent Neow","Quick Restart","Relic Stats","StSLib","Unceasing Turn Reminder"],"gold_per_floor":[19,294,310,320,337,337,363,363,389,389,405,433,433,433,433,433,433],"floor_reached":16,"language":"ENG","playtime":470,"items_purged":[],"score":138,"play_id":"38b27e94-5afb-440f-b8fa-54bc6fc719da","local_time":"20210128084354","is_ascension_mode":true,"campfire_choices":[{"data":"Chill","floor":6,"key":"SMITH"},{"data":"Doom and Gloom","floor":10,"key":"SMITH"},{"data":"Static Discharge","floor":13,"key":"SMITH"},{"data":"Zap","floor":15,"key":"SMITH"}],"circlet_count":0,"master_deck":["Strike_B","Strike_B","Strike_B","Strike_B","Defend_B","Defend_B","Defend_B","Defend_B","Zap+1","Dualcast","Doom and Gloom+1","Regret","Conserve Battery","Sweeping Beam","Rip and Tear","Rainbow","Static Discharge+1"],"relics":["Cracked Core","Vajra","Toy Ornithopter","Anchor","Prayer Wheel"],"acts_visited":["Exordium"],"potions_floor_usage":[],"damage_taken":[{"damage":0,"enemies":"Small Slimes","floor":1,"turns":3},{"damage":2,"enemies":"Cultist","floor":3,"turns":3},{"damage":1,"enemies":"2 Louse","floor":4,"turns":2},{"damage":9,"enemies":"Gremlin Gang","floor":5,"turns":3},{"damage":15,"enemies":"3 Sentries","floor":7,"turns":5},{"damage":9,"enemies":"Looter","floor":11,"turns":3},{"damage":20,"enemies":"Lagavulin","floor":12,"turns":5},{"damage":15,"enemies":"The Guardian","floor":16,"turns":5}],"seed_played":"-2888977942624650913","potions_obtained":[{"floor":3,"key":"EssenceOfSteel"},{"floor":4,"key":"SpeedPotion"},{"floor":11,"key":"Explosive Potion"}],"is_trial":false,"path_per_floor":["M","?","M","M","M","R","E","?","T","R","M","E","R","?","R","B"],"character_chosen":"DEFECT","items_purchased":[],"campfire_rested":0,"item_purchase_floors":[],"current_hp_per_floor":[89,89,87,86,77,77,62,62,62,62,53,33,33,15,15,0,0],"gold":433,"neow_bonus":"TWENTY_PERCENT_HP_BONUS","is_daily":false,"chose_seed":false,"campfire_upgraded":4,"win_rate":0.0,"timestamp":1611848634,"path_taken":["M","?","M","M","?","R","E","?","T","R","?","E","R","?","R","BOSS"],"items_purchased_type":[],"build_version":"2020-12-22","purchased_purges":0,"victory":false,"max_hp_per_floor":[89,89,89,89,89,89,89,89,89,89,89,89,89,89,89,89,89],"relic_stats":{"counters":[8,29],"Prayer Wheel":0,"obtain_stats":[{"Anchor":12,"Vajra":7,"Prayer Wheel":14,"Cracked Core":0,"Toy Ornithopter":9},{"Anchor":7,"Vajra":5,"Prayer Wheel":7,"Cracked Core":0,"Toy Ornithopter":5},{"Anchor":24,"Vajra":16,"Prayer Wheel":24,"Cracked Core":0,"Toy Ornithopter":16}],"Toy Ornithopter":0},"card_choices":[{"not_picked":["Beam Cell","Barrage"],"picked":"Doom and Gloom","floor":1},{"not_picked":["Streamline","Undo"],"picked":"Conserve Battery","floor":3},{"not_picked":["Rebound","Turbo"],"picked":"Sweeping Beam","floor":4},{"not_picked":["Sweeping Beam","Fusion"],"picked":"Chill","floor":5},{"not_picked":["Beam Cell","Streamline","Stack"],"picked":"SKIP","floor":7},{"not_picked":["Scrape","Steam"],"picked":"Rainbow","floor":11},{"not_picked":["Storm","Stack"],"picked":"Static Discharge","floor":12}],"player_experience":1057288,"relics_obtained":[{"floor":7,"key":"Vajra"},{"floor":9,"key":"Toy Ornithopter"},{"floor":12,"key":"Anchor"}],"event_choices":[{"damage_healed":0,"gold_gain":275,"player_choice":"Desecrate","damage_taken":0,"max_hp_gain":0,"max_hp_loss":0,"event_name":"Golden Shrine","floor":2,"gold_loss":0,"cards_obtained":["Regret"]},{"cards_removed":["Chill"],"damage_healed":0,"gold_gain":0,"player_choice":"Took Card","damage_taken":0,"max_hp_gain":0,"max_hp_loss":0,"event_name":"NoteForYourself","floor":8,"gold_loss":0,"cards_obtained":["Rip and Tear"]},{"damage_healed":0,"gold_gain":0,"player_choice":"Success","damage_taken":18,"relics_obtained":["Prayer Wheel"],"max_hp_gain":0,"max_hp_loss":0,"event_name":"Scrap Ooze","floor":14,"gold_loss":0}],"is_beta":false,"boss_relics":[],"items_purged_floors":[],"is_endless":false,"potions_floor_spawned":[3,4,11],"killed_by":"The Guardian","ascension_level":5}}