{"host":"h18ghvg9w8zr1me3","time":1611831180,"event":{"mods":["Act Like it!","BaseMod","Hallownest","Minty Spire (QoL Compilation)","StSLib"],"gold_per_floor":[119,132,132,232,232,244,244,244,16,16,45,45,45,45],"floor_reached":13,"language":"ZHS","playtime":525,"items_purged":[],"score":165,"play_id":"28103cdb-9815-46b4-9f66-e57bc014cdd4","local_time":"20210128185300","is_ascension_mode":true,"campfire_choices":[{"data":"Creative AI","floor":12,"key":"SMITH"}],"circlet_count":0,"master_deck":["Strike_B","Strike_B","Strike_B","Defend_B","Defend_B","Defend_B","Defend_B","Zap","Dualcast","Go for the Eyes","Cold Snap","Creative AI+1","White Noise","Flash of Steel","Rainbow","Reinforced Body"],"relics":["FrozenCore","NeowsBlessing","Meat on the Bone"],"acts_visited":["Hallownest:Greenpath","Hallownest:CityofTears"],"potions_floor_usage":[6],"damage_taken":[{"damage":0,"enemies":"2_ Uuma","floor":1,"turns":1},{"damage":0,"enemies":"Hallownest:2_Tiktiks_and_1_Crawlid","floor":2,"turns":2},{"damage":0,"enemies":"Hallownest:BossBrokenVessel","floor":4,"turns":1},{"damage":16,"enemies":"Hallownest:Guard_and_Sentry","floor":6,"turns":9},{"damage":25,"enemies":"Hallownest:eliteSoulWarrior","floor":11,"turns":11},{"damage":27,"enemies":"Hallownest:Flukemon_and_Top","floor":13,"turns":5}],"seed_played":"1777860016515147666","potions_obtained":[{"floor":2,"key":"LiquidMemories"}],"is_trial":false,"path_per_floor":["M","M","?","B",null,"M","?","?","$","?","E","R","M"],"character_chosen":"DEFECT","items_purchased":["Flash of Steel","Rainbow"],"campfire_rested":0,"item_purchase_floors":[9,9],"current_hp_per_floor":[75,75,75,75,75,59,59,59,59,59,34,34,7,7],"gold":45,"neow_bonus":"THREE_ENEMY_KILL","is_daily":false,"chose_seed":false,"campfire_upgraded":1,"win_rate":0.0,"timestamp":1611831180,"path_taken":["M","?","?","BOSS","M","?","?","$","?","E","R","?"],"items_purchased_type":["Card","Card"],"build_version":"2020-12-22","purchased_purges":0,"victory":false,"max_hp_per_floor":[75,75,75,75,75,75,75,75,75,75,75,75,75,75],"card_choices":[{"not_picked":["Stack","Turbo"],"picked":"Go for the Eyes","floor":1},{"not_picked":["Hello World","Rebound"],"picked":"Cold Snap","floor":2},{"not_picked":["Buffer","Hyperbeam"],"picked":"Creative AI","floor":4},{"not_picked":["Melter","Stack"],"picked":"White Noise","floor":6},{"not_picked":["Rip and Tear","Sweeping Beam"],"picked":"Reinforced Body","floor":11}],"player_experience":86740,"relics_obtained":[{"floor":11,"key":"Meat on the Bone"}],"event_choices":[],"is_beta":false,"boss_relics":[{"not_picked":["Sozu","Velvet Choker"],"picked":"FrozenCore"}],"items_purged_floors":[],"is_endless":false,"potions_floor_spawned":[2],"killed_by":"Hallownest:Flukemon_and_Top","ascension_level":4}}