{"host":"sav7uxregyirlf69","time":1611800793,"event":{"mods":["AchievementEnabler","BaseMod","Colored Map","DeckTracker","Keyboard Shortcuts","Minty Spire (QoL Compilation)","READ ME - Guardian Mod","StSLib","SuperFastMode"],"gold_per_floor":[118,118,43,93,117,157,171,171,171,194,212,212,237,59,59,158,158,172,172,172,96,21,21,21],"floor_reached":23,"language":"KOR","playtime":344,"items_purged":["Strike_G","Strike_G"],"score":428,"play_id":"c2d25ad8-d392-4349-8715-ee1e9a2d63a5","local_time":"20210128112633","is_ascension_mode":true,"campfire_choices":[{"floor":12,"key":"REST"},{"data":"Footwork","floor":15,"key":"SMITH"}],"circlet_count":0,"master_deck":["AscendersBane","Strike_G","Defend_G","Defend_G","Defend_G","Defend_G","Survivor","Neutralize","Deadly Poison","Corpse Explosion","Dagger Spray","Footwork+1","Blur","CurseOfTheBell","Noxious Fumes","Unload","Leg Sweep","Footwork"],"relics":["Ring of the Snake","NeowsBlessing","Bloody Idol","Mummified Hand","Bag of Preparation","Calling Bell","Ancient Tea Set","Sundial","Turnip"],"acts_visited":["Exordium","TheCity"],"potions_floor_usage":[13,16,23],"damage_taken":[{"damage":0,"enemies":"Small Slimes","floor":1,"turns":1},{"damage":0,"enemies":"Cultist","floor":5,"turns":1},{"damage":0,"enemies":"3 Sentries","floor":6,"turns":2},{"damage":1,"enemies":"2 Louse","floor":7,"turns":2},{"damage":25,"enemies":"Large Slime","floor":10,"turns":8},{"damage":0,"enemies":"Blue Slaver","floor":11,"turns":5},{"damage":1,"enemies":"Looter","floor":13,"turns":4},{"damage":16,"enemies":"The Guardian","floor":16,"turns":14},{"damage":36,"enemies":"2 Thieves","floor":18,"turns":4},{"damage":39,"enemies":"Gremlin Leader","floor":23,"turns":6}],"seed_played":"-8530552933795195776","potions_obtained":[{"floor":6,"key":"EssenceOfSteel"},{"floor":10,"key":"Explosive Potion"},{"floor":13,"key":"FearPotion"},{"floor":16,"key":"Regen Potion"}],"is_trial":false,"path_per_floor":["M","?","$","?","M","E","M","?","T","M","M","R","M","$","R","B",null,"M","?","?","$","?","E"],"character_chosen":"THE_SILENT","items_purchased":["Blur","Footwork"],"campfire_rested":1,"item_purchase_floors":[14,21],"current_hp_per_floor":[59,36,36,36,36,36,35,40,40,15,15,36,35,35,35,19,58,22,22,22,22,22,0,0],"gold":21,"neow_bonus":"THREE_ENEMY_KILL","is_daily":false,"chose_seed":false,"campfire_upgraded":1,"win_rate":0.0,"timestamp":1611800793,"path_taken":["M","?","$","?","?","E","M","?","T","M","M","R","M","$","R","BOSS","M","?","?","$","?","E"],"items_purchased_type":["Card","Card"],"build_version":"2020-12-22","purchased_purges":2,"victory":false,"max_hp_per_floor":[66,66,66,66,66,66,66,71,71,71,71,71,71,71,71,71,71,71,71,71,71,71,71,71],"card_choices":[{"not_picked":["Calculated Gamble","Riddle With Holes"],"picked":"Deadly Poison","floor":1},{"not_picked":["Poisoned Stab","Acrobatics","Accuracy"],"picked":"SKIP","floor":5},{"not_picked":["Escape Plan","Cloak And Dagger"],"picked":"Corpse Explosion","floor":6},{"not_picked":["Underhanded Strike","Blade Dance"],"picked":"Dagger Spray","floor":7},{"not_picked":["Heel Hook","Prepared","Underhanded Strike"],"picked":"SKIP","floor":10},{"not_picked":["Dagger Throw","Flying Knee","PiercingWail"],"picked":"SKIP","floor":11},{"not_picked":["Predator","Underhanded Strike"],"picked":"Footwork","floor":13},{"not_picked":["Choke+1","Endless Agony"],"picked":"Noxious Fumes","floor":18}],"player_experience":1407141,"relics_obtained":[{"floor":6,"key":"Mummified Hand"},{"floor":9,"key":"Bag of Preparation"},{"floor":17,"key":"Ancient Tea Set"},{"floor":17,"key":"Sundial"},{"floor":17,"key":"Turnip"}],"event_choices":[{"damage_healed":0,"gold_gain":0,"player_choice":"Take Damage","damage_taken":23,"relics_obtained":["Golden Idol"],"max_hp_gain":0,"max_hp_loss":0,"event_name":"Golden Idol","floor":2,"gold_loss":0},{"damage_healed":0,"gold_gain":50,"player_choice":"Pray","damage_taken":0,"max_hp_gain":0,"max_hp_loss":0,"event_name":"Golden Shrine","floor":4,"gold_loss":0},{"damage_healed":0,"gold_gain":0,"player_choice":"Donut","damage_taken":0,"max_hp_gain":5,"max_hp_loss":0,"event_name":"Big Fish","floor":8,"gold_loss":0},{"damage_healed":0,"gold_gain":0,"player_choice":"Gave Idol","damage_taken":0,"relics_obtained":["Bloody Idol"],"max_hp_gain":0,"max_hp_loss":0,"event_name":"Forgotten Altar","floor":19,"relics_lost":["Golden Idol"],"gold_loss":0},{"damage_healed":0,"gold_gain":0,"cards_transformed":["Strike_G","Strike_G"],"player_choice":"Became Test Subject","damage_taken":0,"max_hp_gain":0,"max_hp_loss":0,"event_name":"Drug Dealer","floor":20,"gold_loss":0,"cards_obtained":["Unload","Leg Sweep"]},{"cards_removed":["Defend_G"],"damage_healed":0,"gold_gain":0,"player_choice":"Gave Gold","damage_taken":0,"max_hp_gain":0,"max_hp_loss":0,"event_name":"Beggar","floor":22,"gold_loss":75}],"is_beta":false,"boss_relics":[{"not_picked":["Snecko Eye","Tiny House"],"picked":"Calling Bell"}],"items_purged_floors":[3,14],"is_endless":false,"potions_floor_spawned":[6,10,13,16,18],"killed_by":"Gremlin Leader","ascension_level":20}}