{"host":"j4g6ia6asvpyu2b0","time":1611836931,"event":{"mods":["BaseMod","Colored Map","Minty Spire (QoL Compilation)","Permanent Neow","Quick Restart","Relic Stats","StSLib","Unceasing Turn Reminder"],"gold_per_floor":[144,189,234,279,324,324,414,414,464,464,509,554,599,689,689,989,989,1034,1079,429,474,519,519,609,609,609,699,744,834,834,389,389,689,689,734,779,739,713,758,848,848,968,993,1038,1038,340,340,385,385,385],"floor_reached":51,"language":"ENG","playtime":2247,"items_purged":[],"score":906,"play_id":"83ebc81b-c5f4-4036-a7ff-9dc5eca6dac1","local_time":"20210128052851","daily_mods":["Draft","Purple Cards","Midas"],"is_ascension_mode":false,"campfire_choices":[{"floor":6,"key":"REST"},{"floor":8,"key":"REST"},{"floor":10,"key":"REST"},{"floor":15,"key":"REST"},{"floor":23,"key":"REST"},{"floor":25,"key":"REST"},{"floor":30,"key":"REST"},{"floor":32,"key":"DIG"},{"floor":41,"key":"DIG"},{"floor":47,"key":"DIG"},{"floor":49,"key":"DIG"}],"circlet_count":0,"master_deck":["BattleHymn","Static Discharge","Gash","Conserve Battery","CutThroughFate","FollowUp+1","Cold Snap","Rebound","Consume","Ball Lightning","Prostrate","Coolheaded","Self Repair","TalkToTheHand","Glacier","Aggregate","Steam Power","Coolheaded","Rip and Tear+1","Reinforced Body","Sunder","MasterReality","Collect+1","Undo+1","Hologram+1","Wireheading+1","Defragment+1","Conserve Battery+1","Seek+1","Discovery+1","Wish+1","Sweeping Beam+1","Coolheaded+1","Stack+1","Cold Snap+1","Evaluate+1","Defragment","Rainbow+1","Transmutation+1","Mind Blast+1","Meteor Strike+1"],"relics":["Cracked Core","Bag of Marbles","Regal Pillow","Sundial","Runic Dome","Toxic Egg 2","Sling","Letter Opener","Eternal Feather","StrikeDummy","Symbiotic Virus","Ornamental Fan","Shovel","DataDisk","Fusion Hammer","Bottled Flame","Molten Egg 2","Centennial Puzzle","Vajra","Bag of Preparation","Whetstone","HornCleat","Mercury Hourglass"],"acts_visited":["Exordium","TheCity","TheBeyond"],"potions_floor_usage":[33,50,50,50],"damage_taken":[{"damage":0,"enemies":"Cultist","floor":1,"turns":3},{"damage":9,"enemies":"Jaw Worm","floor":2,"turns":2},{"damage":4,"enemies":"Small Slimes","floor":3,"turns":3},{"damage":8,"enemies":"3 Louse","floor":4,"turns":3},{"damage":6,"enemies":"2 Fungi Beasts","floor":5,"turns":2},{"damage":14,"enemies":"Gremlin Nob","floor":7,"turns":3},{"damage":5,"enemies":"Exordium Thugs","floor":11,"turns":2},{"damage":4,"enemies":"Blue Slaver","floor":12,"turns":2},{"damage":3,"enemies":"Exordium Wildlife","floor":13,"turns":4},{"damage":0,"enemies":"Lagavulin","floor":14,"turns":5},{"damage":25,"enemies":"Slime Boss","floor":16,"turns":6},{"damage":10,"enemies":"2 Thieves","floor":18,"turns":2},{"damage":10,"enemies":"Chosen","floor":19,"turns":3},{"damage":0,"enemies":"Snecko","floor":21,"turns":4},{"damage":0,"enemies":"Sentry and Sphere","floor":22,"turns":3},{"damage":9,"enemies":"Book of Stabbing","floor":24,"turns":5},{"damage":20,"enemies":"Slavers","floor":27,"turns":4},{"damage":4,"enemies":"Cultist and Chosen","floor":28,"turns":5},{"damage":19,"enemies":"Gremlin Leader","floor":29,"turns":4},{"damage":28,"enemies":"Automaton","floor":33,"turns":11},{"damage":0,"enemies":"Orb Walker","floor":35,"turns":2},{"damage":2,"enemies":"3 Darklings","floor":36,"turns":4},{"damage":27,"enemies":"Jaw Worm Horde","floor":39,"turns":3},{"damage":27,"enemies":"Nemesis","floor":40,"turns":5},{"damage":0,"enemies":"Giant Head","floor":42,"turns":7},{"damage":8,"enemies":"Sphere and 2 Shapes","floor":44,"turns":4},{"damage":0,"enemies":"3 Darklings","floor":48,"turns":1},{"damage":23,"enemies":"Time Eater","floor":50,"turns":10}],"seed_played":"9192803745042345800","potions_obtained":[{"floor":2,"key":"GamblersBrew"},{"floor":3,"key":"Ancient Potion"},{"floor":11,"key":"Regen Potion"},{"floor":24,"key":"SkillPotion"},{"floor":29,"key":"FocusPotion"},{"floor":33,"key":"DuplicationPotion"},{"floor":36,"key":"PotionOfCapacity"}],"is_trial":false,"path_per_floor":["M","M","M","M","M","R","E","R","T","R","M","M","M","E","R","B",null,"M","M","$","M","M","R","E","R","T","E","M","E","R","$","R","B",null,"M","M","?","$","M","E","R","E","T","M","?","$","R","M","R","B",null],"character_chosen":"DEFECT","items_purchased":["Toxic Egg 2","Sling","Letter Opener","Shovel","Discovery+1","PowerPotion","Coolheaded+1","Defragment","Rainbow+1","Bag of Preparation","Whetstone","Transmutation+1","Mind Blast+1"],"campfire_rested":7,"item_purchase_floors":[20,20,20,31,31,31,38,46,46,46,46,46,46],"current_hp_per_floor":[75,73,75,67,61,75,61,75,75,75,70,66,70,75,75,57,75,65,62,62,69,69,75,73,75,75,62,58,46,75,75,75,54,75,75,75,75,75,55,35,56,63,63,55,55,55,75,75,75,59],"gold":385,"neow_bonus":"","is_daily":true,"chose_seed":false,"campfire_upgraded":0,"win_rate":0.0,"timestamp":1611836931,"path_taken":["M","M","M","M","M","R","E","R","T","R","M","M","M","E","R","BOSS","M","M","$","M","M","R","E","R","T","E","?","E","R","$","R","BOSS","M","M","?","$","?","E","R","E","T","M","?","$","R","M","R","BOSS"],"items_purchased_type":["Relic","Relic","Relic","Relic","Card","Potion","Card","Card","Card","Relic","Relic","Card","Card"],"build_version":"2020-12-22","purchased_purges":0,"victory":true,"max_hp_per_floor":[75,75,75,75,75,75,75,75,75,75,75,75,75,75,75,75,75,75,75,75,75,75,75,75,75,75,75,75,75,75,75,75,75,75,75,75,75,75,75,75,75,75,75,75,75,75,75,75,75,75],"relic_stats":{"Regal Pillow":0,"Centennial Puzzle":[6],"Shovel":4,"counters":[28,112],"Sundial":[4],"Ornamental Fan":[104],"Eternal Feather":61,"Bag of Preparation":[4],"Letter Opener":[198],"Whetstone":["FollowUp","Rip and Tear"],"obtain_stats":[{"Regal Pillow":9,"Vajra":43,"Eternal Feather":24,"Bag of Preparation":46,"Letter Opener":20,"Whetstone":46,"Sling":20,"Mercury Hourglass":49,"Runic Dome":17,"DataDisk":32,"Bottled Flame":40,"Centennial Puzzle":42,"Shovel":31,"HornCleat":47,"Sundial":14,"Ornamental Fan":29,"Molten Egg 2":41,"Fusion Hammer":34,"Bag of Marbles":7,"Toxic Egg 2":20,"Cracked Core":0,"StrikeDummy":26,"Symbiotic Virus":27},{"Regal Pillow":6,"Vajra":25,"Eternal Feather":16,"Bag of Preparation":26,"Letter Opener":13,"Whetstone":26,"Sling":13,"Mercury Hourglass":27,"Runic Dome":11,"DataDisk":19,"Bottled Flame":24,"Centennial Puzzle":25,"Shovel":19,"HornCleat":26,"Sundial":10,"Ornamental Fan":19,"Molten Egg 2":24,"Fusion Hammer":20,"Bag of Marbles":6,"Toxic Egg 2":13,"Cracked Core":0,"StrikeDummy":16,"Symbiotic Virus":17},{"Regal Pillow":16,"Vajra":97,"Eternal Feather":52,"Bag of Preparation":101,"Letter Opener":40,"Whetstone":101,"Sling":40,"Mercury Hourglass":102,"Runic Dome":35,"DataDisk":65,"Bottled Flame":90,"Centennial Puzzle":97,"Shovel":65,"HornCleat":101,"Sundial":29,"Ornamental Fan":65,"Molten Egg 2":90,"Fusion Hammer":76,"Bag of Marbles":16,"Toxic Egg 2":40,"Cracked Core":0,"StrikeDummy":52,"Symbiotic Virus":56}],"Mercury Hourglass":[24]},"card_choices":[{"not_picked":["EmptyFist","FlyingSleeves"],"picked":"BattleHymn","floor":0},{"not_picked":["CutThroughFate","Worship"],"picked":"Static Discharge","floor":0},{"not_picked":["Halt","EmptyBody"],"picked":"Gash","floor":0},{"not_picked":["Redo","Rebound"],"picked":"Conserve Battery","floor":0},{"not_picked":["Consume","Hologram"],"picked":"CutThroughFate","floor":0},{"not_picked":["Turbo","PathToVictory"],"picked":"FollowUp","floor":0},{"not_picked":["CrushJoints","Study"],"picked":"Cold Snap","floor":0},{"not_picked":["Beam Cell","Perseverance"],"picked":"Rebound","floor":0},{"not_picked":["CrushJoints","FollowUp"],"picked":"Consume","floor":0},{"not_picked":["Rip and Tear","Consecrate"],"picked":"Ball Lightning","floor":0},{"not_picked":["PathToVictory","SashWhip"],"picked":"Prostrate","floor":0},{"not_picked":["Hologram","InnerPeace"],"picked":"Coolheaded","floor":0},{"not_picked":["EmptyFist","Halt"],"picked":"CrushJoints","floor":0},{"not_picked":["SandsOfTime","Scrape"],"picked":"Self Repair","floor":0},{"not_picked":["Collect","Turbo"],"picked":"TalkToTheHand","floor":0},{"not_picked":["Ball Lightning","SashWhip"],"picked":"Glacier","floor":1},{"not_picked":["EmptyBody","WindmillStrike"],"picked":"Aggregate","floor":2},{"not_picked":["FearNoEvil","Consume"],"picked":"Steam Power","floor":3},{"not_picked":["FlurryOfBlows","Rebound","EmptyBody"],"picked":"SKIP","floor":4},{"not_picked":["Gash","EmptyBody"],"picked":"Coolheaded","floor":5},{"not_picked":["Steam Power","Storm"],"picked":"Rip and Tear","floor":7},{"not_picked":["Doom and Gloom","FearNoEvil"],"picked":"Reinforced Body","floor":11},{"not_picked":["Pray","Defragment","Vengeance"],"picked":"SKIP","floor":12},{"not_picked":["Stack","DeceiveReality"],"picked":"Sunder","floor":13},{"not_picked":["Lockon","PathToVictory"],"picked":"MasterReality","floor":14},{"not_picked":["Barrage","Compile Driver"],"picked":"Collect+1","floor":18},{"not_picked":["Steam Power","Gash+1"],"picked":"Undo+1","floor":19},{"not_picked":["Barrage+1","Protect+1"],"picked":"Hologram+1","floor":21},{"not_picked":["FlyingSleeves","Storm"],"picked":"Wireheading+1","floor":22},{"not_picked":["Glacier+1","FollowUp"],"picked":"Defragment","floor":24},{"not_picked":["Consecrate","SashWhip"],"picked":"Conserve Battery+1","floor":27},{"not_picked":["Reprogram+1","PathToVictory+1","CrushJoints"],"picked":"SKIP","floor":28},{"not_picked":["Crescendo+1","Wallop"],"picked":"Seek+1","floor":29},{"not_picked":["Meteor Strike","Reboot+1"],"picked":"Wish+1","floor":33},{"not_picked":["ThirdEye+1","Prostrate+1"],"picked":"Sweeping Beam+1","floor":35},{"not_picked":["Rip and Tear+1","Redo+1","Genetic Algorithm+1"],"picked":"SKIP","floor":36},{"not_picked":["Sweeping Beam","Streamline+1"],"picked":"Stack+1","floor":39},{"not_picked":["Conclude+1","Steam+1"],"picked":"Cold Snap+1","floor":40},{"not_picked":["CutThroughFate+1","Hologram+1"],"picked":"Evaluate+1","floor":42},{"not_picked":["Reinforced Body+1","BowlingBash+1","Rebound+1"],"picked":"SKIP","floor":44},{"not_picked":["Rebound+1","FlurryOfBlows+1"],"picked":"Meteor Strike+1","floor":48}],"player_experience":1051833,"relics_obtained":[{"floor":7,"key":"Bag of Marbles"},{"floor":9,"key":"Regal Pillow"},{"floor":14,"key":"Sundial"},{"floor":24,"key":"Eternal Feather"},{"floor":26,"key":"StrikeDummy"},{"floor":27,"key":"Symbiotic Virus"},{"floor":29,"key":"Ornamental Fan"},{"floor":32,"key":"DataDisk"},{"floor":40,"key":"Bottled Flame"},{"floor":41,"key":"Molten Egg 2"},{"floor":42,"key":"Centennial Puzzle"},{"floor":43,"key":"Vajra"},{"floor":47,"key":"HornCleat"},{"floor":49,"key":"Mercury Hourglass"}],"event_choices":[{"damage_healed":0,"gold_gain":0,"player_choice":"Upgrade","damage_taken":0,"max_hp_gain":0,"max_hp_loss":0,"event_name":"Designer","floor":37,"gold_loss":40,"cards_upgraded":["Defragment"]},{"cards_removed":["CrushJoints"],"damage_healed":0,"gold_gain":0,"player_choice":"Removed Attack","damage_taken":0,"max_hp_gain":0,"max_hp_loss":0,"event_name":"Falling","floor":45,"gold_loss":0}],"is_beta":false,"boss_relics":[{"not_picked":["Inserter","Astrolabe"],"picked":"Runic Dome"},{"not_picked":["Calling Bell","Philosopher\u0027s Stone"],"picked":"Fusion Hammer"}],"items_purged_floors":[],"is_endless":false,"potions_floor_spawned":[2,3,11,14,16,24,29,33,36,40,42,44],"ascension_level":0}}