{"host":"qekv59dthhdg54sz","time":1611814205,"event":{"mods":["AchievementEnabler","BaseMod","Colored Map","DeckTracker","KOR Keyword Fix","Minty Spire (QoL Compilation)","Rare Cards Sparkle","StSLib","SuperFastMode"],"gold_per_floor":[118,131,12,12,12,87,120,141,141,141,165,165,178,222,222,317,317,342,342,191,209,209,209],"floor_reached":22,"language":"KOR","playtime":351,"items_purged":["Strike_R"],"score":394,"play_id":"4d4bf9be-3684-493e-a51b-413eb6df018d","local_time":"20210128151005","is_ascension_mode":true,"campfire_choices":[{"data":"Fire Breathing","floor":10.0,"key":"SMITH"},{"data":"Fiend Fire","floor":12.0,"key":"SMITH"},{"floor":15.0,"key":"REST"}],"circlet_count":0,"master_deck":["AscendersBane","Strike_R","Strike_R","Strike_R","Defend_R","Defend_R","Defend_R","Defend_R","Bash","Disarm","Fire Breathing+1","Battle Trance","Reckless Charge","Dual Wield","Dropkick","Fiend Fire+1","Shrug It Off","Seeing Red","Barricade","Second Wind+1","Burning Pact","Battle Trance+1"],"relics":["Burning Blood","NeowsBlessing","Golden Idol","Prayer Wheel","StoneCalendar","Molten Egg 2","Runic Cube"],"acts_visited":["Exordium","TheCity"],"potions_floor_usage":[],"damage_taken":[{"damage":0.0,"enemies":"2 Louse","floor":1.0,"turns":2.0},{"damage":0.0,"enemies":"Jaw Worm","floor":2.0,"turns":1.0},{"damage":0.0,"enemies":"3 Sentries","floor":7.0,"turns":2.0},{"damage":3.0,"enemies":"Cultist","floor":8.0,"turns":4.0},{"damage":4.0,"enemies":"Looter","floor":11.0,"turns":4.0},{"damage":13.0,"enemies":"Large Slime","floor":13.0,"turns":4.0},{"damage":21.0,"enemies":"Lagavulin","floor":14.0,"turns":7.0},{"damage":20.0,"enemies":"Slime Boss","floor":16.0,"turns":7.0},{"damage":22.0,"enemies":"Spheric Guardian","floor":18.0,"turns":4.0},{"damage":31.0,"enemies":"3 Byrds","floor":21.0,"turns":4.0},{"damage":0,"enemies":"Snecko","floor":22,"turns":1}],"seed_played":"-8831637751711705259","potions_obtained":[{"floor":2.0,"key":"Fire Potion"},{"floor":8.0,"key":"FearPotion"}],"is_trial":false,"path_per_floor":["M","M","$","?","?","?","E","M","T","R","M","R","M","E","R","B",null,"M","?","$","M","M"],"character_chosen":"IRONCLAD","items_purchased":["Fire Breathing","Battle Trance","Burning Pact"],"campfire_rested":1,"item_purchase_floors":[3,3,20],"current_hp_per_floor":[74,75,75,68,42,31,37,40,40,40,42,42,35,20,42,28,63,47,47,47,22,22,22],"gold":209,"neow_bonus":"THREE_ENEMY_KILL","is_daily":false,"chose_seed":false,"campfire_upgraded":2,"win_rate":0.0,"timestamp":1611814205,"path_taken":["M","M","$","?","?","?","E","M","T","R","?","R","M","E","R","BOSS","M","?","$","M","M"],"items_purchased_type":["Card","Card","Card"],"build_version":"2020-12-22","purchased_purges":1,"victory":false,"max_hp_per_floor":[75,75,75,75,75,75,75,75,75,75,75,75,75,75,75,75,75,75,75,75,75,75,75],"card_choices":[{"not_picked":["Iron Wave","Wild Strike","Clash"],"picked":"SKIP","floor":1.0},{"not_picked":["Intimidate","Metallicize"],"picked":"Disarm","floor":2.0},{"not_picked":["Headbutt","Clash"],"picked":"Reckless Charge","floor":7.0},{"not_picked":["Sword Boomerang","Thunderclap"],"picked":"Dual Wield","floor":8.0},{"not_picked":["Rage","True Grit"],"picked":"Dropkick","floor":8.0},{"not_picked":["Flex","Dropkick"],"picked":"Fiend Fire","floor":11.0},{"not_picked":["Clash","Bloodletting","Headbutt"],"picked":"SKIP","floor":11.0},{"not_picked":["Warcry","Searing Blow"],"picked":"Shrug It Off","floor":13.0},{"not_picked":["Combust","Warcry"],"picked":"Seeing Red","floor":13.0},{"not_picked":["Searing Blow+1","Clothesline+1","Twin Strike+1"],"picked":"SKIP","floor":14.0},{"not_picked":["Corruption","Double Tap"],"picked":"Barricade","floor":16.0},{"not_picked":["Shrug It Off+1","Seeing Red"],"picked":"Second Wind+1","floor":18.0},{"not_picked":["Searing Blow+1","Whirlwind+1","Thunderclap+1"],"picked":"SKIP","floor":18.0},{"not_picked":["Twin Strike+1","Cleave+1"],"picked":"Battle Trance+1","floor":21.0},{"not_picked":["Corruption","Clash+1","True Grit"],"picked":"SKIP","floor":21.0}],"player_experience":863786,"relics_obtained":[{"floor":7.0,"key":"Prayer Wheel"},{"floor":9.0,"key":"StoneCalendar"},{"floor":14.0,"key":"Molten Egg 2"}],"event_choices":[{"cards_removed":["Strike_R"],"damage_healed":0.0,"max_hp_gain":0.0,"max_hp_loss":0.0,"gold_gain":0.0,"event_name":"Golden Wing","player_choice":"Card Removal","floor":4.0,"gold_loss":0.0,"damage_taken":7.0},{"damage_healed":0.0,"max_hp_gain":0.0,"max_hp_loss":0.0,"gold_gain":0.0,"event_name":"Golden Idol","player_choice":"Take Damage","floor":5.0,"gold_loss":0.0,"damage_taken":26.0,"relics_obtained":["Golden Idol"]},{"damage_healed":0.0,"max_hp_gain":0.0,"max_hp_loss":0.0,"gold_gain":75.0,"event_name":"World of Goop","player_choice":"Gather Gold","floor":6.0,"gold_loss":0.0,"damage_taken":11.0},{"damage_healed":0.0,"max_hp_gain":0.0,"max_hp_loss":0.0,"gold_gain":0.0,"event_name":"The Mausoleum","player_choice":"Ignored","floor":19.0,"gold_loss":0.0,"damage_taken":0.0}],"is_beta":false,"boss_relics":[{"not_picked":["Runic Dome","SacredBark"],"picked":"Runic Cube"}],"items_purged_floors":[20],"is_endless":false,"potions_floor_spawned":[2,8,11],"killed_by":"Snecko","ascension_level":16}}