{"host":"sian7qp8a9pc9xwd","time":1611828425,"event":{"mods":["BaseMod","Minty Spire (QoL Compilation)","StSLib","SuperFastMode"],"gold_per_floor":[367,367,386,402,68,68,86,120,147,167,183,212,137,137,137,236,236,249,270,185,209,209,209,209,209],"floor_reached":24,"language":"ENG","playtime":848,"items_purged":["Decay"],"score":379,"play_id":"8205ae01-a639-4ab8-b10e-c64342185605","local_time":"20210128050705","is_ascension_mode":true,"campfire_choices":[{"data":"Loop","floor":6,"key":"SMITH"},{"floor":15,"key":"REST"},{"floor":23,"key":"REST"}],"circlet_count":0,"master_deck":["AscendersBane","Defend_B","Defend_B","Defend_B+1","Defend_B","Zap+1","Dualcast","Streamline+1","Sunder","Capacitor","Master of Strategy","Loop+1","Cold Snap","BootSequence","Glacier","Electrodynamics","Cold Snap","Consume","Bite","Bite","Bite","Bite","Bite"],"relics":["Cracked Core","Pen Nib","War Paint","Smiling Mask","Golden Idol","Inserter","Anchor"],"acts_visited":["Exordium","TheCity"],"potions_floor_usage":[10,12,12],"damage_taken":[{"damage":1,"enemies":"2 Louse","floor":1,"turns":2},{"damage":0,"enemies":"Cultist","floor":3,"turns":2},{"damage":2,"enemies":"Jaw Worm","floor":4,"turns":3},{"damage":12,"enemies":"Looter","floor":7,"turns":3},{"damage":20,"enemies":"Lagavulin","floor":8,"turns":6},{"damage":2,"enemies":"2 Fungi Beasts","floor":10,"turns":2},{"damage":8,"enemies":"Large Slime","floor":11,"turns":5},{"damage":30,"enemies":"Gremlin Nob","floor":12,"turns":4},{"damage":9,"enemies":"The Guardian","floor":16,"turns":11},{"damage":6,"enemies":"Spheric Guardian","floor":18,"turns":7},{"damage":18,"enemies":"2 Thieves","floor":19,"turns":4},{"damage":24,"enemies":"Cultist and Chosen","floor":21,"turns":6},{"damage":40,"enemies":"Shelled Parasite and Fungi","floor":24,"turns":4}],"seed_played":"-3516937737455906862","potions_obtained":[{"floor":3,"key":"Swift Potion"},{"floor":7,"key":"SpeedPotion"},{"floor":10,"key":"FocusPotion"},{"floor":11,"key":"Regen Potion"},{"floor":12,"key":"FairyPotion"},{"floor":18,"key":"Energy Potion"}],"is_trial":false,"path_per_floor":["M","?","M","M","$","R","M","E","T","M","M","E","$","?","R","B",null,"M","M","?","M","?","R","M"],"character_chosen":"DEFECT","items_purchased":["Master of Strategy","Loop","Glacier"],"campfire_rested":2,"item_purchase_floors":[5,5,13],"current_hp_per_floor":[63,63,63,61,61,61,49,29,29,27,19,1,1,1,20,11,52,46,28,28,4,4,17,0,0],"gold":209,"neow_bonus":"TWO_FIFTY_GOLD","is_daily":false,"chose_seed":false,"campfire_upgraded":1,"win_rate":0.0,"timestamp":1611828425,"path_taken":["M","?","?","?","?","R","M","E","T","M","M","E","$","?","R","BOSS","M","M","?","M","?","R","M"],"items_purchased_type":["Card","Card","Card"],"build_version":"2020-12-22","purchased_purges":1,"victory":false,"max_hp_per_floor":[71,71,71,71,71,71,71,71,71,71,71,71,71,66,66,66,66,66,66,66,66,46,46,46,46],"card_choices":[{"not_picked":["Chaos","Go for the Eyes"],"picked":"Streamline","floor":1},{"not_picked":["Static Discharge","Coolheaded"],"picked":"Sunder","floor":3},{"not_picked":["Stack","Aggregate"],"picked":"Capacitor","floor":4},{"not_picked":["Heatsinks","Barrage","Force Field"],"picked":"SKIP","floor":7},{"not_picked":["Go for the Eyes","Conserve Battery"],"picked":"Cold Snap","floor":8},{"not_picked":["Ball Lightning","Rebound"],"picked":"BootSequence","floor":10},{"not_picked":["Fusion","Stack","Scrape"],"picked":"SKIP","floor":11},{"not_picked":["Fusion","Stack","Scrape"],"picked":"SKIP","floor":11},{"not_picked":["Barrage","Recycle","Machine Learning"],"picked":"SKIP","floor":12},{"not_picked":["Biased Cognition","All For One"],"picked":"Electrodynamics","floor":16},{"not_picked":["Tempest","Skim","Go for the Eyes"],"picked":"SKIP","floor":18},{"not_picked":["Streamline","Redo"],"picked":"Cold Snap","floor":19},{"not_picked":["Chaos","Hello World"],"picked":"Consume","floor":21}],"player_experience":815287,"relics_obtained":[{"floor":8,"key":"Pen Nib"},{"floor":9,"key":"War Paint"},{"floor":12,"key":"Smiling Mask"}],"event_choices":[{"damage_healed":0,"gold_gain":0,"player_choice":"Upgraded","damage_taken":0,"max_hp_gain":0,"max_hp_loss":0,"event_name":"Upgrade Shrine","floor":2,"gold_loss":0,"cards_upgraded":["Streamline"]},{"damage_healed":0,"gold_gain":0,"player_choice":"Lose Max HP","damage_taken":0,"relics_obtained":["Golden Idol"],"max_hp_gain":0,"max_hp_loss":5,"event_name":"Golden Idol","floor":14,"gold_loss":0},{"damage_healed":0,"gold_gain":0,"player_choice":"Obtained Relic","damage_taken":0,"relics_obtained":["Anchor"],"max_hp_gain":0,"max_hp_loss":0,"event_name":"Addict","floor":20,"gold_loss":85},{"damage_healed":0,"gold_gain":0,"player_choice":"Became a vampire","damage_taken":0,"max_hp_gain":0,"max_hp_loss":20,"event_name":"Vampires","floor":22,"gold_loss":0,"cards_obtained":["Bite","Bite","Bite","Bite","Bite"]}],"is_beta":false,"boss_relics":[{"not_picked":["Coffee Dripper","Philosopher\u0027s Stone"],"picked":"Inserter"}],"items_purged_floors":[5],"is_endless":false,"potions_floor_spawned":[3,7,10,11,12,18,19],"killed_by":"Shelled Parasite and Fungi","ascension_level":14}}