{"host":"a5lz0e76zb3fcwkm","time":1611836076,"event":{"mods":["AchievementEnabler","BaseMod","Colored Map","Colored Powertips","Minty Spire (QoL Compilation)","StSLib","SuperFastMode"],"gold_per_floor":[112,125,49,49,49,87,161,201,201,201,201],"floor_reached":10,"language":"KOR","playtime":136,"items_purged":[],"score":198,"play_id":"7981e122-64e5-43b2-a5ed-4cefbbfec824","local_time":"20210128211436","is_ascension_mode":true,"campfire_choices":[],"circlet_count":0,"master_deck":["AscendersBane","Strike_R","Strike_R","Strike_R","Strike_R","Strike_R","Defend_R","Defend_R","Defend_R","Defend_R","Bash","Wild Strike","Evolve","Wild Strike"],"relics":["Burning Blood","NeowsBlessing","Golden Idol","Meat on the Bone","Akabeko","Pen Nib","Frozen Egg 2"],"acts_visited":["Exordium"],"potions_floor_usage":[7,10],"damage_taken":[{"damage":0.0,"enemies":"Cultist","floor":1.0,"turns":1.0},{"damage":0.0,"enemies":"2 Louse","floor":2.0,"turns":1.0},{"damage":0,"enemies":"3 Sentries","floor":6,"turns":1},{"damage":32,"enemies":"Gremlin Nob","floor":7,"turns":4},{"damage":44,"enemies":"Lagavulin","floor":8,"turns":8},{"damage":20,"enemies":"3 Sentries","floor":10,"turns":3}],"seed_played":"2794381973162707301","potions_obtained":[{"floor":1.0,"key":"Energy Potion"},{"floor":8,"key":"GamblersBrew"}],"is_trial":false,"path_per_floor":["M","M","$","?","?","E","?","E","T","E"],"character_chosen":"IRONCLAD","items_purchased":["Evolve"],"campfire_rested":0,"item_purchase_floors":[3],"current_hp_per_floor":[74,75,75,49,54,60,46,20,20,0,0],"gold":201,"neow_bonus":"THREE_ENEMY_KILL","is_daily":false,"chose_seed":false,"campfire_upgraded":0,"win_rate":0.0,"timestamp":1611836076,"path_taken":["M","M","$","?","?","E","?","E","T","E"],"items_purchased_type":["Card"],"build_version":"2020-12-22","purchased_purges":0,"victory":false,"max_hp_per_floor":[75,75,75,75,80,80,80,80,80,80,80],"card_choices":[{"not_picked":["Combust","Warcry"],"picked":"Wild Strike","floor":1.0},{"not_picked":["Ghostly Armor","Rupture","Headbutt"],"picked":"SKIP","floor":2.0},{"not_picked":["Anger","Cleave","Headbutt"],"picked":"SKIP","floor":6},{"not_picked":["Bludgeon","Intimidate"],"picked":"Wild Strike","floor":7},{"not_picked":["Perfected Strike","Whirlwind","Pommel Strike"],"picked":"SKIP","floor":8}],"player_experience":1820287,"relics_obtained":[{"floor":6,"key":"Meat on the Bone"},{"floor":7,"key":"Akabeko"},{"floor":8,"key":"Pen Nib"},{"floor":9,"key":"Frozen Egg 2"}],"event_choices":[{"damage_healed":0,"gold_gain":0,"player_choice":"Take Damage","damage_taken":26,"relics_obtained":["Golden Idol"],"max_hp_gain":0,"max_hp_loss":0,"event_name":"Golden Idol","floor":4,"gold_loss":0},{"damage_healed":0,"gold_gain":0,"player_choice":"Donut","damage_taken":0,"max_hp_gain":5,"max_hp_loss":0,"event_name":"Big Fish","floor":5,"gold_loss":0},{"damage_healed":0,"gold_gain":0,"player_choice":"Searched \u00271\u0027 times","damage_taken":0,"max_hp_gain":0,"max_hp_loss":0,"event_name":"Dead Adventurer","floor":7,"gold_loss":0}],"is_beta":false,"boss_relics":[],"items_purged_floors":[],"is_endless":false,"potions_floor_spawned":[1,8],"killed_by":"3 Sentries","ascension_level":20}}