{"host":"sc0o2qwpf9j16a4i","time":1611842461,"event":{"mods":["AchievementEnabler","BaseMod","BetterRewards","Block Reminder","Colored Map","Colored Powertips","Custom Start","Highlight Path","Minty Spire (QoL Compilation)","Relic Stats"],"gold_per_floor":[110,124,124,140,140,184,206,218,230,273,304,316,357,387,399,508,520,544,556,585,612,624,669,681,704,716,728,773,805,832,859,871,988,1000,1022,1082,1094,1119,1131,1168,1180,1212,1224,1246,1285,564,564,579,579,579,579],"floor_reached":50,"language":"ENG","playtime":2508,"items_purged":[],"score":891,"play_id":"bad00bbb-73f9-426c-a3fd-44e29b799c9d","local_time":"20210128160101","daily_mods":["SealedDeck","Purple Cards","Binary"],"is_ascension_mode":false,"campfire_choices":[{"data":"TalkToTheHand","floor":8.0,"key":"SMITH"},{"data":"SashWhip","floor":12.0,"key":"SMITH"},{"data":"Bouncing Flask","floor":15.0,"key":"SMITH"},{"data":"Pain","floor":27,"key":"PURGE"},{"data":"A Thousand Cuts","floor":32,"key":"SMITH"},{"data":"CrushJoints","floor":41,"key":"SMITH"},{"data":"Vault","floor":47,"key":"SMITH"},{"data":"Discovery","floor":49,"key":"SMITH"}],"circlet_count":0,"master_deck":["SandsOfTime+1","Evaluate","CrushJoints+1","Cloak And Dagger","Cloak And Dagger","TalkToTheHand+1","Blade Dance+1","SashWhip+1","Calculated Gamble","Deflect","FearNoEvil","Calculated Gamble","Caltrops","Bouncing Flask+1","PiercingWail","A Thousand Cuts+1","Ghostly","Ghostly","Ghostly","Ghostly","Ghostly","Prepared","ThirdEye+1","Tantrum","Corpse Explosion","Accuracy+1","Escape Plan","Panacea","Dark Shackles","Discovery+1","WaveOfTheHand+1","Cloak And Dagger+1","Wallop+1","Protect+1","Prepared+1","Meditate+1","Vault+1","MentalFortress+1","Footwork+1"],"relics":["Ring of the Snake","MawBank","Peace Pipe","Pear","Orichalcum","MealTicket","Runic Pyramid","Bird Faced Urn","WarpedTongs","Question Card","Turnip","Black Star","Thread and Needle","Prayer Wheel","Oddly Smooth Stone","Frozen Egg 2","Tough Bandages","Boot","Bronze Scales","Unceasing Top"],"acts_visited":["Exordium","TheCity","TheBeyond"],"potions_floor_usage":[40,50,50,50],"damage_taken":[{"damage":0.0,"enemies":"Cultist","floor":1.0,"turns":2.0},{"damage":0.0,"enemies":"Jaw Worm","floor":2.0,"turns":2.0},{"damage":0.0,"enemies":"Small Slimes","floor":4.0,"turns":2.0},{"damage":0.0,"enemies":"Gremlin Nob","floor":6.0,"turns":3.0},{"damage":2.0,"enemies":"Blue Slaver","floor":7.0,"turns":2.0},{"damage":0.0,"enemies":"Lagavulin","floor":10.0,"turns":6.0},{"damage":0.0,"enemies":"2 Fungi Beasts","floor":11.0,"turns":2.0},{"damage":6.0,"enemies":"3 Sentries","floor":13.0,"turns":6.0},{"damage":4.0,"enemies":"Exordium Thugs","floor":14.0,"turns":4.0},{"damage":0.0,"enemies":"Hexaghost","floor":16.0,"turns":6.0},{"damage":0.0,"enemies":"2 Thieves","floor":18.0,"turns":3.0},{"damage":0.0,"enemies":"Chosen","floor":20.0,"turns":6.0},{"damage":0.0,"enemies":"Snecko","floor":21.0,"turns":4.0},{"damage":0.0,"enemies":"Slavers","floor":23.0,"turns":8.0},{"damage":3.0,"enemies":"Sentry and Sphere","floor":25.0,"turns":7.0},{"damage":0,"enemies":"Book of Stabbing","floor":28,"turns":6},{"damage":0,"enemies":"Snake Plant","floor":29,"turns":4},{"damage":0,"enemies":"Chosen and Byrds","floor":30,"turns":4},{"damage":0,"enemies":"Cultist and Chosen","floor":31,"turns":4},{"damage":0,"enemies":"Automaton","floor":33,"turns":8},{"damage":0,"enemies":"Orb Walker","floor":35,"turns":5},{"damage":0,"enemies":"2 Orb Walkers","floor":36,"turns":5},{"damage":0,"enemies":"3 Shapes","floor":38,"turns":5},{"damage":0,"enemies":"Giant Head","floor":40,"turns":8},{"damage":0,"enemies":"Sphere and 2 Shapes","floor":42,"turns":6},{"damage":0,"enemies":"Maw","floor":44,"turns":7},{"damage":0,"enemies":"Nemesis","floor":45,"turns":9},{"damage":0,"enemies":"3 Darklings","floor":48,"turns":4},{"damage":41,"enemies":"Time Eater","floor":50,"turns":11}],"seed_played":"-4311215936184381697","potions_obtained":[{"floor":2.0,"key":"LiquidMemories"},{"floor":7.0,"key":"Strength Potion"},{"floor":10.0,"key":"Fire Potion"},{"floor":25.0,"key":"Poison Potion"},{"floor":28,"key":"Ancient Potion"},{"floor":31,"key":"SneckoOil"},{"floor":33,"key":"GamblersBrew"},{"floor":40,"key":"FearPotion"}],"is_trial":true,"path_per_floor":["M","M","?","M","T","E","M","R","T","E","M","R","E","M","R","B",null,"M","?","M","M","?","E","?","M","T","R","E","M","M","M","R","B",null,"M","?","?","M","?","E","R","M","T","M","E","$","R","M","R","B"],"character_chosen":"THE_SILENT","items_purchased":["Vault","Bronze Scales","MentalFortress+1","Unceasing Top","ColorlessPotion"],"campfire_rested":0,"item_purchase_floors":[46,46,46,46,46],"current_hp_per_floor":[70,70,56,56,56,56,54,54,64,64,64,64,58,54,54,54,80,80,40,40,40,40,40,40,38,38,38,40,40,40,40,40,40,40,40,40,30,34,34,38,38,40,40,40,40,40,40,40,40,0,0],"gold":579,"neow_bonus":"","is_daily":false,"chose_seed":false,"campfire_upgraded":7,"win_rate":0.0,"timestamp":1611842461,"path_taken":["M","M","?","M","?","E","M","R","T","E","M","R","E","M","R","BOSS","M","?","M","M","?","E","?","M","T","R","E","M","M","?","R","BOSS","M","?","?","M","?","E","R","M","T","M","E","$","R","M","R","BOSS"],"items_purchased_type":["Card","Relic","Card","Relic","Potion"],"build_version":"2020-12-22","purchased_purges":0,"victory":false,"max_hp_per_floor":[70,70,70,70,70,70,70,70,80,80,80,80,80,80,80,80,80,80,40,40,40,40,40,40,40,40,40,40,40,40,40,40,40,40,40,40,40,40,40,40,40,40,40,40,40,40,40,40,40,40,40],"relic_stats":{"counters":[29,149],"Orichalcum":[240],"MawBank":492,"Question Card":19,"Boot":[26],"WarpedTongs":[93],"Peace Pipe":1,"Tough Bandages":[60],"Bird Faced Urn":[13],"Bronze Scales":[54],"MealTicket":0,"Prayer Wheel":3,"Turnip":[10],"Black Star":2,"obtain_stats":[{"Pear":9,"Oddly Smooth Stone":40,"Thread and Needle":36,"Orichalcum":10,"Frozen Egg 2":43,"MawBank":5,"Question Card":26,"Boot":45,"WarpedTongs":24,"Peace Pipe":6,"Tough Bandages":45,"Bird Faced Urn":23,"Bronze Scales":46,"MealTicket":13,"Prayer Wheel":40,"Turnip":28,"Black Star":34,"Unceasing Top":46,"Ring of the Snake":0,"Runic Pyramid":17},{"Pear":5,"Oddly Smooth Stone":24,"Thread and Needle":22,"Orichalcum":6,"Frozen Egg 2":25,"MawBank":3,"Question Card":15,"Boot":27,"WarpedTongs":14,"Peace Pipe":4,"Tough Bandages":27,"Bird Faced Urn":14,"Bronze Scales":27,"MealTicket":8,"Prayer Wheel":24,"Turnip":16,"Black Star":20,"Unceasing Top":27,"Ring of the Snake":0,"Runic Pyramid":10},{"Pear":11,"Oddly Smooth Stone":112,"Thread and Needle":99,"Orichalcum":17,"Frozen Egg 2":118,"MawBank":6,"Question Card":63,"Boot":134,"WarpedTongs":56,"Peace Pipe":9,"Tough Bandages":134,"Bird Faced Urn":56,"Bronze Scales":134,"MealTicket":25,"Prayer Wheel":112,"Turnip":69,"Black Star":89,"Unceasing Top":134,"Ring of the Snake":0,"Runic Pyramid":35}],"Unceasing Top":[0],"Ring of the Snake":[58]},"card_choices":[{"not_picked":["Dagger Spray"],"picked":"Deflect","floor":1.0},{"not_picked":["Blade Dance","Catalyst"],"picked":"SKIP","floor":2.0},{"not_picked":["EmptyBody"],"picked":"FearNoEvil","floor":4.0},{"not_picked":["Dagger Spray"],"picked":"Calculated Gamble","floor":6.0},{"not_picked":["Riddle With Holes","Prostrate"],"picked":"SKIP","floor":7.0},{"not_picked":["EmptyFist"],"picked":"Caltrops","floor":10.0},{"not_picked":["PathToVictory","Quick Slash"],"picked":"SKIP","floor":11.0},{"not_picked":["PiercingWail"],"picked":"Bouncing Flask","floor":13.0},{"not_picked":["Outmaneuver"],"picked":"PiercingWail","floor":14.0},{"not_picked":["Doppelganger"],"picked":"A Thousand Cuts","floor":16.0},{"not_picked":["ClearTheMind","CrushJoints"],"picked":"SKIP","floor":18.0},{"not_picked":["Halt","Swivel"],"picked":"SKIP","floor":20.0},{"not_picked":["Dagger Throw"],"picked":"Prepared","floor":21.0},{"not_picked":["Crescendo+1"],"picked":"ThirdEye+1","floor":23.0},{"not_picked":["Cloak And Dagger","BattleHymn"],"picked":"SKIP","floor":25.0},{"not_picked":["Predator","Evaluate+1"],"picked":"Tantrum","floor":28},{"not_picked":["EmptyMind","Riddle With Holes"],"picked":"Corpse Explosion","floor":29},{"not_picked":["Dash","PathToVictory+1"],"picked":"Accuracy+1","floor":30},{"not_picked":["FollowUp","Dodge and Roll+1","ConjureBlade"],"picked":"SKIP","floor":31},{"not_picked":["BowlingBash+1","ThirdEye","Dagger Throw+1"],"picked":"SKIP","floor":35},{"not_picked":["Dodge and Roll","BattleHymn+1"],"picked":"Escape Plan","floor":36},{"not_picked":["Purity","Dark Shackles"],"picked":"Panacea","floor":37},{"not_picked":["Good Instincts","Deep Breath"],"picked":"Dark Shackles","floor":37},{"not_picked":["Blind","Mayhem"],"picked":"Discovery","floor":37},{"not_picked":["Reflex+1","Vengeance"],"picked":"WaveOfTheHand+1","floor":38},{"not_picked":["Choke","All Out Attack"],"picked":"Cloak And Dagger+1","floor":40},{"not_picked":["Catalyst","Cloak And Dagger"],"picked":"Wallop+1","floor":42},{"not_picked":["ForeignInfluence+1","EmptyBody","Underhanded Strike+1"],"picked":"SKIP","floor":42},{"not_picked":["Blade Dance","Deadly Poison"],"picked":"Protect+1","floor":44},{"not_picked":["Caltrops+1","SashWhip"],"picked":"Prepared+1","floor":44},{"not_picked":["CrushJoints+1","Tantrum"],"picked":"Meditate+1","floor":45},{"not_picked":["Acrobatics+1","Escape Plan+1"],"picked":"Footwork+1","floor":48},{"not_picked":["Prepared","Unload","FollowUp"],"picked":"SKIP","floor":48}],"player_experience":1020455,"relics_obtained":[{"floor":5.0,"key":"MawBank"},{"floor":6.0,"key":"Peace Pipe"},{"floor":9.0,"key":"Pear"},{"floor":10.0,"key":"Orichalcum"},{"floor":13.0,"key":"MealTicket"},{"floor":23.0,"key":"Bird Faced Urn"},{"floor":26.0,"key":"Question Card"},{"floor":28,"key":"Turnip"},{"floor":36,"key":"Thread and Needle"},{"floor":40,"key":"Prayer Wheel"},{"floor":40,"key":"Oddly Smooth Stone"},{"floor":43,"key":"Frozen Egg 2"},{"floor":45,"key":"Tough Bandages"},{"floor":45,"key":"Boot"}],"event_choices":[{"damage_healed":0.0,"max_hp_gain":0.0,"max_hp_loss":0.0,"gold_gain":0.0,"event_name":"Shining Light","player_choice":"Entered Light","floor":3.0,"gold_loss":0.0,"damage_taken":14.0,"cards_upgraded":["Blade Dance","SandsOfTime"]},{"damage_healed":0.0,"max_hp_gain":0.0,"max_hp_loss":40.0,"gold_gain":0.0,"event_name":"Ghosts","player_choice":"Became a Ghost","floor":19.0,"gold_loss":0.0,"damage_taken":0.0,"cards_obtained":["Ghostly","Ghostly","Ghostly","Ghostly","Ghostly"]},{"cards_removed":["Blade Dance"],"damage_healed":0.0,"max_hp_gain":0.0,"max_hp_loss":0.0,"gold_gain":0.0,"event_name":"Back to Basics","player_choice":"Elegance","floor":22.0,"gold_loss":0.0,"damage_taken":0.0},{"damage_healed":0.0,"max_hp_gain":0.0,"max_hp_loss":0.0,"gold_gain":0.0,"event_name":"Accursed Blacksmith","player_choice":"Rummage","floor":24.0,"gold_loss":0.0,"damage_taken":0.0,"relics_obtained":["WarpedTongs"],"cards_obtained":["Pain"]},{"damage_healed":0,"gold_gain":0,"player_choice":"Fight","damage_taken":0,"max_hp_gain":0,"max_hp_loss":0,"event_name":"Mysterious Sphere","floor":36,"gold_loss":0},{"damage_healed":0,"gold_gain":0,"player_choice":"Memory 3","damage_taken":10,"max_hp_gain":0,"max_hp_loss":0,"event_name":"SensoryStone","floor":37,"gold_loss":0},{"damage_healed":0,"gold_gain":0,"player_choice":"Ignored","damage_taken":0,"max_hp_gain":0,"max_hp_loss":0,"event_name":"Tomb of Lord Red Mask","floor":39,"gold_loss":0}],"is_beta":false,"boss_relics":[{"not_picked":["Velvet Choker","Calling Bell"],"picked":"Runic Pyramid"},{"not_picked":["Tiny House","Empty Cage"],"picked":"Black Star"}],"items_purged_floors":[],"is_endless":false,"potions_floor_spawned":[2,7,10,25,28,31,33,35,40,44],"killed_by":"Time Eater","ascension_level":0}}