{"host":"1omuyl0df1yi03p2","time":1611865951,"event":{"mods":["BaseMod","Colored Map","Colored Powertips","Downfall","Hubris","Infinite Spire","Minty Spire (QoL Compilation)","Replay The Spire","StSLib","The Bug Knight","The Necromancer","The Wild Card"],"gold_per_floor":[118,118,133,151,151,151,178,178,204,230,249,424,126,145,145,244,244,258,258,278,278,375,375,386,440,464,140,140,140,140],"floor_reached":29,"language":"ENG","playtime":1855,"items_purged":["Doubt"],"score":266,"play_id":"b86dd89d-cb3d-4d9d-a497-5c304453de47","local_time":"20210128143231","is_ascension_mode":true,"campfire_choices":[{"data":"Crystallizer","floor":6,"key":"SMITH"},{"floor":8,"key":"REST"},{"floor":15,"key":"REST"},{"floor":23,"key":"REST"},{"floor":28,"key":"REST"}],"circlet_count":0,"master_deck":["Strike_B","Strike_B","Strike_B","Strike_B+1","Defend_B+1","Defend_B","Defend_B","Defend_B+1","Zap","Dualcast","Stack","CurseOfTheBell","CurseOfTheBell","Crystallizer+1","FTL","Core Surge","Echo Form","Glacier","Loop","Go for the Eyes","Conserve Battery","BasicCrystalCard","Chaos","Creative AI","Hologram","Consume","Aggregate","Rebound","Defragment","FIFO Queue","Panic Button","Beam Cell"],"relics":["Cracked Core","downfall:ExtraCursedBell","hubris:BallOfYels","Replay:Kaleidoscope","hubris:BottledRain","ReplayTheSpireMod:Shallot","PreservedInsect","Lantern","Philosopher\u0027s Stone","hubris:Towel","War Paint","ReplayTheSpireMod:TigerMarble","infinitespire:Freezer"],"acts_visited":["Exordium","TheCity"],"potions_floor_usage":[16,18,18,24,24],"damage_taken":[{"damage":2,"enemies":"Jaw Worm","floor":1,"turns":3},{"damage":0,"enemies":"Small Slimes","floor":3,"turns":3},{"damage":9,"enemies":"2 Louse","floor":4,"turns":3},{"damage":27,"enemies":"3 Sentries","floor":7,"turns":7},{"damage":15,"enemies":"Lagavulin","floor":10,"turns":5},{"damage":0,"enemies":"Looter","floor":11,"turns":3},{"damage":9,"enemies":"Exordium Wildlife","floor":14,"turns":4},{"damage":23,"enemies":"Fading Forest","floor":16,"turns":11},{"damage":24,"enemies":"3 Byrds","floor":18,"turns":5},{"damage":17,"enemies":"Snake Plant","floor":20,"turns":6},{"damage":16,"enemies":"Centurion and Healer","floor":24,"turns":7},{"damage":49,"enemies":"3 Cultists","floor":29,"turns":4}],"seed_played":"8664791030803446338","potions_obtained":[{"floor":1,"key":"LiquidBronze"},{"floor":7,"key":"PowerPotion"},{"floor":10,"key":"Swift Potion"},{"floor":16,"key":"Guardian:BlockOnCardUsePotion"},{"floor":18,"key":"Explosive Potion"},{"floor":20,"key":"EssenceOfDarkness"}],"is_trial":false,"path_per_floor":["M","?","M","M","?","R","E","R","T","E","M","?","$","M","R","B",null,"M","?","M","?","?","R","M","T","T","$","R","M"],"character_chosen":"DEFECT","items_purchased":["Loop","Go for the Eyes","Conserve Battery","BasicCrystalCard","infinitespire:Freezer","FIFO Queue","Panic Button","Beam Cell"],"campfire_rested":4,"item_purchase_floors":[13,13,13,13,27,27,27,27],"current_hp_per_floor":[73,73,73,64,64,64,37,59,59,44,44,44,44,35,57,34,75,51,51,34,34,16,38,22,22,22,22,44,0,0],"gold":140,"neow_bonus":"RANDOM_EVENT","is_daily":false,"chose_seed":false,"campfire_upgraded":1,"win_rate":0.0,"timestamp":1611865951,"path_taken":["M","?","M","M","?","R","E","R","T","E","M","?","$","M","R","BOSS","M","?","M","?","?","R","M","?","T","$","R","M"],"items_purchased_type":["Card","Card","Card","Card","Relic","Card","Card","Card"],"build_version":"2020-12-22","purchased_purges":1,"victory":false,"max_hp_per_floor":[75,75,75,75,75,75,75,75,75,75,75,75,75,75,75,75,75,75,75,75,75,75,75,75,75,75,75,75,75,75],"card_choices":[{"not_picked":["Sunder","Streamline"],"picked":"Stack","floor":1},{"not_picked":["Sweeping Beam","Defragment"],"picked":"Crystallizer","floor":3},{"not_picked":["Hologram","Streamline"],"picked":"FTL","floor":4},{"not_picked":["Gash","Reinforced Body"],"picked":"Core Surge","floor":7},{"not_picked":["Tempest","Barrage"],"picked":"Echo Form","floor":10},{"not_picked":["Sweeping Beam","Rebound"],"picked":"Glacier","floor":11},{"not_picked":["Gash","Coolheaded"],"picked":"Chaos","floor":14},{"not_picked":["Reboot","ReplayTheSpireMod:Fabricate Wheel"],"picked":"Creative AI","floor":16},{"not_picked":["Go for the Eyes","Turbo"],"picked":"Hologram","floor":18},{"not_picked":["BasicCrystalCard","Beam Cell"],"picked":"Consume","floor":20},{"not_picked":["ReplayTheSpireMod:GoodbyeWorld+1","BasicCrystalCard+1"],"picked":"Aggregate","floor":22},{"not_picked":["Time Bomb","Coolheaded"],"picked":"Rebound","floor":22},{"not_picked":["Loop","Coolheaded"],"picked":"Defragment","floor":24}],"player_experience":186414,"relics_obtained":[{"floor":2,"key":"hubris:BallOfYels"},{"floor":2,"key":"Replay:Kaleidoscope"},{"floor":2,"key":"hubris:BottledRain"},{"floor":7,"key":"ReplayTheSpireMod:Shallot"},{"floor":9,"key":"PreservedInsect"},{"floor":10,"key":"Lantern"},{"floor":25,"key":"War Paint"},{"floor":26,"key":"ReplayTheSpireMod:TigerMarble"}],"event_choices":[{"damage_healed":0,"gold_gain":0,"player_choice":"Ignored","damage_taken":0,"max_hp_gain":0,"max_hp_loss":0,"event_name":"Golden Wing","floor":5,"gold_loss":0},{"damage_healed":0,"gold_gain":175,"player_choice":"AGREE","damage_taken":0,"max_hp_gain":0,"max_hp_loss":0,"event_name":"Liars Game","floor":12,"gold_loss":0,"cards_obtained":["Doubt"]},{"damage_healed":0,"gold_gain":0,"player_choice":"Ignored","damage_taken":0,"max_hp_gain":0,"max_hp_loss":0,"event_name":"Vampires","floor":19,"gold_loss":0}],"is_beta":false,"boss_relics":[{"not_picked":["Coffee Dripper","hubris:HollowSoul"],"picked":"Philosopher\u0027s Stone"}],"items_purged_floors":[13],"is_endless":false,"potions_floor_spawned":[1,7,10,11,16,18,20],"killed_by":"3 Cultists","ascension_level":3}}