{"host":"u21q392b5xaj11fl","time":1611828524,"event":{"mods":["2.2 Compatiblity","Bard","BaseMod","Better Note","Colored Map","Colored Powertips","Conspire","Custom Start","Downfall","Faster Ascension Climbing","GifTheSpireLib","Gremlin Skip","Highlight Path","Hubris","Infinite Spire","Mad Scientist","Marisa????????","Mimic Mod","Minty Spire (QoL Compilation)","Monster B Gone","Permanent Neow","Potionbrewer","Quick Restart","READ ME - Guardian Mod","Relic Sorter","Replay The Spire","Shop Mod","Somnambulant","StSLib","Stuff the Spire","SuperFastMode","The Construct","The Disciple","The Servant 0.9.4"],"gold_per_floor":[109,119,139,151,164,164,198,218,218,247,15,15,43,43,43,117,783,796,533,545,545,565,595,612,612,635,646,662,676,709,720,720,792,792,810,810,828,839,856,885,885,914,914,946,946,946,960,987,987,987,987,987,303,328,328],"floor_reached":56,"language":"ENG","playtime":5905,"items_purged":["Strike_S","Strike_S"],"score":2260,"play_id":"6b8d5682-f0a3-450b-bb99-8102ca1adc0c","local_time":"20210128040844","is_ascension_mode":true,"campfire_choices":[{"data":"Gouge","floor":6.0,"key":"SMITH"},{"data":"Revamp","floor":12.0,"key":"SMITH"},{"data":"Defy","floor":15.0,"key":"SMITH"},{"floor":25.0,"key":"REST"},{"data":"RealityMarble","floor":41.0,"key":"SMITH"},{"floor":46.0,"key":"RECALL"},{"data":"StarChef","floor":49.0,"key":"SMITH"},{"data":"FloweringNight","floor":52,"key":"SMITH"}],"circlet_count":1,"master_deck":["AscendersBane","Defend_S","Defend_S","Defend_S","Defend_S","KidneyShot","Exchange","ShiftingGears","Ricochet","Misdirection","TimeWarp","Gouge+1","Dilation","Revamp+1","Rearm","ShatteredReality","TimeWarp+1","TimeWarp","Defy+1","Sunlight","SpecialFormula","RealityMarble+1","Sabotage","Apotheosis+1","Deny","FastForward+1","ShatteredReality","TimeWarp","FloweringNight+1","Potential","SoulSculpture","GearUp+1","StarChef+1","Moonlight","MurderousAura","infinitespire:Gouge","Contraction+1"],"relics":["Uniform","Pocketwatch","Slimebound:PreparedRelic","Nunchaku","hubris:MedicalManual","Odd Mushroom","Circlet","Centennial Puzzle","PreservedInsect","StuffTheSpire:OldFever","NeowsBlessing","StuffTheSpire:GrapeVine","Empty Cage","conspire:TopHat","Onion Ring","hubris:Zylophone","Ice Cream","Bottled Lightning","ReplayTheSpireMod:Lightbulb","MerchantsRug","potionbrewer:DrinkingBird","Happy Flower"],"acts_visited":["Exordium","TheCity","TheBeyond","TheEnding"],"potions_floor_usage":[55,55,55],"damage_taken":[{"damage":0.0,"enemies":"Cultist","floor":1.0,"turns":2.0},{"damage":0.0,"enemies":"Small Slimes","floor":2.0,"turns":1.0},{"damage":0.0,"enemies":"2 Louse","floor":3.0,"turns":1.0},{"damage":5.0,"enemies":"2 Fungi Beasts","floor":4.0,"turns":3.0},{"damage":1.0,"enemies":"Lots of Slimes","floor":5.0,"turns":5.0},{"damage":16.0,"enemies":"Gremlin Nob","floor":7.0,"turns":3.0},{"damage":16.0,"enemies":"Blue Slaver","floor":8.0,"turns":3.0},{"damage":2.0,"enemies":"Lagavulin","floor":10.0,"turns":6.0},{"damage":2.0,"enemies":"The Mushroom Lair","floor":13.0,"turns":3.0},{"damage":5.0,"enemies":"Hexaghost","floor":16.0,"turns":7.0},{"damage":3.0,"enemies":"Spheric Guardian","floor":18.0,"turns":4.0},{"damage":20.0,"enemies":"Shell Parasite","floor":20.0,"turns":6.0},{"damage":10.0,"enemies":"Snake Plant","floor":22.0,"turns":4.0},{"damage":13.0,"enemies":"Gremlin Leader","floor":23.0,"turns":8.0},{"damage":6.0,"enemies":"Centurion and Healer","floor":24.0,"turns":5.0},{"damage":0.0,"enemies":"Chosen and Byrds","floor":27.0,"turns":4.0},{"damage":8.0,"enemies":"3 Cultists","floor":28.0,"turns":4.0},{"damage":3.0,"enemies":"Snake Plant","floor":29.0,"turns":3.0},{"damage":4.0,"enemies":"Book of Stabbing","floor":30.0,"turns":3.0},{"damage":4.0,"enemies":"Shelled Parasite and Fungi","floor":31.0,"turns":5.0},{"damage":13.0,"enemies":"hubris:MusketHawk","floor":33.0,"turns":5.0},{"damage":9.0,"enemies":"3 Shapes","floor":35.0,"turns":4.0},{"damage":13.0,"enemies":"Orb Walker","floor":37.0,"turns":3.0},{"damage":13.0,"enemies":"Writhing Mass","floor":38.0,"turns":5.0},{"damage":7.0,"enemies":"4 Shapes","floor":39.0,"turns":4.0},{"damage":0.0,"enemies":"Giant Head","floor":40.0,"turns":6.0},{"damage":0.0,"enemies":"R_Hoarder","floor":42.0,"turns":5.0},{"damage":0.0,"enemies":"Nemesis","floor":44.0,"turns":3.0},{"damage":0.0,"enemies":"Transient","floor":47.0,"turns":5.0},{"damage":0.0,"enemies":"R_Hoarder","floor":48.0,"turns":5.0},{"damage":13,"enemies":"Donu and Deca","floor":50,"turns":6},{"damage":18,"enemies":"Shield and Spear","floor":54,"turns":3},{"damage":29,"enemies":"The Heart","floor":55,"turns":7}],"seed_played":"1077042470658490261","potions_obtained":[{"floor":2.0,"key":"potionbrewer:HastePotion"},{"floor":3.0,"key":"Venom Potion"},{"floor":7.0,"key":"Venom Potion"},{"floor":8.0,"key":"ColorlessPotion"},{"floor":20.0,"key":"hexamod:SoulburnPotion"},{"floor":24.0,"key":"potionbrewer:AcidPotion"},{"floor":31.0,"key":"EssenceOfSteel"},{"floor":33.0,"key":"Block Potion"},{"floor":35.0,"key":"hexamod:SoulburnPotion"},{"floor":38.0,"key":"Slimebound:ThreeZeroPotion"},{"floor":40.0,"key":"Ancient Potion"},{"floor":47.0,"key":"Flashbang"}],"is_trial":false,"path_per_floor":["M","M","M","M","M","R","E","M","T","E","$","R","?","?","R","B",null,"M","$","M","?","M","E","M","R","T","M","M","M","E","M","R_BF","B",null,"M","?","M","M","M","E","R","E","T","E","?","R","M","E","R","B",null,"R","$","E","B",null],"character_chosen":"THE_SERVANT","items_purchased":["ShatteredReality","TimeWarp","Nunchaku","Centennial Puzzle","RealityMarble","ReplayTheSpireMod:Lightbulb","MerchantsRug","potionbrewer:DrinkingBird"],"campfire_rested":1,"item_purchase_floors":[11,11,11,19,19,53,53,53],"current_hp_per_floor":[59,59,59,54,53,53,37,21,21,19,19,19,17,32,32,27,56,53,53,38,38,36,28,30,49,55,55,52,57,58,59,71,66,70,65,65,60,55,53,58,58,66,66,66,48,48,56,64,64,59,68,68,68,58,37],"gold":328,"neow_bonus":"THREE_ENEMY_KILL","is_daily":false,"chose_seed":false,"campfire_upgraded":6,"win_rate":0.0,"timestamp":1611828524,"path_taken":["M","?","M","M","M","R","E","M","T","E","$","R","?","?","R","BOSS","M","$","M","?","M","E","M","R","T","M","M","M","E","M","R_BF","BOSS","M","?","M","?","M","E","R","E","T","E","?","R","M","E","R","BOSS","R","$","E","BOSS"],"items_purchased_type":["Card","Card","Relic","Relic","Card","Relic","Relic","Relic"],"build_version":"2020-12-22","purchased_purges":2,"victory":true,"max_hp_per_floor":[65,65,65,65,65,65,65,65,65,65,65,65,65,65,65,65,65,65,65,65,65,65,65,65,65,71,71,71,71,71,71,71,71,71,71,71,71,71,71,71,71,71,71,71,71,71,71,71,71,71,71,71,71,71,71],"card_choices":[{"not_picked":["Starlight","Spin"],"picked":"ShiftingGears","floor":1.0},{"not_picked":["Unruled","Barrier"],"picked":"Ricochet","floor":2.0},{"not_picked":["SurpressingFire","Starlight"],"picked":"Misdirection","floor":3.0},{"not_picked":["DualDimension","Luminosity"],"picked":"TimeWarp","floor":4.0},{"not_picked":["GearUp","RealityMarble"],"picked":"Gouge","floor":5.0},{"not_picked":["Collapse","Read"],"picked":"Dilation","floor":7.0},{"not_picked":["Contraction","Shuttle"],"picked":"Revamp","floor":8.0},{"not_picked":["Unruled","Contraction"],"picked":"Rearm","floor":10.0},{"not_picked":["TimeWarp","Moonlight"],"picked":"Defy","floor":13.0},{"not_picked":["PendulumOfEternity","MurderousAura"],"picked":"Sunlight","floor":16.0},{"not_picked":["Revamp","Alleviate"],"picked":"SpecialFormula","floor":18.0},{"not_picked":["ShatteredReality","Misdirection"],"picked":"Sabotage","floor":20.0},{"not_picked":["Rearm+1","Revamp","Reset"],"picked":"SKIP","floor":22.0},{"not_picked":["BottledTime","TimeWarp"],"picked":"Deny","floor":23.0},{"not_picked":["Unruled","MoonPhase"],"picked":"FastForward+1","floor":24.0},{"not_picked":["BottledTime","Rewind"],"picked":"ShatteredReality","floor":27.0},{"not_picked":["Rewind","Defy"],"picked":"TimeWarp","floor":28.0},{"not_picked":["FastForward","BestPractice"],"picked":"FloweringNight","floor":29.0},{"not_picked":["Revamp","TimeWarp","ShatteredReality"],"picked":"SKIP","floor":30.0},{"not_picked":["MoonPhase","Starlight"],"picked":"Potential","floor":31.0},{"not_picked":["KillingDoll","LightFlow"],"picked":"SoulSculpture","floor":33.0},{"not_picked":["Starlight","FastForward"],"picked":"GearUp+1","floor":35.0},{"not_picked":["SpecialFormula","RealityMarble","Defy"],"picked":"SKIP","floor":37.0},{"not_picked":["ShatteredReality","MoonPhase","Revamp"],"picked":"SKIP","floor":38.0},{"not_picked":["Unruled","ReturningBlade"],"picked":"StarChef","floor":39.0},{"not_picked":["Contraction","TimeWarp"],"picked":"Moonlight","floor":40.0},{"not_picked":["Alleviate","Rewind"],"picked":"MurderousAura","floor":42.0},{"not_picked":["Defy","Rearm+1","Revamp"],"picked":"SKIP","floor":44.0},{"not_picked":["infinitespire:NeuralNetwork","hubris:InfiniteBlow"],"picked":"infinitespire:Gouge","floor":45.0},{"not_picked":["FanOfKnives+1","FastForward","Spin"],"picked":"SKIP","floor":47.0},{"not_picked":["Collapse","TimeWarp","RealityMarble+1"],"picked":"SKIP","floor":48.0},{"not_picked":["FanOfKnives","Defy"],"picked":"Contraction+1","floor":54}],"player_experience":188882,"relics_obtained":[{"floor":7.0,"key":"Matryoshka"},{"floor":9.0,"key":"StuffTheSpire:GrapeVine"},{"floor":9.0,"key":"Pocketwatch"},{"floor":10.0,"key":"Slimebound:PreparedRelic"},{"floor":13.0,"key":"Odd Mushroom"},{"floor":23.0,"key":"PreservedInsect"},{"floor":26.0,"key":"vexMod:BerryBomb"},{"floor":26.0,"key":"StuffTheSpire:OldFever"},{"floor":30.0,"key":"hubris:MedicalManual"},{"floor":40.0,"key":"Onion Ring"},{"floor":42.0,"key":"hubris:Zylophone"},{"floor":44.0,"key":"Ice Cream"},{"floor":48.0,"key":"Bottled Lightning"},{"floor":54,"key":"Happy Flower"}],"event_choices":[{"damage_healed":0.0,"max_hp_gain":0.0,"max_hp_loss":0.0,"gold_gain":0.0,"event_name":"Mushrooms","player_choice":"Fought Mushrooms","floor":13.0,"gold_loss":0.0,"damage_taken":0.0},{"cards_removed":["RealityMarble"],"damage_healed":0.0,"max_hp_gain":0.0,"max_hp_loss":0.0,"gold_gain":0.0,"event_name":"betterNote:BetterNote","player_choice":"Take \u0026 Give","floor":21.0,"gold_loss":0.0,"damage_taken":0.0,"cards_obtained":["Apotheosis"]},{"damage_healed":0.0,"max_hp_gain":0.0,"max_hp_loss":0.0,"gold_gain":0.0,"event_name":"WeMeetAgain","player_choice":"Gave Potion","floor":36.0,"gold_loss":0.0,"damage_taken":0.0,"relics_obtained":["conspire:TopHat"]}],"is_beta":false,"boss_relics":[{"not_picked":["Kintsugi","SacredBark"],"picked":"vexMod:RockOfEvil"},{"not_picked":["ChewingGum","Replay:Ancient Bell"],"picked":"Empty Cage"}],"items_purged_floors":[19,53],"is_endless":false,"potions_floor_spawned":[2,3,7,8,20,24,29,31,33,35,38,39,40,47,54],"ascension_level":13}}