{"host":"qxeepl7ydvsgmfdb","time":1611840768,"event":{"mods":["AchievementEnabler","BaseMod","Colored Powertips","Minty Spire (QoL Compilation)","Quick Restart","slay the spire mod where everything is the same but ironclad has a cowboy hat"],"gold_per_floor":[117,67,67,67,91,126,126,151,196,221,237,41,76,94,94,94,94],"floor_reached":16,"language":"ENG","playtime":1402,"items_purged":[],"score":112,"play_id":"8acb212c-369b-4aae-b37f-40d0332000b7","local_time":"20210128083248","is_ascension_mode":false,"campfire_choices":[{"floor":7.0,"key":"REST"},{"floor":15.0,"key":"REST"}],"circlet_count":0,"master_deck":["Strike_G","Strike_G","Strike_G","Defend_G","Defend_G","Defend_G","Defend_G","Defend_G","Survivor","Neutralize","Slice","Poisoned Stab","Dagger Spray","Blade Dance","PiercingWail","Deflect","Prepared"],"relics":["SacredBark","Golden Idol","Bag of Preparation","Bag of Marbles","Letter Opener"],"acts_visited":["Exordium"],"potions_floor_usage":[16,16],"damage_taken":[{"damage":0.0,"enemies":"Jaw Worm","floor":1.0,"turns":5.0},{"damage":0.0,"enemies":"Small Slimes","floor":5.0,"turns":4.0},{"damage":37.0,"enemies":"3 Sentries","floor":6.0,"turns":8.0},{"damage":0.0,"enemies":"2 Louse","floor":8.0,"turns":2.0},{"damage":5.0,"enemies":"2 Fungi Beasts","floor":10.0,"turns":3.0},{"damage":6.0,"enemies":"Gremlin Gang","floor":11.0,"turns":3.0},{"damage":4.0,"enemies":"Gremlin Nob","floor":13.0,"turns":4.0},{"damage":8.0,"enemies":"Exordium Wildlife","floor":14.0,"turns":3.0},{"damage":24,"enemies":"Slime Boss","floor":16,"turns":5}],"seed_played":"3761539251595391999","potions_obtained":[{"floor":1.0,"key":"Weak Potion"},{"floor":5.0,"key":"LiquidBronze"},{"floor":8.0,"key":"Ancient Potion"},{"floor":10.0,"key":"Swift Potion"}],"is_trial":false,"path_per_floor":["M","?","?","?","M","E","R","M","T","M","M","$","E","M","R","B"],"character_chosen":"THE_SILENT","items_purchased":["Bag of Marbles","Deflect"],"campfire_rested":2,"item_purchase_floors":[12,12],"current_hp_per_floor":[70,70,53,46,46,9,30,30,30,25,19,19,15,7,28,4,4],"gold":94,"neow_bonus":"BOSS_RELIC","is_daily":false,"chose_seed":false,"campfire_upgraded":0,"win_rate":0.0,"timestamp":1611840768,"path_taken":["M","?","?","?","?","E","R","M","T","M","M","$","E","M","R","BOSS"],"items_purchased_type":["Relic","Card"],"build_version":"2020-12-22","purchased_purges":0,"victory":false,"max_hp_per_floor":[70,70,70,70,70,70,70,70,70,70,70,70,70,70,70,70,70],"card_choices":[{"not_picked":["Endless Agony","Eviscerate"],"picked":"Slice","floor":1.0},{"not_picked":["Underhanded Strike","Caltrops"],"picked":"Poisoned Stab","floor":5.0},{"not_picked":["Endless Agony","Catalyst","Acrobatics"],"picked":"SKIP","floor":6.0},{"not_picked":["Finisher","Dodge and Roll"],"picked":"Dagger Spray","floor":8.0},{"not_picked":["Slice","Flechettes"],"picked":"Blade Dance","floor":10.0},{"not_picked":["Escape Plan","All Out Attack"],"picked":"PiercingWail","floor":11.0},{"not_picked":["Wraith Form v2","Bane"],"picked":"Prepared","floor":13.0},{"not_picked":["Predator","Backflip","Flying Knee"],"picked":"SKIP","floor":14.0}],"player_experience":243765,"relics_obtained":[{"floor":6.0,"key":"Bag of Preparation"},{"floor":13.0,"key":"Letter Opener"}],"event_choices":[{"cards_removed":["Strike_G"],"damage_healed":0.0,"max_hp_gain":0.0,"max_hp_loss":0.0,"gold_gain":0.0,"event_name":"The Cleric","player_choice":"Card Removal","floor":2.0,"gold_loss":50.0,"damage_taken":0.0},{"damage_healed":0.0,"max_hp_gain":0.0,"max_hp_loss":0.0,"gold_gain":0.0,"event_name":"Golden Idol","player_choice":"Take Damage","floor":3.0,"gold_loss":0.0,"damage_taken":17.0,"relics_obtained":["Golden Idol"]},{"cards_removed":["Strike_G"],"damage_healed":0.0,"max_hp_gain":0.0,"max_hp_loss":0.0,"gold_gain":0.0,"event_name":"Golden Wing","player_choice":"Card Removal","floor":4.0,"gold_loss":0.0,"damage_taken":7.0}],"is_beta":false,"boss_relics":[],"items_purged_floors":[],"is_endless":false,"potions_floor_spawned":[1,5,8,10],"killed_by":"Slime Boss","ascension_level":0}}