{"host":"gquo1rsrdiuo0hhv","time":1611860934,"event":{"mods":["Act Like it!","BaseMod","Colored Powertips","Minty Spire (QoL Compilation)","Quick Restart","StSLib"],"gold_per_floor":[115,126,143,93,111,111,128,128,201,201,220,220,252,270,270,373,373,393,405,416,416,416,416,516,526,576,576,576],"floor_reached":27,"language":"ENG","playtime":1011,"items_purged":[],"score":254,"play_id":"e741f2dd-8808-40f1-9d3f-ed4b5c735493","local_time":"20210129020854","is_ascension_mode":true,"campfire_choices":[{"floor":8,"key":"REST"},{"data":"Heavy Blade","floor":10,"key":"SMITH"},{"floor":12,"key":"RECALL"},{"data":"Armaments","floor":15,"key":"SMITH"},{"floor":23,"key":"REST"}],"circlet_count":0,"master_deck":["Strike_R+1","Strike_R","Strike_R","Defend_R","Defend_R","Bash","Iron Wave","Disarm","Flex","Heavy Blade+1","Cleave+1","Rampage","Bloodletting","Thunderclap","Armaments+1","Fiend Fire","Limit Break","Sentinel","Warcry","Cleave","Writhe","Shrug It Off+1"],"relics":["Burning Blood","Mango","SacredBark","Dream Catcher","Boot"],"acts_visited":["Exordium","TheCity"],"potions_floor_usage":[13,19,20],"damage_taken":[{"damage":2,"enemies":"Cultist","floor":1,"turns":4},{"damage":8,"enemies":"2 Louse","floor":2,"turns":3},{"damage":0,"enemies":"Small Slimes","floor":3,"turns":3},{"damage":9,"enemies":"Blue Slaver","floor":5,"turns":4},{"damage":14,"enemies":"3 Louse","floor":7,"turns":3},{"damage":8,"enemies":"Lots of Slimes","floor":11,"turns":2},{"damage":0,"enemies":"Gremlin Nob","floor":13,"turns":2},{"damage":18,"enemies":"Exordium Wildlife","floor":14,"turns":6},{"damage":24,"enemies":"Hexaghost","floor":16,"turns":10},{"damage":38,"enemies":"Shell Parasite","floor":18,"turns":6},{"damage":14,"enemies":"3 Byrds","floor":19,"turns":5},{"damage":40,"enemies":"Snake Plant","floor":20,"turns":5},{"damage":36,"enemies":"Snecko","floor":25,"turns":6},{"damage":46,"enemies":"Book of Stabbing","floor":27,"turns":5}],"seed_played":"3553504274460070359","potions_obtained":[{"floor":2,"key":"BlessingOfTheForge"},{"floor":5,"key":"Regen Potion"},{"floor":7,"key":"SteroidPotion"},{"floor":14,"key":"ElixirPotion"},{"floor":16,"key":"Explosive Potion"}],"is_trial":false,"path_per_floor":["M","M","M","?","M","?","M","R","T","R","M","R","E","M","R","B",null,"M","M","M","?","?","R","?","M","T","E"],"character_chosen":"IRONCLAD","items_purchased":[],"campfire_rested":2,"item_purchase_floors":[],"current_hp_per_floor":[80,78,80,80,77,61,53,77,77,77,75,75,94,82,82,64,94,62,54,47,47,47,75,75,45,45,0,0],"gold":576,"neow_bonus":"TRANSFORM_TWO_CARDS","is_daily":false,"chose_seed":false,"campfire_upgraded":2,"win_rate":0.0,"timestamp":1611860934,"path_taken":["M","M","?","?","M","?","M","R","T","R","M","R","E","M","R","BOSS","M","M","M","?","?","R","?","M","T","E"],"items_purchased_type":[],"build_version":"2020-12-22","purchased_purges":0,"victory":false,"max_hp_per_floor":[80,80,80,80,80,80,80,80,80,80,80,80,94,94,94,94,94,94,94,94,94,94,94,94,94,94,94,94],"card_choices":[{"not_picked":["Hemokinesis","Shrug It Off"],"picked":"Flex","floor":1},{"not_picked":["Rampage","Bloodletting"],"picked":"Heavy Blade","floor":2},{"not_picked":["Sword Boomerang","True Grit"],"picked":"Cleave","floor":3},{"not_picked":["Uppercut","Anger"],"picked":"Rampage","floor":5},{"not_picked":["Second Wind","Heavy Blade"],"picked":"Bloodletting","floor":7},{"not_picked":["Heavy Blade","Dark Embrace"],"picked":"Thunderclap","floor":11},{"not_picked":["Battle Trance","Shockwave"],"picked":"Armaments","floor":13},{"not_picked":["Second Wind","Anger"],"picked":"Fiend Fire","floor":14},{"not_picked":["Berserk","Barricade"],"picked":"Limit Break","floor":16},{"not_picked":["Headbutt","Warcry","True Grit+1"],"picked":"SKIP","floor":18},{"not_picked":["True Grit","Twin Strike+1","Armaments"],"picked":"SKIP","floor":19},{"not_picked":["Cleave+1","Burning Pact"],"picked":"Sentinel","floor":20},{"not_picked":["Sentinel","Sword Boomerang"],"picked":"Shrug It Off+1","floor":25}],"player_experience":399812,"relics_obtained":[{"floor":13,"key":"Mango"},{"floor":26,"key":"Boot"}],"event_choices":[{"cards_removed":["Writhe"],"damage_healed":0,"gold_gain":0,"player_choice":"Card Removal","damage_taken":0,"max_hp_gain":0,"max_hp_loss":0,"event_name":"The Cleric","floor":4,"gold_loss":50},{"damage_healed":0,"gold_gain":0,"player_choice":"Entered Light","damage_taken":16,"max_hp_gain":0,"max_hp_loss":0,"event_name":"Shining Light","floor":6,"gold_loss":0,"cards_upgraded":["Cleave","Strike_R"]},{"damage_healed":0,"gold_gain":0,"cards_transformed":["Strike_R","Defend_R"],"player_choice":"Became Test Subject","damage_taken":0,"max_hp_gain":0,"max_hp_loss":0,"event_name":"Drug Dealer","floor":21,"gold_loss":0,"cards_obtained":["Warcry","Cleave"]},{"damage_healed":0,"gold_gain":0,"player_choice":"Opened","damage_taken":0,"relics_obtained":["Dream Catcher"],"max_hp_gain":0,"max_hp_loss":0,"event_name":"The Mausoleum","floor":22,"gold_loss":0,"cards_obtained":["Writhe"]},{"damage_healed":0,"gold_gain":100,"player_choice":"Pray","damage_taken":0,"max_hp_gain":0,"max_hp_loss":0,"event_name":"Golden Shrine","floor":24,"gold_loss":0}],"is_beta":false,"boss_relics":[{"not_picked":["Snecko Eye","Fusion Hammer"],"picked":"SacredBark"}],"items_purged_floors":[],"is_endless":false,"potions_floor_spawned":[2,5,7,11,14,16],"killed_by":"Book of Stabbing","ascension_level":1}}