{"host":"ojezjkpqju62j8xy","time":1611839146,"event":{"mods":["ATMod(°¢èªMod)","Act Like it!","Aspiration","BaseMod","Conspire","Minty Spire (QoL Compilation)","Pale of the Ancients","Replay The Spire","Spicy Shops","StSLib","[GremlinLeader]The Maniac","¡¾ÒÅÎï¿¨ÅÆ¡¿REMEMod"],"gold_per_floor":[116,145,157,11,27,53,53,88,88,13,24,55,144,155,155,257,257,274,274],"floor_reached":18,"language":"ZHS","playtime":781,"items_purged":["Regret"],"score":302,"play_id":"5396e7cf-c150-49e4-9fc9-c26799e7ab88","local_time":"20210128210546","is_ascension_mode":true,"campfire_choices":[{"floor":15,"key":"REST"}],"circlet_count":0,"master_deck":["Strike_P","Strike_P","Strike_P","Strike_P","Defend_P","Defend_P","Defend_P","Defend_P","Eruption","Vigilance","AT_EmpoweredMortalDraw","REME_CRH","JustLucky","Tantrum","FlyingSleeves","Halt","EmptyBody","Doubt","SignatureMove","Protect","Tantrum","ReplayTheSpireMod:Splinters","Sanctity","SignatureMove","AT_MachinaRedman","InnerPeace","Blasphemy","Halt"],"relics":["PureWater","AT_ATBox","REME_ComplimentaryCards","Centennial Puzzle","Nunchaku","PreservedInsect","aspiration:HiddenCompartment","Ring of Peace","Ring of Panic","aspiration:Lifesprig","Smiling Mask","Philosopher\u0027s Stone"],"acts_visited":["Exordium","TheCity"],"potions_floor_usage":[5,5,6],"damage_taken":[{"damage":0.0,"enemies":"2 Louse","floor":1.0,"turns":1.0},{"damage":26,"enemies":"conspire:MimicChest","floor":2,"turns":5},{"damage":2,"enemies":"Cultist","floor":3,"turns":2},{"damage":6,"enemies":"Jaw Worm","floor":5,"turns":2},{"damage":0,"enemies":"Gremlin Nob","floor":6,"turns":1},{"damage":8,"enemies":"Lagavulin","floor":8,"turns":4},{"damage":0,"enemies":"Large Slime","floor":11,"turns":2},{"damage":0,"enemies":"3 Sentries","floor":12,"turns":3},{"damage":0,"enemies":"Looter","floor":14,"turns":2},{"damage":13,"enemies":"Fading Forest","floor":16,"turns":11},{"damage":0,"enemies":"Chosen","floor":18,"turns":4}],"seed_played":"7618890892824504322","potions_obtained":[{"floor":2,"key":"Languid Potion"},{"floor":3,"key":"Dexterity Potion"},{"floor":5,"key":"SkillPotion"},{"floor":14,"key":"Strength Potion"},{"floor":16,"key":"Block Potion"}],"is_trial":false,"path_per_floor":["M","?","M","$","M","E","?","E","T","$","M","E","?","M","R","B",null,"M"],"character_chosen":"WATCHER","items_purchased":["PreservedInsect"],"campfire_rested":1,"item_purchase_floors":[4],"current_hp_per_floor":[65,39,37,37,31,31,31,23,23,23,23,23,23,23,44,51,67,67,67],"gold":274,"neow_bonus":"RANDOM_EVENT","is_daily":false,"chose_seed":false,"campfire_upgraded":0,"win_rate":0.0,"timestamp":1611839146,"path_taken":["M","?","M","?","M","E","?","E","T","$","?","E","?","M","R","BOSS","M"],"items_purchased_type":["Relic"],"build_version":"2020-12-22","purchased_purges":1,"victory":false,"max_hp_per_floor":[72,72,72,72,72,72,72,72,72,72,72,72,72,72,72,72,72,72,72],"card_choices":[{"not_picked":["MentalFortress","SashWhip"],"picked":"JustLucky","floor":1.0},{"not_picked":["JustLucky","Replay:Cycle"],"picked":"Tantrum","floor":2},{"not_picked":["Study","PathToVictory"],"picked":"FlyingSleeves","floor":3},{"not_picked":["ClearTheMind","BowlingBash"],"picked":"Halt","floor":5},{"not_picked":["Replay:Cycle","WheelKick"],"picked":"EmptyBody","floor":6},{"not_picked":["EmptyFist","Replay:AtTheReady"],"picked":"SignatureMove","floor":8},{"not_picked":["Replay:AtTheReady","SandsOfTime"],"picked":"Protect","floor":11},{"not_picked":["Halt","FollowUp"],"picked":"Tantrum","floor":12},{"not_picked":["Indignation","CutThroughFate"],"picked":"Sanctity","floor":13},{"not_picked":["DeceiveReality","EmptyFist"],"picked":"SignatureMove","floor":13},{"not_picked":["EmptyFist","Protect"],"picked":"AT_MachinaRedman","floor":13},{"not_picked":["BowlingBash","WaveOfTheHand"],"picked":"InnerPeace","floor":14},{"not_picked":["ConjureBlade","Brilliance"],"picked":"Blasphemy","floor":16},{"not_picked":["Replay:AtTheReady","Evaluate+1"],"picked":"Halt","floor":18}],"player_experience":1413710,"relics_obtained":[{"floor":2,"key":"Nunchaku"},{"floor":6,"key":"aspiration:HiddenCompartment"},{"floor":7,"key":"Ring of Peace"},{"floor":7,"key":"Ring of Panic"},{"floor":8,"key":"aspiration:Lifesprig"},{"floor":12,"key":"Smiling Mask"}],"event_choices":[{"damage_healed":0.0,"max_hp_gain":0.0,"max_hp_loss":0.0,"gold_gain":0.0,"event_name":"Big Fish","player_choice":"Box","floor":0.0,"gold_loss":0.0,"damage_taken":0.0,"relics_obtained":["Centennial Puzzle"],"cards_obtained":["Regret"]}],"is_beta":false,"boss_relics":[{"not_picked":["conspire:RunicOctahedron","Empty Cage"],"picked":"Philosopher\u0027s Stone"}],"items_purged_floors":[10],"is_endless":false,"potions_floor_spawned":[2,3,5,14,16],"killed_by":"Chosen","ascension_level":6}}