{"host":"nwd160me4iqdtr8u","time":1611819269,"event":{"mods":["AchievementEnabler","Act Like it!","BaseMod","Colored Map","DeckTracker","Minty Spire (QoL Compilation)","Quick Restart","Rare Cards Sparkle","StSLib","SuperFastMode","everything is the same but u backflip on backflip"],"gold_per_floor":[114,114,114,114,131,131,131,156,156,197,197,212,212,226,226,226,226],"floor_reached":16,"language":"KOR","playtime":848,"items_purged":[],"score":150,"play_id":"9b4ed86b-7365-4e72-9a12-5b7ab2081db3","local_time":"20210128163429","is_ascension_mode":true,"campfire_choices":[{"floor":6,"key":"REST"},{"data":"Leg Sweep","floor":11,"key":"SMITH"},{"floor":13,"key":"REST"},{"data":"Noxious Fumes","floor":15,"key":"SMITH"}],"circlet_count":0,"master_deck":["AscendersBane","Strike_G","Strike_G","Defend_G","Defend_G","Defend_G","Defend_G","Survivor","Neutralize","Sucker Punch","Finisher","Noxious Fumes+1","Leg Sweep+1","Expertise","Flying Knee","Backflip"],"relics":["Ring of the Snake","Art of War","Golden Idol","Kunai","Bag of Preparation"],"acts_visited":["Exordium"],"potions_floor_usage":[10,16],"damage_taken":[{"damage":2.0,"enemies":"Cultist","floor":1.0,"turns":4.0},{"damage":0,"enemies":"Small Slimes","floor":5,"turns":4},{"damage":3,"enemies":"Jaw Worm","floor":8,"turns":5},{"damage":19,"enemies":"Lagavulin","floor":10,"turns":8},{"damage":10,"enemies":"Lots of Slimes","floor":12,"turns":5},{"damage":1,"enemies":"Red Slaver","floor":14,"turns":4},{"damage":36,"enemies":"Hexaghost","floor":16,"turns":13}],"seed_played":"-9072218716876080603","potions_obtained":[{"floor":1.0,"key":"Strength Potion"},{"floor":5,"key":"SmokeBomb"},{"floor":10,"key":"Weak Potion"},{"floor":14,"key":"Dexterity Potion"}],"is_trial":false,"path_per_floor":["M","?","?","?","M","R","?","M","T","E","R","M","R","M","R","B"],"character_chosen":"THE_SILENT","items_purchased":[],"campfire_rested":2,"item_purchase_floors":[],"current_hp_per_floor":[43,36,36,29,29,50,50,47,47,28,28,18,37,36,36,0,0],"gold":226,"neow_bonus":"TRANSFORM_TWO_CARDS","is_daily":false,"chose_seed":false,"campfire_upgraded":2,"win_rate":0.0,"timestamp":1611819269,"path_taken":["M","?","?","?","M","R","?","?","T","E","R","M","R","M","R","BOSS"],"items_purchased_type":[],"build_version":"2020-12-22","purchased_purges":0,"victory":false,"max_hp_per_floor":[70,70,70,70,70,70,65,65,65,65,65,65,65,65,65,65,65],"card_choices":[{"not_picked":["Flechettes","Deflect"],"picked":"Noxious Fumes","floor":1.0},{"not_picked":["Flechettes","Underhanded Strike","Cloak And Dagger"],"picked":"SKIP","floor":5},{"not_picked":["Sucker Punch","Masterful Stab"],"picked":"Leg Sweep","floor":8},{"not_picked":["Eviscerate","Deadly Poison"],"picked":"Expertise","floor":10},{"not_picked":["Dodge and Roll","Sucker Punch"],"picked":"Flying Knee","floor":12},{"not_picked":["Dodge and Roll","Poisoned Stab"],"picked":"Backflip","floor":14}],"player_experience":264084,"relics_obtained":[{"floor":9,"key":"Kunai"},{"floor":10,"key":"Bag of Preparation"}],"event_choices":[{"cards_removed":["Defend_G"],"damage_healed":0.0,"max_hp_gain":0.0,"max_hp_loss":0.0,"gold_gain":0.0,"event_name":"Golden Wing","player_choice":"Card Removal","floor":2.0,"gold_loss":0.0,"damage_taken":7.0},{"cards_removed":["Strike_G"],"damage_healed":0,"gold_gain":0,"player_choice":"Forget","damage_taken":0,"max_hp_gain":0,"max_hp_loss":0,"event_name":"Living Wall","floor":3,"gold_loss":0},{"damage_healed":0,"gold_gain":0,"player_choice":"Success","damage_taken":7,"relics_obtained":["Art of War"],"max_hp_gain":0,"max_hp_loss":0,"event_name":"Scrap Ooze","floor":4,"gold_loss":0},{"damage_healed":0,"gold_gain":0,"player_choice":"Lose Max HP","damage_taken":0,"relics_obtained":["Golden Idol"],"max_hp_gain":0,"max_hp_loss":5,"event_name":"Golden Idol","floor":7,"gold_loss":0}],"is_beta":false,"boss_relics":[],"items_purged_floors":[],"is_endless":false,"potions_floor_spawned":[1,5,10,14],"killed_by":"Hexaghost","ascension_level":10}}