{"host":"w01zow3jg16g8jdh","time":1611845131,"event":{"mods":["AchievementEnabler","BaseMod","DeckTracker","Keyboard Shortcuts","Minty Spire (QoL Compilation)","Permanent Neow","StSLib","SuperFastMode"],"gold_per_floor":[117,117,87,98,118,118,147,165,191,203,220,238,203,203,203,278,278,288,2,19,37,37,78,78,78],"floor_reached":24,"language":"KOR","playtime":772,"items_purged":[],"score":540,"play_id":"dcf2d28e-fb24-431a-b48f-6ccdf8579a43","local_time":"20210128234531","is_ascension_mode":true,"campfire_choices":[{"data":"Eviscerate","floor":6.0,"key":"SMITH"},{"data":"Neutralize","floor":15.0,"key":"SMITH"}],"circlet_count":0,"master_deck":["AscendersBane","Strike_G","Strike_G","Strike_G","Strike_G","Strike_G","Defend_G","Defend_G","Defend_G","Defend_G","Defend_G","Survivor","Neutralize+1","Acrobatics","Eviscerate+1","After Image","Prepared","Underhanded Strike","Well Laid Plans","Acrobatics","A Thousand Cuts","Blade Dance+1","Cloak And Dagger"],"relics":["Ring of the Snake","Happy Flower","Bag of Preparation","Omamori","Sozu","Meat on the Bone","CeramicFish","StoneCalendar"],"acts_visited":["Exordium","TheCity"],"potions_floor_usage":[],"damage_taken":[{"damage":2.0,"enemies":"2 Louse","floor":1.0,"turns":4.0},{"damage":8.0,"enemies":"Small Slimes","floor":4.0,"turns":4.0},{"damage":0.0,"enemies":"Cultist","floor":5.0,"turns":5.0},{"damage":41.0,"enemies":"Lagavulin","floor":7.0,"turns":13.0},{"damage":3.0,"enemies":"Large Slime","floor":8.0,"turns":7.0},{"damage":0.0,"enemies":"Looter","floor":10.0,"turns":4.0},{"damage":0.0,"enemies":"3 Louse","floor":11.0,"turns":4.0},{"damage":0.0,"enemies":"Lots of Slimes","floor":12.0,"turns":5.0},{"damage":0.0,"enemies":"The Guardian","floor":16.0,"turns":10.0},{"damage":2.0,"enemies":"Spheric Guardian","floor":18.0,"turns":4.0},{"damage":18.0,"enemies":"Shell Parasite","floor":20.0,"turns":4.0},{"damage":6.0,"enemies":"Snake Plant","floor":21.0,"turns":4.0},{"damage":36.0,"enemies":"Gremlin Leader","floor":23.0,"turns":7.0},{"damage":21,"enemies":"Sentry and Sphere","floor":24,"turns":5}],"seed_played":"5035310850981105731","potions_obtained":[{"floor":3.0,"key":"EssenceOfSteel"},{"floor":3.0,"key":"EntropicBrew"},{"floor":7.0,"key":"LiquidBronze"},{"floor":8.0,"key":"AttackPotion"},{"floor":12.0,"key":"Strength Potion"},{"floor":16.0,"key":"SkillPotion"}],"is_trial":false,"path_per_floor":["M","?","?","M","M","R","E","M","T","M","M","M","?","?","R","B",null,"M","$","M","M","?","E","M"],"character_chosen":"THE_SILENT","items_purchased":["Meat on the Bone"],"campfire_rested":0,"item_purchase_floors":[19],"current_hp_per_floor":[57,57,57,49,49,49,8,5,5,5,5,5,21,37,37,37,59,57,57,39,45,45,21,0,0],"gold":78,"neow_bonus":"RANDOM_COMMON_RELIC","is_daily":false,"chose_seed":false,"campfire_upgraded":2,"win_rate":0.0,"timestamp":1611845131,"path_taken":["M","?","?","M","M","R","E","M","T","?","M","M","?","?","R","BOSS","M","$","M","M","?","E","?"],"items_purchased_type":["Relic"],"build_version":"2020-12-22","purchased_purges":0,"victory":false,"max_hp_per_floor":[66,66,66,66,66,66,66,66,66,66,66,66,66,66,66,66,66,66,66,66,66,66,66,66,66],"card_choices":[{"not_picked":["Dodge and Roll","Outmaneuver"],"picked":"Acrobatics","floor":1.0},{"not_picked":["Outmaneuver","Acrobatics"],"picked":"PiercingWail","floor":4.0},{"not_picked":["Cloak And Dagger","Deflect"],"picked":"Eviscerate","floor":5.0},{"not_picked":["Underhanded Strike","Well Laid Plans"],"picked":"After Image","floor":7.0},{"not_picked":["Underhanded Strike","Slice"],"picked":"Prepared","floor":8.0},{"not_picked":["All Out Attack","Poisoned Stab"],"picked":"Underhanded Strike","floor":10.0},{"not_picked":["Acrobatics","Dagger Spray"],"picked":"Well Laid Plans","floor":11.0},{"not_picked":["Caltrops","Blade Dance"],"picked":"Acrobatics","floor":12.0},{"not_picked":["Envenom","Doppelganger"],"picked":"A Thousand Cuts","floor":16.0},{"not_picked":["Poisoned Stab","Deadly Poison"],"picked":"Blade Dance+1","floor":18.0},{"not_picked":["Setup","Terror","Underhanded Strike"],"picked":"SKIP","floor":20.0},{"not_picked":["Prepared","All Out Attack","Well Laid Plans"],"picked":"SKIP","floor":21.0},{"not_picked":["Prepared","Dodge and Roll"],"picked":"Cloak And Dagger","floor":23.0}],"player_experience":324752,"relics_obtained":[{"floor":7.0,"key":"Bag of Preparation"},{"floor":9.0,"key":"Omamori"},{"floor":23.0,"key":"StoneCalendar"}],"event_choices":[{"damage_healed":0.0,"max_hp_gain":0.0,"max_hp_loss":0.0,"gold_gain":0.0,"event_name":"Liars Game","player_choice":"Ignored","floor":2.0,"gold_loss":0.0,"damage_taken":0.0},{"damage_healed":0.0,"max_hp_gain":0.0,"max_hp_loss":0.0,"gold_gain":0.0,"event_name":"The Woman in Blue","player_choice":"Bought 2 Potions","floor":3.0,"gold_loss":0.0,"damage_taken":0.0},{"damage_healed":16.0,"max_hp_gain":0.0,"max_hp_loss":0.0,"gold_gain":0.0,"event_name":"The Cleric","player_choice":"Healed","floor":13.0,"gold_loss":35.0,"damage_taken":0.0},{"damage_healed":16.0,"max_hp_gain":0.0,"max_hp_loss":0.0,"gold_gain":0.0,"event_name":"Mushrooms","player_choice":"Healed and dodged fight","floor":14.0,"gold_loss":0.0,"damage_taken":0.0,"cards_obtained":["Parasite"]},{"cards_removed":["PiercingWail"],"damage_healed":0.0,"max_hp_gain":0.0,"max_hp_loss":0.0,"gold_gain":0.0,"event_name":"WeMeetAgain","player_choice":"Gave Card","floor":22.0,"gold_loss":0.0,"damage_taken":0.0,"relics_obtained":["CeramicFish"]}],"is_beta":false,"boss_relics":[{"not_picked":["Runic Pyramid","Philosopher\u0027s Stone"],"picked":"Sozu"}],"items_purged_floors":[],"is_endless":false,"potions_floor_spawned":[7,8,10,12,16,20,21],"killed_by":"Sentry and Sphere","ascension_level":20}}