{"host":"gbsupkmj5cka9iw4","time":1611816104,"event":{"mods":["BaseMod","Better Note","BetterRewards","Minty Spire (QoL Compilation)","Say the Spire","Shop Mod","StSLib"],"gold_per_floor":[116,116,216,234,247,247,279,279,302,323,396,450,491,23,23,127,127,152,152,7,33,45,83,83,109,190,11,30,129,329,388,388,500,500,524,307,353,380,399,436,487,521,521,530,557,93,93,140,149,149],"floor_reached":51,"language":"ENG","playtime":3686,"items_purged":["Defend_B","Strike_B","Strike_B","Defend_B"],"score":1497,"play_id":"690890d5-a92e-4ec8-b0f0-608c6128de27","local_time":"20210128154144","is_ascension_mode":true,"campfire_choices":[{"data":"Apotheosis","floor":6.0,"key":"SMITH"},{"floor":8.0,"key":"REST"},{"floor":15.0,"key":"REST"},{"floor":24.0,"key":"REST"},{"data":"Machine Learning","floor":32.0,"key":"SMITH"},{"floor":44.0,"key":"REST"},{"floor":49.0,"key":"REST"}],"circlet_count":0,"master_deck":["AscendersBane","Defend_B","Zap","Dualcast","Apotheosis+1","Capacitor","Conserve Battery","Rebound","Undo","All For One","Cold Snap","Sunder","Ball Lightning","Conserve Battery","Barrage","Go for the Eyes+1","Hologram","Electrodynamics","FTL+1","Sweeping Beam+1","Double Energy","Blind","Compile Driver+1","Machine Learning+1","Chaos","Defragment+1","Cold Snap+1","Flash of Steel+1","HandOfGreed+1","Turbo+1","Capacitor","Barrage+1","Core Surge+1","Stack+1","Hologram+1","Coolheaded+1","Beam Cell+1","Chaos+1","Steam Power+1","Leap+1","Steam+1","Conserve Battery+1","Hologram+1","Forethought+1","Finesse+1","Blind+1","Skim+1","Glacier+1","Defragment+1","FTL+1","Metamorphosis+1","Steam+1","Glacier+1"],"relics":["Happy Flower","Runic Capacitor","PreservedInsect","CeramicFish","Meat on the Bone","Molten Egg 2","Orrery","Potion Belt","Runic Pyramid","Membership Card","Gremlin Horn","Bottled Lightning","Toxic Egg 2","Nuclear Battery","Orichalcum","Question Card","StoneCalendar","Dream Catcher","Toy Ornithopter","DollysMirror","Lantern"],"acts_visited":["Exordium","TheCity","TheBeyond"],"potions_floor_usage":[50,50],"damage_taken":[{"damage":3.0,"enemies":"2 Louse","floor":1.0,"turns":2.0},{"damage":0.0,"enemies":"Jaw Worm","floor":4.0,"turns":3.0},{"damage":0.0,"enemies":"Cultist","floor":5.0,"turns":3.0},{"damage":30.0,"enemies":"Gremlin Nob","floor":7.0,"turns":4.0},{"damage":4.0,"enemies":"Looter","floor":10.0,"turns":4.0},{"damage":0.0,"enemies":"3 Sentries","floor":11.0,"turns":4.0},{"damage":10.0,"enemies":"Lagavulin","floor":13.0,"turns":6.0},{"damage":20.0,"enemies":"Hexaghost","floor":16.0,"turns":8.0},{"damage":22.0,"enemies":"2 Thieves","floor":18.0,"turns":3.0},{"damage":0.0,"enemies":"Chosen","floor":21.0,"turns":4.0},{"damage":17.0,"enemies":"Snecko","floor":22.0,"turns":5.0},{"damage":23.0,"enemies":"Slavers","floor":23.0,"turns":2.0},{"damage":9.0,"enemies":"Book of Stabbing","floor":25.0,"turns":4.0},{"damage":0.0,"enemies":"Centurion and Healer","floor":28.0,"turns":4.0},{"damage":2.0,"enemies":"Slavers","floor":31.0,"turns":2.0},{"damage":30.0,"enemies":"Champ","floor":33.0,"turns":8.0},{"damage":0.0,"enemies":"Orb Walker","floor":35.0,"turns":4.0},{"damage":8.0,"enemies":"3 Shapes","floor":37.0,"turns":1.0},{"damage":20.0,"enemies":"Writhing Mass","floor":38.0,"turns":4.0},{"damage":14.0,"enemies":"Spire Growth","floor":39.0,"turns":3.0},{"damage":5.0,"enemies":"Giant Head","floor":40.0,"turns":6.0},{"damage":5.0,"enemies":"Sphere and 2 Shapes","floor":41.0,"turns":3.0},{"damage":1.0,"enemies":"Nemesis","floor":42.0,"turns":3.0},{"damage":35.0,"enemies":"Jaw Worm Horde","floor":48.0,"turns":3.0},{"damage":3,"enemies":"Donu and Deca","floor":50,"turns":7}],"seed_played":"-6725276192266111246","potions_obtained":[{"floor":10.0,"key":"ColorlessPotion"},{"floor":11.0,"key":"LiquidBronze"},{"floor":13.0,"key":"DuplicationPotion"},{"floor":16.0,"key":"Fire Potion"},{"floor":23.0,"key":"SteroidPotion"},{"floor":28.0,"key":"LiquidMemories"},{"floor":31.0,"key":"FocusPotion"},{"floor":41.0,"key":"Dexterity Potion"},{"floor":42.0,"key":"BlessingOfTheForge"},{"floor":48.0,"key":"SkillPotion"}],"is_trial":false,"path_per_floor":["M","?","?","M","M","R","E","R","T","M","?","?","E","$","R","B",null,"M","?","$","M","M","E","R","E","T","$","M","?","?","E","R","B",null,"M","$","M","M","M","E","M","E","T","R","?","$","?","M","R","B",null],"character_chosen":"DEFECT","items_purchased":["Apotheosis","Capacitor","Happy Flower","Runic Capacitor","Conserve Battery","Rebound","Hologram","Orrery","Potion Belt","Blind","Compile Driver+1","Membership Card","Flash of Steel+1","HandOfGreed+1","Turbo+1","Hologram+1","Coolheaded+1","EntropicBrew","Orichalcum","Toy Ornithopter","Skim+1","Glacier+1","DollysMirror","Lantern","FTL+1","Metamorphosis+1","Energy Potion"],"campfire_rested":5,"item_purchase_floors":[0,0,0,0,0,0,14,14,14,14,14,20,27,27,27,36,36,36,36,46,46,46,46,46,46,46,46],"current_hp_per_floor":[39,39,39,39,39,39,9,31,31,27,27,27,29,29,51,43,67,45,45,45,45,40,29,51,42,42,42,42,42,42,40,40,22,62,62,62,54,46,44,39,46,45,45,67,57,57,85,50,75,82],"gold":149,"neow_bonus":"","is_daily":false,"chose_seed":false,"campfire_upgraded":2,"win_rate":0.0,"timestamp":1611816104,"path_taken":["M","?","?","M","?","R","E","R","T","M","?","?","E","$","R","BOSS","M","?","$","M","M","E","R","E","T","$","?","?","?","E","R","BOSS","M","$","M","M","M","E","?","E","T","R","?","$","?","?","R","BOSS"],"items_purchased_type":["Card","Card","Relic","Relic","Card","Card","Card","Relic","Relic","Card","Card","Relic","Card","Card","Card","Card","Card","Potion","Relic","Relic","Card","Card","Relic","Relic","Card","Card","Potion"],"build_version":"2020-12-22","purchased_purges":4,"victory":true,"max_hp_per_floor":[75,75,75,75,75,75,75,75,75,75,75,75,75,75,75,75,75,75,75,75,75,75,75,75,75,75,75,75,75,75,75,75,75,75,75,75,75,75,75,75,75,75,75,75,75,75,85,85,85,85],"card_choices":[{"not_picked":["Steam","Go for the Eyes"],"picked":"Undo","floor":1.0},{"not_picked":["Loop","Turbo"],"picked":"Cold Snap","floor":4.0},{"not_picked":["Turbo","Cold Snap"],"picked":"Sunder","floor":5.0},{"not_picked":["Leap","Compile Driver"],"picked":"Ball Lightning","floor":7.0},{"not_picked":["Rebound","Redo"],"picked":"Conserve Battery","floor":10.0},{"not_picked":["Redo","Reinforced Body"],"picked":"Barrage","floor":11.0},{"not_picked":["Melter+1","Cold Snap+1"],"picked":"Go for the Eyes+1","floor":13.0},{"not_picked":["Coolheaded","Undo"],"picked":"Electrodynamics","floor":14.0},{"not_picked":["Scrape+1","Melter+1"],"picked":"FTL+1","floor":14.0},{"not_picked":["Conserve Battery","Loop"],"picked":"Sweeping Beam+1","floor":14.0},{"not_picked":["Force Field","BootSequence"],"picked":"Hyperbeam+1","floor":14.0},{"not_picked":["Heatsinks","Auto Shields"],"picked":"Double Energy","floor":14.0},{"not_picked":["Meteor Strike+1","Reboot"],"picked":"Machine Learning","floor":16.0},{"not_picked":["Rebound+1","Reprogram"],"picked":"Chaos","floor":18.0},{"not_picked":["Lockon+1","Ball Lightning+1"],"picked":"Defragment+1","floor":21.0},{"not_picked":["Static Discharge","Compile Driver+1","Undo+1"],"picked":"SKIP","floor":22.0},{"not_picked":["Conserve Battery","Undo"],"picked":"Cold Snap+1","floor":23.0},{"not_picked":["Rebound+1","Compile Driver+1","Static Discharge"],"picked":"SKIP","floor":25.0},{"not_picked":["Doom and Gloom+1","Streamline+1"],"picked":"Capacitor","floor":28.0},{"not_picked":["Darkness+1","Thunder Strike+1"],"picked":"Barrage+1","floor":31.0},{"not_picked":["All For One+1","Hyperbeam+1"],"picked":"Core Surge+1","floor":33.0},{"not_picked":["Doom and Gloom+1","Rebound+1"],"picked":"Stack+1","floor":35.0},{"not_picked":["Lockon+1","Barrage+1"],"picked":"Beam Cell+1","floor":37.0},{"not_picked":["Sweeping Beam+1","Beam Cell+1"],"picked":"Chaos+1","floor":38.0},{"not_picked":["All For One+1","Sweeping Beam+1"],"picked":"Steam Power+1","floor":39.0},{"not_picked":["Gash+1","Cold Snap+1"],"picked":"Leap+1","floor":40.0},{"not_picked":["Chill+1","Cold Snap+1","Conserve Battery+1"],"picked":"Steam+1","floor":41.0},{"not_picked":["Chaos+1","Compile Driver+1","Fusion+1"],"picked":"Conserve Battery+1","floor":42.0},{"not_picked":["Capacitor+1","Genetic Algorithm+1","Barrage+1"],"picked":"Hologram+1","floor":44.0},{"not_picked":["Panache","Metamorphosis+1","Swift Strike+1"],"picked":"Forethought+1","floor":45.0},{"not_picked":["Trip+1","Apotheosis+1","Jack Of All Trades+1"],"picked":"Finesse+1","floor":45.0},{"not_picked":["Jack Of All Trades+1","Purity+1","The Bomb+1"],"picked":"Blind+1","floor":45.0},{"not_picked":["Beam Cell+1","Redo+1","Leap+1"],"picked":"Steam+1","floor":48.0},{"not_picked":["Redo+1","Streamline+1","Cold Snap+1"],"picked":"Glacier+1","floor":49.0}],"player_experience":777048,"relics_obtained":[{"floor":7.0,"key":"PreservedInsect"},{"floor":9.0,"key":"CeramicFish"},{"floor":11.0,"key":"Meat on the Bone"},{"floor":13.0,"key":"Molten Egg 2"},{"floor":23.0,"key":"Gremlin Horn"},{"floor":25.0,"key":"Bottled Lightning"},{"floor":26.0,"key":"Toxic Egg 2"},{"floor":40.0,"key":"Question Card"},{"floor":42.0,"key":"StoneCalendar"},{"floor":43.0,"key":"Dream Catcher"}],"event_choices":[{"damage_healed":0.0,"max_hp_gain":0.0,"max_hp_loss":0.0,"gold_gain":0.0,"cards_transformed":["Strike_B"],"event_name":"Living Wall","player_choice":"Change","floor":2.0,"gold_loss":0.0,"damage_taken":0.0,"cards_obtained":["All For One"]},{"damage_healed":0.0,"max_hp_gain":0.0,"max_hp_loss":0.0,"gold_gain":100.0,"event_name":"Golden Shrine","player_choice":"Pray","floor":3.0,"gold_loss":0.0,"damage_taken":0.0},{"damage_healed":0.0,"max_hp_gain":0.0,"max_hp_loss":0.0,"gold_gain":30.0,"event_name":"Dead Adventurer","player_choice":"Searched \u00272\u0027 times","floor":11.0,"gold_loss":0.0,"damage_taken":0.0},{"damage_healed":0.0,"max_hp_gain":0.0,"max_hp_loss":0.0,"gold_gain":54.0,"event_name":"Golden Wing","player_choice":"Gained Gold","floor":12.0,"gold_loss":0.0,"damage_taken":0.0},{"cards_removed":["Strike_B"],"damage_healed":0.0,"max_hp_gain":0.0,"max_hp_loss":0.0,"gold_gain":0.0,"event_name":"Purifier","player_choice":"Purged","floor":19.0,"gold_loss":0.0,"damage_taken":0.0},{"damage_healed":0.0,"max_hp_gain":0.0,"max_hp_loss":0.0,"gold_gain":99.0,"event_name":"Nest","player_choice":"Stole From Cult","floor":29.0,"gold_loss":0.0,"damage_taken":0.0},{"damage_healed":0.0,"max_hp_gain":0.0,"max_hp_loss":0.0,"gold_gain":250.0,"event_name":"The Joust","player_choice":"Bet on Owner","floor":30.0,"gold_loss":50.0,"damage_taken":0.0},{"damage_healed":0.0,"max_hp_gain":0.0,"max_hp_loss":0.0,"gold_gain":0.0,"event_name":"SensoryStone","player_choice":"Memory 3","floor":45.0,"gold_loss":0.0,"damage_taken":10.0},{"cards_removed":["Hyperbeam"],"damage_healed":18.0,"max_hp_gain":10.0,"max_hp_loss":0.0,"gold_gain":0.0,"event_name":"Bonfire Elementals","player_choice":"Offered Rare","floor":47.0,"gold_loss":0.0,"damage_taken":0.0}],"is_beta":false,"boss_relics":[{"not_picked":["SlaversCollar","Tiny House"],"picked":"Runic Pyramid"},{"not_picked":["Inserter","Sozu"],"picked":"Nuclear Battery"}],"items_purged_floors":[14,27,36,46],"is_endless":false,"potions_floor_spawned":[10,11,13,16,23,28,31,41,42,48],"ascension_level":10}}