{"host":"i0avyit1s6jb1siw","time":1611832456,"event":{"mods":["BaseMod","DeckTracker","Dota2Spire","Highlight Path","Minty Spire (QoL Compilation)","Quick Restart","StSLib","SuperFastMode"],"gold_per_floor":[110,110,120,140,156,156,176,176,176,202,202,202],"floor_reached":11,"language":"ENG","playtime":182,"items_purged":[],"score":130,"play_id":"23e5b957-1630-48c2-a9ac-687e52670324","local_time":"20210128121416","is_ascension_mode":true,"campfire_choices":[{"data":"Bash","floor":6,"key":"SMITH"},{"floor":8,"key":"REST"}],"circlet_count":0,"master_deck":["AscendersBane","Strike_R","Strike_R","Strike_R","Strike_R","Defend_R","Defend_R+1","Defend_R","Defend_R+1","Bash+1","Demon Form","Headbutt","Shrug It Off","Heavy Blade","Battle Trance","Shrug It Off"],"relics":["Burning Blood"],"acts_visited":["Exordium"],"potions_floor_usage":[7],"damage_taken":[{"damage":7,"enemies":"Small Slimes","floor":1,"turns":4},{"damage":12,"enemies":"Cultist","floor":3,"turns":4},{"damage":7,"enemies":"Jaw Worm","floor":4,"turns":3},{"damage":20,"enemies":"Exordium Thugs","floor":5,"turns":5},{"damage":7,"enemies":"3 Louse","floor":7,"turns":3},{"damage":32,"enemies":"Gremlin Nob","floor":11,"turns":3}],"seed_played":"4566056611479928235","potions_obtained":[{"floor":5,"key":"AttackPotion"}],"is_trial":false,"path_per_floor":["M","?","M","M","M","R","M","R","?","T","E"],"character_chosen":"IRONCLAD","items_purchased":[],"campfire_rested":1,"item_purchase_floors":[],"current_hp_per_floor":[49,49,43,42,28,28,27,49,26,26,0,0],"gold":202,"neow_bonus":"THREE_RARE_CARDS","is_daily":false,"chose_seed":false,"campfire_upgraded":1,"win_rate":0.0,"timestamp":1611832456,"path_taken":["M","?","M","?","M","R","M","R","?","T","E"],"items_purchased_type":[],"build_version":"2020-12-22","purchased_purges":0,"victory":false,"max_hp_per_floor":[75,75,75,75,75,75,75,75,75,75,75,75],"card_choices":[{"not_picked":["Berserk","Brutality"],"picked":"Demon Form","floor":0},{"not_picked":["Warcry","Headbutt","Searing Blow"],"picked":"SKIP","floor":1},{"not_picked":["Warcry","Searing Blow"],"picked":"Headbutt","floor":1},{"not_picked":["Infernal Blade","Limit Break"],"picked":"Shrug It Off","floor":3},{"not_picked":["Combust","Perfected Strike"],"picked":"Heavy Blade","floor":4},{"not_picked":["Rage","Flex"],"picked":"Battle Trance","floor":5},{"not_picked":["Clothesline","Flex"],"picked":"Shrug It Off","floor":7}],"player_experience":2361869,"relics_obtained":[],"event_choices":[{"cards_removed":["Strike_R"],"damage_healed":0,"gold_gain":0,"player_choice":"Purged","damage_taken":0,"max_hp_gain":0,"max_hp_loss":0,"event_name":"Purifier","floor":2,"gold_loss":0},{"damage_healed":0,"gold_gain":0,"player_choice":"Entered Light","damage_taken":23,"max_hp_gain":0,"max_hp_loss":0,"event_name":"Shining Light","floor":9,"gold_loss":0,"cards_upgraded":["Defend_R","Defend_R"]}],"is_beta":false,"boss_relics":[],"items_purged_floors":[],"is_endless":false,"potions_floor_spawned":[5],"killed_by":"Gremlin Nob","ascension_level":20}}