{"host":"bx8ylsmj2ob6hd5u","time":1611855736,"event":{"mods":["AchievementEnabler","Act Like it!","Aspiration","BaseMod","Colored Map","Downfall","Duelist Mod","Friendly Minions","Gensokyo","GifTheSpireLib","Hallownest","Hermit","HololiveMod","Hubris","Infinite Spire","Jorbs\u0027s Wanderer Trilogy","KinomotoSakuraMod(????)","Kiyohime????","Koishi","KomeijiMod","Lobotomy","LobotomyExtend","Marisa????????","Minty Spire (QoL Compilation)","Prisma Mod","Rare Cards Sparkle","Reimu??????","Remilia??????","Replay The Spire","StSLib","Td1madao Mod","The Administrix","The Animator","The Bug Knight","The Construct","The Cursed","The Disciple","The Hierophant","The Necromancer","The Poker Player","The Runesmith","The Senshi","The Servant 0.9.4","WarShipGirlsR/????R mod"],"gold_per_floor":[140,140,152,169,181,181,192,192,263,263,263,273,273,273,273,368,368,368,368],"floor_reached":18,"language":"ENG","playtime":2213,"items_purged":[],"score":202,"play_id":"674fce0e-b0f3-4d90-83fc-133234198a33","local_time":"20210128194216","is_ascension_mode":false,"campfire_choices":[{"data":"theDuelist:ParallelWorldFusion","floor":6,"key":"SMITH"},{"data":"theDuelist:ShallowGrave","floor":10,"key":"SMITH"},{"data":"theDuelist:SouleatingOviraptor","floor":13,"key":"SMITH"},{"data":"theDuelist:GhostrickSpecter","floor":15,"key":"SMITH"}],"circlet_count":0,"master_deck":["theDuelist:SouleatingOviraptor+1","theDuelist:ArmoredZombie","theDuelist:GhostrickSpecter+1","theDuelist:ShallowGrave+1","theDuelist:ClownZombie","theDuelist:ArmoredZombie","theDuelist:ClownZombie","theDuelist:SkullConductor","theDuelist:ArmoredZombie","theDuelist:ParallelWorldFusion+1","theDuelist:ZombieCorpse","theDuelist:PatricianDarkness","theDuelist:TutanMask","theDuelist:Wightprincess","theDuelist:VendreadNightmare"],"relics":["theDuelist:MillenniumPuzzle","theDuelist:CardPoolRelic","theDuelist:CardPoolBasicRelic","theDuelist:BoosterPackPoolRelic","theDuelist:CardPoolAddRelic","theDuelist:CardPoolMinusRelic","theDuelist:CardPoolSaveRelic","theDuelist:CardPoolOptionsRelic","LetterFromLob","Gensokyo:OccultBall","Paper Turtyl","theDuelist:ElectricKey"],"acts_visited":["Exordium","TheCity"],"potions_floor_usage":[1,4,12,16,16,18],"damage_taken":[{"damage":3,"enemies":"Gensokyo:2_Kodama","floor":1,"turns":4},{"damage":1,"enemies":"Gensokyo:3_Fairies","floor":3,"turns":5},{"damage":0,"enemies":"Gensokyo:Python","floor":4,"turns":2},{"damage":1,"enemies":"Gensokyo:Kitsune","floor":5,"turns":3},{"damage":1,"enemies":"Gensokyo:Python_and_Kodama","floor":7,"turns":3},{"damage":0,"enemies":"Gensokyo:LivingMonolith","floor":12,"turns":2},{"damage":0,"enemies":"Gensokyo:Reimu","floor":16,"turns":11},{"damage":0,"enemies":"Chosen","floor":18,"turns":3}],"seed_played":"-6885939002839468042","potions_obtained":[{"floor":0,"key":"Regen Potion"},{"floor":0,"key":"Venom Potion"},{"floor":0,"key":"GrandPatriotsElixir:ReiMu"},{"floor":3,"key":"FocusPotion"},{"floor":7,"key":"LifebloodPotion"},{"floor":12,"key":"Swift Potion"},{"floor":16,"key":"theDuelist:VoidBottle"}],"is_trial":false,"path_per_floor":["M","$","M","M","M","R","M","?","T","R","?","M","R","M","R","B",null,"M"],"character_chosen":"THE_DUELIST","items_purchased":[],"campfire_rested":0,"item_purchase_floors":[],"current_hp_per_floor":[77,77,76,76,75,75,74,74,74,74,74,74,74,74,74,74,80,80,80],"gold":368,"neow_bonus":"THREE_SMALL_POTIONS","is_daily":false,"chose_seed":false,"campfire_upgraded":4,"win_rate":0.0,"timestamp":1611855736,"path_taken":["M","?","M","M","M","R","M","?","T","R","?","M","R","M","R","BOSS","M"],"items_purchased_type":[],"build_version":"2020-12-22","purchased_purges":0,"victory":false,"max_hp_per_floor":[80,80,80,80,80,80,80,80,80,80,80,80,80,80,80,80,80,80,80],"card_choices":[{"not_picked":["theDuelist:Relinkuriboh","theDuelist:FlameGhost","theDuelist:ShiranuiSpectralsword","theDuelist:PMCaptor"],"picked":"theDuelist:GlowUpBloom","floor":1},{"not_picked":["theDuelist:GhostrickMummy","theDuelist:MoltenZombie","theDuelist:VampireGrimson","theDuelist:FireReaper"],"picked":"theDuelist:ParallelWorldFusion","floor":3},{"not_picked":["theDuelist:PhantomGhost","theDuelist:DesLacooda","theDuelist:VampireFraulein","theDuelist:VampireHunter"],"picked":"theDuelist:GhostrickSpecter","floor":4},{"not_picked":["theDuelist:GoblinZombie","theDuelist:GhostrickMummy","theDuelist:VendreadNights","theDuelist:SkullConductor"],"picked":"theDuelist:SouleatingOviraptor","floor":5},{"not_picked":["Flash of Steel","Forethought","Trip"],"picked":"Dark Shackles","floor":7},{"not_picked":["theDuelist:Pumpking","theDuelist:PhantomGhost","theDuelist:GhostrickJackfrost","theDuelist:FragmentFusion"],"picked":"theDuelist:Wightprincess","floor":12},{"not_picked":["theDuelist:VendreadStriges","theDuelist:UltraPolymerization","theDuelist:DecayedCommander","theDuelist:BookLife"],"picked":"theDuelist:VendreadNightmare","floor":16}],"player_experience":1497434,"relics_obtained":[{"floor":1,"key":"LetterFromLob"},{"floor":9,"key":"Paper Turtyl"},{"floor":16,"key":"Gensokyo:OccultBall"}],"event_choices":[{"damage_healed":0,"gold_gain":0,"player_choice":"Leave","duelist":true,"damage_taken":0,"max_hp_gain":0,"max_hp_loss":0,"event_name":"Relic Duplicator","floor":11,"gold_loss":0}],"is_beta":false,"boss_relics":[{"not_picked":["hubris:GrandSneckoEye","Ooze Armor"],"picked":"theDuelist:ElectricKey"}],"items_purged_floors":[],"is_endless":false,"potions_floor_spawned":[3,7,12,16],"killed_by":"Chosen","ascension_level":0}}