{"host":"takgv9cv6xf64vhq","time":1611843817,"event":{"mods":["BaseMod","Colored Powertips","Downfall","Hubris","LagranYue(拉格朗・月)","Marisa（F雨　魔理沙）","Minty Spire (QoL Compilation)","Replay The Spire","StSLib","The Animator","The Cursed","The Jungle","TheHeartMod"],"gold_per_floor":[115,115,126,126,146,146,171,171,171,24,40,59,85,102,102,199,199,219,95,115,125,125,125,400,428,428,452,495,544,572,614,614,719,719,757,813,845,890,920,954,987,1027,1054,1084,1112,1146,1185,276,276,276,276,276,50,97,97],"floor_reached":56,"language":"ZHS","playtime":4543,"items_purged":["hubris:Prefetch","Regret"],"score":1594,"play_id":"e4608900-ee4f-445a-b2d4-11dfda028179","local_time":"20210128222337","is_ascension_mode":true,"campfire_choices":[{"data":"Defend_B","floor":6.0,"key":"SMITH"},{"data":"Defend_B","floor":8.0,"key":"SMITH"},{"data":"Steam Power","floor":15.0,"key":"SMITH"},{"data":"Hologram","floor":23.0,"key":"SMITH"},{"data":"Hologram","floor":32.0,"key":"SMITH"},{"floor":49.0,"key":"RECALL"},{"data":"Coolheaded","floor":52.0,"key":"SMITH"}],"circlet_count":0,"master_deck":["Strike_B","Strike_B","Defend_B+1","Defend_B+1","Defend_B","Defend_B","Zap","Dualcast","Gash","Gash","Echo Form","Steam","Cold Snap","Steam Power+1","Conserve Battery","ReplayTheSpireMod:Omega Cannon","Gash","Hologram+1","Turbo+1","Beam Cell","Chill+1","Go for the Eyes","Steam+1","Steam","Hologram+1","Machine Learning","Coolheaded+1","Beam Cell+1","Compile Driver+1","Gash+1","Double Energy+1","Parasite","Leap+1","Hologram+1","Turbo+1","Steam+1","Cold Snap+1","Coolheaded","Cold Snap+1","Steam","Panic Button+1","Panic Button","Go for the Eyes","ReplayTheSpireMod:System Scan","Hologram","Coolheaded","Stack","Gash","Core Surge","Sadistic Nature","ReplayTheSpireMod:Private Reserves","Gash","Steam Power","hubris:EnhanceAbility","White Noise","Ball Lightning+1"],"relics":["Cracked Core","NeowsBlessing","White Beast Statue","hubris:SphereOfDissonance","PreservedInsect","Tiny Chest","Honey Jar","theJungle:WildStrawberry","CeramicFish","Replay:Rubber Ducky","Boot","Prayer Wheel","Mango","hubris:RunicObelisk","CatCart","Replay:Wax Seal","Lantern","Bag of Preparation","LagranYue:RareGoldArmorRelic","LagranYue:MagicReflectiveArmorRelic","hubris:HerbalPaste","Torii"],"acts_visited":["Exordium","Exordium","TheBeyond","TheEnding"],"potions_floor_usage":[55,55,55],"damage_taken":[{"damage":0.0,"enemies":"2 Louse","floor":1.0,"turns":1.0},{"damage":0.0,"enemies":"Cultist","floor":3.0,"turns":1.0},{"damage":0.0,"enemies":"Jaw Worm","floor":5.0,"turns":1.0},{"damage":14.0,"enemies":"Gremlin Nob","floor":7.0,"turns":4.0},{"damage":11.0,"enemies":"Lots of Slimes","floor":11.0,"turns":4.0},{"damage":0.0,"enemies":"Exordium Thugs","floor":12.0,"turns":5.0},{"damage":3.0,"enemies":"3 Sentries","floor":13.0,"turns":6.0},{"damage":0.0,"enemies":"Blue Slaver","floor":14.0,"turns":3.0},{"damage":5.0,"enemies":"Fading Forest","floor":16.0,"turns":11.0},{"damage":20.0,"enemies":"theJungle:5_Spyders","floor":18.0,"turns":3.0},{"damage":0.0,"enemies":"theJungle:GiantWrat","floor":20.0,"turns":3.0},{"damage":0.0,"enemies":"Snake Plant","floor":21.0,"turns":2.0},{"damage":10.0,"enemies":"theJungle:Cassacara","floor":25.0,"turns":3.0},{"damage":0.0,"enemies":"theJungle:JungleHuntersEncounter","floor":27.0,"turns":4.0},{"damage":4.0,"enemies":"theJungle:MamaSnecko","floor":28.0,"turns":3.0},{"damage":13.0,"enemies":"theJungle:Lyon","floor":30.0,"turns":4.0},{"damage":5.0,"enemies":"theJungle:2_Phrogs","floor":31.0,"turns":5.0},{"damage":15.0,"enemies":"theJungle:TotemBoss","floor":33.0,"turns":8.0},{"damage":10.0,"enemies":"3 Shapes","floor":35.0,"turns":5.0},{"damage":7.0,"enemies":"Orin","floor":36.0,"turns":8.0},{"damage":0.0,"enemies":"Orb Walker","floor":37.0,"turns":2.0},{"damage":18.0,"enemies":"Writhing Mass","floor":38.0,"turns":5.0},{"damage":1.0,"enemies":"Transient","floor":39.0,"turns":5.0},{"damage":2.0,"enemies":"R_Hoarder","floor":40.0,"turns":7.0},{"damage":2.0,"enemies":"3 Darklings","floor":41.0,"turns":3.0},{"damage":2.0,"enemies":"Giant Head","floor":42.0,"turns":6.0},{"damage":0.0,"enemies":"Sphere and 2 Shapes","floor":44.0,"turns":2.0},{"damage":8.0,"enemies":"Spire Growth","floor":45.0,"turns":5.0},{"damage":10.0,"enemies":"R_Hoarder","floor":46.0,"turns":9.0},{"damage":2.0,"enemies":"Maw","floor":47.0,"turns":7.0},{"damage":18.0,"enemies":"Donu and Deca","floor":50.0,"turns":10.0},{"damage":0.0,"enemies":"Shield and Spear","floor":54.0,"turns":5.0},{"damage":102,"enemies":"The Heart","floor":55,"turns":14}],"seed_played":"8556496964426607704","potions_obtained":[{"floor":5.0,"key":"Energy Potion"},{"floor":7.0,"key":"DistilledChaos"},{"floor":11.0,"key":"Doom Potion"},{"floor":12.0,"key":"LiquidMemories"},{"floor":13.0,"key":"champ:CounterPotion"},{"floor":14.0,"key":"EssenceOfSteel"},{"floor":16.0,"key":"DistilledChaos"},{"floor":18.0,"key":"Fire Potion"},{"floor":20.0,"key":"GamblersBrew"},{"floor":21.0,"key":"Explosive Potion"},{"floor":25.0,"key":"Fire Potion"},{"floor":27.0,"key":"champ:CounterPotion"},{"floor":28.0,"key":"Adrenaline Potion"},{"floor":30.0,"key":"Dexterity Potion"},{"floor":31.0,"key":"FearPotion"},{"floor":33.0,"key":"SteroidPotion"},{"floor":35.0,"key":"Fire Potion"},{"floor":36.0,"key":"Guardian:BlockOnCardUsePotion"},{"floor":37.0,"key":"Swift Potion"},{"floor":38.0,"key":"Death Potion"},{"floor":39.0,"key":"Fire Potion"},{"floor":40.0,"key":"Explosive Potion"},{"floor":41.0,"key":"Slimebound:ThreeZeroPotion"},{"floor":42.0,"key":"Slimebound:ThreeZeroPotion"},{"floor":44.0,"key":"Languid Potion"},{"floor":45.0,"key":"Elixir"},{"floor":46.0,"key":"Venom Potion"},{"floor":47.0,"key":"Regen Potion"},{"floor":54.0,"key":"FocusPotion"}],"is_trial":false,"path_per_floor":["M","?","M","?","M","R","E","R","T","$","M","M","E","M","R","B",null,"M","$","M","M","?","R","?","E","T","M","E","T","M","E","R","B",null,"M","?","M","M","M","E","M","E","T","M","M","E","M","$","R","B",null,"R","$","E","B",null],"character_chosen":"DEFECT","items_purchased":["PreservedInsect","Hologram","LagranYue:MagicReflectiveArmorRelic","Core Surge","hubris:HerbalPaste","Sadistic Nature","ReplayTheSpireMod:Private Reserves","Gash","Steam Power","hubris:EnhanceAbility","AttackPotion"],"campfire_rested":0,"item_purchase_floors":[10,19,48,48,48,48,48,48,48,53,53],"current_hp_per_floor":[75,75,75,75,75,75,61,61,61,61,50,50,47,47,47,42,75,55,55,55,55,48,48,48,38,38,38,34,34,21,30,30,15,96,86,79,79,61,60,58,56,54,54,54,46,36,34,34,34,22,96,96,96,96,12],"gold":97,"neow_bonus":"THREE_ENEMY_KILL","is_daily":false,"chose_seed":false,"campfire_upgraded":6,"win_rate":0.0,"timestamp":1611843817,"path_taken":["M","?","?","?","?","R","E","R","T","$","M","M","E","M","R","BOSS","M","$","M","M","?","R","?","E","T","?","E","?","M","E","R","BOSS","M","?","M","M","M","E","M","E","T","M","M","E","M","$","R","BOSS","R","$","E","BOSS"],"items_purchased_type":["Relic","Card","Relic","Card","Relic","Card","Card","Card","Card","Card","Potion"],"build_version":"2020-12-22","purchased_purges":2,"victory":true,"max_hp_per_floor":[75,75,75,75,75,75,75,75,75,75,75,75,75,75,75,75,75,75,75,75,75,82,82,82,82,82,82,82,82,82,96,96,96,96,96,96,96,96,96,96,96,96,96,96,96,96,96,96,96,96,96,96,96,96,96],"card_choices":[{"not_picked":["Barrage","Capacitor","Compile Driver"],"picked":"SKIP","floor":1.0},{"not_picked":["Rebound","Go for the Eyes"],"picked":"Gash","floor":3.0},{"not_picked":["Beam Cell","Leap"],"picked":"Gash","floor":5.0},{"not_picked":["Machine Learning","Ball Lightning"],"picked":"Echo Form","floor":7.0},{"not_picked":["Redo","ReplaySort"],"picked":"Steam","floor":11.0},{"not_picked":["Compile Driver","Reinforced Body"],"picked":"Cold Snap","floor":12.0},{"not_picked":["Streamline","Hyperbeam"],"picked":"Steam Power","floor":13.0},{"not_picked":["Turbo","BasicCrystalCard"],"picked":"Conserve Battery","floor":14.0},{"not_picked":["Biased Cognition","hubris:DoWhile"],"picked":"ReplayTheSpireMod:Omega Cannon","floor":16.0},{"not_picked":["Beam Cell","ReplaySort","Hologram"],"picked":"Gash","floor":18.0},{"not_picked":["Leap+1","FIFO Queue+1","Stack"],"picked":"Turbo+1","floor":20.0},{"not_picked":["Crystallizer","Panic Button","Ball Lightning"],"picked":"Beam Cell","floor":21.0},{"not_picked":["Barrage","Scrape","ReplayTheSpireMod:GoodbyeWorld"],"picked":"Chill+1","floor":25.0},{"not_picked":["Conserve Battery+1","Compile Driver+1","Panic Button+1"],"picked":"Go for the Eyes","floor":27.0},{"not_picked":["White Noise","Redo+1","Melter"],"picked":"ReplayTheSpireMod:Fabricate Wheel","floor":28.0},{"not_picked":["Doom and Gloom+1","Beam Cell","Compile Driver"],"picked":"Steam+1","floor":30.0},{"not_picked":["Redo","Blizzard","Panic Button"],"picked":"Steam","floor":30.0},{"not_picked":["Loop+1","Go for the Eyes","Turbo"],"picked":"Hologram","floor":31.0},{"not_picked":["hubris:DoWhile","Rainbow","Meteor Strike"],"picked":"Machine Learning","floor":33.0},{"not_picked":["Leap+1","Panic Button+1","Storm"],"picked":"Coolheaded","floor":35.0},{"not_picked":["Redo+1","BasicCrystalCard","Leap"],"picked":"Beam Cell+1","floor":35.0},{"not_picked":["Coolheaded","Hyperbeam","Hello World+1"],"picked":"Compile Driver+1","floor":36.0},{"not_picked":["Tempest+1","Scrape+1","FTL"],"picked":"Gash+1","floor":37.0},{"not_picked":["Self Repair+1","Recycle+1","hubris:PowerSurge"],"picked":"Double Energy+1","floor":37.0},{"not_picked":["Conserve Battery+1","Rebound","Barrage+1"],"picked":"Leap+1","floor":38.0},{"not_picked":["Leap+1","Sweeping Beam","Panic Button"],"picked":"Hologram+1","floor":38.0},{"not_picked":["Go for the Eyes","BasicCrystalCard+1","Auto Shields"],"picked":"Turbo+1","floor":39.0},{"not_picked":["Panic Button","Hello World+1","Stack+1"],"picked":"Steam+1","floor":39.0},{"not_picked":["Fission","Defragment","Barrage"],"picked":"Cold Snap+1","floor":40.0},{"not_picked":["Ball Lightning+1","Go for the Eyes","Stack+1"],"picked":"Coolheaded","floor":41.0},{"not_picked":["Turbo","Streamline+1","Undo+1"],"picked":"Cold Snap+1","floor":41.0},{"not_picked":["Conserve Battery","Leap+1","Streamline+1"],"picked":"Steam","floor":42.0},{"not_picked":["Leap","Rebound","Rainbow"],"picked":"Panic Button+1","floor":44.0},{"not_picked":["Beam Cell+1","Lockon","Leap"],"picked":"Panic Button","floor":44.0},{"not_picked":["Blizzard","Streamline+1","Barrage+1"],"picked":"Go for the Eyes","floor":45.0},{"not_picked":["Stack+1","BasicCrystalCard","Mirror Shield"],"picked":"ReplayTheSpireMod:System Scan","floor":45.0},{"not_picked":["Compile Driver","Rip and Tear+1","Steam"],"picked":"Hologram","floor":46.0},{"not_picked":["Machine Learning","Leap"],"picked":"Coolheaded","floor":47.0},{"not_picked":["Steam+1","Turbo","Beam Cell+1"],"picked":"Stack","floor":47.0},{"not_picked":["Recycle","Streamline+1","Rebound+1"],"picked":"Gash","floor":47.0},{"not_picked":["Cold Snap","Beam Cell"],"picked":"White Noise","floor":54.0},{"not_picked":["Time Bomb","Streamline","Rip and Tear"],"picked":"Ball Lightning+1","floor":54.0}],"player_experience":163924,"relics_obtained":[{"floor":7.0,"key":"White Beast Statue"},{"floor":9.0,"key":"hubris:SphereOfDissonance"},{"floor":13.0,"key":"Tiny Chest"},{"floor":25.0,"key":"CeramicFish"},{"floor":28.0,"key":"Replay:Rubber Ducky"},{"floor":29.0,"key":"Boot"},{"floor":31.0,"key":"Mango"},{"floor":36.0,"key":"CatCart"},{"floor":40.0,"key":"Replay:Wax Seal"},{"floor":42.0,"key":"Lantern"},{"floor":43.0,"key":"Bag of Preparation"},{"floor":46.0,"key":"LagranYue:RareGoldArmorRelic"},{"floor":54.0,"key":"Torii"}],"event_choices":[{"damage_healed":0.0,"max_hp_gain":0.0,"max_hp_loss":0.0,"gold_gain":0.0,"cards_transformed":["Strike_B"],"event_name":"Transmorgrifier","player_choice":"Transformed","floor":2.0,"gold_loss":0.0,"damage_taken":0.0,"cards_obtained":["hubris:Prefetch"]},{"cards_removed":["Strike_B"],"damage_healed":0.0,"max_hp_gain":0.0,"max_hp_loss":0.0,"gold_gain":0.0,"event_name":"Purifier","player_choice":"Purged","floor":4.0,"gold_loss":0.0,"damage_taken":0.0},{"damage_healed":0.0,"max_hp_gain":0.0,"max_hp_loss":0.0,"gold_gain":275.0,"event_name":"Golden Shrine","player_choice":"Desecrate","floor":24.0,"gold_loss":0.0,"damage_taken":0.0,"cards_obtained":["Regret"]},{"damage_healed":0.0,"max_hp_gain":0.0,"max_hp_loss":0.0,"gold_gain":0.0,"event_name":"OrinTheCat","player_choice":"Fight","floor":36.0,"gold_loss":0.0,"damage_taken":0.0}],"is_beta":false,"boss_relics":[{"not_picked":["hubris:GrandSneckoEye","Pandora\u0027s Box"],"picked":"Honey Jar"},{"not_picked":["hubris:Stopwatch","Sozu"],"picked":"hubris:RunicObelisk"}],"items_purged_floors":[19,48],"is_endless":false,"potions_floor_spawned":[5,7,11,12,13,14,16,18,20,21,25,27,28,30,31,33,35,36,37,38,39,40,41,42,44,45,46,47,54],"ascension_level":1}}