{"host":"gttgmv2wah99hzdm","time":1611866016,"event":{"mods":["AchievementEnabler","BaseMod","Bestiary","Block Reminder","Filter the Spire","Jorbs\u0027s Wanderer Trilogy","Minty Spire (QoL Compilation)","Relic Stats","StSLib","Weighted Paths","ojb\u0027s Info Mod"],"gold_per_floor":[112,129,129,140,140,174,174,203,256,28,28,28,203,23,23,126,126,146,146,146,162,162,162,190,190,214,214,14,24,24,52,52,156,156,168,185,199,199,199,199,229,229,229,229,276,308,40,100,100,100,100,100,23,52,62],"floor_reached":56,"language":"ENG","playtime":5454,"items_purged":["stsjorbsmod:Strike_Wanderer","Doubt","stsjorbsmod:Strike_Wanderer"],"score":1358,"play_id":"1add5350-aae9-406c-b4bc-486db8bea350","local_time":"20210128143336","is_ascension_mode":false,"campfire_choices":[{"data":"stsjorbsmod:TollTheDead","floor":7.0,"key":"SMITH"},{"data":"stsjorbsmod:ColorSpray","floor":12.0,"key":"SMITH"},{"data":"stsjorbsmod:Patron","floor":15,"key":"SMITH"},{"data":"stsjorbsmod:Inferno","floor":23,"key":"SMITH"},{"data":"stsjorbsmod:DoubleCheck","floor":25,"key":"SMITH"},{"data":"stsjorbsmod:Feast","floor":27,"key":"SMITH"},{"data":"stsjorbsmod:SmithingStrike","floor":30,"key":"SMITH"},{"data":"stsjorbsmod:FaerieFire","floor":32,"key":"SMITH"},{"data":"stsjorbsmod:ArcaneForm","floor":40,"key":"SMITH"},{"data":"stsjorbsmod:Fireball","floor":42,"key":"SMITH"},{"floor":49,"key":"RECALL"},{"data":"stsjorbsmod:Rediscovery","floor":52,"key":"SMITH"}],"circlet_count":0,"master_deck":["stsjorbsmod:ForbiddenGrimoire+1","stsjorbsmod:Defend_Wanderer","stsjorbsmod:Defend_Wanderer","stsjorbsmod:Defend_Wanderer","stsjorbsmod:FreshAdventure","stsjorbsmod:EyeOfTheStorm","stsjorbsmod:TollTheDead+1","stsjorbsmod:ChainLightning","stsjorbsmod:ArcaneForm+1","stsjorbsmod:Patron+1","stsjorbsmod:FaerieFire+1","stsjorbsmod:Introspection+1","stsjorbsmod:ColorSpray+1","stsjorbsmod:Counterspell","stsjorbsmod:Feast+1","stsjorbsmod:MagicMissiles+1","stsjorbsmod:Inferno+1","stsjorbsmod:DoubleCheck+1","stsjorbsmod:Withdraw","stsjorbsmod:SmithingStrike+1","stsjorbsmod:SchoolsOfMagic+1","stsjorbsmod:Fireball+1","stsjorbsmod:MageArmor","stsjorbsmod:Mania+1","Forethought","Flash of Steel","stsjorbsmod:FindFamiliar+1","stsjorbsmod:Stalwart+1","stsjorbsmod:HoldMonster","stsjorbsmod:Rediscovery+1","stsjorbsmod:MistyStep+1","stsjorbsmod:HedgeWizard+1"],"relics":["stsjorbsmod:GrimoireRelic","Eternal Feather","WingedGreaves","Odd Mushroom","Juzu Bracelet","SlaversCollar","Pear","Bronze Scales","Ancient Tea Set","Runic Pyramid","Du-Vu Doll","StoneCalendar","Gremlin Horn","Orrery","Bird Faced Urn","Happy Flower"],"acts_visited":["Exordium","TheCity","TheBeyond","TheEnding"],"potions_floor_usage":[21,31,31,33,37,55,55,55],"damage_taken":[{"damage":6.0,"enemies":"Jaw Worm","floor":1.0,"turns":3.0},{"damage":2.0,"enemies":"Small Slimes","floor":2.0,"turns":2.0},{"damage":0.0,"enemies":"2 Louse","floor":4.0,"turns":2.0},{"damage":10.0,"enemies":"Gremlin Nob","floor":6.0,"turns":4.0},{"damage":2.0,"enemies":"The Mushroom Lair","floor":8.0,"turns":4.0},{"damage":48,"enemies":"The Guardian","floor":16,"turns":7},{"damage":0,"enemies":"3 Byrds","floor":18,"turns":4},{"damage":31,"enemies":"2 Thieves","floor":21,"turns":5},{"damage":5,"enemies":"Book of Stabbing","floor":24,"turns":4},{"damage":6,"enemies":"3 Cultists","floor":29,"turns":3},{"damage":9,"enemies":"Slavers","floor":31,"turns":4},{"damage":73,"enemies":"Automaton","floor":33,"turns":7},{"damage":13,"enemies":"3 Shapes","floor":35,"turns":6},{"damage":0,"enemies":"Orb Walker","floor":36,"turns":4},{"damage":31,"enemies":"Jaw Worm Horde","floor":37,"turns":4},{"damage":2,"enemies":"Reptomancer","floor":41,"turns":3},{"damage":26,"enemies":"2 Orb Walkers","floor":45,"turns":4},{"damage":2,"enemies":"Giant Head","floor":46,"turns":6},{"damage":0,"enemies":"Mind Bloom Boss Battle","floor":48,"turns":4},{"damage":24,"enemies":"Time Eater","floor":50,"turns":6},{"damage":28,"enemies":"Shield and Spear","floor":54,"turns":4},{"damage":38,"enemies":"The Heart","floor":55,"turns":5}],"seed_played":"4645661418823543149","potions_obtained":[{"floor":4.0,"key":"Weak Potion"},{"floor":6.0,"key":"stsjorbsmod:LiquidClarity"},{"floor":24,"key":"SkillPotion"},{"floor":33,"key":"stsjorbsmod:LiquidVirtue"},{"floor":35,"key":"SkillPotion"},{"floor":37,"key":"SteroidPotion"},{"floor":46,"key":"LiquidMemories"},{"floor":48,"key":"stsjorbsmod:BurningPotion"}],"is_trial":false,"path_per_floor":["M","M","?","M","T","E","R","?","T","$","?","R","?","$","R","B",null,"M","?","?","M","?","R","E","R","T","R","$","M","R","E","R","B",null,"M","M","M","?","?","R","E","R","T","?","?","E","$","?","R","B",null,"R","$","E","B",null],"character_chosen":"WANDERER","items_purchased":["stsjorbsmod:Introspection","stsjorbsmod:ColorSpray","stsjorbsmod:Counterspell","stsjorbsmod:Withdraw","stsjorbsmod:BurningPotion","Orrery","stsjorbsmod:LiquidVirtue"],"campfire_rested":0,"item_purchase_floors":[10,10,14,28,28,47,53],"current_hp_per_floor":[64,62,55,56,56,50,56,59,59,59,59,68,68,68,68,20,68,68,56,56,35,60,69,81,89,89,89,89,93,93,89,93,20,93,89,97,75,75,65,80,82,97,97,97,75,83,83,94,106,100,108,108,108,92,75],"gold":62,"neow_bonus":"TRANSFORM_CARD","is_daily":false,"chose_seed":false,"campfire_upgraded":11,"win_rate":0.0,"timestamp":1611866016,"path_taken":["M","M","?","M","?","E","R","?","T","?","?","R","?","$","R","BOSS","M","?","?","M","?","R","E","R","T","R","$","M","R","E","R","BOSS","M","M","M","?","?","R","E","R","T","?","?","E","$","?","R","BOSS","R","$","E","BOSS"],"items_purchased_type":["Card","Card","Card","Card","Potion","Relic","Potion"],"build_version":"2020-12-22","purchased_purges":3,"victory":true,"max_hp_per_floor":[68,68,68,68,68,68,68,68,68,68,68,68,68,68,68,68,68,68,73,73,77,77,77,89,89,89,89,89,93,93,93,93,93,93,99,101,107,102,102,102,102,102,102,102,102,104,104,106,106,108,108,108,108,112,114],"relic_stats":{"Gremlin Horn":[1,1],"Happy Flower":[1],"counters":[22,95],"Bronze Scales":[226],"Bird Faced Urn":[14],"Eternal Feather":78,"StoneCalendar":[0],"Juzu Bracelet":2,"obtain_stats":[{"Pear":24,"Gremlin Horn":46,"Happy Flower":54,"stsjorbsmod:GrimoireRelic":0,"Eternal Feather":5,"StoneCalendar":45,"Juzu Bracelet":9,"Odd Mushroom":8,"Ancient Tea Set":31,"Du-Vu Doll":41,"SlaversCollar":17,"Bronze Scales":26,"Bird Faced Urn":48,"Orrery":47,"WingedGreaves":6,"Runic Pyramid":34},{"Pear":9,"Gremlin Horn":18,"Happy Flower":21,"stsjorbsmod:GrimoireRelic":0,"Eternal Feather":3,"StoneCalendar":17,"Juzu Bracelet":5,"Odd Mushroom":5,"Ancient Tea Set":11,"Du-Vu Doll":16,"SlaversCollar":6,"Bronze Scales":9,"Bird Faced Urn":19,"Orrery":18,"WingedGreaves":4,"Runic Pyramid":12},{"Pear":35,"Gremlin Horn":76,"Happy Flower":90,"stsjorbsmod:GrimoireRelic":0,"Eternal Feather":7,"StoneCalendar":70,"Juzu Bracelet":15,"Odd Mushroom":15,"Ancient Tea Set":42,"Du-Vu Doll":66,"SlaversCollar":22,"Bronze Scales":35,"Bird Faced Urn":80,"Orrery":76,"WingedGreaves":11,"Runic Pyramid":49}]},"card_choices":[{"not_picked":["stsjorbsmod:WeightOfMemory","stsjorbsmod:DisguiseSelf"],"picked":"stsjorbsmod:ChainLightning","floor":1.0},{"not_picked":["stsjorbsmod:Hibernate","stsjorbsmod:Hurt","stsjorbsmod:TollTheDead"],"picked":"SKIP","floor":2.0},{"not_picked":["stsjorbsmod:Channel","stsjorbsmod:WanderingMind"],"picked":"stsjorbsmod:ArcaneForm","floor":4.0},{"not_picked":["stsjorbsmod:Prepare","stsjorbsmod:ChatteringStrike"],"picked":"stsjorbsmod:Patron","floor":6.0},{"not_picked":["stsjorbsmod:ChatteringStrike","stsjorbsmod:Hibernate"],"picked":"stsjorbsmod:FaerieFire","floor":8.0},{"not_picked":["stsjorbsmod:HoldMonster","stsjorbsmod:DeathThroes"],"picked":"stsjorbsmod:Feast","floor":16},{"not_picked":["stsjorbsmod:ColorSpray","stsjorbsmod:UnseenServant"],"picked":"stsjorbsmod:MagicMissiles+1","floor":18},{"not_picked":["stsjorbsmod:Channel+1","stsjorbsmod:FracturedMind"],"picked":"stsjorbsmod:Inferno","floor":21},{"not_picked":["stsjorbsmod:Message+1","stsjorbsmod:Hibernate"],"picked":"stsjorbsmod:DoubleCheck","floor":24},{"not_picked":["stsjorbsmod:Hurt","stsjorbsmod:Hibernate+1"],"picked":"stsjorbsmod:SmithingStrike","floor":29},{"not_picked":["stsjorbsmod:HoldMonster","stsjorbsmod:WeightOfMemory"],"picked":"stsjorbsmod:SchoolsOfMagic+1","floor":31},{"not_picked":["stsjorbsmod:IvoryTower","stsjorbsmod:Entangle"],"picked":"stsjorbsmod:Fireball","floor":33},{"not_picked":["stsjorbsmod:FracturedMind","stsjorbsmod:ArcaneWeapon"],"picked":"stsjorbsmod:MageArmor","floor":35},{"not_picked":["stsjorbsmod:RayOfFrost","stsjorbsmod:FaerieFire+1"],"picked":"stsjorbsmod:Mania+1","floor":36},{"not_picked":["stsjorbsmod:ColorSpray+1","stsjorbsmod:Prepare","stsjorbsmod:RayOfFrost+1"],"picked":"SKIP","floor":37},{"not_picked":["Bandage Up","Transmutation"],"picked":"Forethought","floor":39},{"not_picked":["Panacea","Mayhem"],"picked":"Flash of Steel","floor":39},{"not_picked":["stsjorbsmod:Will+1","stsjorbsmod:DisguiseSelf+1","stsjorbsmod:Index"],"picked":"SKIP","floor":41},{"not_picked":["stsjorbsmod:Aid","stsjorbsmod:ParryingBlow"],"picked":"stsjorbsmod:FindFamiliar+1","floor":45},{"not_picked":["stsjorbsmod:Introspection+1","stsjorbsmod:LocateObject+1"],"picked":"stsjorbsmod:Stalwart+1","floor":46},{"not_picked":["stsjorbsmod:Mindworm+1","stsjorbsmod:Message+1"],"picked":"stsjorbsmod:HoldMonster","floor":47},{"not_picked":["stsjorbsmod:ArcaneWeapon","stsjorbsmod:Prestidigitation+1"],"picked":"stsjorbsmod:Rediscovery","floor":47},{"not_picked":["stsjorbsmod:ChatteringStrike","stsjorbsmod:Channel"],"picked":"stsjorbsmod:MistyStep+1","floor":48},{"not_picked":["stsjorbsmod:TollTheDead","stsjorbsmod:LoseGrip"],"picked":"stsjorbsmod:HedgeWizard+1","floor":54}],"player_experience":1083419,"relics_obtained":[{"floor":5.0,"key":"Eternal Feather"},{"floor":6.0,"key":"WingedGreaves"},{"floor":8.0,"key":"Odd Mushroom"},{"floor":9.0,"key":"Juzu Bracelet"},{"floor":24,"key":"Pear"},{"floor":26,"key":"Bronze Scales"},{"floor":31,"key":"Ancient Tea Set"},{"floor":41,"key":"Du-Vu Doll"},{"floor":45,"key":"StoneCalendar"},{"floor":46,"key":"Gremlin Horn"},{"floor":48,"key":"Bird Faced Urn"},{"floor":54,"key":"Happy Flower"}],"event_choices":[{"cards_removed":["stsjorbsmod:Strike_Wanderer"],"damage_healed":0.0,"max_hp_gain":0.0,"max_hp_loss":0.0,"gold_gain":0.0,"event_name":"Golden Wing","player_choice":"Card Removal","floor":3.0,"gold_loss":0.0,"damage_taken":7.0},{"damage_healed":0.0,"max_hp_gain":0.0,"max_hp_loss":0.0,"gold_gain":0.0,"event_name":"Mushrooms","player_choice":"Fought Mushrooms","floor":8.0,"gold_loss":0.0,"damage_taken":0.0},{"damage_healed":0.0,"max_hp_gain":0.0,"max_hp_loss":0.0,"gold_gain":0.0,"event_name":"Living Wall","player_choice":"Grow","floor":11.0,"gold_loss":0.0,"damage_taken":0.0,"cards_upgraded":["stsjorbsmod:Introspection"]},{"damage_healed":0.0,"max_hp_gain":0.0,"max_hp_loss":0.0,"gold_gain":175.0,"event_name":"Liars Game","player_choice":"AGREE","floor":13.0,"gold_loss":0.0,"damage_taken":0.0,"cards_obtained":["Doubt"]},{"damage_healed":0,"gold_gain":0,"player_choice":"Shed Blood","damage_taken":17,"max_hp_gain":5,"max_hp_loss":0,"event_name":"Forgotten Altar","floor":19,"gold_loss":0},{"damage_healed":0,"gold_gain":0,"player_choice":"Ignored","damage_taken":0,"max_hp_gain":0,"max_hp_loss":0,"event_name":"Vampires","floor":20,"gold_loss":0},{"damage_healed":25,"gold_gain":0,"player_choice":"Heal","damage_taken":0,"max_hp_gain":0,"max_hp_loss":0,"event_name":"The Library","floor":22,"gold_loss":0},{"damage_healed":0,"gold_gain":0,"player_choice":"Max HP","damage_taken":0,"max_hp_gain":0,"max_hp_loss":5,"event_name":"Winding Halls","floor":38,"gold_loss":0},{"damage_healed":0,"gold_gain":0,"player_choice":"Memory 3","damage_taken":10,"max_hp_gain":0,"max_hp_loss":0,"event_name":"SensoryStone","floor":39,"gold_loss":0},{"cards_removed":["stsjorbsmod:Defend_Wanderer"],"damage_healed":0,"gold_gain":0,"player_choice":"Removed Skill","damage_taken":0,"max_hp_gain":0,"max_hp_loss":0,"event_name":"Falling","floor":44,"gold_loss":0},{"damage_healed":0,"gold_gain":0,"player_choice":"Fight","damage_taken":0,"max_hp_gain":0,"max_hp_loss":0,"event_name":"Mysterious Sphere","floor":45,"gold_loss":0},{"damage_healed":0,"gold_gain":0,"player_choice":"Fight","damage_taken":0,"max_hp_gain":0,"max_hp_loss":0,"event_name":"MindBloom","floor":48,"gold_loss":0}],"is_beta":false,"boss_relics":[{"not_picked":["Tiny House","Fusion Hammer"],"picked":"SlaversCollar"},{"not_picked":["Empty Cage","Philosopher\u0027s Stone"],"picked":"Runic Pyramid"}],"items_purged_floors":[10,14,47],"is_endless":false,"potions_floor_spawned":[4,6,24,29,33,35,37,46,48],"ascension_level":0}}