{"host":"jx3f6ezc0g3s9edc","time":1611802287,"event":{"mods":["AchievementEnabler","BaseMod","Bestiary","Colored Map","Highlight Path","Minty Spire (QoL Compilation)","StSLib"],"gold_per_floor":[118,138,138,158,158,189,189,264,289,302,314,328,328,43,43,146,146,156,156,156,176,91,122,122,147,196,207,219,219,12,23,23,118,118,129,147,147,166,41,41,74,74,97,97,36,51,51,61,61,61],"floor_reached":51,"language":"ENG","playtime":4367,"items_purged":["Strike_B","Strike_B"],"score":873,"play_id":"cc677cf0-d789-4541-b8d9-095b838de21b","local_time":"20210127215127","is_ascension_mode":true,"campfire_choices":[{"floor":7.0,"key":"REST"},{"data":"Reprogram","floor":13.0,"key":"SMITH"},{"floor":15.0,"key":"REST"},{"floor":24.0,"key":"REST"},{"floor":29.0,"key":"REST"},{"floor":32.0,"key":"REST"},{"data":"Reprogram","floor":40.0,"key":"SMITH"},{"data":"Streamline","floor":44.0,"key":"SMITH"},{"data":"Hologram","floor":49.0,"key":"SMITH"}],"circlet_count":0,"master_deck":["Defend_B+1","Defend_B","Defend_B","Genetic Algorithm+1","Cold Snap","Scrape","Streamline+1","Reprogram+1","Gash","Melter+1","Seek+1","FTL+1","Go for the Eyes+1","Echo Form+1","Beam Cell+1","Go for the Eyes+1","Leap","Reprogram+1","Hologram+1","Seek","Machine Learning","Conserve Battery","All For One+1","Hologram+1","Rebound+1","Mind Blast+1","Hologram","Leap+1"],"relics":["Cracked Core","Vajra","Bag of Marbles","Membership Card","Molten Egg 2","Astrolabe","Nilry\u0027s Codex","Orichalcum","MealTicket","Dream Catcher","Akabeko","HandDrill","Philosopher\u0027s Stone","Toy Ornithopter","Cables","War Paint","Blue Candle"],"acts_visited":["Exordium","TheCity","TheBeyond"],"potions_floor_usage":[50,50],"damage_taken":[{"damage":6.0,"enemies":"Cultist","floor":1.0,"turns":3.0},{"damage":1.0,"enemies":"2 Louse","floor":2.0,"turns":2.0},{"damage":5.0,"enemies":"Small Slimes","floor":4.0,"turns":4.0},{"damage":29.0,"enemies":"Gremlin Nob","floor":6.0,"turns":4.0},{"damage":1.0,"enemies":"Exordium Wildlife","floor":10.0,"turns":3.0},{"damage":5.0,"enemies":"3 Louse","floor":11.0,"turns":3.0},{"damage":0.0,"enemies":"Looter","floor":12.0,"turns":2.0},{"damage":13.0,"enemies":"Hexaghost","floor":16.0,"turns":8.0},{"damage":17.0,"enemies":"3 Byrds","floor":18.0,"turns":4.0},{"damage":0.0,"enemies":"Chosen","floor":21.0,"turns":3.0},{"damage":28.0,"enemies":"Slavers","floor":23.0,"turns":6.0},{"damage":17.0,"enemies":"Shelled Parasite and Fungi","floor":27.0,"turns":5.0},{"damage":0.0,"enemies":"Centurion and Healer","floor":28.0,"turns":5.0},{"damage":4.0,"enemies":"Snake Plant","floor":31.0,"turns":4.0},{"damage":30.0,"enemies":"Collector","floor":33.0,"turns":8.0},{"damage":9.0,"enemies":"3 Darklings","floor":35.0,"turns":6.0},{"damage":4.0,"enemies":"3 Shapes","floor":36.0,"turns":4.0},{"damage":16.0,"enemies":"Writhing Mass","floor":38.0,"turns":6.0},{"damage":15.0,"enemies":"Nemesis","floor":41.0,"turns":7.0},{"damage":0.0,"enemies":"3 Darklings","floor":46.0,"turns":5.0},{"damage":1.0,"enemies":"Maw","floor":48.0,"turns":6.0},{"damage":44,"enemies":"Donu and Deca","floor":50,"turns":9}],"seed_played":"5363401038629843690","potions_obtained":[{"floor":1.0,"key":"LiquidBronze"},{"floor":4.0,"key":"PowerPotion"},{"floor":6.0,"key":"LiquidBronze"},{"floor":11.0,"key":"Swift Potion"},{"floor":27.0,"key":"EssenceOfSteel"},{"floor":31.0,"key":"PowerPotion"},{"floor":33.0,"key":"FocusPotion"},{"floor":35.0,"key":"FearPotion"},{"floor":46.0,"key":"AttackPotion"}],"is_trial":false,"path_per_floor":["M","M","?","M","?","E","R","?","T","M","M","M","R","$","R","B",null,"M","?","?","M","?","E","R","T","T","M","M","R","$","M","R","B",null,"M","M","?","M","$","R","E","?","T","R","$","M","T","M","R","B",null],"character_chosen":"DEFECT","items_purchased":["Membership Card","Molten Egg 2","Melter+1","Hologram","Seek","HandDrill","Toy Ornithopter","Ancient Potion","Hologram"],"campfire_rested":5,"item_purchase_floors":[14,14,14,30,30,30,39,45,45],"current_hp_per_floor":[62,61,54,49,49,20,42,31,31,30,25,25,25,25,47,34,65,48,48,32,32,32,4,26,26,26,9,9,31,46,42,64,34,65,56,52,52,36,51,51,36,36,36,36,51,51,51,50,50,16],"gold":61,"neow_bonus":"UPGRADE_CARD","is_daily":false,"chose_seed":false,"campfire_upgraded":4,"win_rate":0.0,"timestamp":1611802287,"path_taken":["M","M","?","M","?","E","R","?","T","M","M","M","R","$","R","BOSS","M","?","?","M","?","E","R","?","T","M","?","R","$","M","R","BOSS","M","M","?","M","$","R","E","?","T","R","$","?","?","?","R","BOSS"],"items_purchased_type":["Relic","Relic","Card","Card","Card","Relic","Relic","Potion","Card"],"build_version":"2020-12-22","purchased_purges":2,"victory":true,"max_hp_per_floor":[75,75,75,75,75,75,75,75,75,75,75,75,75,75,75,75,75,75,75,75,75,75,75,75,75,75,75,75,75,75,75,75,75,75,75,75,75,75,75,75,75,75,75,75,75,75,75,75,75,75],"card_choices":[{"not_picked":["Reinforced Body","Recycle"],"picked":"Genetic Algorithm","floor":1.0},{"not_picked":["Storm","Genetic Algorithm"],"picked":"Cold Snap","floor":2.0},{"not_picked":["Hello World","Turbo","Recycle"],"picked":"SKIP","floor":4.0},{"not_picked":["Stack","Rebound"],"picked":"Scrape","floor":6.0},{"not_picked":["Lockon","Undo"],"picked":"Streamline","floor":10.0},{"not_picked":["Compile Driver","Undo"],"picked":"Reprogram","floor":11.0},{"not_picked":["Auto Shields","Stack"],"picked":"Gash","floor":12.0},{"not_picked":["Multi-Cast","Biased Cognition"],"picked":"Seek","floor":16.0},{"not_picked":["Coolheaded","Conserve Battery"],"picked":"Beam Cell+1","floor":18.0},{"not_picked":["Redo","Steam Power"],"picked":"Go for the Eyes+1","floor":21.0},{"not_picked":["Cold Snap+1","Storm","Steam+1"],"picked":"SKIP","floor":23.0},{"not_picked":["Barrage+1","Glacier"],"picked":"Leap","floor":27.0},{"not_picked":["Hello World","Compile Driver+1"],"picked":"Reprogram","floor":28.0},{"not_picked":["Beam Cell+1","Steam"],"picked":"Machine Learning","floor":31.0},{"not_picked":["Scrape+1","Compile Driver+1"],"picked":"Conserve Battery","floor":32.0},{"not_picked":["Meteor Strike+1","Seek"],"picked":"All For One+1","floor":33.0},{"not_picked":["Turbo","Streamline+1"],"picked":"Hologram+1","floor":35.0},{"not_picked":["Go for the Eyes+1","Heatsinks"],"picked":"Rebound+1","floor":36.0},{"not_picked":["Ball Lightning+1","Go for the Eyes+1","Defragment+1"],"picked":"SKIP","floor":38.0},{"not_picked":["Amplify","Steam+1","Core Surge+1"],"picked":"SKIP","floor":41.0},{"not_picked":["Streamline+1","Sweeping Beam+1","Hologram"],"picked":"SKIP","floor":46.0},{"not_picked":["Recycle","Steam Power+1"],"picked":"Leap+1","floor":48.0}],"player_experience":779290,"relics_obtained":[{"floor":6.0,"key":"Vajra"},{"floor":9.0,"key":"Bag of Marbles"},{"floor":20.0,"key":"Nilry\u0027s Codex"},{"floor":23.0,"key":"MealTicket"},{"floor":25.0,"key":"Dream Catcher"},{"floor":26.0,"key":"Akabeko"},{"floor":41.0,"key":"Cables"},{"floor":43.0,"key":"War Paint"},{"floor":47.0,"key":"Blue Candle"}],"event_choices":[{"cards_removed":["Strike_B"],"damage_healed":0.0,"max_hp_gain":0.0,"max_hp_loss":0.0,"gold_gain":0.0,"event_name":"Golden Wing","player_choice":"Card Removal","floor":3.0,"gold_loss":0.0,"damage_taken":7.0},{"damage_healed":0.0,"max_hp_gain":0.0,"max_hp_loss":0.0,"gold_gain":0.0,"event_name":"Living Wall","player_choice":"Grow","floor":5.0,"gold_loss":0.0,"damage_taken":0.0,"cards_upgraded":["Genetic Algorithm"]},{"damage_healed":0.0,"max_hp_gain":0.0,"max_hp_loss":0.0,"gold_gain":75.0,"event_name":"World of Goop","player_choice":"Gather Gold","floor":8.0,"gold_loss":0.0,"damage_taken":11.0},{"damage_healed":0.0,"max_hp_gain":0.0,"max_hp_loss":0.0,"gold_gain":0.0,"event_name":"Ghosts","player_choice":"Ignored","floor":19.0,"gold_loss":0.0,"damage_taken":0.0},{"damage_healed":0.0,"max_hp_gain":0.0,"max_hp_loss":0.0,"gold_gain":0.0,"event_name":"Cursed Tome","player_choice":"Obtained Book","floor":20.0,"gold_loss":0.0,"damage_taken":16.0},{"damage_healed":0.0,"max_hp_gain":0.0,"max_hp_loss":0.0,"gold_gain":0.0,"event_name":"Addict","player_choice":"Obtained Relic","floor":22.0,"gold_loss":85.0,"damage_taken":0.0,"relics_obtained":["Orichalcum"]},{"cards_removed":["Defend_B"],"damage_healed":0.0,"max_hp_gain":0.0,"max_hp_loss":0.0,"gold_gain":0.0,"event_name":"Falling","player_choice":"Removed Skill","floor":37.0,"gold_loss":0.0,"damage_taken":0.0},{"damage_healed":0.0,"max_hp_gain":0.0,"max_hp_loss":0.0,"gold_gain":0.0,"event_name":"Match and Keep!","player_choice":"1 cards matched","floor":42.0,"gold_loss":0.0,"damage_taken":0.0,"cards_obtained":["Mind Blast"]}],"is_beta":false,"boss_relics":[{"not_picked":["Fusion Hammer","Snecko Eye"],"picked":"Astrolabe"},{"not_picked":["Runic Dome","Sozu"],"picked":"Philosopher\u0027s Stone"}],"items_purged_floors":[30,39],"is_endless":false,"potions_floor_spawned":[1,4,6,11,27,31,33,35,46],"ascension_level":7}}