{"host":"ow66nzv2xecjoor3","time":1611814052,"event":{"mods":["BaseMod","Bestiary","Block Reminder","Colored Powertips","Curses Come First","Highlight Path","Keyboard Shortcuts","Minty Spire (QoL Compilation)","Permanent Neow","Relic Stats","StSLib","UnlockEverythingMod"],"gold_per_floor":[113,132,143,13,29,56,56,81,81,44,0,0,0,13,13,86,86,104,124,138,138,63,74,74,74],"floor_reached":24,"language":"ENG","playtime":1364,"items_purged":["Strike_G"],"score":416,"play_id":"ca5505e3-b921-4653-8373-f2457fb539e5","local_time":"20210128000732","is_ascension_mode":true,"campfire_choices":[{"data":"Neutralize","floor":7,"key":"SMITH"},{"floor":13,"key":"REST"},{"data":"Footwork","floor":15,"key":"SMITH"}],"circlet_count":0,"master_deck":["AscendersBane","Strike_G","Strike_G","Strike_G","Defend_G","Defend_G","Defend_G","Defend_G","Defend_G","Survivor","Neutralize+1","Riddle With Holes","Acrobatics","Underhanded Strike","Envenom","Prepared","After Image","Leg Sweep","Calculated Gamble","Dagger Throw","Dash","Bouncing Flask","Footwork+1","Wraith Form v2","PiercingWail+1","Acrobatics","Calculated Gamble","Calculated Gamble","Cloak And Dagger+1","Deflect+1","Noxious Fumes","Endless Agony"],"relics":["Ring of the Snake","WingedGreaves","Gremlin Horn","Prayer Wheel","Cursed Key"],"acts_visited":["Exordium","TheCity"],"potions_floor_usage":[6,8,8,16,23,24],"damage_taken":[{"damage":0,"enemies":"Cultist","floor":1,"turns":4},{"damage":0,"enemies":"2 Louse","floor":2,"turns":2},{"damage":4,"enemies":"Small Slimes","floor":3,"turns":4},{"damage":1,"enemies":"Blue Slaver","floor":5,"turns":5},{"damage":22,"enemies":"Lagavulin","floor":6,"turns":5},{"damage":25,"enemies":"Gremlin Nob","floor":8,"turns":4},{"damage":3,"enemies":"Looter","floor":11,"turns":5},{"damage":0,"enemies":"Gremlin Gang","floor":14,"turns":7},{"damage":5,"enemies":"The Guardian","floor":16,"turns":11},{"damage":0,"enemies":"Spheric Guardian","floor":18,"turns":8},{"damage":10,"enemies":"Shell Parasite","floor":19,"turns":9},{"damage":10,"enemies":"Snake Plant","floor":20,"turns":9},{"damage":7,"enemies":"Cultist and Chosen","floor":23,"turns":8},{"damage":14,"enemies":"3 Cultists","floor":24,"turns":3}],"seed_played":"6739129622298099686","potions_obtained":[{"floor":3,"key":"FearPotion"},{"floor":6,"key":"BlessingOfTheForge"},{"floor":14,"key":"CunningPotion"},{"floor":16,"key":"PowerPotion"},{"floor":23,"key":"FearPotion"}],"is_trial":false,"path_per_floor":["M","M","M","$","M","E","R","E","T","$","M","?","R","M","R","B",null,"M","M","M","?","?","M","M"],"character_chosen":"THE_SILENT","items_purchased":["Energy Potion","Calculated Gamble"],"campfire_rested":1,"item_purchase_floors":[4,10],"current_hp_per_floor":[59,59,55,55,54,32,32,7,7,7,4,4,23,23,23,18,54,54,44,34,16,16,9,0,0],"gold":74,"neow_bonus":"THREE_CARDS","is_daily":false,"chose_seed":false,"campfire_upgraded":2,"win_rate":0.0,"timestamp":1611814052,"path_taken":["M","M","M","?","M","E","R","E","T","$","?","?","R","M","R","BOSS","M","M","M","?","?","M","M"],"items_purchased_type":["Potion","Card"],"build_version":"2020-12-22","purchased_purges":1,"victory":false,"max_hp_per_floor":[66,66,66,66,66,66,66,66,66,66,66,66,66,66,66,66,66,66,66,66,71,71,71,71,71],"relic_stats":{"Gremlin Horn":[5,5],"counters":[14,84],"Prayer Wheel":6,"Cursed Key":0,"obtain_stats":[{"Gremlin Horn":8,"Prayer Wheel":9,"WingedGreaves":6,"Cursed Key":17,"Ring of the Snake":0},{"Gremlin Horn":6,"Prayer Wheel":6,"WingedGreaves":5,"Cursed Key":9,"Ring of the Snake":0},{"Gremlin Horn":24,"Prayer Wheel":24,"WingedGreaves":20,"Cursed Key":47,"Ring of the Snake":0}],"Ring of the Snake":[28]},"card_choices":[{"not_picked":["Slice","Prepared"],"picked":"Riddle With Holes","floor":0},{"not_picked":["Accuracy","Cloak And Dagger"],"picked":"Acrobatics","floor":1},{"not_picked":["Prepared","Deflect"],"picked":"Underhanded Strike","floor":2},{"not_picked":["Choke","Accuracy"],"picked":"Envenom","floor":3},{"not_picked":["Deflect","Choke"],"picked":"Prepared","floor":5},{"not_picked":["Eviscerate","Finisher"],"picked":"After Image","floor":6},{"not_picked":["Deflect","Acrobatics"],"picked":"Leg Sweep","floor":8},{"not_picked":["Quick Slash","Dagger Spray"],"picked":"Dagger Throw","floor":11},{"not_picked":["Dagger Throw","Cloak And Dagger"],"picked":"Dash","floor":11},{"not_picked":["Infinite Blades","Backflip"],"picked":"Bouncing Flask","floor":14},{"not_picked":["Dodge and Roll","Riddle With Holes"],"picked":"Footwork","floor":14},{"not_picked":["Night Terror","Unload"],"picked":"Wraith Form v2","floor":16},{"not_picked":["Deflect","Blade Dance"],"picked":"PiercingWail+1","floor":18},{"not_picked":["Deadly Poison","Predator"],"picked":"Acrobatics","floor":18},{"not_picked":["Skewer","Outmaneuver"],"picked":"Calculated Gamble","floor":19},{"not_picked":["Storm of Steel","Predator"],"picked":"Calculated Gamble","floor":19},{"not_picked":["Flying Knee","Outmaneuver"],"picked":"Cloak And Dagger+1","floor":20},{"not_picked":["Underhanded Strike","Accuracy"],"picked":"Deflect+1","floor":20},{"not_picked":["Expertise","PiercingWail"],"picked":"Noxious Fumes","floor":23},{"not_picked":["Flechettes+1","Underhanded Strike"],"picked":"Endless Agony","floor":23}],"player_experience":2748975,"relics_obtained":[{"floor":6,"key":"WingedGreaves"},{"floor":8,"key":"Gremlin Horn"},{"floor":9,"key":"Prayer Wheel"}],"event_choices":[{"damage_healed":0,"gold_gain":0,"player_choice":"Left Gold","damage_taken":0,"max_hp_gain":0,"max_hp_loss":0,"event_name":"World of Goop","floor":12,"gold_loss":0},{"damage_healed":0,"gold_gain":0,"player_choice":"Shed Blood","damage_taken":23,"max_hp_gain":5,"max_hp_loss":0,"event_name":"Forgotten Altar","floor":21,"gold_loss":0},{"cards_removed":["Strike_G"],"damage_healed":0,"gold_gain":0,"player_choice":"Gave Gold","damage_taken":0,"max_hp_gain":0,"max_hp_loss":0,"event_name":"Beggar","floor":22,"gold_loss":75}],"is_beta":false,"boss_relics":[{"not_picked":["Philosopher\u0027s Stone","SacredBark"],"picked":"Cursed Key"}],"items_purged_floors":[4],"is_endless":false,"potions_floor_spawned":[3,5,6,14,16,23],"killed_by":"3 Cultists","ascension_level":20}}