{"host":"5kirneupyg4uzd3w","time":1611861702,"event":{"mods":["BaseMod","Colored Map","Custom Start","Minty Spire (QoL Compilation)","StSLib","SuperFastMode"],"gold_per_floor":[116,38,38,38,51,51,84,84,84,114,114,114,142,161,161,238,238,249,249,262,273,273,273,284,297,320,320,338,91,91,110,110,185,185,198,198,210,210,223,223,236,236,236,0,29,48,81,81,81,81,81],"floor_reached":52,"language":"KOR","playtime":3549,"items_purged":["Defend_R"],"score":1985,"play_id":"a345b0ad-bb66-464c-9ef1-eb0d158d7aee","local_time":"20210129042142","is_ascension_mode":true,"campfire_choices":[{"data":"Carnage","floor":6.0,"key":"SMITH"},{"data":"Pommel Strike","floor":8.0,"key":"SMITH"},{"data":"Juggernaut","floor":12.0,"key":"SMITH"},{"data":"Feel No Pain","floor":15.0,"key":"SMITH"},{"floor":23.0,"key":"REST"},{"data":"Barricade","floor":30.0,"key":"SMITH"},{"floor":32.0,"key":"REST"},{"data":"Dark Embrace","floor":40,"key":"SMITH"},{"data":"Battle Trance","floor":42,"key":"SMITH"},{"data":"Shockwave","floor":49,"key":"SMITH"}],"circlet_count":0,"master_deck":["AscendersBane","Strike_R+1","Defend_R","Defend_R","Defend_R+1","Pommel Strike+1","Carnage+1","Juggernaut+1","Shockwave+1","Feel No Pain+1","Barricade+1","Power Through","Flame Barrier+1","Infernal Blade","Havoc","Battle Trance+1","Warcry+1","Dark Embrace+1","Second Wind","Entrench","Offering+1","Battle Trance+1","Secret Technique","Thinking Ahead","Parasite"],"relics":["Burning Blood","NeowsBlessing","Oddly Smooth Stone","Bird Faced Urn","TungstenRod","Regal Pillow","Bronze Scales","Empty Cage","Mark of Pain","Turnip","Red Mask","Anchor","Pocketwatch"],"acts_visited":["Exordium","TheCity","TheBeyond"],"potions_floor_usage":[],"damage_taken":[{"damage":0.0,"enemies":"Cultist","floor":1.0,"turns":1.0},{"damage":0.0,"enemies":"Small Slimes","floor":5.0,"turns":1.0},{"damage":0.0,"enemies":"3 Sentries","floor":7.0,"turns":2.0},{"damage":11.0,"enemies":"Lagavulin","floor":10.0,"turns":5.0},{"damage":22.0,"enemies":"Gremlin Nob","floor":13.0,"turns":4.0},{"damage":0.0,"enemies":"2 Louse","floor":14.0,"turns":3.0},{"damage":31.0,"enemies":"Hexaghost","floor":16.0,"turns":9.0},{"damage":13.0,"enemies":"3 Byrds","floor":18.0,"turns":4.0},{"damage":27.0,"enemies":"2 Thieves","floor":20.0,"turns":4.0},{"damage":24.0,"enemies":"Snake Plant","floor":21.0,"turns":4.0},{"damage":11.0,"enemies":"Sentry and Sphere","floor":24.0,"turns":6.0},{"damage":19.0,"enemies":"Centurion and Healer","floor":25.0,"turns":9.0},{"damage":28.0,"enemies":"Cultist and Chosen","floor":28.0,"turns":6.0},{"damage":11.0,"enemies":"Snake Plant","floor":31.0,"turns":5.0},{"damage":52.0,"enemies":"Automaton","floor":33.0,"turns":33.0},{"damage":31.0,"enemies":"3 Darklings","floor":35.0,"turns":5.0},{"damage":1.0,"enemies":"3 Shapes","floor":37.0,"turns":6.0},{"damage":14,"enemies":"Writhing Mass","floor":39,"turns":7},{"damage":5,"enemies":"3 Darklings","floor":41,"turns":4},{"damage":5,"enemies":"Giant Head","floor":45,"turns":7},{"damage":14,"enemies":"4 Shapes","floor":46,"turns":4},{"damage":9,"enemies":"Nemesis","floor":47,"turns":5},{"damage":24,"enemies":"Time Eater","floor":50,"turns":11},{"damage":5,"enemies":"Donu and Deca","floor":51,"turns":10}],"seed_played":"1915056049260089475","potions_obtained":[{"floor":5.0,"key":"Block Potion"},{"floor":10.0,"key":"Ancient Potion"},{"floor":14.0,"key":"Block Potion"},{"floor":24.0,"key":"SteroidPotion"},{"floor":27.0,"key":"DistilledChaos"},{"floor":27.0,"key":"SmokeBomb"},{"floor":31.0,"key":"ElixirPotion"},{"floor":33.0,"key":"FairyPotion"},{"floor":46,"key":"SkillPotion"},{"floor":47,"key":"Energy Potion"}],"is_trial":false,"path_per_floor":["M","$","?","?","M","R","E","R","T","E","?","R","E","M","R","B",null,"M","?","M","M","?","R","M","M","T","?","M","$","R","M","R","B",null,"M","?","M","?","M","R","M","R","T","?","E","M","E","$","R","B","B",null],"character_chosen":"IRONCLAD","items_purchased":["Carnage","Dark Embrace","Second Wind"],"campfire_rested":2,"item_purchase_floors":[2,29,29],"current_hp_per_floor":[74,74,51,33,39,39,45,45,45,42,42,42,26,34,34,13,60,53,53,32,18,18,55,56,47,47,47,31,31,31,32,69,31,64,47,38,49,49,49,49,58,58,58,58,67,67,72,72,72,59,68],"gold":81,"neow_bonus":"THREE_ENEMY_KILL","is_daily":false,"chose_seed":false,"campfire_upgraded":8,"win_rate":0.0,"timestamp":1611861702,"path_taken":["M","$","?","?","M","R","E","R","T","E","?","R","E","M","R","BOSS","M","?","M","M","?","R","M","M","T","?","M","$","R","?","R","BOSS","M","?","M","?","?","R","M","R","T","?","E","M","E","?","R","BOSS","BOSS"],"items_purchased_type":["Card","Card","Card"],"build_version":"2020-12-22","purchased_purges":1,"victory":true,"max_hp_per_floor":[75,75,75,75,75,75,75,75,75,75,75,75,75,75,75,75,75,75,75,75,75,75,75,75,75,75,75,75,75,75,75,75,75,75,75,75,75,75,75,75,75,75,75,75,75,75,75,75,75,75,75],"card_choices":[{"not_picked":["Sword Boomerang","Cleave"],"picked":"Pommel Strike","floor":1.0},{"not_picked":["Havoc","Perfected Strike","Anger"],"picked":"SKIP","floor":5.0},{"not_picked":["Warcry","Carnage"],"picked":"Juggernaut","floor":7.0},{"not_picked":["Iron Wave","Anger","Thunderclap"],"picked":"SKIP","floor":10.0},{"not_picked":["Headbutt","Clash"],"picked":"Shockwave","floor":13.0},{"not_picked":["Pommel Strike","Iron Wave"],"picked":"Feel No Pain","floor":14.0},{"not_picked":["Double Tap","Corruption"],"picked":"Barricade","floor":16.0},{"not_picked":["Havoc","Anger","Infernal Blade"],"picked":"SKIP","floor":18.0},{"not_picked":["Carnage","Sword Boomerang"],"picked":"Power Through","floor":20.0},{"not_picked":["Sever Soul+1","Warcry"],"picked":"Flame Barrier+1","floor":21.0},{"not_picked":["Whirlwind+1","Sword Boomerang"],"picked":"Battle Trance","floor":24.0},{"not_picked":["Rampage","Infernal Blade","Sword Boomerang"],"picked":"SKIP","floor":25.0},{"not_picked":["Wild Strike","Searing Blow"],"picked":"Warcry+1","floor":28.0},{"not_picked":["Pummel","Second Wind"],"picked":"Entrench","floor":31.0},{"not_picked":["Juggernaut","Exhume"],"picked":"Offering","floor":33.0},{"not_picked":["Sword Boomerang","Rampage"],"picked":"Battle Trance+1","floor":35.0},{"not_picked":["HandOfGreed","Trip"],"picked":"Secret Technique","floor":36.0},{"not_picked":["Dramatic Entrance","Blind"],"picked":"Thinking Ahead","floor":36.0},{"not_picked":["Clothesline","Rupture","Clash+1"],"picked":"SKIP","floor":37.0},{"not_picked":["Anger","Clothesline","Pummel"],"picked":"SKIP","floor":39},{"not_picked":["Shrug It Off","Entrench+1","Armaments"],"picked":"SKIP","floor":41},{"not_picked":["Exhume","Havoc+1","Clothesline"],"picked":"SKIP","floor":45},{"not_picked":["Wild Strike+1","Pommel Strike","Sword Boomerang"],"picked":"SKIP","floor":46},{"not_picked":["True Grit","Hemokinesis","Headbutt+1"],"picked":"SKIP","floor":47},{"not_picked":["True Grit","Hemokinesis","Headbutt+1"],"picked":"SKIP","floor":47}],"player_experience":275684,"relics_obtained":[{"floor":7.0,"key":"Bird Faced Urn"},{"floor":9.0,"key":"TungstenRod"},{"floor":10.0,"key":"Regal Pillow"},{"floor":13.0,"key":"Bronze Scales"},{"floor":43,"key":"Turnip"},{"floor":45,"key":"Anchor"},{"floor":47,"key":"Pocketwatch"}],"event_choices":[{"damage_healed":0.0,"max_hp_gain":0.0,"max_hp_loss":0.0,"gold_gain":0.0,"event_name":"Shining Light","player_choice":"Entered Light","floor":3.0,"gold_loss":0.0,"damage_taken":23.0,"cards_upgraded":["Strike_R","Defend_R"]},{"damage_healed":0.0,"max_hp_gain":0.0,"max_hp_loss":0.0,"gold_gain":0.0,"event_name":"Scrap Ooze","player_choice":"Success","floor":4.0,"gold_loss":0.0,"damage_taken":18.0,"relics_obtained":["Oddly Smooth Stone"]},{"damage_healed":0.0,"max_hp_gain":0.0,"max_hp_loss":0.0,"gold_gain":0.0,"event_name":"Liars Game","player_choice":"Ignored","floor":11.0,"gold_loss":0.0,"damage_taken":0.0},{"cards_removed":["Strike_R"],"damage_healed":0.0,"max_hp_gain":0.0,"max_hp_loss":0.0,"gold_gain":0.0,"event_name":"Back to Basics","player_choice":"Elegance","floor":19.0,"gold_loss":0.0,"damage_taken":0.0},{"damage_healed":0.0,"max_hp_gain":0.0,"max_hp_loss":0.0,"gold_gain":0.0,"cards_transformed":["Strike_R","Bash"],"event_name":"Drug Dealer","player_choice":"Became Test Subject","floor":22.0,"gold_loss":0.0,"damage_taken":0.0,"cards_obtained":["Infernal Blade","Havoc"]},{"damage_healed":0.0,"max_hp_gain":0.0,"max_hp_loss":0.0,"gold_gain":0.0,"event_name":"Lab","player_choice":"Got Potions","floor":27.0,"gold_loss":0.0,"damage_taken":0.0},{"damage_healed":0.0,"max_hp_gain":0.0,"max_hp_loss":0.0,"gold_gain":0.0,"event_name":"SensoryStone","player_choice":"Memory 3","floor":36.0,"gold_loss":0.0,"damage_taken":10.0},{"damage_healed":0.0,"max_hp_gain":0.0,"max_hp_loss":0.0,"gold_gain":0.0,"event_name":"Accursed Blacksmith","player_choice":"Forge","floor":38.0,"gold_loss":0.0,"damage_taken":0.0,"cards_upgraded":["Offering"]},{"damage_healed":0,"gold_gain":0,"player_choice":"Paid","damage_taken":0,"relics_obtained":["Red Mask"],"max_hp_gain":0,"max_hp_loss":0,"event_name":"Tomb of Lord Red Mask","floor":44,"gold_loss":236}],"is_beta":false,"boss_relics":[{"not_picked":["Runic Cube","Calling Bell"],"picked":"Empty Cage"},{"not_picked":["Black Star","Philosopher\u0027s Stone"],"picked":"Mark of Pain"}],"items_purged_floors":[29],"is_endless":false,"potions_floor_spawned":[5,10,14,24,31,33,46,47],"ascension_level":20}}