{"host":"drjz7zl15rqtgg20","time":1611849558,"event":{"mods":["BaseMod","Downfall","Minty Spire (QoL Compilation)","StSLib"],"gold_per_floor":[99,116,116,131,145,45,45,45,63,90,101,101,11,11,27,27,27,27],"floor_reached":16,"language":"ENG","playtime":1112,"items_purged":["Guardian:Defend_Guardian"],"score":127,"play_id":"69e6f414-b8b3-42c1-a717-293d1f4e543f","local_time":"20210128105918","is_ascension_mode":false,"campfire_choices":[{"floor":1,"key":"RECALL"},{"data":"Guardian:CurlUp","floor":6,"key":"SMITH"},{"data":"Guardian:DonusPower","floor":8,"key":"SMITH"},{"data":"Guardian:SentryBeam","floor":12,"key":"SMITH"}],"circlet_count":0,"master_deck":["Guardian:Strike_Guardian","Guardian:Strike_Guardian","Guardian:Strike_Guardian","Guardian:Defend_Guardian","Guardian:Defend_Guardian+1","Guardian:Defend_Guardian+1","Guardian:CurlUp+1","Guardian:TwinSlam+1","Guardian:DonusPower+1","Guardian:SentryBeam+1","Guardian:Gem_Fragmented","Guardian:Gem_White","Guardian:RollAttack"],"relics":["Guardian:ModeShifter","downfall:HeartBlessingRed","Kunai","War Paint"],"acts_visited":["Exordium"],"potions_floor_usage":[],"damage_taken":[{"damage":6,"enemies":"Jaw Worm","floor":2,"turns":5},{"damage":6,"enemies":"Cultist","floor":4,"turns":4},{"damage":5,"enemies":"Small Slimes","floor":5,"turns":4},{"damage":4,"enemies":"Exordium Wildlife","floor":9,"turns":6},{"damage":0,"enemies":"Lagavulin","floor":10,"turns":7},{"damage":6,"enemies":"Large Slime","floor":11,"turns":7},{"damage":1,"enemies":"downfall:FleeingMerchant","floor":13,"turns":4},{"damage":0,"enemies":"Exordium Thugs","floor":15,"turns":4},{"damage":61,"enemies":"SI_SHIV_ARCHETYPE","floor":16,"turns":8}],"seed_played":"4834576081210209059","potions_obtained":[{"floor":5,"key":"Guardian:BlockOnCardUsePotion"},{"floor":10,"key":"DuplicationPotion"},{"floor":11,"key":"Dexterity Potion"},{"floor":15,"key":"Swift Potion"}],"is_trial":false,"path_per_floor":["R","M","?","M","M","R","T","R","M","E","M","R","$","?","M","B"],"character_chosen":"GUARDIAN","items_purchased":[],"campfire_rested":0,"item_purchase_floors":[],"current_hp_per_floor":[88,82,82,76,71,71,71,71,67,67,61,61,60,60,60,0,0,0],"gold":27,"neow_bonus":"TEN_PERCENT_HP_BONUS","is_daily":false,"chose_seed":false,"campfire_upgraded":3,"win_rate":0.0,"timestamp":1611849558,"path_taken":["R","M","?","M","?","R","T","R","M","E","M","R","$","?","M","BOSS"],"items_purchased_type":[],"build_version":"2020-12-22","purchased_purges":1,"victory":false,"max_hp_per_floor":[88,88,88,88,88,88,88,88,88,88,88,88,88,88,88,88,88,88],"card_choices":[{"not_picked":["Guardian:WalkerClaw","Guardian:PiercingHide"],"picked":"Guardian:Gem_Cyan","floor":2},{"not_picked":["Guardian:PiercingHide","Guardian:MultiBeam"],"picked":"Guardian:DonusPower","floor":4},{"not_picked":["Guardian:Gem_Red","Guardian:PiercingHide"],"picked":"Guardian:Gem_White","floor":5},{"not_picked":["Guardian:TemporalStrike","Guardian:WalkerClaw"],"picked":"Guardian:SentryBeam","floor":9},{"not_picked":["Guardian:MultiBeam","Guardian:BronzeArmor","Guardian:Harden"],"picked":"SKIP","floor":10},{"not_picked":["Guardian:Planning","Guardian:Suspension"],"picked":"Guardian:Gem_Fragmented","floor":11},{"not_picked":["Guardian:VentSteam","Guardian:Suspension","Guardian:Planning"],"picked":"SKIP","floor":13},{"not_picked":["Guardian:Recover","Guardian:GuardianWhirl"],"picked":"Guardian:RollAttack","floor":15}],"player_experience":589679,"relics_obtained":[{"floor":7,"key":"Kunai"},{"floor":10,"key":"War Paint"}],"event_choices":[],"is_beta":false,"boss_relics":[],"items_purged_floors":[13],"is_endless":false,"potions_floor_spawned":[5,10,11,15],"killed_by":"SI_SHIV_ARCHETYPE","ascension_level":0}}