{"host":"sav7uxregyirlf69","time":1611804853,"event":{"mods":["AchievementEnabler","BaseMod","Colored Map","DeckTracker","Keyboard Shortcuts","Minty Spire (QoL Compilation)","READ ME - Guardian Mod","StSLib","SuperFastMode"],"gold_per_floor":[113,113,126,126,89,114,114,129,129,144,144,144,155,170,170,241,241,255,255,273,120,136,136,171,221,221,221,221],"floor_reached":27,"language":"KOR","playtime":357,"items_purged":[],"score":466,"play_id":"f40ff5bc-637f-472c-aec4-1ff80cb7ffd5","local_time":"20210128123413","is_ascension_mode":true,"campfire_choices":[{"data":"Corruption","floor":7,"key":"SMITH"},{"data":"Perfected Strike","floor":12,"key":"SMITH"},{"data":"Evolve","floor":15,"key":"SMITH"},{"floor":23,"key":"REST"}],"circlet_count":0,"master_deck":["AscendersBane","Strike_R","Strike_R","Strike_R","Strike_R","Strike_R","Defend_R","Defend_R","Defend_R","Defend_R","Bash","Metamorphosis+1","Pommel Strike","Perfected Strike+1","Evolve+1","Corruption+1","Carnage","Twin Strike","Rage","Wild Strike+1","Offering","True Grit+1"],"relics":["Burning Blood","Oddly Smooth Stone","InkBottle","StoneCalendar","TungstenRod","Busted Crown","Letter Opener","Bottled Lightning"],"acts_visited":["Exordium","TheCity"],"potions_floor_usage":[13,16,24],"damage_taken":[{"damage":3,"enemies":"Cultist","floor":1,"turns":3},{"damage":7,"enemies":"Jaw Worm","floor":3,"turns":2},{"damage":20,"enemies":"Lagavulin","floor":6,"turns":5},{"damage":3,"enemies":"2 Louse","floor":8,"turns":3},{"damage":11,"enemies":"Looter","floor":10,"turns":4},{"damage":5,"enemies":"Lots of Slimes","floor":13,"turns":3},{"damage":18,"enemies":"3 Louse","floor":14,"turns":4},{"damage":31,"enemies":"Slime Boss","floor":16,"turns":6},{"damage":20,"enemies":"2 Thieves","floor":18,"turns":4},{"damage":4,"enemies":"Spheric Guardian","floor":20,"turns":3},{"damage":28,"enemies":"Snake Plant","floor":22,"turns":3},{"damage":40,"enemies":"Gremlin Leader","floor":24,"turns":6},{"damage":9,"enemies":"Centurion and Healer","floor":27,"turns":3}],"seed_played":"-8936509212768774294","potions_obtained":[{"floor":1,"key":"Explosive Potion"},{"floor":13,"key":"SkillPotion"},{"floor":14,"key":"AttackPotion"},{"floor":22,"key":"LiquidBronze"}],"is_trial":false,"path_per_floor":["M","?","M","T","$","E","R","M","T","M","T","R","M","M","R","B",null,"M","?","M","$","M","R","E","?","T","M"],"character_chosen":"IRONCLAD","items_purchased":["Evolve","Offering"],"campfire_rested":1,"item_purchase_floors":[5,21],"current_hp_per_floor":[68,68,67,67,67,53,53,56,56,51,51,51,52,40,40,15,55,41,41,43,43,21,41,7,7,7,0,0],"gold":221,"neow_bonus":"RANDOM_COLORLESS_2","is_daily":false,"chose_seed":false,"campfire_upgraded":3,"win_rate":0.0,"timestamp":1611804853,"path_taken":["M","?","M","?","?","E","R","M","T","M","?","R","?","?","R","BOSS","M","?","M","$","M","R","E","?","T","M"],"items_purchased_type":["Card","Card"],"build_version":"2020-12-22","purchased_purges":0,"victory":false,"max_hp_per_floor":[68,68,68,68,68,68,68,68,68,68,68,68,68,68,68,68,68,68,68,68,68,68,68,68,68,68,68,68],"card_choices":[{"not_picked":["Panache","Sadistic Nature"],"picked":"Metamorphosis","floor":0},{"not_picked":["Headbutt","Havoc"],"picked":"Pommel Strike","floor":1},{"not_picked":["Sword Boomerang","Thunderclap"],"picked":"Perfected Strike","floor":3},{"not_picked":["Demon Form","Whirlwind"],"picked":"Corruption","floor":6},{"not_picked":["Havoc","True Grit","Body Slam"],"picked":"SKIP","floor":8},{"not_picked":["Havoc","Armaments"],"picked":"Carnage","floor":10},{"not_picked":["Body Slam","Intimidate"],"picked":"Twin Strike","floor":13},{"not_picked":["Flex","Anger"],"picked":"Rage","floor":14},{"not_picked":["Clash"],"picked":"SKIP","floor":18},{"not_picked":[],"picked":"Wild Strike+1","floor":20},{"not_picked":[],"picked":"True Grit+1","floor":22},{"not_picked":["Reckless Charge"],"picked":"SKIP","floor":24}],"player_experience":1407801,"relics_obtained":[{"floor":4,"key":"Oddly Smooth Stone"},{"floor":6,"key":"InkBottle"},{"floor":9,"key":"StoneCalendar"},{"floor":11,"key":"TungstenRod"},{"floor":24,"key":"Letter Opener"},{"floor":26,"key":"Bottled Lightning"}],"event_choices":[{"damage_healed":0,"gold_gain":0,"player_choice":"Grow","damage_taken":0,"max_hp_gain":0,"max_hp_loss":0,"event_name":"Living Wall","floor":2,"gold_loss":0,"cards_upgraded":["Metamorphosis"]},{"damage_healed":0,"gold_gain":0,"player_choice":"Ignored","damage_taken":0,"max_hp_gain":0,"max_hp_loss":0,"event_name":"The Mausoleum","floor":19,"gold_loss":0},{"damage_healed":0,"gold_gain":50,"player_choice":"Pray","damage_taken":0,"max_hp_gain":0,"max_hp_loss":0,"event_name":"Golden Shrine","floor":25,"gold_loss":0}],"is_beta":false,"boss_relics":[{"not_picked":["Tiny House","Fusion Hammer"],"picked":"Busted Crown"}],"items_purged_floors":[],"is_endless":false,"potions_floor_spawned":[1,13,14,22],"killed_by":"Centurion and Healer","ascension_level":20}}