{"host":"sc0o2qwpf9j16a4i","time":1611845890,"event":{"mods":["AchievementEnabler","BaseMod","BetterRewards","Block Reminder","Colored Map","Colored Powertips","Custom Start","Highlight Path","Minty Spire (QoL Compilation)","Relic Stats"],"gold_per_floor":[118,68,88,163,174,210,251,4,27,70,70,104,146,180,180,276,276,286,286,309,309,384,427,446,490,516,567,567,567],"floor_reached":28,"language":"ENG","playtime":859,"items_purged":[],"score":412,"play_id":"d9952594-5a60-4646-8f64-52fcd1be51de","local_time":"20210128165810","daily_mods":["Specialized","Flight","Lethality"],"is_ascension_mode":false,"campfire_choices":[{"floor":15.0,"key":"REST"}],"circlet_count":0,"master_deck":["Strike_P","Strike_P","Strike_P","Strike_P","Defend_P+1","Defend_P","Defend_P","Defend_P","Eruption+1","Vigilance","Conclude","Conclude","Conclude","Conclude","Adaptation","Protect","Wallop","DeceiveReality+1","EmptyBody","Sanctity","Crescendo","ReachHeaven+1","Protect","EmptyFist+1","Meditate","Wish"],"relics":["PureWater","CeramicFish","Damaru","Molten Egg 2","Bag of Preparation","War Paint","Gremlin Horn","Sundial","Odd Mushroom","Snecko Eye","TeardropLocket","Bottled Tornado","MealTicket","Juzu Bracelet","Ancient Tea Set"],"acts_visited":["Exordium","TheCity"],"potions_floor_usage":[23,25,28],"damage_taken":[{"damage":0.0,"enemies":"Cultist","floor":1.0,"turns":2.0},{"damage":0.0,"enemies":"2 Louse","floor":3.0,"turns":1.0},{"damage":6.0,"enemies":"Jaw Worm","floor":5.0,"turns":2.0},{"damage":0.0,"enemies":"3 Sentries","floor":6.0,"turns":2.0},{"damage":11.0,"enemies":"Gremlin Nob","floor":7.0,"turns":3.0},{"damage":8.0,"enemies":"3 Sentries","floor":10.0,"turns":6.0},{"damage":3.0,"enemies":"Lagavulin","floor":12.0,"turns":7.0},{"damage":0.0,"enemies":"3 Sentries","floor":13.0,"turns":1.0},{"damage":7.0,"enemies":"The Mushroom Lair","floor":14.0,"turns":2.0},{"damage":7.0,"enemies":"The Guardian","floor":16.0,"turns":8.0},{"damage":21.0,"enemies":"2 Thieves","floor":18.0,"turns":3.0},{"damage":0.0,"enemies":"Chosen","floor":20.0,"turns":4.0},{"damage":4,"enemies":"Gremlin Leader","floor":23,"turns":7},{"damage":0,"enemies":"Snecko","floor":24,"turns":2},{"damage":29,"enemies":"Book of Stabbing","floor":25,"turns":5},{"damage":0,"enemies":"Gremlin Leader","floor":27,"turns":3},{"damage":14,"enemies":"Slavers","floor":28,"turns":2}],"seed_played":"1249666259879705238","potions_obtained":[{"floor":5.0,"key":"SmokeBomb"},{"floor":7.0,"key":"GamblersBrew"},{"floor":10.0,"key":"Energy Potion"},{"floor":12.0,"key":"LiquidBronze"},{"floor":16.0,"key":"FearPotion"},{"floor":18.0,"key":"Block Potion"},{"floor":19.0,"key":"ColorlessPotion"},{"floor":19.0,"key":"Strength Potion"},{"floor":20.0,"key":"PowerPotion"},{"floor":27,"key":"Strength Potion"}],"is_trial":true,"path_per_floor":["M","?","M","?","M","E","E","$","T","E","?","E","E","?","R","B",null,"M","?","M","?","?","E","M","E","T","E","E"],"character_chosen":"WATCHER","items_purchased":["Molten Egg 2"],"campfire_rested":1,"item_purchase_floors":[8],"current_hp_per_floor":[72,72,72,61,55,55,44,44,44,36,36,33,33,26,47,40,72,51,51,51,51,44,40,40,11,11,11,0,0],"gold":567,"neow_bonus":"","is_daily":false,"chose_seed":false,"campfire_upgraded":0,"win_rate":0.0,"timestamp":1611845890,"path_taken":["M","?","M","?","?","E","E","?","T","E","?","E","E","?","R","BOSS","M","?","?","?","?","E","?","E","T","E","E"],"items_purchased_type":["Relic"],"build_version":"2020-12-22","purchased_purges":0,"victory":false,"max_hp_per_floor":[72,72,72,72,72,72,72,72,72,72,72,72,72,72,72,72,72,72,72,72,72,72,72,72,72,72,72,72,72],"relic_stats":{"Gremlin Horn":[12,12],"counters":[17,60],"Sundial":[6],"CeramicFish":81,"Snecko Eye":[55,47,59,57],"MealTicket":0,"Bag of Preparation":[24],"Juzu Bracelet":0,"War Paint":["Defend_P","DeceiveReality"],"obtain_stats":[{"Gremlin Horn":12,"CeramicFish":6,"Damaru":7,"Bag of Preparation":9,"Juzu Bracelet":26,"TeardropLocket":21,"War Paint":10,"Odd Mushroom":14,"Bottled Tornado":23,"Ancient Tea Set":27,"Sundial":13,"Snecko Eye":17,"Molten Egg 2":8,"MealTicket":25,"PureWater":0},{"Gremlin Horn":7,"CeramicFish":4,"Damaru":5,"Bag of Preparation":5,"Juzu Bracelet":15,"TeardropLocket":12,"War Paint":6,"Odd Mushroom":9,"Bottled Tornado":13,"Ancient Tea Set":16,"Sundial":8,"Snecko Eye":10,"Molten Egg 2":5,"MealTicket":15,"PureWater":0},{"Gremlin Horn":23,"CeramicFish":7,"Damaru":10,"Bag of Preparation":10,"Juzu Bracelet":55,"TeardropLocket":41,"War Paint":16,"Odd Mushroom":26,"Bottled Tornado":48,"Ancient Tea Set":58,"Sundial":24,"Snecko Eye":34,"Molten Egg 2":10,"MealTicket":55,"PureWater":0}]},"card_choices":[{"not_picked":["PathToVictory","Study"],"picked":"Adaptation","floor":1.0},{"not_picked":["ForeignInfluence","JustLucky"],"picked":"Protect","floor":3.0},{"not_picked":["Protect","CutThroughFate"],"picked":"Wallop","floor":5.0},{"not_picked":["CrushJoints","SashWhip"],"picked":"DeceiveReality","floor":6.0},{"not_picked":["Conclude","Protect"],"picked":"EmptyBody","floor":7.0},{"not_picked":["Judgement","Halt"],"picked":"Sanctity","floor":10.0},{"not_picked":["Nirvana","Adaptation"],"picked":"Crescendo","floor":12.0},{"not_picked":["Fasting2","Collect"],"picked":"ReachHeaven+1","floor":13.0},{"not_picked":["SandsOfTime+1","FollowUp+1"],"picked":"Protect","floor":14.0},{"not_picked":["FollowUp+1","Weave+1","PathToVictory+1"],"picked":"SKIP","floor":18.0},{"not_picked":["Wireheading","ThirdEye"],"picked":"EmptyFist+1","floor":20.0},{"not_picked":["Evaluate","Weave+1"],"picked":"Meditate","floor":23},{"not_picked":["CrushJoints+1","EmptyBody+1","Crescendo+1"],"picked":"SKIP","floor":24},{"not_picked":["SashWhip+1","FollowUp+1"],"picked":"Wish","floor":25},{"not_picked":["FlurryOfBlows+1","Evaluate","Alpha"],"picked":"SKIP","floor":27}],"player_experience":1025476,"relics_obtained":[{"floor":6.0,"key":"CeramicFish"},{"floor":7.0,"key":"Damaru"},{"floor":9.0,"key":"Bag of Preparation"},{"floor":10.0,"key":"War Paint"},{"floor":12.0,"key":"Gremlin Horn"},{"floor":13.0,"key":"Sundial"},{"floor":14.0,"key":"Odd Mushroom"},{"floor":23,"key":"Bottled Tornado"},{"floor":25,"key":"MealTicket"},{"floor":26,"key":"Juzu Bracelet"},{"floor":27,"key":"Ancient Tea Set"}],"event_choices":[{"cards_removed":["Conclude"],"damage_healed":0.0,"max_hp_gain":0.0,"max_hp_loss":0.0,"gold_gain":0.0,"event_name":"The Cleric","player_choice":"Card Removal","floor":2.0,"gold_loss":50.0,"damage_taken":0.0},{"damage_healed":0.0,"max_hp_gain":0.0,"max_hp_loss":0.0,"gold_gain":75.0,"event_name":"World of Goop","player_choice":"Gather Gold","floor":4.0,"gold_loss":0.0,"damage_taken":11.0},{"damage_healed":0.0,"max_hp_gain":0.0,"max_hp_loss":0.0,"gold_gain":0.0,"event_name":"Living Wall","player_choice":"Grow","floor":11.0,"gold_loss":0.0,"damage_taken":0.0,"cards_upgraded":["Eruption"]},{"damage_healed":0.0,"max_hp_gain":0.0,"max_hp_loss":0.0,"gold_gain":0.0,"event_name":"Mushrooms","player_choice":"Fought Mushrooms","floor":14.0,"gold_loss":0.0,"damage_taken":0.0},{"damage_healed":0.0,"max_hp_gain":0.0,"max_hp_loss":0.0,"gold_gain":0.0,"event_name":"Lab","player_choice":"Got Potions","floor":19.0,"gold_loss":0.0,"damage_taken":0.0},{"damage_healed":0.0,"max_hp_gain":0.0,"max_hp_loss":0.0,"gold_gain":0.0,"event_name":"The Mausoleum","player_choice":"Opened","floor":21.0,"gold_loss":0.0,"damage_taken":0.0,"relics_obtained":["TeardropLocket"]},{"damage_healed":0,"gold_gain":75,"player_choice":"Touch","damage_taken":7,"max_hp_gain":0,"max_hp_loss":0,"event_name":"FaceTrader","floor":22,"gold_loss":0}],"is_beta":false,"boss_relics":[{"not_picked":["HolyWater","Astrolabe"],"picked":"Snecko Eye"}],"items_purged_floors":[],"is_endless":false,"potions_floor_spawned":[5,7,10,12,16,18,20,27],"killed_by":"Slavers","ascension_level":0}}