{"host":"j4g6ia6asvpyu2b0","time":1611796874,"event":{"mods":["BaseMod","Colored Map","Minty Spire (QoL Compilation)","Permanent Neow","Quick Restart","Relic Stats","StSLib","Unceasing Turn Reminder"],"gold_per_floor":[362,373,384,403,353,353,381,381,381,381,406,429,444,475,475,572,572,592,319,319,368,283,319,328,328,328,370,379,406,39,73,73,185,185,206,32,32,32,100,140,165,165,191,233,260,287,287,303,303,303,303,303,7,45,45],"floor_reached":56,"language":"ENG","playtime":1578,"items_purged":["Strike_R","Strike_R","Strike_R","Strike_R"],"score":1646,"play_id":"399c64f4-8894-4b0a-bb4c-f5aa7aa8df0f","local_time":"20210127182114","is_ascension_mode":true,"campfire_choices":[{"data":"Whirlwind","floor":6,"key":"SMITH"},{"data":"Bash","floor":8,"key":"SMITH"},{"data":"Sword Boomerang","floor":10,"key":"SMITH"},{"data":"Disarm","floor":15,"key":"SMITH"},{"floor":25,"key":"RECALL"},{"floor":32,"key":"REST"},{"floor":42,"key":"REST"},{"floor":49,"key":"REST"},{"floor":52,"key":"REST"}],"circlet_count":0,"master_deck":["Defend_R","Defend_R","Defend_R","Defend_R","Bash+1","Thunderclap","Whirlwind+1","Sword Boomerang+1","Impervious","Headbutt","Shrug It Off","Disarm+1","Immolate","Shockwave","Inflame","Shrug It Off+1","J.A.X.","Infernal Blade+1","Offering+1","Immolate","Exhume+1","Whirlwind+1","True Grit+1","Inflame+1","Reaper","Evolve+1","Offering+1"],"relics":["Burning Blood","Orichalcum","Smiling Mask","Paper Frog","Bag of Preparation","Juzu Bracelet","Fusion Hammer","Pen Nib","Oddly Smooth Stone","Tiny Chest","CeramicFish","The Courier","Charon\u0027s Ashes","Toxic Egg 2","Red Skull","Snecko Eye","Lantern","Frozen Egg 2","Centennial Puzzle","Eternal Feather","HornCleat","Calipers","Akabeko"],"acts_visited":["Exordium","TheCity","TheBeyond","TheEnding"],"potions_floor_usage":[7,13,14,16,55,55,55],"damage_taken":[{"damage":6,"enemies":"Cultist","floor":1,"turns":3},{"damage":1,"enemies":"2 Louse","floor":2,"turns":3},{"damage":7,"enemies":"Jaw Worm","floor":3,"turns":3},{"damage":12,"enemies":"Exordium Wildlife","floor":4,"turns":3},{"damage":0,"enemies":"3 Sentries","floor":7,"turns":2},{"damage":20,"enemies":"Gremlin Nob","floor":11,"turns":4},{"damage":19,"enemies":"Exordium Thugs","floor":13,"turns":3},{"damage":6,"enemies":"3 Sentries","floor":14,"turns":3},{"damage":15,"enemies":"The Guardian","floor":16,"turns":12},{"damage":1,"enemies":"Spheric Guardian","floor":18,"turns":3},{"damage":28,"enemies":"Slavers","floor":23,"turns":2},{"damage":0,"enemies":"Gremlin Leader","floor":27,"turns":3},{"damage":8,"enemies":"3 Byrds","floor":29,"turns":4},{"damage":9,"enemies":"Slavers","floor":31,"turns":1},{"damage":27,"enemies":"Collector","floor":33,"turns":5},{"damage":0,"enemies":"3 Darklings","floor":35,"turns":1},{"damage":24,"enemies":"Nemesis","floor":40,"turns":7},{"damage":0,"enemies":"3 Shapes","floor":41,"turns":3},{"damage":38,"enemies":"Reptomancer","floor":44,"turns":6},{"damage":0,"enemies":"3 Darklings","floor":45,"turns":2},{"damage":35,"enemies":"Nemesis","floor":46,"turns":7},{"damage":3,"enemies":"Transient","floor":48,"turns":5},{"damage":71,"enemies":"Time Eater","floor":50,"turns":10},{"damage":6,"enemies":"Shield and Spear","floor":54,"turns":2},{"damage":76,"enemies":"The Heart","floor":55,"turns":8}],"seed_played":"-3858108503475928180","potions_obtained":[{"floor":2,"key":"Fire Potion"},{"floor":3,"key":"BloodPotion"},{"floor":4,"key":"SteroidPotion"},{"floor":11,"key":"Explosive Potion"},{"floor":16,"key":"Fruit Juice"},{"floor":18,"key":"PowerPotion"},{"floor":27,"key":"LiquidBronze"},{"floor":54,"key":"EssenceOfSteel"}],"is_trial":false,"path_per_floor":["M","M","M","M","?","R","E","R","T","R","E","T","M","E","R","B",null,"M","$","?","T","?","E","?","R","T","E","?","M","$","E","R","B",null,"M","$","?","$","T","E","M","R","T","E","M","E","$","M","R","B",null,"R","$","E","B",null],"character_chosen":"IRONCLAD","items_purchased":["Shockwave","Pen Nib","Toxic Egg 2","Offering+1","Lantern","Calipers"],"campfire_rested":4,"item_purchase_floors":[19,19,30,30,36,53],"current_hp_per_floor":[56,61,60,54,54,54,60,60,60,60,46,46,49,49,49,45,75,80,80,80,80,80,58,58,58,58,64,64,62,62,59,84,63,80,85,85,85,85,85,67,73,85,85,53,59,64,64,85,85,36,73,85,85,85,71],"gold":45,"neow_bonus":"TWO_FIFTY_GOLD","is_daily":false,"chose_seed":false,"campfire_upgraded":4,"win_rate":0.0,"timestamp":1611796874,"path_taken":["M","M","?","M","?","R","E","R","T","R","E","?","M","E","R","BOSS","M","$","?","?","?","E","?","R","T","E","?","M","$","E","R","BOSS","M","$","?","$","?","E","M","R","T","E","M","E","$","M","R","BOSS","R","$","E","BOSS"],"items_purchased_type":["Card","Relic","Relic","Card","Relic","Relic"],"build_version":"2020-12-22","purchased_purges":4,"victory":true,"max_hp_per_floor":[80,80,80,80,80,80,80,80,80,80,80,80,80,80,80,85,85,85,85,85,85,85,85,85,85,85,85,85,85,85,85,85,85,85,85,85,85,85,85,85,85,85,85,85,85,85,85,85,85,85,85,85,85,85,85],"relic_stats":{"counters":[25,105],"CeramicFish":126,"Eternal Feather":12,"Pen Nib":[9],"Charon\u0027s Ashes":[227],"Bag of Preparation":[38],"Juzu Bracelet":0,"Orichalcum":[186],"Smiling Mask":175,"Burning Blood":148,"Centennial Puzzle":[16],"Snecko Eye":[75,99,100,99],"Tiny Chest":1,"obtain_stats":[{"Lantern":36,"Calipers":53,"CeramicFish":23,"Oddly Smooth Stone":21,"Eternal Feather":44,"Pen Nib":19,"The Courier":26,"Charon\u0027s Ashes":27,"Bag of Preparation":12,"Juzu Bracelet":14,"Orichalcum":7,"Frozen Egg 2":39,"Smiling Mask":9,"Burning Blood":0,"Akabeko":54,"Centennial Puzzle":40,"HornCleat":46,"Snecko Eye":34,"Tiny Chest":22,"Fusion Hammer":17,"Toxic Egg 2":30,"Red Skull":31,"Paper Frog":11},{"Lantern":16,"Calipers":23,"CeramicFish":11,"Oddly Smooth Stone":10,"Eternal Feather":19,"Pen Nib":10,"The Courier":11,"Charon\u0027s Ashes":12,"Bag of Preparation":6,"Juzu Bracelet":8,"Orichalcum":5,"Frozen Egg 2":16,"Smiling Mask":5,"Burning Blood":0,"Akabeko":24,"Centennial Puzzle":17,"HornCleat":21,"Snecko Eye":15,"Tiny Chest":10,"Fusion Hammer":9,"Toxic Egg 2":13,"Red Skull":14,"Paper Frog":6},{"Lantern":55,"Calipers":95,"CeramicFish":41,"Oddly Smooth Stone":39,"Eternal Feather":71,"Pen Nib":39,"The Courier":41,"Charon\u0027s Ashes":44,"Bag of Preparation":18,"Juzu Bracelet":24,"Orichalcum":14,"Frozen Egg 2":55,"Smiling Mask":14,"Burning Blood":0,"Akabeko":97,"Centennial Puzzle":62,"HornCleat":80,"Snecko Eye":54,"Tiny Chest":39,"Fusion Hammer":36,"Toxic Egg 2":48,"Red Skull":49,"Paper Frog":18}]},"card_choices":[{"not_picked":["Clash","Entrench"],"picked":"Thunderclap","floor":1},{"not_picked":["Perfected Strike","Wild Strike"],"picked":"Whirlwind","floor":2},{"not_picked":["Flex","Wild Strike"],"picked":"Sword Boomerang","floor":3},{"not_picked":["Uppercut","Warcry"],"picked":"Impervious","floor":4},{"not_picked":["Sever Soul","Rage","Rampage"],"picked":"SKIP","floor":7},{"not_picked":["Warcry","Dark Embrace"],"picked":"Headbutt","floor":11},{"not_picked":["Iron Wave","Havoc"],"picked":"Shrug It Off","floor":13},{"not_picked":["Warcry","Uppercut"],"picked":"Disarm","floor":14},{"not_picked":["Fiend Fire","Impervious"],"picked":"Immolate","floor":16},{"not_picked":["Iron Wave","Armaments","Second Wind"],"picked":"SKIP","floor":18},{"not_picked":["Barricade","Heavy Blade"],"picked":"Pommel Strike","floor":23},{"not_picked":["Clothesline","Warcry"],"picked":"Shrug It Off+1","floor":27},{"not_picked":["Combust+1","Clash"],"picked":"Infernal Blade+1","floor":29},{"not_picked":["Dual Wield+1","Combust"],"picked":"Immolate","floor":31},{"not_picked":["Berserk","Juggernaut"],"picked":"Exhume+1","floor":33},{"not_picked":["Sword Boomerang","Disarm+1"],"picked":"Whirlwind+1","floor":35},{"not_picked":["Sword Boomerang","Fire Breathing+1"],"picked":"True Grit+1","floor":40},{"not_picked":["Warcry+1","Clothesline"],"picked":"Inflame+1","floor":41},{"not_picked":["Second Wind+1","Perfected Strike"],"picked":"Reaper","floor":44},{"not_picked":["Wild Strike+1","Bloodletting+1"],"picked":"Evolve+1","floor":45},{"not_picked":["Intimidate+1","Rupture+1","Clash"],"picked":"SKIP","floor":46},{"not_picked":["Pummel+1","Infernal Blade+1","Blood for Blood+1"],"picked":"SKIP","floor":48},{"not_picked":["Carnage","Body Slam+1"],"picked":"Offering+1","floor":54}],"player_experience":1050255,"relics_obtained":[{"floor":7,"key":"Orichalcum"},{"floor":9,"key":"Smiling Mask"},{"floor":11,"key":"Paper Frog"},{"floor":12,"key":"Bag of Preparation"},{"floor":14,"key":"Juzu Bracelet"},{"floor":21,"key":"Oddly Smooth Stone"},{"floor":23,"key":"CeramicFish"},{"floor":26,"key":"The Courier"},{"floor":27,"key":"Charon\u0027s Ashes"},{"floor":31,"key":"Red Skull"},{"floor":39,"key":"Frozen Egg 2"},{"floor":40,"key":"Centennial Puzzle"},{"floor":44,"key":"Eternal Feather"},{"floor":46,"key":"HornCleat"},{"floor":54,"key":"Akabeko"}],"event_choices":[{"cards_removed":["Strike_R"],"damage_healed":0,"gold_gain":0,"player_choice":"Card Removal","damage_taken":0,"max_hp_gain":0,"max_hp_loss":0,"event_name":"The Cleric","floor":5,"gold_loss":50},{"damage_healed":0,"gold_gain":0,"player_choice":"Ignored","damage_taken":0,"max_hp_gain":0,"max_hp_loss":0,"event_name":"Vampires","floor":20,"gold_loss":0},{"damage_healed":0,"gold_gain":0,"player_choice":"Obtained Relic","damage_taken":0,"relics_obtained":["Tiny Chest"],"max_hp_gain":0,"max_hp_loss":0,"event_name":"Addict","floor":22,"gold_loss":85},{"damage_healed":0,"gold_gain":0,"player_choice":"Read","damage_taken":0,"max_hp_gain":0,"max_hp_loss":0,"event_name":"The Library","floor":24,"gold_loss":0,"cards_obtained":["Inflame"]},{"damage_healed":0,"gold_gain":0,"player_choice":"Obtain J.A.X.","damage_taken":0,"max_hp_gain":0,"max_hp_loss":0,"event_name":"Drug Dealer","floor":28,"gold_loss":0,"cards_obtained":["J.A.X."]},{"cards_removed":["Pommel Strike"],"damage_healed":0,"gold_gain":0,"player_choice":"Removed Attack","damage_taken":0,"max_hp_gain":0,"max_hp_loss":0,"event_name":"Falling","floor":37,"gold_loss":0}],"is_beta":false,"boss_relics":[{"not_picked":["Runic Cube","Pandora\u0027s Box"],"picked":"Fusion Hammer"},{"not_picked":["Cursed Key","Black Blood"],"picked":"Snecko Eye"}],"items_purged_floors":[19,30,36,53],"is_endless":false,"potions_floor_spawned":[2,3,4,11,16,18,27,31,35,45,54],"ascension_level":5}}