{"host":"9slw7l0ws16384qq","time":1611838769,"event":{"mods":["A Penny For Your Troubles","BaseMod","Clockwork Mod","Colored Map","Evolution","Fiend Mod","Hermit","Hubris","Minty Spire (QoL Compilation)","Railgun Mod","Replay The Spire","Shedinja","StS++","StSLib","The Marked"],"gold_per_floor":[10,10,10,10,20,20,32,32,111,111,130,130,55,86,86,189,189,201,101,117,117,135,135,135,154,178,190,214,226,256,285,297,413,425,455,467,62,74,91,91,102,102,114,114,114,114,114,115],"floor_reached":51,"language":"FRA","playtime":2471,"items_purged":["hermit:Strike_Hermit","hermit:Snapshot+1","hermit:HighCaliber+1"],"score":1306,"play_id":"5348a0ad-b8a6-436d-86d3-0ea05c537ea7","local_time":"20210128135929","is_ascension_mode":true,"campfire_choices":[{"data":"hermit:HighCaliber","floor":6.0,"key":"SMITH"},{"data":"hermit:Maintenance","floor":8.0,"key":"SMITH"},{"data":"hermit:Snapshot","floor":12.0,"key":"SMITH"},{"floor":15.0,"key":"DIG"},{"data":"hermit:HighNoon","floor":23,"key":"SMITH"},{"data":"hermit:Strike_Hermit","floor":27,"key":"SMITH"},{"data":"hermit:Defend_Hermit+1","floor":32,"key":"PURGE"},{"data":"hermit:Adapt","floor":40,"key":"SMITH"},{"floor":49,"key":"REST"}],"circlet_count":0,"master_deck":["hermit:Strike_Hermit+1","hermit:Strike_Hermit+1","hermit:Defend_Hermit+1","hermit:Defend_Hermit+1","hermit:Covet","hermit:BodyArmor+1","hermit:Maintenance+1","hermit:HighNoon+1","hermit:Coalescence+1","hermit:Adapt+1","CurseOfTheBell"],"relics":["hermit:Momento","EVO:Axolotl","Torii","hermit:Horseshoe","Pen Nib","hubris:DeckOfHolding","StSpp:PileOfSugar","hubris:Towel","MawBank","Calling Bell","CeramicFish","Question Card","hubris:Teleporter","Onion Ring","ReplayTheSpireMod:Ninjato","Darkstone Periapt"],"acts_visited":["Exordium","TheCity","TheBeyond"],"potions_floor_usage":[35,50,50,50],"damage_taken":[{"damage":1.0,"enemies":"2 Louse","floor":1.0,"turns":3.0},{"damage":1.0,"enemies":"Cultist","floor":5.0,"turns":3.0},{"damage":7.0,"enemies":"Jaw Worm","floor":7.0,"turns":3.0},{"damage":0.0,"enemies":"Large Slime","floor":11.0,"turns":5.0},{"damage":11.0,"enemies":"3 Sentries","floor":14.0,"turns":5.0},{"damage":48.0,"enemies":"Fading Forest","floor":16.0,"turns":11.0},{"damage":0,"enemies":"Chosen","floor":18,"turns":3},{"damage":0,"enemies":"3 Byrds","floor":20,"turns":7},{"damage":2,"enemies":"Cultist and Chosen","floor":22,"turns":6},{"damage":0,"enemies":"Shelled Parasite and Fungi","floor":25,"turns":5},{"damage":1,"enemies":"3 Cultists","floor":28,"turns":5},{"damage":0,"enemies":"Centurion and Healer","floor":30,"turns":4},{"damage":0,"enemies":"Snake Plant","floor":31,"turns":4},{"damage":46,"enemies":"Pondfish","floor":33,"turns":8},{"damage":2,"enemies":"3 Darklings","floor":35,"turns":5},{"damage":31,"enemies":"Orb Walker","floor":38,"turns":5},{"damage":0,"enemies":"3 Darklings","floor":39,"turns":7},{"damage":1,"enemies":"4 Shapes","floor":42,"turns":6},{"damage":2,"enemies":"Maw","floor":44,"turns":6},{"damage":1,"enemies":"Donu and Deca","floor":50,"turns":9}],"seed_played":"8247803962887774412","potions_obtained":[{"floor":1.0,"key":"Adrenaline Potion"},{"floor":5.0,"key":"PowerPotion"},{"floor":22,"key":"StSpp:SecondWindPotion"},{"floor":28,"key":"Swift Potion"},{"floor":30,"key":"DistilledChaos"}],"is_trial":false,"path_per_floor":["M","?","$","?","M","R","M","R","T","?","M","R","$","E","R_BF","B",null,"M","$","M","$","M","R","?","M","T","R","M","?","M","M","R_BF","B",null,"M","?","$","M","M","R","M","T","M","T","$","?","R","B",null],"character_chosen":"HERMIT","items_purchased":["Onion Ring","PowerPotion"],"campfire_rested":1,"item_purchase_floors":[37,37],"current_hp_per_floor":[67,67,67,67,66,66,59,59,59,59,59,59,59,48,48,8,58,58,58,58,58,56,56,56,56,56,56,55,55,55,55,55,9,59,57,57,57,26,26,26,25,25,23,23,23,23,45,44],"gold":115,"neow_bonus":"ONE_RARE_RELIC","is_daily":false,"chose_seed":false,"campfire_upgraded":6,"win_rate":0.0,"timestamp":1611838769,"path_taken":["M","?","?","?","?","R","M","R","T","?","M","R","$","E","R_BF","BOSS","M","?","M","$","M","R","?","M","T","R","M","?","?","M","R_BF","BOSS","M","?","$","?","M","R","?","T","M","?","$","?","R","BOSS"],"items_purchased_type":["Relic","Potion"],"build_version":"2020-12-22","purchased_purges":3,"victory":true,"max_hp_per_floor":[75,75,75,75,75,75,75,75,75,75,75,75,75,75,75,75,75,75,75,75,75,75,75,75,75,75,75,75,75,75,75,75,75,75,75,75,75,75,75,75,75,75,75,75,75,75,75,75],"card_choices":[{"not_picked":["hermit:Malice","hermit:Deadeye","hermit:BigShot"],"picked":"SKIP","floor":1.0},{"not_picked":["hermit:Midnight","hermit:BodyArmor","hermit:Snipe"],"picked":"SKIP","floor":5.0},{"not_picked":["hermit:Midnight","hermit:Snipe"],"picked":"hermit:BodyArmor","floor":5.0},{"not_picked":["hermit:ItchyTrigger","hermit:Feint"],"picked":"hermit:Maintenance","floor":7.0},{"not_picked":["hermit:HighCaliber","hermit:EyeOfTheStorm","hermit:Coalescence"],"picked":"SKIP","floor":11.0},{"not_picked":["hermit:HighCaliber","hermit:FinalCanter","hermit:WideOpen"],"picked":"SKIP","floor":14.0},{"not_picked":["hermit:BlackWind","hermit:OverwhelmingPower"],"picked":"hermit:HighNoon","floor":16.0},{"not_picked":["hermit:DeadMansHand","hermit:LoneWolf","hermit:TrackingShot"],"picked":"SKIP","floor":18},{"not_picked":["hermit:LoneWolf","hermit:Maintenance","hermit:ShadowCloak+1"],"picked":"SKIP","floor":20},{"not_picked":["hermit:Roulette+1","hermit:WideOpen","hermit:Shortfuse+1"],"picked":"SKIP","floor":22},{"not_picked":["hermit:Glare","hermit:TakeCover","hermit:Roulette+1"],"picked":"SKIP","floor":25},{"not_picked":["hermit:Maintenance+1","hermit:Virtue+1","hermit:CalledShot"],"picked":"SKIP","floor":28},{"not_picked":["hermit:Shortfuse","hermit:Roulette"],"picked":"hermit:Coalescence+1","floor":30},{"not_picked":["hermit:Coalescence+1","hermit:Deadeye","hermit:Gestalt"],"picked":"SKIP","floor":31},{"not_picked":["hermit:Reprieve","hermit:Roughhouse"],"picked":"hermit:Adapt","floor":33},{"not_picked":["hermit:Snipe","hermit:Ricochet+1","hermit:WideOpen+1","hermit:ItchyTrigger+1"],"picked":"SKIP","floor":35},{"not_picked":["hermit:PistolWhip","hermit:LowProfile+1","hermit:Determination+1","hermit:Gestalt+1"],"picked":"SKIP","floor":38},{"not_picked":["hermit:ItchyTrigger","hermit:Feint+1","hermit:Brawl+1","hermit:HoleUp"],"picked":"SKIP","floor":39},{"not_picked":["hermit:ItchyTrigger","hermit:Coalescence","hermit:WideOpen+1","hermit:GoldenBullet+1"],"picked":"SKIP","floor":42},{"not_picked":["hermit:HighCaliber","hermit:HoleUp","hermit:Misfire+1","hermit:Manifest+1"],"picked":"SKIP","floor":44}],"player_experience":2070026,"relics_obtained":[{"floor":9.0,"key":"hermit:Horseshoe"},{"floor":14.0,"key":"Pen Nib"},{"floor":15.0,"key":"hubris:DeckOfHolding"},{"floor":26,"key":"MawBank"},{"floor":34,"key":"CeramicFish"},{"floor":34,"key":"Question Card"},{"floor":34,"key":"hubris:Teleporter"},{"floor":43,"key":"ReplayTheSpireMod:Ninjato"},{"floor":45,"key":"Darkstone Periapt"}],"event_choices":[{"damage_healed":0.0,"max_hp_gain":0.0,"max_hp_loss":0.0,"gold_gain":0.0,"cards_transformed":["hermit:Defend_Hermit"],"event_name":"Transmorgrifier","player_choice":"Transformed","floor":2.0,"gold_loss":0.0,"damage_taken":0.0,"cards_obtained":["hermit:HighCaliber"]},{"cards_removed":["hermit:Strike_Hermit"],"damage_healed":0.0,"max_hp_gain":0.0,"max_hp_loss":0.0,"gold_gain":0.0,"event_name":"Purifier","player_choice":"Purged","floor":4.0,"gold_loss":0.0,"damage_taken":0.0},{"damage_healed":0.0,"max_hp_gain":0.0,"max_hp_loss":0.0,"gold_gain":0.0,"event_name":"Accursed Blacksmith","player_choice":"Forge","floor":10.0,"gold_loss":0.0,"damage_taken":0.0,"cards_upgraded":["hermit:BodyArmor"]},{"damage_healed":0,"gold_gain":0,"player_choice":"Simplicity","damage_taken":0,"max_hp_gain":0,"max_hp_loss":0,"event_name":"Back to Basics","floor":29,"gold_loss":0,"cards_upgraded":["hermit:Strike_Hermit","hermit:Defend_Hermit","hermit:Defend_Hermit","hermit:Defend_Hermit"]},{"damage_healed":0,"gold_gain":0,"player_choice":"Bought 0 Potions","damage_taken":0,"max_hp_gain":0,"max_hp_loss":0,"event_name":"The Woman in Blue","floor":36,"gold_loss":0}],"is_beta":false,"boss_relics":[{"not_picked":["Fiend:Scarf","Runic Pyramid"],"picked":"StSpp:PileOfSugar"},{"not_picked":["Replay:Drink Me","hermit:ClaspedLocket"],"picked":"Calling Bell"}],"items_purged_floors":[13,19,37],"is_endless":false,"potions_floor_spawned":[1,5,22,28,30,39,44],"ascension_level":9}}