{"host":"350rh84kbmtekt58","time":1611829339,"event":{"mods":["AchievementEnabler","Act Like it!","BaseMod","Better Synergies","Block Reminder","CapriCore","Challenge The Spire","Colored Map","Colored Powertips","Communication Mod","Downfall","Energized Spire","Friendly Minions","GifTheSpireLib","Highlight Path","Minty Spire (QoL Compilation)","Quick Restart","Replay The Spire","Shop Mod","StSLib","The Animator","The Disciple","The Immortal","The Marked","The Runesmith","The Servant 0.9.4","The Wild Card","Transform Curses","yUi"],"gold_per_floor":[426,12,44,73,99,99,99,99,129,164,199,199,29,29,59,91,122,122,122],"floor_reached":18,"language":"ENG","playtime":1701,"items_purged":[],"score":395,"play_id":"16e4ed1b-00c6-4753-ba89-22531a93be18","local_time":"20210128042219","daily_mods":["challengethespire:Silver Difficulty","challengethespire:Elite Rush","Uncertain Future"],"is_ascension_mode":true,"campfire_choices":[{"data":"ReplayUltimateDefense","floor":7,"key":"SMITH"},{"data":"DevaForm","floor":8,"key":"SMITH"},{"data":"BattleHymn","floor":14,"key":"SMITH"}],"circlet_count":0,"master_deck":["AscendersBane","Strike_P","Strike_P+1","Strike_P","Strike_P","Defend_P","Defend_P","Defend_P","Defend_P","Eruption+1","Vigilance","MasterReality","ReplayUltimateDefense+1","Fasting2","Dramatic Entrance","ThirdEye","CutThroughFate","Vault","DevaForm+1","Fasting2","Prostrate","ReachHeaven","Alpha","ReplayTheSpireMod:IOU","Bandage Up","BattleHymn+1","DeusExMachina","DevaForm","Worship"],"relics":["PureWater","Black Star","Sling","PreservedInsect","Eternal Feather","Art of War","Whetstone","Bird Faced Urn","Blood Vial","Replay:Wax Seal","Gremlin Horn","Chameleon Ring","energizedSpire:RedRose","Replay:Baseball","Replay:Bottled Steam","Replay:Accelerometer","Letter Opener","Smiling Mask","Oddly Smooth Stone","Runic Pyramid","Guardian:PocketSentry","Bag of Marbles","Replay:Bottled Snecko","ReplayFunnel","Quantum Egg","Torii","Vajra"],"acts_visited":["Exordium"],"potions_floor_usage":[10,15,16,17],"damage_taken":[{"damage":1,"enemies":"Lagavulin","floor":3,"turns":7},{"damage":0,"enemies":"Gremlin Nob","floor":4,"turns":3},{"damage":19,"enemies":"3 Sentries","floor":5,"turns":6},{"damage":0,"enemies":"Gremlin Leader","floor":9,"turns":6},{"damage":4,"enemies":"Book of Stabbing","floor":10,"turns":8},{"damage":25,"enemies":"Slavers","floor":11,"turns":6},{"damage":10,"enemies":"Reptomancer","floor":15,"turns":5},{"damage":67,"enemies":"Giant Head","floor":16,"turns":6},{"damage":1,"enemies":"Nemesis","floor":17,"turns":8},{"damage":34,"enemies":"Shield and Spear","floor":18,"turns":3}],"seed_played":"3750436061767953072","potions_obtained":[{"floor":9,"key":"Dexterity Potion"},{"floor":11,"key":"sneckomod:MuddlingPotion"},{"floor":15,"key":"hexamod:SoulburnPotion"},{"floor":16,"key":"SpeedPotion"}],"is_trial":true,"path_per_floor":["$","$","E","E","E","T","R","R","E","E","E","T","$","R","E","E","E","E"],"character_chosen":"WATCHER","items_purchased":["Eternal Feather","Art of War","MasterReality","ReplayUltimateDefense","Fasting2","Dramatic Entrance","ThirdEye","CutThroughFate","Guardian:PocketSentry","Bandage Up","BattleHymn"],"campfire_rested":0,"item_purchase_floors":[1,1,1,2,2,2,2,2,13,13,13],"current_hp_per_floor":[65,65,64,64,55,55,67,72,72,69,54,54,54,69,72,8,27,0,0],"gold":122,"neow_bonus":"","is_daily":false,"chose_seed":false,"campfire_upgraded":3,"win_rate":0.0,"timestamp":1611829339,"path_taken":["$","$","E","E","E","T","R","R","E","E","E","T","$","R","E","E","E","E"],"items_purchased_type":["Relic","Relic","Card","Card","Card","Card","Card","Card","Relic","Card","Card"],"build_version":"2020-12-22","purchased_purges":0,"victory":false,"max_hp_per_floor":[72,72,72,72,72,72,72,72,72,72,72,72,72,72,72,72,72,72,72],"card_choices":[],"player_experience":199617,"relics_obtained":[{"floor":3,"key":"Whetstone"},{"floor":3,"key":"Bird Faced Urn"},{"floor":4,"key":"Blood Vial"},{"floor":4,"key":"Replay:Wax Seal"},{"floor":5,"key":"Gremlin Horn"},{"floor":5,"key":"Chameleon Ring"},{"floor":9,"key":"Replay:Baseball"},{"floor":9,"key":"Replay:Bottled Steam"},{"floor":10,"key":"Replay:Accelerometer"},{"floor":10,"key":"Letter Opener"},{"floor":11,"key":"Smiling Mask"},{"floor":11,"key":"Oddly Smooth Stone"},{"floor":15,"key":"Bag of Marbles"},{"floor":15,"key":"Replay:Bottled Snecko"},{"floor":16,"key":"ReplayFunnel"},{"floor":16,"key":"Quantum Egg"},{"floor":17,"key":"Torii"},{"floor":17,"key":"Vajra"}],"event_choices":[],"is_beta":false,"boss_relics":[{"not_picked":["Snecko Eye","Velvet Choker"],"picked":"energizedSpire:RedRose"},{"not_picked":["Empty Cage","Fusion Hammer"],"picked":"Runic Pyramid"}],"items_purged_floors":[],"is_endless":false,"potions_floor_spawned":[9,11,15,16],"killed_by":"Shield and Spear","ascension_level":10}}