{"host":"o7j6aatxjwpw1421","time":1611845077,"event":{"mods":["2.2 Compatiblity","AchievementEnabler","BaseMod","Colored Map","DeckTracker","Highlight Path","Keyboard Shortcuts","Minty Spire (QoL Compilation)","Permanent Neow","Quick Restart","StSLib","SuperFastMode","everything is the same but u backflip on backflip"],"gold_per_floor":[115,134,144,69,69,69,85,117,117,117,117,148,166,180,180,285,285,256,82,82,102,102,102,102],"floor_reached":23,"language":"KOR","playtime":1085,"items_purged":["Strike_B","Defend_B"],"score":241,"play_id":"58c1c6bd-f06d-4f3f-bba0-7c983869b859","local_time":"20210128234437","is_ascension_mode":true,"campfire_choices":[{"data":"Zap","floor":6.0,"key":"SMITH"},{"data":"Chaos","floor":11.0,"key":"SMITH"},{"floor":15.0,"key":"REST"}],"circlet_count":0,"master_deck":["Strike_B","Strike_B","Strike_B","Defend_B","Defend_B","Defend_B","Zap+1","Dualcast+1","Recycle","Heatsinks+1","Chaos+1","Glacier","Streamline","Chaos","Core Surge","Loop","Tempest","Necronomicurse","Genetic Algorithm+1","Sunder"],"relics":["Cracked Core","Orichalcum","Potion Belt","Ancient Tea Set","Question Card","SacredBark","Necronomicon"],"acts_visited":["Exordium","TheCity"],"potions_floor_usage":[23],"damage_taken":[{"damage":0.0,"enemies":"Small Slimes","floor":1.0,"turns":2.0},{"damage":3.0,"enemies":"2 Louse","floor":2.0,"turns":3.0},{"damage":1.0,"enemies":"Cultist","floor":3.0,"turns":4.0},{"damage":13.0,"enemies":"Exordium Wildlife","floor":7.0,"turns":4.0},{"damage":23.0,"enemies":"3 Sentries","floor":8.0,"turns":6.0},{"damage":16.0,"enemies":"Gremlin Nob","floor":12.0,"turns":4.0},{"damage":14.0,"enemies":"Gremlin Gang","floor":13.0,"turns":6.0},{"damage":0.0,"enemies":"3 Louse","floor":14.0,"turns":3.0},{"damage":18.0,"enemies":"The Guardian","floor":16.0,"turns":11.0},{"damage":28.0,"enemies":"2 Thieves","floor":18.0,"turns":5.0},{"damage":6.0,"enemies":"Spheric Guardian","floor":21.0,"turns":4.0},{"damage":13,"enemies":"Book of Stabbing","floor":23,"turns":3}],"seed_played":"-5390524530871233728","potions_obtained":[{"floor":1.0,"key":"Regen Potion"},{"floor":2.0,"key":"CultistPotion"},{"floor":3.0,"key":"SpeedPotion"},{"floor":13.0,"key":"SteroidPotion"},{"floor":14.0,"key":"Explosive Potion"}],"is_trial":false,"path_per_floor":["M","M","M","$","?","R","M","E","T","?","R","E","M","M","R","B",null,"M","$","?","M","?","E"],"character_chosen":"DEFECT","items_purchased":["Tempest"],"campfire_rested":1,"item_purchase_floors":[19],"current_hp_per_floor":[75,72,71,71,56,56,43,34,34,39,39,23,9,9,33,15,80,52,52,36,30,30,17,17],"gold":102,"neow_bonus":"RANDOM_COMMON_RELIC","is_daily":false,"chose_seed":false,"campfire_upgraded":2,"win_rate":0.0,"timestamp":1611845077,"path_taken":["M","M","M","$","?","R","M","E","T","?","R","E","M","M","R","BOSS","M","$","?","M","?","E"],"items_purchased_type":["Card"],"build_version":"2020-12-22","purchased_purges":2,"victory":false,"max_hp_per_floor":[75,75,75,75,75,75,75,75,75,80,80,80,80,80,80,80,80,80,80,80,80,80,80,80],"card_choices":[{"not_picked":["Self Repair","Hello World"],"picked":"Recycle","floor":1.0},{"not_picked":["Hello World","Rebound","Barrage"],"picked":"SKIP","floor":2.0},{"not_picked":["Barrage","Stack"],"picked":"Heatsinks","floor":3.0},{"not_picked":["Streamline","Steam"],"picked":"Chaos","floor":7.0},{"not_picked":["Leap","Conserve Battery"],"picked":"Glacier","floor":8.0},{"not_picked":["Stack","Reprogram","Hyperbeam"],"picked":"SKIP","floor":12.0},{"not_picked":["Redo","Ball Lightning","Reprogram"],"picked":"Streamline","floor":13.0},{"not_picked":["Melter","Go for the Eyes","Ball Lightning"],"picked":"Chaos","floor":14.0},{"not_picked":["Amplify","Biased Cognition","Fission"],"picked":"Core Surge","floor":16.0},{"not_picked":["Genetic Algorithm","Steam Power+1","Hologram"],"picked":"Loop","floor":18.0},{"not_picked":["Coolheaded","Reinforced Body","Skim"],"picked":"Genetic Algorithm+1","floor":21.0}],"player_experience":637499,"relics_obtained":[{"floor":8.0,"key":"Potion Belt"},{"floor":9.0,"key":"Ancient Tea Set"},{"floor":12.0,"key":"Question Card"},{"floor":20.0,"key":"Necronomicon"}],"event_choices":[{"damage_healed":0.0,"max_hp_gain":0.0,"max_hp_loss":0.0,"gold_gain":0.0,"event_name":"Shining Light","player_choice":"Entered Light","floor":5.0,"gold_loss":0.0,"damage_taken":15.0,"cards_upgraded":["Heatsinks","Dualcast"]},{"damage_healed":0.0,"max_hp_gain":5.0,"max_hp_loss":0.0,"gold_gain":0.0,"event_name":"Big Fish","player_choice":"Donut","floor":10.0,"gold_loss":0.0,"damage_taken":0.0},{"damage_healed":0.0,"max_hp_gain":0.0,"max_hp_loss":0.0,"gold_gain":0.0,"event_name":"Cursed Tome","player_choice":"Obtained Book","floor":20.0,"gold_loss":0.0,"damage_taken":16.0},{"damage_healed":0.0,"max_hp_gain":0.0,"max_hp_loss":0.0,"gold_gain":0.0,"event_name":"The Library","player_choice":"Read","floor":22.0,"gold_loss":0.0,"damage_taken":0.0,"cards_obtained":["Sunder"]}],"is_beta":false,"boss_relics":[{"not_picked":["Runic Pyramid","Runic Dome"],"picked":"SacredBark"}],"items_purged_floors":[4,19],"is_endless":false,"potions_floor_spawned":[1,2,3,13,14],"killed_by":"Book of Stabbing","ascension_level":4}}