{"host":"1pwde2j81wdvsae3","time":1611806956,"event":{"mods":["BaseMod","Minty Spire (QoL Compilation)","Replay The Spire","Shop Mod","StSLib"],"gold_per_floor":[116,116,36,36,9,34,51,51,51,82,93,107,124,141,141,218,218,236,82,99,112,112,146,146,162,162,162,175,191,191,205,205,279,279,296,312,327,361,10,10,35,52,78,88,88,12,12,31,31,31,31],"floor_reached":50,"language":"ZHS","playtime":1961,"items_purged":["Delirium"],"score":1308,"play_id":"76210370-3cd8-48e3-9387-32d1a867fbfe","local_time":"20210128120916","is_ascension_mode":true,"campfire_choices":[{"data":"Hemokinesis","floor":8.0,"key":"SMITH"},{"floor":15.0,"key":"REST"},{"data":"Corruption","floor":24.0,"key":"SMITH"},{"floor":27.0,"key":"REST"},{"data":"RitualDagger","floor":30.0,"key":"SMITH"},{"floor":32.0,"key":"REST"},{"floor":40.0,"key":"REST"},{"data":"Bloodletting","floor":45.0,"key":"SMITH"},{"floor":49,"key":"REST"}],"circlet_count":0,"master_deck":["AscendersBane","Bash+1","Inflame+1","Hemokinesis+1","Sever Soul+1","Cleave","Uppercut","Rage","Dropkick","Cleave","Bloodletting+1","Blood for Blood","Iron Wave","Immolate+1","True Grit+1","ReplayTheSpireMod:Stacked","ReplayTheSpireMod:LeadingStrike+1","RitualDagger+1","Corruption+1","Flame Barrier","ReplayTheSpireMod:LeadingStrike","Thunderclap","Feel No Pain","Exhume","Metallicize","ReplayReversal","Dark Embrace","Burning Pact+1","Replay:Many Hands","Thunderclap","Hemogenesis","Wild Strike","Life Link+1","Defy Death","Battle Trance+1","ReplayTheSpireMod:Doomed","Feel No Pain","Combust+1","True Grit+1","Apotheosis+1","Clothesline+1","Ghostly Armor","ReplayTheSpireMod:Stacked","CommonCold","Body Slam+1","Fire Breathing+1","Shame","Shrug It Off"],"relics":["Burning Blood","NeowsBlessing","Kunai","Ornamental Fan","Chameleon Ring","Replay:Grab Bag","Cursed Key","Velvet Choker","Honey Jar","Guide Book","ReplayTheSpireMod:Lightbulb","Oddly Smooth Stone","Pandora\u0027s Box","Golden Egg","Charon\u0027s Ashes","War Paint","Girya"],"acts_visited":["Exordium","TheCity","TheBeyond"],"potions_floor_usage":[50,50],"damage_taken":[{"damage":0.0,"enemies":"Small Slimes","floor":1.0,"turns":1.0},{"damage":0.0,"enemies":"Lagavulin","floor":6.0,"turns":1.0},{"damage":0.0,"enemies":"Cultist","floor":7.0,"turns":1.0},{"damage":28.0,"enemies":"3 Sentries","floor":10.0,"turns":5.0},{"damage":5.0,"enemies":"2 Louse","floor":11.0,"turns":2.0},{"damage":9.0,"enemies":"Looter","floor":12.0,"turns":3.0},{"damage":5.0,"enemies":"Exordium Thugs","floor":13.0,"turns":2.0},{"damage":23.0,"enemies":"Exordium Wildlife","floor":14.0,"turns":4.0},{"damage":53.0,"enemies":"Hexaghost","floor":16.0,"turns":8.0},{"damage":14.0,"enemies":"2 Thieves","floor":18.0,"turns":2.0},{"damage":14.0,"enemies":"Shell Parasite","floor":20.0,"turns":3.0},{"damage":2.0,"enemies":"Chosen and Byrds","floor":21.0,"turns":3.0},{"damage":2.0,"enemies":"Replay:Snechameleon","floor":23.0,"turns":5.0},{"damage":2.0,"enemies":"Cultist and Chosen","floor":25.0,"turns":4.0},{"damage":11.0,"enemies":"Shelled Parasite and Fungi","floor":28.0,"turns":2.0},{"damage":19.0,"enemies":"Snake Plant","floor":29.0,"turns":4.0},{"damage":3.0,"enemies":"Snecko","floor":31.0,"turns":3.0},{"damage":24.0,"enemies":"Pondfish","floor":33.0,"turns":7.0},{"damage":18.0,"enemies":"Orb Walker","floor":35.0,"turns":4.0},{"damage":28.0,"enemies":"3 Shapes","floor":36.0,"turns":3.0},{"damage":12.0,"enemies":"Maw","floor":37.0,"turns":6.0},{"damage":3.0,"enemies":"Nemesis","floor":41.0,"turns":7.0},{"damage":24.0,"enemies":"Transient","floor":42.0,"turns":5.0},{"damage":13.0,"enemies":"3 Darklings","floor":44.0,"turns":4.0},{"damage":35,"enemies":"Sphere and 2 Shapes","floor":48,"turns":4},{"damage":69,"enemies":"Time Eater","floor":50,"turns":10}],"seed_played":"-3851357916309740704","potions_obtained":[{"floor":1.0,"key":"Venom Potion"},{"floor":7.0,"key":"LiquidBronze"},{"floor":10.0,"key":"SpeedPotion"},{"floor":12.0,"key":"Explosive Potion"},{"floor":16.0,"key":"AttackPotion"},{"floor":21.0,"key":"HeartOfIron"},{"floor":23.0,"key":"SkillPotion"},{"floor":25.0,"key":"Dexterity Potion"},{"floor":28.0,"key":"SteroidPotion"},{"floor":31.0,"key":"LiquidBronze"},{"floor":37.0,"key":"Explosive Potion"},{"floor":41.0,"key":"LiquidBronze"},{"floor":42.0,"key":"Elixir"}],"is_trial":false,"path_per_floor":["M","?","$","?","$","E","M","R","T","E","M","M","M","M","R","B",null,"M","$","M","M","?","E","R","M","T","R","M","M","R","M","R","B",null,"M","M","M","?","$","R","E","M","T","M","R","$","T","M","R","B"],"character_chosen":"IRONCLAD","items_purchased":["Hemokinesis","Cleave","Guide Book","True Grit+1","Apotheosis","Clothesline","Fire Breathing"],"campfire_rested":5,"item_purchase_floors":[3,5,19,39,39,39,46],"current_hp_per_floor":[74,74,74,74,74,75,75,75,75,53,54,51,52,35,57,10,59,51,51,43,47,41,45,45,49,49,71,66,53,53,56,75,57,71,59,37,42,42,42,64,74,73,73,66,66,66,66,37,59,0,0],"gold":31,"neow_bonus":"THREE_ENEMY_KILL","is_daily":false,"chose_seed":false,"campfire_upgraded":4,"win_rate":0.0,"timestamp":1611806956,"path_taken":["M","?","?","?","$","E","M","R","T","E","M","M","M","M","R","BOSS","M","$","M","M","?","E","R","M","T","R","M","M","R","M","R","BOSS","M","M","M","?","$","R","E","M","T","M","R","?","?","?","R","BOSS"],"items_purchased_type":["Card","Card","Relic","Card","Card","Card","Card"],"build_version":"2020-12-22","purchased_purges":1,"victory":false,"max_hp_per_floor":[75,75,75,75,75,75,75,75,75,75,75,75,75,75,75,75,75,75,75,75,75,75,75,75,75,75,75,75,75,75,75,75,75,75,75,75,75,75,75,75,75,75,75,75,75,75,75,75,75,75,75],"card_choices":[{"not_picked":["Entrench","Twin Strike"],"picked":"Inflame","floor":1.0},{"not_picked":["ReplayTheSpireMod:Muscle Training","ReplayTheSpireMod:Corrosion Curse"],"picked":"Uppercut","floor":6.0},{"not_picked":["Infernal Blade","Flex"],"picked":"Rage","floor":7.0},{"not_picked":["Eclipse","True Grit"],"picked":"Dropkick","floor":10.0},{"not_picked":["ReplayTheSpireMod:Limb From Limb","Dark Embrace"],"picked":"Cleave","floor":11.0},{"not_picked":["Havoc","Cleave"],"picked":"Bloodletting","floor":12.0},{"not_picked":["Searing Blow","Reckless Charge"],"picked":"Blood for Blood","floor":13.0},{"not_picked":["Dual Wield","Sentinel"],"picked":"Iron Wave","floor":14.0},{"not_picked":["Hemogenesis","Feed"],"picked":"Immolate","floor":16.0},{"not_picked":["Sword Boomerang","Pommel Strike","ReplayTheSpireMod:Strike From Hell"],"picked":"True Grit","floor":18.0},{"not_picked":["Feel No Pain","Perfected Strike","Heavy Blade"],"picked":"ReplayTheSpireMod:Stacked","floor":20.0},{"not_picked":["Pommel Strike","Headbutt","Demon Form"],"picked":"ReplayTheSpireMod:LeadingStrike+1","floor":21.0},{"not_picked":["Anger","Life Link","Warcry"],"picked":"Corruption","floor":23.0},{"not_picked":["ReplayTheSpireMod:Limb From Limb","Rampage","ReplayTheSpireMod:Stacked+1"],"picked":"Flame Barrier","floor":25.0},{"not_picked":["Warcry","True Grit","Double Tap"],"picked":"ReplayTheSpireMod:LeadingStrike","floor":28.0},{"not_picked":["Shrug It Off","Perfected Strike","Replay:Undeath\u0027s Touch"],"picked":"Thunderclap","floor":29.0},{"not_picked":["Anger","ReplayTheSpireMod:Strike From Hell","Flame Barrier"],"picked":"Feel No Pain","floor":31.0},{"not_picked":["Brutality","Bludgeon","Fiend Fire"],"picked":"Exhume","floor":33.0},{"not_picked":["Cleave","Thunderclap","Wild Strike"],"picked":"Life Link+1","floor":35.0},{"not_picked":["Twin Strike","True Grit","Run Through"],"picked":"Defy Death","floor":36.0},{"not_picked":["ReplayTheSpireMod:Muscle Training+1","Sword Boomerang","Blood for Blood"],"picked":"Battle Trance+1","floor":37.0},{"not_picked":["ReplayTheSpireMod:Strike From Hell","Warcry","Anger"],"picked":"Feel No Pain","floor":38.0},{"not_picked":["Warcry","Double Tap","Burning Pact"],"picked":"Combust+1","floor":38.0},{"not_picked":["Headbutt","Wild Strike","Inflame"],"picked":"Ghostly Armor","floor":41.0},{"not_picked":["Wild Strike","Entrench","Twin Strike+1"],"picked":"ReplayTheSpireMod:Stacked","floor":42.0},{"not_picked":["Pommel Strike","Run Through","Clash"],"picked":"Body Slam+1","floor":44.0},{"not_picked":["Hemogenesis","Iron Wave+1","Cleave"],"picked":"Shrug It Off","floor":48}],"player_experience":244683,"relics_obtained":[{"floor":6.0,"key":"Kunai"},{"floor":9.0,"key":"Ornamental Fan"},{"floor":10.0,"key":"Chameleon Ring"},{"floor":23.0,"key":"ReplayTheSpireMod:Lightbulb"},{"floor":26.0,"key":"Oddly Smooth Stone"},{"floor":38.0,"key":"Golden Egg"},{"floor":41.0,"key":"Charon\u0027s Ashes"},{"floor":43.0,"key":"War Paint"},{"floor":47.0,"key":"Girya"}],"event_choices":[{"damage_healed":0.0,"max_hp_gain":0.0,"max_hp_loss":0.0,"gold_gain":0.0,"event_name":"Upgrade Shrine","player_choice":"Upgraded","floor":2.0,"gold_loss":0.0,"damage_taken":0.0,"cards_upgraded":["Bash"]},{"damage_healed":0.0,"max_hp_gain":0.0,"max_hp_loss":0.0,"gold_gain":0.0,"event_name":"Nest","player_choice":"Joined the Cult","floor":22.0,"gold_loss":0.0,"damage_taken":6.0,"cards_obtained":["RitualDagger"]}],"is_beta":false,"boss_relics":[{"not_picked":["Kintsugi","Black Blood"],"picked":"Replay:Grab Bag"},{"not_picked":["Ooze Armor","Fusion Hammer"],"picked":"Cursed Key"},{"not_picked":["Coffee Dripper","Runic Dome"],"picked":"Velvet Choker"},{"not_picked":["SacredBark","Astrolabe"],"picked":"Honey Jar"},{"not_picked":["ReplayTheSpireMod:DimensionalGlitch","Replay:Wanted Poster"],"picked":"Pandora\u0027s Box"}],"items_purged_floors":[39],"is_endless":false,"potions_floor_spawned":[1,7,10,12,14,16,21,23,25,28,31,37,41,42],"killed_by":"Time Eater","ascension_level":15}}