{"host":"xi8yg1ddhptuxb9d","time":1611855494,"event":{"mods":["AchievementEnabler","AlwaysNeverKeys","BaseMod","Block Reminder","Minty Spire (QoL Compilation)","Relic Sorter","StSLib"],"gold_per_floor":[362,240,253,253,271,271,304,57,57,105,105,146,170,189,189,282,282,295,49,69,69,92,126,126,165,165,165,165],"floor_reached":27,"language":"ENG","playtime":1070,"items_purged":["Shame","Injury"],"score":469,"play_id":"9b0ce50e-c0f7-4f74-ac99-39f4b6bc77dc","local_time":"20210128123814","is_ascension_mode":true,"campfire_choices":[{"data":"Pommel Strike","floor":6.0,"key":"SMITH"},{"data":"Perfected Strike","floor":11.0,"key":"SMITH"},{"data":"Feed","floor":15,"key":"SMITH"},{"floor":24,"key":"REST"}],"circlet_count":0,"master_deck":["AscendersBane","Strike_R","Strike_R","Strike_R","Strike_R","Strike_R","Defend_R","Defend_R","Defend_R","Defend_R","Bash","Pommel Strike+1","Shrug It Off","Twin Strike","Carnage","Perfected Strike+1","Feed+1","Metallicize","Battle Trance","Reaper","Cleave","Perfected Strike"],"relics":["Burning Blood","Golden Idol","Pen Nib","Lee\u0027s Waffle","Self Forming Clay","Regal Pillow","The Courier","SacredBark","Calipers","Art of War","Mercury Hourglass","Kunai"],"acts_visited":["Exordium","TheCity"],"potions_floor_usage":[16,23,27,27],"damage_taken":[{"damage":12.0,"enemies":"Jaw Worm","floor":1.0,"turns":2.0},{"damage":0.0,"enemies":"Cultist","floor":3.0,"turns":3.0},{"damage":0.0,"enemies":"Small Slimes","floor":5.0,"turns":3.0},{"damage":46.0,"enemies":"Lagavulin","floor":7.0,"turns":7.0},{"damage":8.0,"enemies":"Gremlin Nob","floor":12.0,"turns":3.0},{"damage":15,"enemies":"Gremlin Gang","floor":13,"turns":5},{"damage":8,"enemies":"Blue Slaver","floor":14,"turns":6},{"damage":60,"enemies":"Hexaghost","floor":16,"turns":11},{"damage":0,"enemies":"Spheric Guardian","floor":18,"turns":3},{"damage":25,"enemies":"Chosen","floor":20,"turns":5},{"damage":19,"enemies":"Snake Plant","floor":22,"turns":3},{"damage":79,"enemies":"Book of Stabbing","floor":23,"turns":8},{"damage":75,"enemies":"Slavers","floor":25,"turns":7},{"damage":20,"enemies":"Centurion and Healer","floor":27,"turns":3}],"seed_played":"6719834980871837872","potions_obtained":[{"floor":5.0,"key":"BloodPotion"},{"floor":12.0,"key":"DistilledChaos"},{"floor":23,"key":"Strength Potion"},{"floor":25,"key":"Explosive Potion"}],"is_trial":false,"path_per_floor":["M","$","M","?","M","R","E","$","T","T","R","E","M","M","R","B",null,"M","$","M","?","M","E","R","E","T","M"],"character_chosen":"IRONCLAD","items_purchased":["Shrug It Off","Lee\u0027s Waffle","Calipers"],"campfire_rested":1,"item_purchase_floors":[2,8,19],"current_hp_per_floor":[62,62,68,68,74,74,34,82,82,82,82,80,74,75,75,21,71,81,81,66,66,57,24,69,16,16,0,0],"gold":165,"neow_bonus":"TWO_FIFTY_GOLD","is_daily":false,"chose_seed":false,"campfire_upgraded":3,"win_rate":0.0,"timestamp":1611855494,"path_taken":["M","$","M","?","M","R","E","$","T","?","R","E","M","M","R","BOSS","M","$","M","?","M","E","R","E","T","M"],"items_purchased_type":["Card","Relic","Relic"],"build_version":"2020-12-22","purchased_purges":2,"victory":false,"max_hp_per_floor":[75,75,75,75,75,75,75,82,82,82,82,82,85,88,88,88,88,92,92,96,96,100,100,100,104,104,108,108],"card_choices":[{"not_picked":["Metallicize","Flex"],"picked":"Pommel Strike","floor":1.0},{"not_picked":["Perfected Strike","True Grit"],"picked":"Twin Strike","floor":3.0},{"not_picked":["Flex","Iron Wave"],"picked":"Carnage","floor":5.0},{"not_picked":["Whirlwind","Body Slam"],"picked":"Perfected Strike","floor":7.0},{"not_picked":["Dropkick","Headbutt"],"picked":"Feed","floor":12.0},{"not_picked":["Havoc","Anger"],"picked":"Metallicize","floor":13},{"not_picked":["Dual Wield","Shrug It Off"],"picked":"Battle Trance","floor":14},{"not_picked":["Barricade","Limit Break"],"picked":"Reaper","floor":16},{"not_picked":["Armaments","Body Slam"],"picked":"Cleave","floor":18},{"not_picked":["Clash","Warcry","Clothesline"],"picked":"SKIP","floor":20},{"not_picked":["Whirlwind","Sword Boomerang","Entrench"],"picked":"SKIP","floor":22},{"not_picked":["Reckless Charge","True Grit"],"picked":"Perfected Strike","floor":23},{"not_picked":["Havoc","Clothesline","Feel No Pain"],"picked":"SKIP","floor":25}],"player_experience":682728,"relics_obtained":[{"floor":7.0,"key":"Pen Nib"},{"floor":9.0,"key":"Self Forming Clay"},{"floor":10.0,"key":"Regal Pillow"},{"floor":12.0,"key":"The Courier"},{"floor":23,"key":"Art of War"},{"floor":25,"key":"Mercury Hourglass"},{"floor":26,"key":"Kunai"}],"event_choices":[{"damage_healed":0.0,"max_hp_gain":0.0,"max_hp_loss":0.0,"gold_gain":0.0,"event_name":"Golden Idol","player_choice":"Take Wound","floor":4.0,"gold_loss":0.0,"damage_taken":0.0,"relics_obtained":["Golden Idol"],"cards_obtained":["Injury"]},{"damage_healed":0,"gold_gain":0,"player_choice":"Ignored","damage_taken":0,"max_hp_gain":0,"max_hp_loss":0,"event_name":"Vampires","floor":21,"gold_loss":0}],"is_beta":false,"boss_relics":[{"not_picked":["Runic Pyramid","Astrolabe"],"picked":"SacredBark"}],"items_purged_floors":[2,8],"is_endless":false,"potions_floor_spawned":[5,12,13,23,25],"killed_by":"Centurion and Healer","ascension_level":14}}