{"host":"7jl348xfsxr8glry","time":1611830060,"event":{"mods":["AchievementEnabler","BaseMod","Colored Map","Minty Spire (QoL Compilation)","Random Character Button","Unceasing Turn Reminder"],"gold_per_floor":[115,127,127,141,156,3,3,3,28,45,45,45,45,58,58,155,155,171,171,199,199,211,211,240,240,240,240,260,278,312,312,312,409,409,429,429,447,464,514,514,528,528,551,773,773,478,180,192,192,192],"floor_reached":51,"language":"ENG","playtime":5805,"items_purged":[],"score":775,"play_id":"7cc5fe10-cb52-40fd-a670-d75bad5e4dde","local_time":"20210128213420","is_ascension_mode":false,"campfire_choices":[{"floor":7,"key":"REST"},{"data":"CarveReality","floor":11,"key":"SMITH"},{"data":"Alpha","floor":15,"key":"SMITH"},{"data":"MasterReality","floor":23,"key":"SMITH"},{"data":"Vigilance","floor":25,"key":"SMITH"},{"data":"BowlingBash","floor":27,"key":"SMITH"},{"floor":32,"key":"REST"},{"floor":40,"key":"REST"},{"floor":42,"key":"REST"},{"floor":45,"key":"REST"},{"data":"Alpha","floor":49,"key":"SMITH"}],"circlet_count":0,"master_deck":["Strike_P","Strike_P","Strike_P","Strike_P","Defend_P","Defend_P","Defend_P","Defend_P","Eruption+1","Vigilance+1","Alpha+1","CrushJoints","CrushJoints","BowlingBash+1","EmptyBody","CarveReality+1","EmptyFist","MasterReality+1","EmptyFist","FlurryOfBlows","Alpha+1","FlurryOfBlows+1","ForeignInfluence+1","Sanctity+1"],"relics":["PureWater","PreservedInsect","FaceOfCleric","Happy Flower","SacredBark","Red Mask","Pear","Omamori","FossilizedHelix","Kunai","Sozu","Thread and Needle","Strawberry","Damaru","Anchor","Oddly Smooth Stone","Bronze Scales"],"acts_visited":["Exordium","TheCity","TheBeyond"],"potions_floor_usage":[16,18,20,28,30],"damage_taken":[{"damage":0,"enemies":"Cultist","floor":1,"turns":2},{"damage":3,"enemies":"Jaw Worm","floor":2,"turns":2},{"damage":0,"enemies":"2 Louse","floor":4,"turns":1},{"damage":10,"enemies":"Large Slime","floor":5,"turns":6},{"damage":0,"enemies":"Blue Slaver","floor":10,"turns":2},{"damage":0,"enemies":"Red Slaver","floor":14,"turns":1},{"damage":0,"enemies":"Slime Boss","floor":16,"turns":4},{"damage":17,"enemies":"2 Thieves","floor":18,"turns":4},{"damage":0,"enemies":"Masked Bandits","floor":20,"turns":3},{"damage":15,"enemies":"3 Byrds","floor":22,"turns":5},{"damage":0,"enemies":"Gremlin Leader","floor":24,"turns":6},{"damage":15,"enemies":"3 Cultists","floor":28,"turns":5},{"damage":25,"enemies":"Sentry and Sphere","floor":29,"turns":5},{"damage":31,"enemies":"Book of Stabbing","floor":30,"turns":4},{"damage":20,"enemies":"Champ","floor":33,"turns":8},{"damage":16,"enemies":"3 Shapes","floor":35,"turns":4},{"damage":63,"enemies":"3 Darklings","floor":37,"turns":6},{"damage":0,"enemies":"4 Shapes","floor":38,"turns":5},{"damage":21,"enemies":"Mind Bloom Boss Battle","floor":39,"turns":6},{"damage":0,"enemies":"Sphere and 2 Shapes","floor":41,"turns":4},{"damage":0,"enemies":"3 Darklings","floor":48,"turns":3},{"damage":76,"enemies":"Donu and Deca","floor":50,"turns":6}],"seed_played":"-4376772370875625000","potions_obtained":[{"floor":2,"key":"Energy Potion"},{"floor":4,"key":"Explosive Potion"},{"floor":10,"key":"Fire Potion"},{"floor":22,"key":"FairyPotion"},{"floor":24,"key":"EssenceOfSteel"},{"floor":29,"key":"FearPotion"}],"is_trial":false,"path_per_floor":["M","M","?","M","M","$","R","?","T","M","R","$","?","M","R","B",null,"M","?","?","T","M","R","E","R","T","R","M","M","E","?","R","B",null,"M","?","M","M","?","R","M","R","T","?","R","$","$","M","R","B",null],"character_chosen":"WATCHER","items_purchased":["PreservedInsect","Damaru","Anchor","Oddly Smooth Stone","Bronze Scales"],"campfire_rested":5,"item_purchase_floors":[6,46,46,47,47],"current_hp_per_floor":[72,69,69,69,59,59,72,72,72,73,73,73,70,71,71,72,75,59,76,77,87,73,73,74,74,74,74,60,36,6,6,33,14,93,78,94,32,33,13,42,43,72,79,79,105,105,105,106,106,31],"gold":192,"neow_bonus":"ONE_RANDOM_RARE_CARD","is_daily":false,"chose_seed":false,"campfire_upgraded":6,"win_rate":0.0,"timestamp":1611830060,"path_taken":["M","M","?","M","M","$","R","?","T","?","R","$","?","M","R","BOSS","M","?","?","?","M","R","E","R","T","R","M","M","E","?","R","BOSS","M","?","M","M","?","R","M","R","T","?","R","?","$","?","R","BOSS"],"items_purchased_type":["Relic","Relic","Relic","Relic","Relic"],"build_version":"2020-12-22","purchased_purges":0,"victory":true,"max_hp_per_floor":[72,72,72,72,72,72,72,72,72,73,73,73,73,74,74,75,75,76,76,77,87,88,88,89,89,89,89,90,91,92,92,92,93,93,94,94,95,96,97,97,98,98,105,105,105,105,105,106,106,107],"card_choices":[{"not_picked":["Protect","MentalFortress"],"picked":"CrushJoints","floor":1},{"not_picked":["JustLucky","TalkToTheHand"],"picked":"CrushJoints","floor":2},{"not_picked":["PathToVictory","Prostrate"],"picked":"BowlingBash","floor":4},{"not_picked":["Alpha","JustLucky"],"picked":"EmptyBody","floor":5},{"not_picked":["Tantrum","Pray"],"picked":"CarveReality","floor":10},{"not_picked":["DeceiveReality","Evaluate"],"picked":"EmptyFist","floor":14},{"not_picked":["Blasphemy","Establishment"],"picked":"MasterReality","floor":16},{"not_picked":["Vengeance+1","ThirdEye"],"picked":"EmptyFist","floor":18},{"not_picked":["DeceiveReality","PathToVictory","Crescendo"],"picked":"SKIP","floor":22},{"not_picked":["ReachHeaven+1","PathToVictory+1","CutThroughFate"],"picked":"SKIP","floor":24},{"not_picked":["Halt","PathToVictory"],"picked":"FlurryOfBlows","floor":28},{"not_picked":["EmptyMind+1","JustLucky","ClearTheMind"],"picked":"SKIP","floor":29},{"not_picked":["Wallop+1","Protect","Ragnarok"],"picked":"SKIP","floor":30},{"not_picked":["Blasphemy","LessonLearned"],"picked":"Alpha","floor":33},{"not_picked":["WaveOfTheHand","ClearTheMind","Vengeance+1"],"picked":"SKIP","floor":35},{"not_picked":["JustLucky+1","WindmillStrike+1"],"picked":"FlurryOfBlows+1","floor":37},{"not_picked":["JustLucky+1","ThirdEye+1","Prostrate"],"picked":"SKIP","floor":38},{"not_picked":["PathToVictory","BowlingBash+1"],"picked":"ForeignInfluence+1","floor":39},{"not_picked":["Adaptation+1","CrushJoints"],"picked":"Sanctity+1","floor":41},{"not_picked":["BowlingBash+1","Collect+1","Halt+1"],"picked":"SKIP","floor":48}],"player_experience":159266,"relics_obtained":[{"floor":20,"key":"Red Mask"},{"floor":21,"key":"Pear"},{"floor":24,"key":"Omamori"},{"floor":26,"key":"FossilizedHelix"},{"floor":30,"key":"Kunai"},{"floor":39,"key":"Thread and Needle"},{"floor":43,"key":"Strawberry"}],"event_choices":[{"damage_healed":0,"gold_gain":0,"player_choice":"Grow","damage_taken":0,"max_hp_gain":0,"max_hp_loss":0,"event_name":"Living Wall","floor":3,"gold_loss":0,"cards_upgraded":["Eruption"]},{"damage_healed":0,"gold_gain":0,"player_choice":"Trade","damage_taken":0,"relics_obtained":["FaceOfCleric"],"max_hp_gain":0,"max_hp_loss":0,"event_name":"FaceTrader","floor":8,"gold_loss":0},{"damage_healed":0,"gold_gain":0,"player_choice":"Success","damage_taken":3,"relics_obtained":["Happy Flower"],"max_hp_gain":0,"max_hp_loss":0,"event_name":"Scrap Ooze","floor":13,"gold_loss":0},{"damage_healed":25,"gold_gain":0,"player_choice":"Heal","damage_taken":0,"max_hp_gain":0,"max_hp_loss":0,"event_name":"The Library","floor":19,"gold_loss":0},{"damage_healed":0,"gold_gain":0,"player_choice":"Fought Bandits","damage_taken":0,"max_hp_gain":0,"max_hp_loss":0,"event_name":"Masked Bandits","floor":20,"gold_loss":0},{"damage_healed":0,"gold_gain":0,"player_choice":"Smashed Altar","damage_taken":0,"max_hp_gain":0,"max_hp_loss":0,"event_name":"Forgotten Altar","floor":31,"gold_loss":0,"cards_obtained":["Decay"]},{"damage_healed":24,"gold_gain":0,"player_choice":"Writhe","damage_taken":0,"max_hp_gain":0,"max_hp_loss":0,"event_name":"Winding Halls","floor":36,"gold_loss":0,"cards_obtained":["Writhe"]},{"damage_healed":0,"gold_gain":0,"player_choice":"Fight","damage_taken":0,"max_hp_gain":0,"max_hp_loss":0,"event_name":"MindBloom","floor":39,"gold_loss":0},{"damage_healed":0,"gold_gain":222,"player_choice":"Wore Mask","damage_taken":0,"max_hp_gain":0,"max_hp_loss":0,"event_name":"Tomb of Lord Red Mask","floor":44,"gold_loss":0}],"is_beta":false,"boss_relics":[{"not_picked":["Cursed Key","Coffee Dripper"],"picked":"SacredBark"},{"not_picked":["Velvet Choker","Runic Pyramid"],"picked":"Sozu"}],"items_purged_floors":[],"is_endless":false,"potions_floor_spawned":[2,4,10,14,22,24,29,35,39,41],"ascension_level":0}}