{"host":"qgvpd00zvzorrg7j","time":1611804829,"event":{"mods":["BaseMod","Colored Map","Minty Spire (QoL Compilation)","Quick Restart","StSLib"],"gold_per_floor":[118,118,43,58,71,97,114,114,159,185,85,85,101,101,101,175,175,185,185,185,235,250,250,125,125,125,125,137,137,137,153,153,230,230,248,258,91,110,110,140,140,166,166,217,217,229,229,254,254,254,254,254,46,77,77],"floor_reached":56,"language":"ENG","playtime":2661,"items_purged":["Defend_R","Bash","Writhe","Cleave+1"],"score":2174,"play_id":"8f83f671-44b0-4c07-8ed0-b93e1cbc7793","local_time":"20210127223349","is_ascension_mode":true,"campfire_choices":[{"data":"Pommel Strike","floor":8.0,"key":"SMITH"},{"data":"Cleave","floor":12.0,"key":"SMITH"},{"data":"True Grit","floor":15.0,"key":"SMITH"},{"data":"Offering","floor":23.0,"key":"SMITH"},{"floor":25.0,"key":"REST"},{"data":"Iron Wave","floor":29.0,"key":"SMITH"},{"floor":32.0,"key":"RECALL"},{"data":"1","floor":45.0,"key":"LIFT"},{"data":"2","floor":47.0,"key":"LIFT"},{"data":"3","floor":49.0,"key":"LIFT"},{"data":"Thunderclap","floor":52,"key":"SMITH"}],"circlet_count":0,"master_deck":["AscendersBane","Defend_R+1","Defend_R+1","Rage+1","Thunderclap+1","Iron Wave+1","Pommel Strike+1","True Grit+1","Offering+1","Offering+1","Battle Trance+1","Spot Weakness+1","Dropkick+1","Pommel Strike"],"relics":["Burning Blood","NeowsBlessing","Sundial","Centennial Puzzle","War Paint","Astrolabe","Bag of Preparation","Calipers","Empty Cage","Omamori","Darkstone Periapt","Girya","Mango","Kunai","Eternal Feather"],"acts_visited":["TheEnding"],"potions_floor_usage":[55],"damage_taken":[{"damage":0.0,"enemies":"Cultist","floor":1.0,"turns":1.0},{"damage":0.0,"enemies":"2 Louse","floor":4.0,"turns":1.0},{"damage":0.0,"enemies":"Small Slimes","floor":5.0,"turns":1.0},{"damage":55.0,"enemies":"Gremlin Nob","floor":6.0,"turns":5.0},{"damage":0.0,"enemies":"2 Fungi Beasts","floor":7.0,"turns":4.0},{"damage":15.0,"enemies":"3 Sentries","floor":10.0,"turns":6.0},{"damage":2.0,"enemies":"Gremlin Gang","floor":13.0,"turns":3.0},{"damage":10.0,"enemies":"Hexaghost","floor":16.0,"turns":9.0},{"damage":12.0,"enemies":"Shell Parasite","floor":18.0,"turns":3.0},{"damage":14.0,"enemies":"2 Thieves","floor":22.0,"turns":2.0},{"damage":12.0,"enemies":"Chosen and Byrds","floor":28.0,"turns":3.0},{"damage":5.0,"enemies":"Shelled Parasite and Fungi","floor":31.0,"turns":5.0},{"damage":19.0,"enemies":"Automaton","floor":33.0,"turns":8.0},{"damage":24.0,"enemies":"3 Shapes","floor":35.0,"turns":2.0},{"damage":14.0,"enemies":"Orb Walker","floor":36.0,"turns":4.0},{"damage":12.0,"enemies":"Sphere and 2 Shapes","floor":38.0,"turns":1.0},{"damage":12.0,"enemies":"Nemesis","floor":40.0,"turns":5.0},{"damage":12.0,"enemies":"Reptomancer","floor":42.0,"turns":3.0},{"damage":6.0,"enemies":"2 Orb Walkers","floor":44.0,"turns":3.0},{"damage":12.0,"enemies":"Transient","floor":46.0,"turns":5.0},{"damage":12.0,"enemies":"Giant Head","floor":48.0,"turns":3.0},{"damage":30,"enemies":"Time Eater","floor":50,"turns":5},{"damage":35,"enemies":"Shield and Spear","floor":54,"turns":5},{"damage":13,"enemies":"The Heart","floor":55,"turns":8}],"seed_played":"656997947238170032","potions_obtained":[{"floor":6.0,"key":"Ancient Potion"},{"floor":10.0,"key":"Strength Potion"},{"floor":13.0,"key":"CultistPotion"},{"floor":16.0,"key":"ElixirPotion"},{"floor":48.0,"key":"GamblersBrew"}],"is_trial":false,"path_per_floor":["M","?","$","M","M","E","M","R","T","E","$","R","M","?","R","B",null,"M","?","?","?","M","R","$","R","T","$","M","R","?","M","R","B",null,"M","M","$","M","$","E","?","E","T","?","R","M","R","E","R","B",null,"R","$","E","B",null],"character_chosen":"IRONCLAD","items_purchased":["Omamori","Pommel Strike"],"campfire_rested":1,"item_purchase_floors":[37,53],"current_hp_per_floor":[74,74,74,75,75,26,32,32,32,23,23,23,27,27,27,23,62,56,56,35,35,27,27,27,51,51,51,45,45,45,46,46,33,68,50,42,42,36,36,30,66,60,60,74,74,68,68,62,62,38,70,70,70,41,34],"gold":77,"neow_bonus":"THREE_ENEMY_KILL","is_daily":false,"chose_seed":false,"campfire_upgraded":6,"win_rate":0.0,"timestamp":1611804829,"path_taken":["M","?","$","M","?","E","M","R","T","E","$","R","M","?","R","BOSS","M","?","?","?","M","R","$","R","T","$","M","R","?","?","R","BOSS","M","M","$","?","$","E","?","E","T","?","R","M","R","E","R","BOSS","R","$","E","BOSS"],"items_purchased_type":["Relic","Card"],"build_version":"2020-12-22","purchased_purges":4,"victory":true,"max_hp_per_floor":[75,75,75,75,75,75,75,75,75,75,75,75,75,75,75,75,75,75,75,80,80,80,80,80,80,80,80,80,80,80,80,80,80,80,80,80,80,80,80,80,66,66,66,80,80,80,80,80,80,80,80,80,80,80,80],"card_choices":[{"not_picked":["Headbutt","Havoc"],"picked":"Rage","floor":1.0},{"not_picked":["Twin Strike","Cleave"],"picked":"Thunderclap","floor":4.0},{"not_picked":["Dual Wield","Warcry"],"picked":"Cleave","floor":5.0},{"not_picked":["Infernal Blade","Berserk"],"picked":"Iron Wave","floor":6.0},{"not_picked":["Flex","Headbutt"],"picked":"Pommel Strike","floor":7.0},{"not_picked":["Burning Pact","Warcry","Flex"],"picked":"SKIP","floor":10.0},{"not_picked":["Flex","Uppercut"],"picked":"True Grit","floor":13.0},{"not_picked":["Double Tap","Bludgeon"],"picked":"Offering","floor":16.0},{"not_picked":["Heavy Blade","Thunderclap","Ghostly Armor"],"picked":"SKIP","floor":18.0},{"not_picked":["Iron Wave","Shrug It Off","Barricade"],"picked":"SKIP","floor":22.0},{"not_picked":["Wild Strike","Dark Embrace","Iron Wave"],"picked":"SKIP","floor":28.0},{"not_picked":["Cleave","Infernal Blade","Body Slam"],"picked":"SKIP","floor":31.0},{"not_picked":["Clothesline","Iron Wave+1","Thunderclap"],"picked":"SKIP","floor":35.0},{"not_picked":["Perfected Strike","Clash","Combust"],"picked":"SKIP","floor":36.0},{"not_picked":["Sever Soul+1","Disarm"],"picked":"Dropkick+1","floor":38.0},{"not_picked":["Pummel","Feel No Pain","Anger"],"picked":"SKIP","floor":40.0},{"not_picked":["Flex+1","Iron Wave+1","Battle Trance"],"picked":"SKIP","floor":42.0},{"not_picked":["Sever Soul","Evolve+1","Blood for Blood"],"picked":"SKIP","floor":46.0},{"not_picked":["Cleave","Flex","Dark Embrace+1"],"picked":"SKIP","floor":48.0},{"not_picked":["Flex","Clothesline","Sword Boomerang"],"picked":"SKIP","floor":54}],"player_experience":565409,"relics_obtained":[{"floor":6.0,"key":"Sundial"},{"floor":9.0,"key":"Centennial Puzzle"},{"floor":10.0,"key":"War Paint"},{"floor":26.0,"key":"Calipers"},{"floor":40.0,"key":"Darkstone Periapt"},{"floor":42.0,"key":"Girya"},{"floor":44.0,"key":"Mango"},{"floor":48.0,"key":"Kunai"},{"floor":54,"key":"Eternal Feather"}],"event_choices":[{"damage_healed":0.0,"max_hp_gain":0.0,"max_hp_loss":0.0,"gold_gain":0.0,"event_name":"Accursed Blacksmith","player_choice":"Forge","floor":2.0,"gold_loss":0.0,"damage_taken":0.0,"cards_upgraded":["Rage"]},{"cards_removed":["Defend_R"],"damage_healed":0.0,"max_hp_gain":0.0,"max_hp_loss":0.0,"gold_gain":0.0,"event_name":"Living Wall","player_choice":"Forget","floor":14.0,"gold_loss":0.0,"damage_taken":0.0},{"damage_healed":0.0,"max_hp_gain":0.0,"max_hp_loss":0.0,"gold_gain":0.0,"event_name":"The Mausoleum","player_choice":"Opened","floor":19.0,"gold_loss":0.0,"damage_taken":0.0,"relics_obtained":["Bag of Preparation"],"cards_obtained":["Writhe"]},{"damage_healed":0.0,"max_hp_gain":5.0,"max_hp_loss":0.0,"gold_gain":0.0,"event_name":"Forgotten Altar","player_choice":"Shed Blood","floor":20.0,"gold_loss":0.0,"damage_taken":26.0},{"damage_healed":0.0,"max_hp_gain":0.0,"max_hp_loss":0.0,"gold_gain":50.0,"event_name":"Nest","player_choice":"Stole From Cult","floor":21.0,"gold_loss":0.0,"damage_taken":0.0},{"damage_healed":0.0,"max_hp_gain":0.0,"max_hp_loss":0.0,"gold_gain":0.0,"event_name":"N\u0027loth","player_choice":"Ignored","floor":30.0,"gold_loss":0.0,"damage_taken":0.0},{"damage_healed":66.0,"max_hp_gain":0.0,"max_hp_loss":14.0,"gold_gain":0.0,"event_name":"The Moai Head","player_choice":"Heal","floor":41.0,"gold_loss":0.0,"damage_taken":0.0},{"damage_healed":0.0,"max_hp_gain":0.0,"max_hp_loss":0.0,"gold_gain":0.0,"event_name":"Mysterious Sphere","player_choice":"Fight","floor":44.0,"gold_loss":0.0,"damage_taken":0.0}],"is_beta":false,"boss_relics":[{"not_picked":["Black Star","Mark of Pain"],"picked":"Astrolabe"},{"not_picked":["Runic Cube","Snecko Eye"],"picked":"Empty Cage"}],"items_purged_floors":[3,11,24,53],"is_endless":false,"potions_floor_spawned":[6,10,13,16,22,28,33,35,40,44,48],"ascension_level":16}}