{"host":"xo3bvwoo3g0exv0i","time":1611815910,"event":{"mods":["BaseMod","Marisa????????","Minty Spire (QoL Compilation)"],"gold_per_floor":[115,115,127,142,160,193,208,208,208,233,233,198,198,223,223,338,338,374,374,21,41,56,56,88,3,80,98,98,109,144,160,160,262,262,277,297,297,297,297,327,327,87,87,119,132,179,194,0,0,0,0],"floor_reached":50,"language":"ENG","playtime":4192,"items_purged":["Fasting2+1"],"score":776,"play_id":"f3d89854-6795-4d0e-924c-da8fce525e5f","local_time":"20210128013830","is_ascension_mode":true,"campfire_choices":[{"data":"ForeignInfluence","floor":8.0,"key":"SMITH"},{"data":"Adaptation","floor":15.0,"key":"SMITH"},{"data":"Ghostly","floor":23,"key":"SMITH"},{"floor":32,"key":"RECALL"},{"data":"ClearTheMind","floor":41,"key":"SMITH"},{"data":"ForeignInfluence","floor":49,"key":"SMITH"}],"circlet_count":0,"master_deck":["Strike_P+1","Strike_P+1","Defend_P+1","Defend_P+1","Defend_P+1","Eruption+1","Vigilance","CutThroughFate","Consecrate","FollowUp","ForeignInfluence+1","Adaptation+1","Tantrum","CrushJoints","ClearTheMind+1","FollowUp","Blasphemy+1","TalkToTheHand+1","Vengeance+1","Ghostly+1","Ghostly","Ghostly+1","Ghostly","Ghostly+1","Study+1","Indignation+1","BowlingBash+1","ClearTheMind+1","ForeignInfluence+1"],"relics":["PureWater","Eternal Feather","Ice Cream","The Courier","Pocketwatch","Astrolabe","Anchor","Sling","Damaru","Tiny Chest","Toy Ornithopter","Pear","Oddly Smooth Stone","Black Star","War Paint","Meat on the Bone","Question Card","Pen Nib","HornCleat","TungstenRod","Ancient Tea Set","Potion Belt","Red Mask"],"acts_visited":["Exordium","TheCity","TheBeyond"],"potions_floor_usage":[22,29,35,40,46],"damage_taken":[{"damage":2.0,"enemies":"Small Slimes","floor":1.0,"turns":4.0},{"damage":0.0,"enemies":"Cultist","floor":3.0,"turns":2.0},{"damage":7.0,"enemies":"2 Louse","floor":4.0,"turns":2.0},{"damage":2.0,"enemies":"Looter","floor":5.0,"turns":2.0},{"damage":28.0,"enemies":"Gremlin Nob","floor":6.0,"turns":3.0},{"damage":6.0,"enemies":"Large Slime","floor":7.0,"turns":2.0},{"damage":17.0,"enemies":"3 Sentries","floor":10.0,"turns":4.0},{"damage":7.0,"enemies":"Gremlin Nob","floor":14.0,"turns":3.0},{"damage":0.0,"enemies":"Slime Boss","floor":16.0,"turns":3.0},{"damage":0.0,"enemies":"3 Byrds","floor":18.0,"turns":3.0},{"damage":0.0,"enemies":"2 Thieves","floor":21.0,"turns":3.0},{"damage":10,"enemies":"Chosen and Byrds","floor":22,"turns":4},{"damage":0,"enemies":"Gremlin Leader","floor":24,"turns":3},{"damage":1,"enemies":"Sentry and Sphere","floor":27,"turns":3},{"damage":2,"enemies":"Centurion and Healer","floor":29,"turns":4},{"damage":0,"enemies":"Book of Stabbing","floor":30,"turns":2},{"damage":2,"enemies":"Shelled Parasite and Fungi","floor":31,"turns":3},{"damage":3,"enemies":"Collector","floor":33,"turns":6},{"damage":10,"enemies":"Orb Walker","floor":35,"turns":3},{"damage":0,"enemies":"3 Shapes","floor":36,"turns":3},{"damage":15,"enemies":"Giant Head","floor":40,"turns":5},{"damage":1,"enemies":"Nemesis","floor":44,"turns":5},{"damage":0,"enemies":"Maw","floor":45,"turns":7},{"damage":0,"enemies":"Giant Head","floor":46,"turns":5},{"damage":0,"enemies":"Jaw Worm Horde","floor":47,"turns":3},{"damage":77,"enemies":"Time Eater","floor":50,"turns":9}],"seed_played":"1519747861905898154","potions_obtained":[{"floor":3.0,"key":"FairyPotion"},{"floor":7.0,"key":"Weak Potion"},{"floor":10.0,"key":"Regen Potion"},{"floor":14.0,"key":"Explosive Potion"},{"floor":18.0,"key":"Dexterity Potion"},{"floor":21.0,"key":"Fire Potion"},{"floor":24,"key":"StancePotion"},{"floor":33,"key":"CultistPotion"},{"floor":40,"key":"EntropicBrew"},{"floor":45,"key":"GamblersBrew"},{"floor":47,"key":"StancePotion"}],"is_trial":false,"path_per_floor":["M","?","M","M","M","E","M","R","T","E","?","?","?","E","R","B",null,"M","?","$","M","M","R","E","?","T","M","?","M","E","M","R","B",null,"M","M","?","T","?","E","R","$","T","E","M","E","M","?","R","B"],"character_chosen":"WATCHER","items_purchased":["Anchor","Sling","Damaru","Pen Nib","ForeignInfluence"],"campfire_rested":0,"item_purchase_floors":[20,20,20,42,42],"current_hp_per_floor":[70,70,70,63,61,33,27,36,36,19,37,55,55,57,69,69,72,72,36,36,36,26,36,36,36,46,45,45,44,44,42,46,43,46,36,36,36,36,36,26,41,41,41,40,40,41,41,41,41,0,0],"gold":0,"neow_bonus":"THREE_CARDS","is_daily":false,"chose_seed":false,"campfire_upgraded":5,"win_rate":0.0,"timestamp":1611815910,"path_taken":["M","?","?","M","M","E","M","R","T","E","?","?","?","E","R","BOSS","M","?","$","M","M","R","E","?","T","M","?","M","E","M","R","BOSS","M","M","?","?","?","E","R","?","T","E","M","E","M","?","R","BOSS"],"items_purchased_type":["Relic","Relic","Relic","Relic","Card"],"build_version":"2020-12-22","purchased_purges":1,"victory":false,"max_hp_per_floor":[72,72,72,72,72,72,72,72,72,72,72,72,72,72,72,72,72,72,36,36,36,36,36,36,36,46,46,46,46,46,46,46,46,46,46,46,43,43,41,41,41,41,41,41,41,41,41,41,41,41,41],"card_choices":[{"not_picked":["PathToVictory","Nirvana"],"picked":"CutThroughFate","floor":0.0},{"not_picked":["SashWhip","BowlingBash"],"picked":"Consecrate","floor":1.0},{"not_picked":["Nirvana","ThirdEye"],"picked":"FollowUp","floor":3.0},{"not_picked":["ReachHeaven","FlyingSleeves"],"picked":"ForeignInfluence","floor":4.0},{"not_picked":["LikeWater","Conclude"],"picked":"Adaptation","floor":5.0},{"not_picked":["EmptyMind","Evaluate"],"picked":"Tantrum","floor":6.0},{"not_picked":["FollowUp","SashWhip"],"picked":"CrushJoints","floor":7.0},{"not_picked":["BowlingBash","Crescendo"],"picked":"ClearTheMind","floor":10.0},{"not_picked":["Sanctity","Blasphemy"],"picked":"FollowUp","floor":14.0},{"not_picked":["Consecrate","Collect"],"picked":"Vengeance+1","floor":18.0},{"not_picked":["Wallop","Indignation","WheelKick"],"picked":"SKIP","floor":21.0},{"not_picked":["FearNoEvil","ThirdEye"],"picked":"Study+1","floor":22},{"not_picked":["FlyingSleeves","Evaluate+1"],"picked":"Indignation+1","floor":24},{"not_picked":["Protect","PathToVictory","BattleHymn"],"picked":"SKIP","floor":27},{"not_picked":["Nirvana+1","SandsOfTime+1","Worship"],"picked":"SKIP","floor":29},{"not_picked":["Consecrate","Alpha","SashWhip"],"picked":"SKIP","floor":30},{"not_picked":["Prostrate","Evaluate"],"picked":"BowlingBash+1","floor":31},{"not_picked":["Fasting2+1","CrushJoints","BowlingBash+1"],"picked":"SKIP","floor":35},{"not_picked":["CrushJoints","Evaluate","Tantrum"],"picked":"SKIP","floor":36},{"not_picked":["SashWhip+1","Blasphemy"],"picked":"ClearTheMind+1","floor":40},{"not_picked":["Meditate+1","Vault","SashWhip","Consecrate"],"picked":"SKIP","floor":44},{"not_picked":["Crescendo+1","EmptyFist","FollowUp","CrushJoints"],"picked":"SKIP","floor":45},{"not_picked":["Crescendo+1","EmptyFist","FollowUp","CrushJoints"],"picked":"SKIP","floor":45},{"not_picked":["FlurryOfBlows","Nirvana+1","Wallop","Protect+1"],"picked":"SKIP","floor":46},{"not_picked":["Meditate+1","EmptyBody+1","ThirdEye","Evaluate"],"picked":"SKIP","floor":47}],"player_experience":61403,"relics_obtained":[{"floor":6.0,"key":"Eternal Feather"},{"floor":9.0,"key":"Ice Cream"},{"floor":10.0,"key":"The Courier"},{"floor":14.0,"key":"Pocketwatch"},{"floor":24,"key":"Tiny Chest"},{"floor":26,"key":"Pear"},{"floor":30,"key":"Oddly Smooth Stone"},{"floor":38,"key":"War Paint"},{"floor":40,"key":"Meat on the Bone"},{"floor":40,"key":"Question Card"},{"floor":44,"key":"HornCleat"},{"floor":44,"key":"TungstenRod"},{"floor":46,"key":"Ancient Tea Set"},{"floor":46,"key":"Potion Belt"}],"event_choices":[{"damage_healed":0.0,"max_hp_gain":0.0,"max_hp_loss":0.0,"gold_gain":0.0,"event_name":"Upgrade Shrine","player_choice":"Upgraded","floor":2.0,"gold_loss":0.0,"damage_taken":0.0,"cards_upgraded":["Eruption"]},{"damage_healed":18.0,"max_hp_gain":0.0,"max_hp_loss":0.0,"gold_gain":0.0,"event_name":"Mushrooms","player_choice":"Healed and dodged fight","floor":11.0,"gold_loss":0.0,"damage_taken":0.0,"cards_obtained":["Parasite"]},{"damage_healed":18.0,"max_hp_gain":0.0,"max_hp_loss":0.0,"gold_gain":0.0,"event_name":"The Cleric","player_choice":"Healed","floor":12.0,"gold_loss":35.0,"damage_taken":0.0},{"damage_healed":0.0,"max_hp_gain":0.0,"max_hp_loss":0.0,"gold_gain":0.0,"event_name":"Liars Game","player_choice":"Ignored","floor":13.0,"gold_loss":0.0,"damage_taken":0.0},{"damage_healed":0.0,"max_hp_gain":0.0,"max_hp_loss":36.0,"gold_gain":0.0,"event_name":"Ghosts","player_choice":"Became a Ghost","floor":19.0,"gold_loss":0.0,"damage_taken":0.0,"cards_obtained":["Ghostly","Ghostly","Ghostly","Ghostly","Ghostly"]},{"damage_healed":0,"gold_gain":0,"player_choice":"Obtained Relic","damage_taken":0,"relics_obtained":["Toy Ornithopter"],"max_hp_gain":0,"max_hp_loss":0,"event_name":"Addict","floor":25,"gold_loss":85},{"damage_healed":0,"gold_gain":0,"player_choice":"Simplicity","damage_taken":0,"max_hp_gain":0,"max_hp_loss":0,"event_name":"Back to Basics","floor":28,"gold_loss":0,"cards_upgraded":["Strike_P","Strike_P","Defend_P","Defend_P","Defend_P"]},{"cards_removed":["Parasite"],"damage_healed":0,"gold_gain":0,"player_choice":"Card Removal","damage_taken":0,"max_hp_gain":0,"max_hp_loss":0,"event_name":"Wheel of Change","floor":37,"gold_loss":0},{"damage_healed":0,"gold_gain":0,"player_choice":"Max HP","damage_taken":0,"max_hp_gain":0,"max_hp_loss":2,"event_name":"Winding Halls","floor":39,"gold_loss":0},{"damage_healed":0,"gold_gain":0,"player_choice":"Paid","damage_taken":0,"relics_obtained":["Red Mask"],"max_hp_gain":0,"max_hp_loss":0,"event_name":"Tomb of Lord Red Mask","floor":48,"gold_loss":194}],"is_beta":false,"boss_relics":[{"not_picked":["SacredBark","Calling Bell"],"picked":"Astrolabe"},{"not_picked":["Fusion Hammer","Runic Pyramid"],"picked":"Black Star"}],"items_purged_floors":[42],"is_endless":false,"potions_floor_spawned":[3,7,10,14,18,21,24,27,33,40,45,47],"killed_by":"Time Eater","ascension_level":1}}