{"host":"og6lam4kt3nibbw0","time":1611857992,"event":{"mods":["AchievementEnabler","BaseMod","Colored Map","DeckTracker","Highlight Path","Keyboard Shortcuts","Minty Spire (QoL Compilation)","Permanent Neow","Quick Restart","StSLib","SuperFastMode"],"gold_per_floor":[118,133,145,160,160,160,171,183,183,183,201,201,219,229,229,306,306,325,301,176,176,176],"floor_reached":21,"language":"KOR","playtime":1012,"items_purged":["Strike_G"],"score":354,"play_id":"c5a7ef9f-a7f9-4fa7-aefe-46dc6d0efab3","local_time":"20210129031952","is_ascension_mode":true,"campfire_choices":[{"data":"Masterful Stab","floor":6.0,"key":"SMITH"},{"data":"Adrenaline","floor":10.0,"key":"SMITH"},{"floor":12.0,"key":"REST"},{"data":"Wraith Form v2","floor":15.0,"key":"SMITH"}],"circlet_count":0,"master_deck":["AscendersBane","Strike_G","Strike_G","Strike_G","Strike_G","Defend_G","Defend_G","Defend_G","Defend_G","Survivor","Neutralize","Masterful Stab+1","Quick Slash","Poisoned Stab","Footwork+1","PiercingWail","Adrenaline+1","Wraith Form v2+1","Grand Finale","Backflip"],"relics":["Ring of the Serpent","Pantograph"],"acts_visited":["Exordium","TheCity"],"potions_floor_usage":[],"damage_taken":[{"damage":11.0,"enemies":"Cultist","floor":1.0,"turns":5.0},{"damage":13.0,"enemies":"Small Slimes","floor":2.0,"turns":5.0},{"damage":2.0,"enemies":"Jaw Worm","floor":3.0,"turns":3.0},{"damage":1.0,"enemies":"2 Fungi Beasts","floor":4.0,"turns":3.0},{"damage":4.0,"enemies":"Exordium Wildlife","floor":7.0,"turns":5.0},{"damage":0.0,"enemies":"3 Louse","floor":8.0,"turns":4.0},{"damage":14.0,"enemies":"Gremlin Gang","floor":11.0,"turns":5.0},{"damage":12.0,"enemies":"Lots of Slimes","floor":13.0,"turns":6.0},{"damage":1.0,"enemies":"3 Louse","floor":14.0,"turns":4.0},{"damage":24.0,"enemies":"Hexaghost","floor":16.0,"turns":11.0},{"damage":38,"enemies":"Chosen","floor":18,"turns":7},{"damage":11,"enemies":"2 Thieves","floor":19,"turns":4},{"damage":8,"enemies":"Shelled Parasite and Fungi","floor":21,"turns":1}],"seed_played":"5619833289701048068","potions_obtained":[{"floor":1.0,"key":"CultistPotion"},{"floor":7.0,"key":"Swift Potion"},{"floor":11.0,"key":"GhostInAJar"},{"floor":16.0,"key":"CunningPotion"}],"is_trial":false,"path_per_floor":["M","M","M","M","?","R","M","M","T","R","M","R","M","M","R","B",null,"M","M","$","M"],"character_chosen":"THE_SILENT","items_purchased":["Backflip"],"campfire_rested":1,"item_purchase_floors":[20],"current_hp_per_floor":[48,35,33,32,32,32,28,28,28,28,14,33,21,20,20,21,55,17,6,6,0,0],"gold":176,"neow_bonus":"REMOVE_CARD","is_daily":false,"chose_seed":false,"campfire_upgraded":3,"win_rate":0.0,"timestamp":1611857992,"path_taken":["M","?","?","M","?","R","M","M","T","R","M","R","M","M","R","BOSS","M","M","$","?"],"items_purchased_type":["Card"],"build_version":"2020-12-22","purchased_purges":1,"victory":false,"max_hp_per_floor":[66,66,66,66,66,66,66,66,66,66,66,66,66,66,66,66,66,66,66,66,66,66],"card_choices":[{"not_picked":["Terror","Deflect"],"picked":"Masterful Stab","floor":1.0},{"not_picked":["Dagger Spray","Deflect"],"picked":"Quick Slash","floor":2.0},{"not_picked":["Expertise","Well Laid Plans"],"picked":"Poisoned Stab","floor":3.0},{"not_picked":["Dodge and Roll","Backflip"],"picked":"Footwork","floor":4.0},{"not_picked":["Sucker Punch","Underhanded Strike"],"picked":"PiercingWail","floor":7.0},{"not_picked":["Eviscerate","Quick Slash"],"picked":"Adrenaline","floor":8.0},{"not_picked":["Poisoned Stab","Dodge and Roll","Flying Knee"],"picked":"SKIP","floor":11.0},{"not_picked":["Dash","Deadly Poison","Dodge and Roll"],"picked":"SKIP","floor":13.0},{"not_picked":["Infinite Blades","Endless Agony"],"picked":"Wraith Form v2","floor":14.0},{"not_picked":["Venomology","Burst"],"picked":"Grand Finale","floor":16.0},{"not_picked":["Accuracy","Underhanded Strike","Dagger Spray"],"picked":"SKIP","floor":18},{"not_picked":["Dagger Spray+1","Crippling Poison","Underhanded Strike+1"],"picked":"SKIP","floor":19}],"player_experience":965972,"relics_obtained":[{"floor":9.0,"key":"Pantograph"}],"event_choices":[{"damage_healed":0.0,"max_hp_gain":0.0,"max_hp_loss":0.0,"gold_gain":0.0,"event_name":"Accursed Blacksmith","player_choice":"Forge","floor":5.0,"gold_loss":0.0,"damage_taken":0.0,"cards_upgraded":["Footwork"]}],"is_beta":false,"boss_relics":[{"not_picked":["Fusion Hammer","HoveringKite"],"picked":"Ring of the Serpent"}],"items_purged_floors":[20],"is_endless":false,"potions_floor_spawned":[1,7,11,14,16],"killed_by":"Shelled Parasite and Fungi","ascension_level":20}}