{"host":"yuoancq4cku3x8wq","time":1611850526,"event":{"mods":["AchievementEnabler","BaseMod","Minty Spire (QoL Compilation)","Quick Restart","StSLib","SuperFastMode"],"gold_per_floor":[117,132,132,151,151,182,237,237,237,267,267,295,295,97,97,171,171,185,155,205,255,265,299,299,329,355,370,395,395,427,496,496,571,571,590,693,705,230,280,280,344,379,391,429,441,464,509,183,183,183,183,183,183,9,35,35],"floor_reached":57,"language":"ZHS","playtime":1964,"items_purged":["Defend_P","CarveReality","JustLucky+1","BowlingBash+1","Conclude+1"],"score":3264,"play_id":"a362d4f0-e235-43b2-9e43-136c13e6a10f","local_time":"20210129001526","is_ascension_mode":true,"campfire_choices":[{"data":"Eruption","floor":8.0,"key":"SMITH"},{"data":"Wallop","floor":13.0,"key":"SMITH"},{"data":"Adaptation","floor":15.0,"key":"SMITH"},{"data":"Ragnarok","floor":24.0,"key":"SMITH"},{"data":"TalkToTheHand","floor":29.0,"key":"SMITH"},{"floor":32.0,"key":"REST"},{"data":"MentalFortress","floor":40.0,"key":"SMITH"},{"floor":45.0,"key":"RECALL"},{"data":"Adaptation","floor":49.0,"key":"SMITH"},{"floor":53,"key":"REST"}],"circlet_count":0,"master_deck":["AscendersBane","Eruption+1","Vigilance+1","TalkToTheHand+1","Wallop+1","InnerPeace+1","LessonLearned+1","Indignation+1","Adaptation+1","FlurryOfBlows+1","Ragnarok+1","DeusExMachina+1","DevaForm+1","DeusExMachina+1","Fasting2+1","MentalFortress+1","ClearTheMind+1","EmptyMind+1","Vault+1","MentalFortress+1","CutThroughFate+1","InnerPeace+1","Adaptation+1"],"relics":["PureWater","NeowsBlessing","Gremlin Horn","Eternal Feather","The Courier","PreservedInsect","Blue Candle","SsserpentHead","White Beast Statue","Orrery","Pandora\u0027s Box","Toxic Egg 2","Art of War","Letter Opener","Singing Bowl","Pen Nib","Runic Dome","Bird Faced Urn","Centennial Puzzle","Whetstone","Sling","MawBank","Blood Vial","Smiling Mask","Membership Card","Torii","Bag of Preparation","Lantern","Kunai"],"acts_visited":["Exordium","TheCity","TheBeyond","TheEnding"],"potions_floor_usage":[],"damage_taken":[{"damage":0.0,"enemies":"Cultist","floor":1.0,"turns":1.0},{"damage":0.0,"enemies":"Small Slimes","floor":2.0,"turns":1.0},{"damage":0.0,"enemies":"Jaw Worm","floor":4.0,"turns":1.0},{"damage":41.0,"enemies":"Gremlin Nob","floor":6.0,"turns":5.0},{"damage":2.0,"enemies":"3 Sentries","floor":7.0,"turns":3.0},{"damage":0.0,"enemies":"3 Sentries","floor":10.0,"turns":3.0},{"damage":0.0,"enemies":"Lagavulin","floor":12.0,"turns":4.0},{"damage":21.0,"enemies":"Hexaghost","floor":16.0,"turns":9.0},{"damage":0.0,"enemies":"3 Byrds","floor":18.0,"turns":3.0},{"damage":0.0,"enemies":"Chosen","floor":22.0,"turns":2.0},{"damage":13.0,"enemies":"Book of Stabbing","floor":23.0,"turns":3.0},{"damage":1.0,"enemies":"Gremlin Leader","floor":25.0,"turns":4.0},{"damage":15.0,"enemies":"Shelled Parasite and Fungi","floor":27.0,"turns":4.0},{"damage":27.0,"enemies":"Slavers","floor":28.0,"turns":3.0},{"damage":0.0,"enemies":"Gremlin Leader","floor":30.0,"turns":3.0},{"damage":21.0,"enemies":"Snake Plant","floor":31.0,"turns":4.0},{"damage":28.0,"enemies":"Collector","floor":33.0,"turns":6.0},{"damage":0.0,"enemies":"Orb Walker","floor":35.0,"turns":2.0},{"damage":0.0,"enemies":"2 Orb Walkers","floor":36.0,"turns":1.0},{"damage":20.0,"enemies":"3 Shapes","floor":37.0,"turns":3.0},{"damage":18.0,"enemies":"Jaw Worm Horde","floor":41.0,"turns":2.0},{"damage":0.0,"enemies":"Giant Head","floor":42.0,"turns":4.0},{"damage":14.0,"enemies":"Nemesis","floor":44.0,"turns":4.0},{"damage":11.0,"enemies":"4 Shapes","floor":46.0,"turns":2.0},{"damage":0.0,"enemies":"Reptomancer","floor":47.0,"turns":3.0},{"damage":42.0,"enemies":"Awakened One","floor":50.0,"turns":4.0},{"damage":35,"enemies":"Time Eater","floor":51,"turns":7},{"damage":0,"enemies":"Shield and Spear","floor":55,"turns":2},{"damage":76,"enemies":"The Heart","floor":56,"turns":8}],"seed_played":"-2181545295460325058","potions_obtained":[{"floor":2.0,"key":"Energy Potion"},{"floor":7.0,"key":"FearPotion"},{"floor":12.0,"key":"Swift Potion"},{"floor":16.0,"key":"AttackPotion"},{"floor":22.0,"key":"PowerPotion"},{"floor":27.0,"key":"Ancient Potion"},{"floor":28.0,"key":"SkillPotion"},{"floor":30.0,"key":"Ambrosia"},{"floor":35.0,"key":"Swift Potion"},{"floor":36.0,"key":"Weak Potion"},{"floor":41.0,"key":"AttackPotion"},{"floor":55,"key":"DuplicationPotion"}],"is_trial":false,"path_per_floor":["M","M","?","M","?","E","?","R","T","E","?","E","R","$","R","B",null,"M","$","?","T","M","E","R","E","T","M","E","R","E","M","R","B",null,"M","?","M","$","?","R","M","E","T","E","R","M","E","$","R","B","B",null,"R","$","E","B",null],"character_chosen":"WATCHER","items_purchased":["Orrery","Centennial Puzzle","Whetstone","Sling","Membership Card","Torii","Adaptation","Bag of Preparation","Lantern"],"campfire_rested":2,"item_purchase_floors":[14,38,38,38,48,48,48,54,54],"current_hp_per_floor":[61,61,61,61,50,9,7,16,16,16,16,16,25,25,34,13,54,54,54,54,54,54,41,53,52,52,37,12,24,26,7,41,13,59,61,61,53,53,53,65,53,65,65,65,77,76,86,86,86,54,33,73,86,86,88,18],"gold":35,"neow_bonus":"THREE_ENEMY_KILL","is_daily":false,"chose_seed":false,"campfire_upgraded":7,"win_rate":0.0,"timestamp":1611850526,"path_taken":["M","M","?","?","?","E","?","R","T","E","?","E","R","$","R","BOSS","M","?","?","?","M","E","R","E","T","M","E","R","E","?","R","BOSS","M","?","M","$","?","R","?","E","T","E","R","M","E","$","R","BOSS","BOSS","R","$","E","BOSS"],"items_purchased_type":["Relic","Relic","Relic","Relic","Relic","Relic","Card","Relic","Relic"],"build_version":"2020-12-22","purchased_purges":5,"victory":true,"max_hp_per_floor":[68,68,68,68,68,68,68,68,68,68,68,68,68,68,68,68,68,68,68,68,68,68,68,68,68,68,68,70,70,72,74,74,74,74,76,76,78,78,78,78,78,80,80,82,82,84,86,86,86,86,86,86,86,86,88,88],"card_choices":[{"not_picked":["FollowUp","Weave"],"picked":"Conclude","floor":1.0},{"not_picked":["PathToVictory","WaveOfTheHand"],"picked":"BowlingBash","floor":2.0},{"not_picked":["Protect","Evaluate","SashWhip"],"picked":"SKIP","floor":4.0},{"not_picked":["Study","MentalFortress"],"picked":"Wallop","floor":6.0},{"not_picked":["SashWhip","Protect"],"picked":"InnerPeace","floor":7.0},{"not_picked":["CarveReality","SignatureMove","DeceiveReality"],"picked":"SKIP","floor":10.0},{"not_picked":["FlurryOfBlows","CutThroughFate"],"picked":"LessonLearned","floor":12.0},{"not_picked":["DevaForm","Halt"],"picked":"Indignation","floor":14.0},{"not_picked":["SashWhip","Pray"],"picked":"Adaptation","floor":14.0},{"not_picked":["WaveOfTheHand","Evaluate"],"picked":"FlurryOfBlows","floor":14.0},{"not_picked":["SpiritShield","Wish"],"picked":"Ragnarok","floor":16.0},{"not_picked":["EmptyBody","CutThroughFate+1"],"picked":"MentalFortress","floor":18.0},{"not_picked":["PathToVictory+1","Study"],"picked":"ClearTheMind+1","floor":22.0},{"not_picked":["Protect+1","FlyingSleeves","Sanctity+1"],"picked":"SKIP","floor":23.0},{"not_picked":["Collect+1","PathToVictory+1","Crescendo+1"],"picked":"SKIP","floor":25.0},{"not_picked":["EmptyFist","ForeignInfluence+1"],"picked":"EmptyMind+1","floor":27.0},{"not_picked":["Vengeance+1","JustLucky","Blasphemy+1"],"picked":"Singing Bowl","floor":28.0},{"not_picked":["JustLucky","DevaForm","Sanctity+1"],"picked":"Singing Bowl","floor":30.0},{"not_picked":["WaveOfTheHand+1","JustLucky","DeceiveReality+1"],"picked":"Singing Bowl","floor":31.0},{"not_picked":["DeusExMachina+1","Establishment"],"picked":"Vault+1","floor":33.0},{"not_picked":["Consecrate","Conclude+1","CrushJoints"],"picked":"Singing Bowl","floor":35.0},{"not_picked":["Consecrate+1","Protect+1"],"picked":"MentalFortress+1","floor":36.0},{"not_picked":["Protect+1","Nirvana","FlurryOfBlows"],"picked":"Singing Bowl","floor":37.0},{"not_picked":["FlyingSleeves","PathToVictory+1"],"picked":"InnerPeace+1","floor":41.0},{"not_picked":["SandsOfTime","JustLucky","CarveReality"],"picked":"Singing Bowl","floor":42.0},{"not_picked":["BowlingBash","InnerPeace+1","SignatureMove+1"],"picked":"Singing Bowl","floor":44.0},{"not_picked":["LessonLearned","FlyingSleeves","PathToVictory+1"],"picked":"Singing Bowl","floor":46.0},{"not_picked":["Consecrate+1","JustLucky","CarveReality+1"],"picked":"Singing Bowl","floor":47.0},{"not_picked":["ReachHeaven","Evaluate+1","FlurryOfBlows+1"],"picked":"Singing Bowl","floor":55}],"player_experience":307882,"relics_obtained":[{"floor":6.0,"key":"Eternal Feather"},{"floor":7.0,"key":"The Courier"},{"floor":9.0,"key":"PreservedInsect"},{"floor":10.0,"key":"Blue Candle"},{"floor":12.0,"key":"White Beast Statue"},{"floor":21.0,"key":"Toxic Egg 2"},{"floor":23.0,"key":"Art of War"},{"floor":25.0,"key":"Letter Opener"},{"floor":28.0,"key":"Singing Bowl"},{"floor":30.0,"key":"Pen Nib"},{"floor":36.0,"key":"Bird Faced Urn"},{"floor":42.0,"key":"MawBank"},{"floor":43.0,"key":"Blood Vial"},{"floor":44.0,"key":"Smiling Mask"},{"floor":55,"key":"Kunai"}],"event_choices":[{"damage_healed":0.0,"max_hp_gain":0.0,"max_hp_loss":0.0,"gold_gain":0.0,"event_name":"Match and Keep!","player_choice":"1 cards matched","floor":3.0,"gold_loss":0.0,"damage_taken":0.0,"cards_obtained":["TalkToTheHand"]},{"damage_healed":0.0,"max_hp_gain":0.0,"max_hp_loss":0.0,"gold_gain":0.0,"event_name":"Scrap Ooze","player_choice":"Success","floor":5.0,"gold_loss":0.0,"damage_taken":11.0,"relics_obtained":["Gremlin Horn"]},{"damage_healed":0.0,"max_hp_gain":0.0,"max_hp_loss":0.0,"gold_gain":30.0,"event_name":"Dead Adventurer","player_choice":"Searched \u00273\u0027 times","floor":7.0,"gold_loss":0.0,"damage_taken":0.0},{"damage_healed":0.0,"max_hp_gain":0.0,"max_hp_loss":0.0,"gold_gain":0.0,"event_name":"FaceTrader","player_choice":"Trade","floor":11.0,"gold_loss":0.0,"damage_taken":0.0,"relics_obtained":["SsserpentHead"]},{"damage_healed":0.0,"max_hp_gain":0.0,"max_hp_loss":0.0,"gold_gain":0.0,"event_name":"Ghosts","player_choice":"Ignored","floor":20.0,"gold_loss":0.0,"damage_taken":0.0},{"damage_healed":0.0,"max_hp_gain":0.0,"max_hp_loss":0.0,"gold_gain":0.0,"event_name":"Mysterious Sphere","player_choice":"Fight","floor":36.0,"gold_loss":0.0,"damage_taken":0.0},{"damage_healed":0.0,"max_hp_gain":0.0,"max_hp_loss":0.0,"gold_gain":0.0,"cards_transformed":["EmptyFist"],"event_name":"Transmorgrifier","player_choice":"Transformed","floor":39.0,"gold_loss":0.0,"damage_taken":0.0,"cards_obtained":["CutThroughFate"]}],"is_beta":false,"boss_relics":[{"not_picked":["Calling Bell","Sozu"],"picked":"Pandora\u0027s Box"},{"not_picked":["Coffee Dripper","SlaversCollar"],"picked":"Runic Dome"}],"items_purged_floors":[14,19,38,48,54],"is_endless":false,"potions_floor_spawned":[2,7,12,16,18,22,23,25,27,28,30,31,33,35,36,37,41,42,44,46,47,55],"ascension_level":20}}