{"host":"hqsnl0mtmp1qafm7","time":1611827224,"event":{"mods":["AchievementEnabler","Act Like it!","Aspiration","BaseMod","Better Altar","Better Match","Better Note","Better Sensory Stone","Better Skull","Better Third Choice","Colored Map","Colored Powertips","Conspire","Curses Come First","Downfall","Friendly Minions","Hallownest","Hermit","Highlight Path","Hubris","Minty Spire (QoL Compilation)","Permanent Neow","Quick Restart","Rare Cards Sparkle","Replay The Spire","Retaliation","StSLib","The Blue Laboratory","The Bug Knight","The Runesmith","Wandering Minibosses","egg"],"gold_per_floor":[109,123,123,142,67,67,92,106,132,165,39,51,70,101,101,199,199,209,14,14,33,33,33],"floor_reached":22,"language":"ENG","playtime":1891,"items_purged":["HollowMod:NailStrikeStart","HollowMod:NailStrikeStart"],"score":206,"play_id":"be8023f8-6ff0-404a-8208-7861760a3a02","local_time":"20210128044704","is_ascension_mode":false,"campfire_choices":[{"data":"HollowMod:FocusHealStart","floor":6.0,"key":"SMITH"},{"floor":15.0,"key":"DIG"}],"circlet_count":0,"master_deck":["HollowMod:NailStrikeStart","HollowMod:NailStrikeStart","HollowMod:QuickDashStart","HollowMod:QuickDashStart","HollowMod:QuickDashStart","HollowMod:QuickDashStart","HollowMod:FocusHealStart+1","HollowMod:PogoStrike","HollowMod:SharpenedShadows","Hemokinesis","Rupture","Hallownest:skillGreenpathMap","HollowMod:HornetsHelp","HollowMod:HuntersJournal","HollowMod:SoulSplash","HollowMod:InfectedAttack","champ:BerserkersShout","HollowMod:DescendingDark","Limit Break","HollowMod:DoubleDash","HollowMod:ChannelNail","Panacea","HollowMod:FastStrike","Hallownest:curseDreamersLament","HollowMod:WraithStrike"],"relics":["HollowMod:VesselMask","aspiration:Nostalgia","m_IronCrown","Hallownest:SalubrasBlessingRelic","HollowMod:KingsBrand","Runesmith:AutoHammer","Question Card","Pantograph","Quantum Egg","Replay:Grab Bag","hubris:TerracottaHorce","conspire:RoyalGoblet","aspiration:MobileForge","BargainBundle","Hallownest:WatcherSealRelic"],"acts_visited":["Exordium","Hallownest:Greenpath"],"potions_floor_usage":[],"damage_taken":[{"damage":5.0,"enemies":"2_ Uuma","floor":1.0,"turns":4.0},{"damage":0.0,"enemies":"Hallownest:2_Baldur","floor":2.0,"turns":3.0},{"damage":7.0,"enemies":"Hallownest:2_MossCreeps","floor":4.0,"turns":4.0},{"damage":8.0,"enemies":"Hallownest:eliteMossKnight","floor":7.0,"turns":7.0},{"damage":7.0,"enemies":"Hallownest:monsterFoolEater","floor":8.0,"turns":3.0},{"damage":6.0,"enemies":"Hallownest:eliteCrystalGuardian","floor":10.0,"turns":6.0},{"damage":22.0,"enemies":"Hallownest:1_Ooma_and_2_Uuma","floor":12.0,"turns":6.0},{"damage":14.0,"enemies":"Hallownest:Guard_and_Warrior","floor":13.0,"turns":5.0},{"damage":27.0,"enemies":"Hallownest:eliteVengeflyKing","floor":14.0,"turns":4.0},{"damage":83.0,"enemies":"Hallownest:BossHornet","floor":16.0,"turns":10.0},{"damage":44.0,"enemies":"Hallownest:Guard_and_Sentry","floor":18.0,"turns":5.0},{"damage":40.0,"enemies":"Hallownest:3_Youths","floor":21.0,"turns":7.0},{"damage":50,"enemies":"Hallownest:3_Mistakes","floor":22,"turns":3}],"seed_played":"-6375830538426522722","potions_obtained":[{"floor":1.0,"key":"blueLaboratory:NullPotion"},{"floor":4.0,"key":"blueLaboratory:HorrorPotion"},{"floor":8.0,"key":"Flashbang"},{"floor":10.0,"key":"SkillPotion"},{"floor":21.0,"key":"LifebloodPotion"}],"is_trial":false,"path_per_floor":["M","M","?","M","?","R","?","M","T","E","$","M","M","E","R_BF","B",null,"M","$","?","M","M"],"character_chosen":"THE_BUGKNIGHT","items_purchased":["HollowMod:SoulSplash","BargainBundle","HollowMod:ChannelNail","Panacea","HollowMod:FastStrike"],"campfire_rested":0,"item_purchase_floors":[11,19,19,19,19],"current_hp_per_floor":[75,75,75,74,74,74,75,74,74,75,75,65,63,63,63,33,65,52,52,52,33,0,0],"gold":33,"neow_bonus":"NOSTALGIA","is_daily":false,"chose_seed":false,"campfire_upgraded":1,"win_rate":0.0,"timestamp":1611827224,"path_taken":["M","M","?","M","?","R","?","M","T","E","?","M","M","E","R_BF","BOSS","M","$","?","M","M"],"items_purchased_type":["Card","Relic","Card","Card","Card"],"build_version":"2020-12-22","purchased_purges":2,"victory":false,"max_hp_per_floor":[75,75,75,75,75,75,75,75,75,75,75,75,75,75,75,75,75,75,75,75,75,75,75],"card_choices":[{"not_picked":["HollowMod:ShadowDash","HollowMod:LifebloodCocoon"],"picked":"HollowMod:SharpenedShadows","floor":1.0},{"not_picked":["Whirlwind","HollowMod:CoiledNail"],"picked":"Hemokinesis","floor":2.0},{"not_picked":["HollowMod:InfectedAttack","champ:AdrenalArmor"],"picked":"Rupture","floor":4.0},{"not_picked":["HollowMod:TaintedHusks","Blood for Blood"],"picked":"HollowMod:HornetsHelp","floor":7.0},{"not_picked":["Heavy Blade","HollowMod:PerfectDash","HollowMod:SoulStrike"],"picked":"SKIP","floor":8.0},{"not_picked":["HollowMod:QuirrelsAssistance","Heavy Blade"],"picked":"HollowMod:HuntersJournal","floor":10.0},{"not_picked":["HollowMod:NewJinnsSoul","HollowMod:LifebloodCocoon","Twin Strike"],"picked":"HollowMod:InfectedAttack","floor":12.0},{"not_picked":["HollowMod:CrystalDash","HollowMod:MantisMark","HollowMod:LifebloodCocoon"],"picked":"champ:BerserkersShout","floor":13.0},{"not_picked":["HollowMod:TaintedHusks","champ:GutPunch","champ:DeathBlow"],"picked":"HollowMod:DescendingDark","floor":14.0},{"not_picked":["HollowMod:SoulMaster","HollowMod:LifebloodCore","HollowMod:NewInfectedGuardian"],"picked":"Limit Break","floor":16.0},{"not_picked":["HollowMod:InfectedCysts","HollowMod:SiblingsSouls","HollowMod:NewLittleFool"],"picked":"HollowMod:DoubleDash","floor":18.0},{"not_picked":["HollowMod:SoulStrike+1","HollowMod:ShadowDash","HollowMod:CornifersMapStart"],"picked":"HollowMod:WraithStrike","floor":21.0}],"player_experience":92291,"relics_obtained":[{"floor":7.0,"key":"HollowMod:KingsBrand"},{"floor":9.0,"key":"Runesmith:AutoHammer"},{"floor":10.0,"key":"Question Card"},{"floor":14.0,"key":"Pantograph"},{"floor":15.0,"key":"Quantum Egg"}],"event_choices":[],"is_beta":false,"boss_relics":[{"not_picked":["Snecko Eye","aspiration:RunicSpoon"],"picked":"Replay:Grab Bag"},{"not_picked":["Runesmith:UraniumAnvil","ReplayTheSpireMod:DimensionalGlitch"],"picked":"hubris:TerracottaHorce"},{"not_picked":["bronze:MakeshiftBattery","Replay:Wanted Poster"],"picked":"conspire:RoyalGoblet"},{"not_picked":["hubris:Stopwatch","Pandora\u0027s Box"],"picked":"aspiration:MobileForge"}],"items_purged_floors":[11,19],"is_endless":false,"potions_floor_spawned":[1,4,8,10,21],"killed_by":"Hallownest:3_Mistakes","ascension_level":0}}