{"host":"svzwxdz1ap0f6fks","time":1611817884,"event":{"mods":["AchievementEnabler","BaseMod","Downfall","Marisa????????","Minty Spire (QoL Compilation)","Replay The Spire","Shop Mod","StSLib","The Animator","The Cursed","The Disciple","The Servant 0.9.4"],"gold_per_floor":[99,110,110,110,123,8,8,8,36,55,73,73,90,118,128,228,278,78,91,107,118,133,145,168,185,198,211,111,96,110,110,124,124,124],"floor_reached":33,"language":"ENG","playtime":2981,"items_purged":[],"score":317,"play_id":"71134740-4d80-4ecf-a2ce-a91b997fbe32","local_time":"20210128151124","is_ascension_mode":false,"campfire_choices":[{"floor":8,"key":"RECALL"},{"floor":12,"key":"REST"},{"data":"Starlight","floor":18,"key":"SMITH"},{"data":"MoonPhase","floor":28,"key":"SMITH"}],"circlet_count":0,"master_deck":["Strike_S","Strike_S","Strike_S","Defend_S","Defend_S","Defend_S","KidneyShot","Exchange+1","BottledTime","ShatteredReality","DoubleEdge+1","MoonPhase+1","Starlight+1","SurpressingFire","Rewind","Ricochet","SpecialFormula","InstantArmor","ShiftingGears","GearUp+1","Spin","Deny","DualDimension","Ricochet","ReturningBlade+1","LightFlow","Spin","Reset+1","Barrier+1","Unruled","Read","ShatteredReality","Rearm+1","Collapse","Dilation"],"relics":["Uniform","Bottled Flame","ReplayTheSpireMod:TigerMarble","Ancient Tea Set","Tiny House","downfall:HeartBlessingRed","downfall:HeartBlessingGreen","downfall:HeartBlessingBlue"],"acts_visited":["Exordium","TheCity"],"potions_floor_usage":[11,16,25,33],"damage_taken":[{"damage":1,"enemies":"Jaw Worm","floor":2,"turns":4},{"damage":5,"enemies":"2 Louse","floor":5,"turns":2},{"damage":10,"enemies":"downfall:FleeingMerchant","floor":6,"turns":4},{"damage":21,"enemies":"Lagavulin","floor":9,"turns":4},{"damage":0,"enemies":"Cultist","floor":10,"turns":2},{"damage":18,"enemies":"Lots of Slimes","floor":11,"turns":6},{"damage":1,"enemies":"Looter","floor":13,"turns":2},{"damage":14,"enemies":"3 Sentries","floor":14,"turns":7},{"damage":0,"enemies":"3 Louse","floor":15,"turns":3},{"damage":31,"enemies":"Hexaghost","floor":16,"turns":14},{"damage":0,"enemies":"Spheric Guardian","floor":19,"turns":3},{"damage":1,"enemies":"Chosen","floor":20,"turns":6},{"damage":16,"enemies":"Centurion and Healer","floor":21,"turns":9},{"damage":0,"enemies":"Chosen and Byrds","floor":22,"turns":5},{"damage":2,"enemies":"Snake Plant","floor":23,"turns":5},{"damage":14,"enemies":"Centurion and Healer","floor":25,"turns":8},{"damage":15,"enemies":"Sentry and Sphere","floor":26,"turns":6},{"damage":0,"enemies":"3 Cultists","floor":27,"turns":4},{"damage":0,"enemies":"downfall:FleeingMerchant","floor":29,"turns":4},{"damage":18,"enemies":"Shelled Parasite and Fungi","floor":30,"turns":4},{"damage":0,"enemies":"Chosen and Byrds","floor":32,"turns":4},{"damage":57,"enemies":"DF_ARCHETYPE_CLAW","floor":33,"turns":3}],"seed_played":"-4293509961959695400","potions_obtained":[{"floor":9,"key":"AttackPotion"},{"floor":11,"key":"Fruit Juice"},{"floor":15,"key":"Dexterity Potion"},{"floor":16,"key":"Strength Potion"},{"floor":17,"key":"AttackPotion"},{"floor":27,"key":"Milkshake"},{"floor":30,"key":"Elixir"},{"floor":32,"key":"Swift Potion"}],"is_trial":false,"path_per_floor":["R","M","?","?","M","$","T","R","E","M","M","R","M","E","M","B",null,"R","M","M","M","M","M","T","M","M","M","R","$","M","?","M","B"],"character_chosen":"THE_SERVANT","items_purchased":["SurpressingFire","Rewind"],"campfire_rested":1,"item_purchase_floors":[6,6],"current_hp_per_floor":[65,64,64,64,59,49,49,49,28,28,20,41,40,26,30,4,75,75,75,74,63,67,65,65,56,49,49,59,64,51,51,56,0,0],"gold":124,"neow_bonus":"UPGRADE_CARD","is_daily":false,"chose_seed":false,"campfire_upgraded":2,"win_rate":0.0,"timestamp":1611817884,"path_taken":["R","M","?","?","?","?","T","R","E","M","M","R","M","E","M","BOSS","R","M","?","M","M","M","T","M","M","M","R","$","M","?","M","BOSS"],"items_purchased_type":["Card","Card"],"build_version":"2020-12-22","purchased_purges":0,"victory":false,"max_hp_per_floor":[65,65,65,65,65,65,65,65,65,65,70,70,70,70,70,70,75,75,75,75,75,75,75,75,75,75,75,85,85,85,85,85,85,85],"card_choices":[{"not_picked":["Desolation","TimeWarp"],"picked":"ShatteredReality","floor":2},{"not_picked":["Replace","BottledTime"],"picked":"MoonPhase","floor":5},{"not_picked":["Desolation","MoonPhase"],"picked":"Starlight","floor":6},{"not_picked":["TimeWarp","Misdirection"],"picked":"Ricochet","floor":9},{"not_picked":["Rewind","DoubleEdge"],"picked":"SpecialFormula","floor":10},{"not_picked":["Potential","Replace"],"picked":"InstantArmor","floor":11},{"not_picked":["TimeWarp","FanOfKnives"],"picked":"ShiftingGears","floor":13},{"not_picked":["ShatteredReality","Sunlight"],"picked":"GearUp","floor":14},{"not_picked":["BottledTime","DoubleEdge"],"picked":"Spin","floor":15},{"not_picked":["Duplication","ForgedInTime"],"picked":"Deny","floor":16},{"not_picked":["Alleviate","Moondial"],"picked":"DualDimension","floor":17},{"not_picked":["Replace","StarChef+1"],"picked":"Ricochet","floor":19},{"not_picked":["DoubleEdge","WasteNot"],"picked":"ReturningBlade+1","floor":20},{"not_picked":["Rewind","Revamp"],"picked":"LightFlow","floor":21},{"not_picked":["TimeWarp","DoubleEdge"],"picked":"Spin","floor":22},{"not_picked":["Foresight","Unruled"],"picked":"Reset+1","floor":23},{"not_picked":["Replace","Shuttle"],"picked":"Barrier+1","floor":25},{"not_picked":["FastForward","Ricochet"],"picked":"Unruled","floor":26},{"not_picked":["ReturningBlade","GearUp"],"picked":"Read","floor":27},{"not_picked":["Ricochet","Sabotage"],"picked":"ShatteredReality","floor":29},{"not_picked":["DoubleEdge","Ricochet"],"picked":"Rearm+1","floor":30},{"not_picked":["Potential","Alleviate+1"],"picked":"Dilation","floor":32}],"player_experience":14718,"relics_obtained":[{"floor":7,"key":"Bottled Flame"},{"floor":9,"key":"ReplayTheSpireMod:TigerMarble"},{"floor":14,"key":"Ancient Tea Set"}],"event_choices":[{"damage_healed":0,"gold_gain":0,"player_choice":"Ignored","damage_taken":0,"max_hp_gain":0,"max_hp_loss":0,"event_name":"Liars Game","floor":4,"gold_loss":0},{"damage_healed":0,"gold_gain":0,"player_choice":"Read","damage_taken":0,"max_hp_gain":0,"max_hp_loss":0,"event_name":"The Library","floor":31,"gold_loss":0,"cards_obtained":["Collapse"]}],"is_beta":false,"boss_relics":[{"not_picked":["Painkiller Herb","Runic Dome"],"picked":"Tiny House"}],"items_purged_floors":[],"is_endless":false,"potions_floor_spawned":[9,11,15,16,20,21,23,27,30,32],"killed_by":"DF_ARCHETYPE_CLAW","ascension_level":0}}