{"host":"qswkx8hggytna0kc","time":1611824809,"event":{"mods":["Aspiration","BaseMod","BetterRewards","Colored Map","Colored Powertips","Highlight Path","Hubris","Mimic Mod","Minty Spire (QoL Compilation)","MostiFishMod","Quick Restart","Replay The Spire","StSLib","SuperFastMode"],"gold_per_floor":[119,132,132,328,339,339,374,394,434,463,463,477,505,516,516,594,594,611,629,641,641,641,673,673,703,730,764,778,813,826,826,826,900,1000,1018,1318,1318,1318,1318,1318,1318,1318,1318,1343,1343],"floor_reached":46,"language":"ZHS","playtime":1445,"items_purged":[],"score":3303,"play_id":"c43c85f6-7b67-4be5-8f09-99fdc659923a","local_time":"20210128170649","is_ascension_mode":true,"campfire_choices":[{"data":"MostiFishMod:PreservedThorns","floor":6.0,"key":"SMITH"},{"data":"MostiFishMod:Dislodge","floor":11.0,"key":"SMITH"},{"floor":15,"key":"REST"},{"data":"Bullet Time","floor":24,"key":"SMITH"},{"floor":32,"key":"RECALL"},{"data":"A Thousand Cuts","floor":42,"key":"SMITH"}],"circlet_count":0,"master_deck":["AscendersBane","Strike_G","Strike_G","Strike_G","Defend_G+1","Defend_G+1","Defend_G+1","Defend_G+1","Defend_G+1","Survivor","Neutralize","Survey Options","All Out Attack","MostiFishMod:PreservedThorns+1","Backstab","MostiFishMod:Dislodge+1","Escape Plan","MostiFishMod:ThornCasing","Bullet Time+1","Prepared","Acrobatics","A Thousand Cuts+1","Concentrate","Backstab","MostiFishMod:Opportunism","Slice","Eviscerate","Escape Plan","Die Die Die","MostiFishMod:Dislodge","A Thousand Cuts"],"relics":["Ring of the Snake","DaveBox","ArrowTower","SynthV:TestCard","hubris:Towel","Anchor","hubris:OldNail","Smiling Mask","Juzu Bracelet","aspiration:Lifesprig","PatriotShield","aspiration:RitualStick","aspiration:SeaSaltIceCream","ImprovedEquipment","aspiration:HummingbirdHeart","Centennial Puzzle","Ninja Scroll","hubris:PeanutButter","Replay:Wanted Poster","hubris:NiceRug","Replay:Bottled Eggs","InkBottle","ChiLing","Chi","Ling","Kunai"],"acts_visited":["Exordium","TheCity","TheBeyond","TheEnding"],"potions_floor_usage":[13,45,45],"damage_taken":[{"damage":0.0,"enemies":"Cultist","floor":1.0,"turns":3.0},{"damage":0.0,"enemies":"Jaw Worm","floor":2.0,"turns":3.0},{"damage":0.0,"enemies":"2 Louse","floor":5.0,"turns":2.0},{"damage":4.0,"enemies":"Replay:BlueRogue","floor":7.0,"turns":5.0},{"damage":0.0,"enemies":"Looter","floor":8.0,"turns":2.0},{"damage":3.0,"enemies":"Red Slaver","floor":9.0,"turns":6.0},{"damage":10.0,"enemies":"3 Sentries","floor":10.0,"turns":3.0},{"damage":0.0,"enemies":"Red Slaver","floor":12.0,"turns":1.0},{"damage":8,"enemies":"Lagavulin","floor":13,"turns":5},{"damage":0,"enemies":"3 Louse","floor":14,"turns":2},{"damage":9,"enemies":"Fading Forest","floor":16,"turns":13},{"damage":0,"enemies":"Shell Parasite","floor":18,"turns":1},{"damage":0,"enemies":"2 Thieves","floor":19,"turns":1},{"damage":0,"enemies":"Sentry and Sphere","floor":20,"turns":1},{"damage":0,"enemies":"Gremlin Leader","floor":23,"turns":2},{"damage":0,"enemies":"Book of Stabbing","floor":25,"turns":3},{"damage":0,"enemies":"Gremlin Leader","floor":27,"turns":1},{"damage":0,"enemies":"Shelled Parasite and Fungi","floor":28,"turns":1},{"damage":0,"enemies":"Slavers","floor":29,"turns":1},{"damage":0,"enemies":"Snake Plant","floor":30,"turns":1},{"damage":0,"enemies":"Champ","floor":33,"turns":3},{"damage":0,"enemies":"3 Darklings","floor":35,"turns":2},{"damage":0,"enemies":"hubris:Merchant","floor":36,"turns":6},{"damage":0,"enemies":"hubris:GrandSnecko","floor":39,"turns":3},{"damage":0,"enemies":"Awakened One","floor":40,"turns":5},{"damage":0,"enemies":"Shield and Spear","floor":44,"turns":2},{"damage":0,"enemies":"The Heart","floor":45,"turns":7}],"seed_played":"-7309344108298153416","potions_obtained":[{"floor":2.0,"key":"GamblersBrew"},{"floor":5.0,"key":"Block Potion"},{"floor":8.0,"key":"Strength Potion"},{"floor":10.0,"key":"Regen Potion"},{"floor":13,"key":"Energy Potion"}],"is_trial":false,"path_per_floor":["M","M","?","?","M","R","E","M","MIM","E","R","M","E","M","R","B",null,"M","M","M","?","?","E","R","E","T","E","M","E","M","?","R","B",null,"M","$","?","?","B","B",null,"R","$","E","B",null],"character_chosen":"THE_SILENT","items_purchased":[],"campfire_rested":1,"item_purchase_floors":[],"current_hp_per_floor":[59,59,59,38,38,38,34,34,31,21,21,21,27,27,46,45,61,61,61,61,61,44,44,44,44,44,44,44,44,44,44,44,44,61,61,61,61,61,61,61,65,65,65,65,65],"gold":1343,"neow_bonus":"RANDOM_COLORLESS","is_daily":false,"chose_seed":false,"campfire_upgraded":4,"win_rate":0.0,"timestamp":1611824809,"path_taken":["M","M","?","?","?","R","E","M","MIM","E","R","M","E","M","R","BOSS","M","M","M","?","?","E","R","E","T","E","M","E","M","?","R","BOSS","M","$","?","?","BOSS","BOSS","R","$","E","BOSS"],"items_purchased_type":[],"build_version":"2020-12-22","purchased_purges":0,"victory":true,"max_hp_per_floor":[66,66,66,66,66,66,66,66,66,66,66,66,66,66,66,66,66,66,66,66,66,66,66,66,66,66,66,66,66,66,66,66,66,66,66,66,66,66,66,66,66,66,66,66,66],"card_choices":[{"not_picked":["hubris:Insight","Mind Blast"],"picked":"Survey Options","floor":0.0},{"not_picked":["MostiFishMod:PerfectParry","ReplayTheSpireMod:The Works"],"picked":"All Out Attack","floor":1.0},{"not_picked":["Dagger Throw","ReplayTheSpireMod:Exploit Weakness","Prepared","Sucker Punch"],"picked":"MostiFishMod:PreservedThorns","floor":2.0},{"not_picked":["Underhanded Strike","Well Laid Plans","PiercingWail","Cloak And Dagger"],"picked":"Backstab","floor":4.0},{"not_picked":["Footwork","Riddle With Holes","MostiFishMod:PerfectParry","hubris:SlightOfHand","ReplayTheSpireMod:Scrap Shanks"],"picked":"SKIP","floor":5.0},{"not_picked":["PiercingWail","Toxin Wave","Outmaneuver","Slice"],"picked":"MostiFishMod:Dislodge","floor":7.0},{"not_picked":["Concentrate","Dodge and Roll","ReplayTheSpireMod:Tripwire","Quick Slash"],"picked":"Escape Plan","floor":8.0},{"not_picked":["Flying Knee","Slice","Quick Slash","Sucker Punch"],"picked":"MostiFishMod:ThornCasing","floor":9.0},{"not_picked":["Cloak And Dagger","Doppelganger","Bouncing Flask","Flying Knee"],"picked":"Bullet Time","floor":10.0},{"not_picked":["Cloak And Dagger","Bane","Flying Knee","Poisoned Stab"],"picked":"Prepared","floor":12.0},{"not_picked":["PiercingWail","Blade Dance","Footwork","Cloak And Dagger","Outmaneuver"],"picked":"SKIP","floor":13},{"not_picked":["Prepared","Poisoned Stab","Noxious Fumes","Deadly Poison"],"picked":"Acrobatics","floor":14},{"not_picked":["MostiFishMod:Opportunism","Storm of Steel","MostiFishMod:Dislodge","Die Die Die"],"picked":"A Thousand Cuts","floor":16},{"not_picked":["ReplayTheSpireMod:Exploit Weakness","Poisoned Stab","Crippling Poison","Footwork","Deflect"],"picked":"SKIP","floor":18},{"not_picked":["Backflip","PiercingWail","Dagger Spray","Underhanded Strike"],"picked":"Concentrate","floor":19},{"not_picked":["ReplayTheSpireMod:Exploit Weakness","Finisher","Backflip","Dodge and Roll"],"picked":"Backstab","floor":20},{"not_picked":["Blade Dance","PiercingWail","Hidden Blade+1","Draining Mist"],"picked":"Slice","floor":23},{"not_picked":["MostiFishMod:Wind","Blade Dance","Caltrops","Deadly Poison","Dodge and Roll"],"picked":"SKIP","floor":25},{"not_picked":["ReplayTheSpireMod:Speed Training","Underhanded Strike","Hidden Blade","MostiFishMod:PerfectParry"],"picked":"Eviscerate","floor":27},{"not_picked":["Finisher","Dagger Spray","Underhanded Strike","Deadly Poison+1"],"picked":"Escape Plan","floor":28},{"not_picked":["MostiFishMod:InvigoratingSolution","Toxin Wave","MostiFishMod:PerfectParry","Quick Slash","Outmaneuver"],"picked":"SKIP","floor":29},{"not_picked":["Masterful Stab","Distraction","Dodge and Roll+1","Deadly Poison"],"picked":"Die Die Die","floor":30},{"not_picked":["Replay:Bag of Tricks","MostiFishMod:HiddenBlade","Phantasmal Killer","Bullet Time"],"picked":"MostiFishMod:Dislodge","floor":33},{"not_picked":["Dagger Spray","Outmaneuver","Slice","Deadly Poison","Quick Slash"],"picked":"SKIP","floor":35},{"not_picked":["Heel Hook"],"picked":"SKIP","floor":36},{"not_picked":["MostiFishMod:GrandStart"],"picked":"SKIP","floor":36},{"not_picked":["Cloak And Dagger"],"picked":"SKIP","floor":36},{"not_picked":["Deadly Poison"],"picked":"SKIP","floor":36},{"not_picked":["Noxious Fumes"],"picked":"SKIP","floor":36},{"not_picked":["ReplayTheSpireMod:Uncanny Aura"],"picked":"SKIP","floor":36},{"not_picked":["ReplayUltimateDefense"],"picked":"SKIP","floor":36},{"not_picked":["Sneak Up+1","Deadly Poison","Hidden Blade","Flying Knee"],"picked":"A Thousand Cuts","floor":44}],"player_experience":380052,"relics_obtained":[{"floor":1.0,"key":"SynthV:TestCard"},{"floor":7.0,"key":"Anchor"},{"floor":9.0,"key":"hubris:OldNail"},{"floor":9.0,"key":"Smiling Mask"},{"floor":10.0,"key":"Juzu Bracelet"},{"floor":13,"key":"aspiration:Lifesprig"},{"floor":23,"key":"aspiration:SeaSaltIceCream"},{"floor":25,"key":"aspiration:HummingbirdHeart"},{"floor":26,"key":"Centennial Puzzle"},{"floor":27,"key":"Ninja Scroll"},{"floor":29,"key":"hubris:PeanutButter"},{"floor":36,"key":"Replay:Bottled Eggs"},{"floor":36,"key":"InkBottle"},{"floor":36,"key":"ChiLing"},{"floor":44,"key":"Kunai"}],"event_choices":[{"damage_healed":0,"gold_gain":0,"cards_transformed":["Strike_G"],"player_choice":"Transformed","damage_taken":0,"max_hp_gain":0,"max_hp_loss":0,"event_name":"Transmorgrifier","floor":21,"gold_loss":0,"cards_obtained":["MostiFishMod:Opportunism"]},{"damage_healed":0,"gold_gain":0,"player_choice":"Ignored","damage_taken":0,"max_hp_gain":0,"max_hp_loss":0,"event_name":"Vampires","floor":31,"gold_loss":0},{"cards_removed":["Strike_G"],"damage_healed":0,"gold_gain":0,"player_choice":"Removed Attack","damage_taken":0,"max_hp_gain":0,"max_hp_loss":0,"event_name":"Falling","floor":37,"gold_loss":0},{"damage_healed":0,"gold_gain":0,"player_choice":"Took Portal","damage_taken":0,"max_hp_gain":0,"max_hp_loss":0,"event_name":"SecretPortal","floor":38,"gold_loss":0}],"is_beta":false,"boss_relics":[{"not_picked":["Busted Crown","EE1DDrone"],"picked":"PatriotShield"},{"not_picked":["aspiration:RitualDagger","aspiration:FutureDiary"],"picked":"Replay:Wanted Poster"}],"items_purged_floors":[],"is_endless":false,"potions_floor_spawned":[2,5,8,10,12,13,19,23,27,30,33],"ascension_level":20}}