{"host":"qsusua7l529r8z9k","time":1611851878,"event":{"mods":["BaseMod","Minty Spire (QoL Compilation)","Spicy Shops","StSLib"],"gold_per_floor":[19,32,32,42,57,57,132,132,132,132,166,5,5,5],"floor_reached":13,"language":"ZHS","playtime":375,"items_purged":["Strike_B"],"score":162,"play_id":"9def1751-bdad-4895-9e3d-2d7f46bdd5c6","local_time":"20210129003758","is_ascension_mode":true,"campfire_choices":[{"data":"Coolheaded","floor":6.0,"key":"SMITH"},{"data":"Reboot","floor":8.0,"key":"SMITH"},{"data":"Dualcast","floor":10.0,"key":"SMITH"}],"circlet_count":0,"master_deck":["AscendersBane","Strike_B","Strike_B","Strike_B","Defend_B","Defend_B","Defend_B","Defend_B","Zap","Dualcast+1","Reboot+1","Coolheaded+1","Turbo","Chill"],"relics":["Cracked Core","Bottled Lightning","Mercury Hourglass","OrangePellets"],"acts_visited":["Exordium"],"potions_floor_usage":[],"damage_taken":[{"damage":0.0,"enemies":"Cultist","floor":1.0,"turns":3.0},{"damage":6.0,"enemies":"2 Louse","floor":2.0,"turns":2.0},{"damage":7.0,"enemies":"Jaw Worm","floor":4.0,"turns":3.0},{"damage":0.0,"enemies":"3 Louse","floor":5.0,"turns":5.0},{"damage":25.0,"enemies":"3 Sentries","floor":11.0,"turns":9.0},{"damage":18,"enemies":"Lagavulin","floor":13,"turns":5}],"seed_played":"-8371203625108303345","potions_obtained":[{"floor":1.0,"key":"DistilledChaos"}],"is_trial":false,"path_per_floor":["M","M","?","M","M","R","?","R","T","R","E","$","E"],"character_chosen":"DEFECT","items_purchased":["OrangePellets"],"campfire_rested":0,"item_purchase_floors":[12],"current_hp_per_floor":[64,58,58,51,51,51,40,40,40,40,15,15,0,0],"gold":5,"neow_bonus":"THREE_RARE_CARDS","is_daily":false,"chose_seed":false,"campfire_upgraded":3,"win_rate":0.0,"timestamp":1611851878,"path_taken":["M","?","?","M","M","R","?","R","T","R","E","?","E"],"items_purchased_type":["Relic"],"build_version":"2020-12-22","purchased_purges":1,"victory":false,"max_hp_per_floor":[71,71,71,71,71,71,71,71,71,71,71,71,71,71],"card_choices":[{"not_picked":["Amplify","Buffer"],"picked":"Reboot","floor":0.0},{"not_picked":["Streamline","Rebound"],"picked":"Coolheaded","floor":1.0},{"not_picked":["Compile Driver","Rebound","Lockon"],"picked":"SKIP","floor":2.0},{"not_picked":["Sunder","Melter"],"picked":"Turbo","floor":4.0},{"not_picked":["Barrage","Hyperbeam","Compile Driver"],"picked":"SKIP","floor":5.0},{"not_picked":["Rebound","Streamline"],"picked":"Chill","floor":11.0}],"player_experience":538405,"relics_obtained":[{"floor":9.0,"key":"Bottled Lightning"},{"floor":11.0,"key":"Mercury Hourglass"}],"event_choices":[{"damage_healed":0.0,"max_hp_gain":0.0,"max_hp_loss":0.0,"gold_gain":0.0,"event_name":"Shining Light","player_choice":"Ignored","floor":3.0,"gold_loss":0.0,"damage_taken":0.0},{"damage_healed":0.0,"max_hp_gain":0.0,"max_hp_loss":0.0,"gold_gain":75.0,"event_name":"World of Goop","player_choice":"Gather Gold","floor":7.0,"gold_loss":0.0,"damage_taken":11.0}],"is_beta":false,"boss_relics":[],"items_purged_floors":[12],"is_endless":false,"potions_floor_spawned":[1],"killed_by":"Lagavulin","ascension_level":19}}