{"host":"fjaupvxe7fzqrf4j","time":1611824431,"event":{"mods":["ATMod(°¢èªMod)","BaseMod","Minty Spire (QoL Compilation)","StSLib"],"gold_per_floor":[111,261,261,186,204,230,257,303,338,385,397,442,482,122,122,196,196,215,233,233,253,7,109,109,216,216,575,680,680,733,843,843,946,946,990,990,1085,1172,1275,1325,1325,1429,1506,1559,1668,1718,1718,1023,1023,1073,1098,1098,1098,30,107,132],"floor_reached":57,"language":"ZHS","playtime":1344,"items_purged":["Quick Slash","Underhanded Strike+1","Backflip"],"score":4552,"play_id":"ebf303a5-7a45-415c-84db-018e56e35944","local_time":"20210128170031","daily_mods":["SealedDeck","Heirloom","Time Dilation","Flight","Elite Swarm"],"is_ascension_mode":true,"campfire_choices":[{"data":"Reflex","floor":11,"key":"SMITH"},{"data":"Concentrate","floor":15,"key":"SMITH"},{"data":"AT_ShadowStep","floor":24,"key":"SMITH"},{"data":"Calculated Gamble","floor":29,"key":"SMITH"},{"data":"Acrobatics","floor":32,"key":"SMITH"},{"floor":47,"key":"RECALL"},{"data":"Adrenaline","floor":49,"key":"SMITH"},{"data":"Prepared","floor":53,"key":"SMITH"}],"circlet_count":0,"master_deck":["AscendersBane","Acrobatics+1","Prepared+1","Concentrate+1","Reflex+1","Calculated Gamble+1","AT_ShadowStep+1","Grand Finale+1","After Image","Adrenaline+1","Terror+1","Backflip+1"],"relics":["Ring of the Snake","AT_ATBox","Ice Cream","Toy Ornithopter","MawBank","Whetstone","AT_BladeRuinedKing","Blue Candle","Boot","AT_Manta","Mummified Hand","HoveringKite","Membership Card","AT_MibuBalloonWealth","Potion Belt","AT_GuinsooRageblade","Old Coin","Bottled Lightning","MealTicket","Empty Cage","The Courier","Tough Bandages","Bottled Tornado","HornCleat","Question Card","AT_ImmortalShieldbow","Turnip","Girya","Medical Kit","Singing Bowl","TungstenRod","AT_SilvercatRing","Kunai","Ornamental Fan","Blood Vial","Oddly Smooth Stone","AT_DeathDance","AT_ForceNature","Pen Nib","Anchor","Akabeko","Du-Vu Doll","FossilizedHelix","Sundial","Bronze Scales","AT_ChloranthyRing","Letter Opener","StrikeDummy"],"acts_visited":["Exordium","TheCity","TheBeyond","TheEnding"],"potions_floor_usage":[56,56,56],"damage_taken":[{"damage":0,"enemies":"Small Slimes","floor":1,"turns":1},{"damage":0,"enemies":"Cultist","floor":5,"turns":1},{"damage":0,"enemies":"3 Sentries","floor":6,"turns":1},{"damage":0,"enemies":"Lagavulin","floor":7,"turns":1},{"damage":0,"enemies":"Gremlin Nob","floor":8,"turns":2},{"damage":0,"enemies":"Lagavulin","floor":10,"turns":2},{"damage":0,"enemies":"Gremlin Nob","floor":12,"turns":1},{"damage":0,"enemies":"Lagavulin","floor":13,"turns":1},{"damage":0,"enemies":"Hexaghost","floor":16,"turns":1},{"damage":0,"enemies":"Spheric Guardian","floor":18,"turns":1},{"damage":0,"enemies":"3 Byrds","floor":19,"turns":1},{"damage":0,"enemies":"3 Cultists","floor":21,"turns":1},{"damage":0,"enemies":"Gremlin Leader","floor":23,"turns":1},{"damage":0,"enemies":"Slavers","floor":25,"turns":1},{"damage":0,"enemies":"Book of Stabbing","floor":27,"turns":1},{"damage":0,"enemies":"Slavers","floor":28,"turns":1},{"damage":0,"enemies":"Book of Stabbing","floor":30,"turns":1},{"damage":0,"enemies":"Slavers","floor":31,"turns":1},{"damage":0,"enemies":"Champ","floor":33,"turns":1},{"damage":0,"enemies":"Orb Walker","floor":35,"turns":1},{"damage":0,"enemies":"3 Shapes","floor":37,"turns":1},{"damage":0,"enemies":"Sphere and 2 Shapes","floor":38,"turns":1},{"damage":0,"enemies":"2 Orb Walkers","floor":39,"turns":1},{"damage":0,"enemies":"Giant Head","floor":40,"turns":1},{"damage":0,"enemies":"Reptomancer","floor":42,"turns":1},{"damage":0,"enemies":"Giant Head","floor":44,"turns":1},{"damage":0,"enemies":"Reptomancer","floor":45,"turns":1},{"damage":0,"enemies":"Mind Bloom Boss Battle","floor":46,"turns":1},{"damage":0,"enemies":"Donu and Deca","floor":50,"turns":1},{"damage":0,"enemies":"Time Eater","floor":51,"turns":1},{"damage":0,"enemies":"Shield and Spear","floor":55,"turns":1},{"damage":0,"enemies":"The Heart","floor":56,"turns":4}],"seed_played":"-707687321936362840","potions_obtained":[{"floor":1,"key":"SkillPotion"},{"floor":5,"key":"Weak Potion"},{"floor":16,"key":"ColorlessPotion"},{"floor":18,"key":"GhostInAJar"},{"floor":19,"key":"PowerPotion"},{"floor":38,"key":"CultistPotion"},{"floor":40,"key":"GhostInAJar"}],"is_trial":true,"path_per_floor":["M","?","?","$","M","E","E","E","T","E","R","E","E","$","R","B",null,"M","M","?","M","$","E","R","E","T","E","E","R","E","E","R","B",null,"M","?","M","M","?","E","?","E","T","E","E","?","R","$","R","B","B",null,"R","$","E","B",null],"character_chosen":"THE_SILENT","items_purchased":["Mummified Hand","Membership Card","AT_MibuBalloonWealth","Medical Kit","Singing Bowl","TungstenRod","AT_SilvercatRing","Kunai","Ornamental Fan","Swift Potion","Blood Vial","Oddly Smooth Stone","AT_DeathDance","AT_ForceNature","Pen Nib","Anchor","Akabeko","Du-Vu Doll","FossilizedHelix","Sundial","Bronze Scales","AT_ChloranthyRing","Letter Opener"],"campfire_rested":0,"item_purchase_floors":[14,22,22,48,48,48,48,48,48,48,54,54,54,54,54,54,54,54,54,54,54,54,54],"current_hp_per_floor":[59,59,59,59,59,59,59,59,59,59,59,59,59,59,59,59,64,64,64,64,64,64,64,64,64,64,64,64,64,64,64,64,64,66,66,66,66,66,66,66,66,66,66,66,66,66,66,66,66,66,66,66,66,66,68,68],"gold":132,"neow_bonus":"","is_daily":false,"chose_seed":false,"campfire_upgraded":7,"win_rate":0.0,"timestamp":1611824431,"path_taken":["M","?","?","$","M","E","E","E","T","E","R","E","E","$","R","BOSS","M","?","?","?","?","E","R","E","T","E","E","R","E","E","R","BOSS","M","?","M","?","?","E","?","E","T","E","E","?","R","$","R","BOSS","BOSS","R","$","E","BOSS"],"items_purchased_type":["Relic","Relic","Relic","Relic","Relic","Relic","Relic","Relic","Relic","Potion","Relic","Relic","Relic","Relic","Relic","Relic","Relic","Relic","Relic","Relic","Relic","Relic","Relic"],"build_version":"2020-12-22","purchased_purges":3,"victory":true,"max_hp_per_floor":[66,66,66,66,66,66,66,66,66,66,66,66,66,66,66,66,66,66,66,66,66,66,66,66,66,66,66,66,66,66,66,66,66,66,66,66,66,66,66,66,66,66,66,66,66,66,66,66,66,66,66,66,66,66,68,68],"card_choices":[{"not_picked":["Blade Dance","Accuracy","Bane"],"picked":"SKIP","floor":1},{"not_picked":["Dodge and Roll","Prepared","Terror"],"picked":"SKIP","floor":5},{"not_picked":["Burst","Unload"],"picked":"Grand Finale","floor":6},{"not_picked":["Glass Knife","Tools of the Trade"],"picked":"After Image","floor":7},{"not_picked":["A Thousand Cuts","AT_MyraUnstableElement","Glass Knife"],"picked":"SKIP","floor":8},{"not_picked":["Night Terror","Phantasmal Killer","AT_EssenceShift"],"picked":"SKIP","floor":10},{"not_picked":["Venomology","Phantasmal Killer","Die Die Die"],"picked":"SKIP","floor":12},{"not_picked":["Malaise","Burst","AT_MyraUnstableElement"],"picked":"SKIP","floor":13},{"not_picked":["Flying Knee","Leg Sweep","AT_TinkerSharpsword"],"picked":"SKIP","floor":18},{"not_picked":["Sucker Punch","Accuracy","Poisoned Stab"],"picked":"SKIP","floor":19},{"not_picked":["Cloak And Dagger","Leg Sweep+1","Acrobatics"],"picked":"SKIP","floor":21},{"not_picked":["Corpse Explosion","Glass Knife","Storm of Steel"],"picked":"SKIP","floor":23},{"not_picked":["Glass Knife","Die Die Die","Envenom"],"picked":"SKIP","floor":25},{"not_picked":["Glass Knife","Phantasmal Killer","Malaise"],"picked":"SKIP","floor":27},{"not_picked":["Venomology","Burst","Malaise"],"picked":"SKIP","floor":28},{"not_picked":["Glass Knife","AT_MyraUnstableElement","Doppelganger"],"picked":"SKIP","floor":30},{"not_picked":["Wraith Form v2","Night Terror","Bullet Time"],"picked":"SKIP","floor":31},{"not_picked":["Grand Finale","Bullet Time"],"picked":"Adrenaline","floor":33},{"not_picked":["Finisher","Bane+1","Deflect"],"picked":"SKIP","floor":35},{"not_picked":["Underhanded Strike","Riddle With Holes+1"],"picked":"Terror","floor":37},{"not_picked":["AT_WindFlip","Escape Plan","Blur"],"picked":"SKIP","floor":38},{"not_picked":["Die Die Die","A Thousand Cuts","Doppelganger"],"picked":"SKIP","floor":40},{"not_picked":["Die Die Die","A Thousand Cuts","Doppelganger"],"picked":"SKIP","floor":40},{"not_picked":["Bullet Time","Envenom","AT_KingSlayer"],"picked":"SKIP","floor":42},{"not_picked":["Grand Finale","Wraith Form v2","Corpse Explosion","Phantasmal Killer"],"picked":"SKIP","floor":44},{"not_picked":["Wraith Form v2","Storm of Steel","AT_KingSlayer","Bullet Time"],"picked":"SKIP","floor":45},{"not_picked":["Distraction","Escape Plan","Flying Knee"],"picked":"Backflip+1","floor":46},{"not_picked":["Phantasmal Killer","Glass Knife","Grand Finale","Venomology"],"picked":"Singing Bowl","floor":55}],"player_experience":553114,"relics_obtained":[{"floor":6,"key":"Toy Ornithopter"},{"floor":7,"key":"MawBank"},{"floor":8,"key":"Whetstone"},{"floor":9,"key":"AT_BladeRuinedKing"},{"floor":10,"key":"Blue Candle"},{"floor":12,"key":"Boot"},{"floor":13,"key":"AT_Manta"},{"floor":23,"key":"Potion Belt"},{"floor":25,"key":"AT_GuinsooRageblade"},{"floor":27,"key":"Old Coin"},{"floor":28,"key":"Bottled Lightning"},{"floor":31,"key":"MealTicket"},{"floor":39,"key":"Tough Bandages"},{"floor":40,"key":"Bottled Tornado"},{"floor":42,"key":"HornCleat"},{"floor":43,"key":"Question Card"},{"floor":44,"key":"AT_ImmortalShieldbow"},{"floor":45,"key":"Turnip"},{"floor":46,"key":"Girya"},{"floor":55,"key":"StrikeDummy"}],"event_choices":[{"damage_healed":0,"gold_gain":150,"player_choice":"AGREE","damage_taken":0,"max_hp_gain":0,"max_hp_loss":0,"event_name":"Liars Game","floor":2,"gold_loss":0,"cards_obtained":["Doubt"]},{"cards_removed":["Doubt"],"damage_healed":0,"gold_gain":0,"player_choice":"Purged","damage_taken":0,"max_hp_gain":0,"max_hp_loss":0,"event_name":"Purifier","floor":3,"gold_loss":0},{"damage_healed":0,"gold_gain":0,"player_choice":"Got Potions","damage_taken":0,"max_hp_gain":0,"max_hp_loss":0,"event_name":"Lab","floor":20,"gold_loss":0},{"damage_healed":0,"gold_gain":0,"player_choice":"Gave Potion","damage_taken":0,"relics_obtained":["The Courier"],"max_hp_gain":0,"max_hp_loss":0,"event_name":"WeMeetAgain","floor":36,"gold_loss":0},{"damage_healed":0,"gold_gain":0,"player_choice":"Fight","damage_taken":0,"max_hp_gain":0,"max_hp_loss":0,"event_name":"Mysterious Sphere","floor":39,"gold_loss":0},{"damage_healed":0,"gold_gain":0,"player_choice":"Ignored","damage_taken":0,"max_hp_gain":0,"max_hp_loss":0,"event_name":"Tomb of Lord Red Mask","floor":41,"gold_loss":0},{"damage_healed":0,"gold_gain":0,"player_choice":"Fight","damage_taken":0,"max_hp_gain":0,"max_hp_loss":0,"event_name":"MindBloom","floor":46,"gold_loss":0}],"is_beta":false,"boss_relics":[{"not_picked":["Fusion Hammer","WristBlade"],"picked":"HoveringKite"},{"not_picked":["Snecko Eye","Sozu"],"picked":"Empty Cage"}],"items_purged_floors":[4,14,48],"is_endless":false,"potions_floor_spawned":[1,5,8,13,16,18,19,28,38,40,45],"ascension_level":20}}