{"host":"Bilverbakes","time":1611803185,"event":{"mods":["2.2 Compatiblity","AchievementEnabler","BaseMod","Bestiary","Colored Map","Minty Spire (QoL Compilation)","Relic Stats","StSLib","ojb\u0027s Info Mod"],"gold_per_floor":[117,130,144,163,178,206,206,233,233,233,297,297,38,38,38,116,116,133,133,49,69,69,69,99,99,99,99,99,118,118,137,137,210,210,221,221,221],"floor_reached":36,"language":"ENG","playtime":1438,"items_purged":[],"score":780,"play_id":"4aa634c0-bf6f-4884-94cd-716ac9a050cb","local_time":"20210127210625","is_ascension_mode":true,"campfire_choices":[{"floor":7.0,"key":"REST"},{"data":"Eruption","floor":10.0,"key":"SMITH"},{"data":"TalkToTheHand","floor":12.0,"key":"SMITH"},{"data":"BattleHymn","floor":15.0,"key":"SMITH"},{"floor":23.0,"key":"REST"},{"floor":28.0,"key":"REST"},{"floor":32.0,"key":"REST"}],"circlet_count":0,"master_deck":["AscendersBane","Strike_P","Strike_P","Strike_P","Strike_P","Defend_P","Defend_P","Eruption+1","Vigilance","WreathOfFlame+1","ReachHeaven","CrushJoints","Conclude+1","Wireheading","TalkToTheHand+1","EmptyMind+1","BattleHymn+1","Omniscience","Parasite","Omniscience","CurseOfTheBell","ThirdEye","LessonLearned+1","Establishment","CutThroughFate","BowlingBash+1","Scrawl"],"relics":["PureWater","Shuriken","Sundial","Question Card","Calling Bell","Boot","Gremlin Horn","FossilizedHelix","Darkstone Periapt","Bottled Flame","Sozu"],"acts_visited":["Exordium","TheCity","TheBeyond"],"potions_floor_usage":[],"damage_taken":[{"damage":14.0,"enemies":"Small Slimes","floor":1.0,"turns":3.0},{"damage":4.0,"enemies":"Jaw Worm","floor":2.0,"turns":2.0},{"damage":1.0,"enemies":"2 Louse","floor":3.0,"turns":3.0},{"damage":12.0,"enemies":"Exordium Wildlife","floor":4.0,"turns":3.0},{"damage":0.0,"enemies":"3 Louse","floor":5.0,"turns":1.0},{"damage":30.0,"enemies":"Lagavulin","floor":6.0,"turns":5.0},{"damage":24.0,"enemies":"3 Sentries","floor":8.0,"turns":5.0},{"damage":1.0,"enemies":"Hexaghost","floor":16.0,"turns":6.0},{"damage":0.0,"enemies":"Chosen","floor":18.0,"turns":3.0},{"damage":26.0,"enemies":"2 Thieves","floor":21.0,"turns":5.0},{"damage":12.0,"enemies":"Gremlin Leader","floor":24.0,"turns":5.0},{"damage":0.0,"enemies":"3 Cultists","floor":29.0,"turns":3.0},{"damage":26.0,"enemies":"Snake Plant","floor":31.0,"turns":5.0},{"damage":16.0,"enemies":"Automaton","floor":33.0,"turns":4.0},{"damage":17,"enemies":"3 Darklings","floor":35,"turns":3},{"damage":0,"enemies":"3 Shapes","floor":36,"turns":1}],"seed_played":"-3136733813660507166","potions_obtained":[{"floor":3.0,"key":"FairyPotion"},{"floor":6.0,"key":"Strength Potion"},{"floor":8.0,"key":"AttackPotion"},{"floor":16.0,"key":"Dexterity Potion"},{"floor":21.0,"key":"Energy Potion"},{"floor":29.0,"key":"EntropicBrew"}],"is_trial":false,"path_per_floor":["M","M","M","M","M","E","R","E","T","R","?","R","$","?","R","B",null,"M","?","$","M","?","R","E","?","T","$","R","M","$","M","R","B",null,"M","M"],"character_chosen":"WATCHER","items_purchased":["BattleHymn","Omniscience","LessonLearned"],"campfire_rested":4,"item_purchase_floors":[13,13,20],"current_hp_per_floor":[47,43,42,30,30,18,36,12,12,12,12,12,12,27,27,26,53,53,53,53,27,10,30,18,12,12,12,32,32,32,6,26,10,53,36,36,36],"gold":221,"neow_bonus":"TRANSFORM_TWO_CARDS","is_daily":false,"chose_seed":false,"campfire_upgraded":3,"win_rate":0.0,"timestamp":1611803185,"path_taken":["M","M","M","M","M","E","R","E","T","R","?","R","$","?","R","BOSS","M","?","$","M","?","R","E","?","T","$","R","?","?","M","R","BOSS","M","?"],"items_purchased_type":["Card","Card","Card"],"build_version":"2020-12-18","purchased_purges":0,"victory":false,"max_hp_per_floor":[62,62,62,62,62,62,62,62,62,62,62,62,62,62,62,62,62,62,62,62,62,67,67,67,67,67,67,67,67,67,67,67,67,67,67,67,67],"relic_stats":{"Darkstone Periapt":0,"Sozu":1,"Gremlin Horn":[11,11],"counters":[16,57],"Shuriken":[17],"Sundial":[4],"Question Card":9,"Boot":[8],"obtain_stats":[{"Calling Bell":17,"Darkstone Periapt":24,"Sozu":34,"Bottled Flame":26,"Gremlin Horn":17,"Shuriken":6,"Sundial":8,"PureWater":0,"Question Card":9,"Boot":17,"FossilizedHelix":17},{"Calling Bell":8,"Darkstone Periapt":11,"Sozu":14,"Bottled Flame":11,"Gremlin Horn":8,"Shuriken":6,"Sundial":7,"PureWater":0,"Question Card":7,"Boot":8,"FossilizedHelix":8},{"Calling Bell":28,"Darkstone Periapt":41,"Sozu":53,"Bottled Flame":41,"Gremlin Horn":28,"Shuriken":17,"Sundial":22,"PureWater":0,"Question Card":22,"Boot":28,"FossilizedHelix":28}]},"card_choices":[{"not_picked":["EmptyBody","WaveOfTheHand","Consecrate"],"picked":"SKIP","floor":1.0},{"not_picked":["Evaluate","WreathOfFlame"],"picked":"CrushJoints","floor":2.0},{"not_picked":["Consecrate","FearNoEvil"],"picked":"Conclude","floor":3.0},{"not_picked":["FlyingSleeves","Worship"],"picked":"Wireheading","floor":4.0},{"not_picked":["WindmillStrike","FlurryOfBlows","ReachHeaven"],"picked":"SKIP","floor":5.0},{"not_picked":["Prostrate","ClearTheMind"],"picked":"TalkToTheHand","floor":6.0},{"not_picked":["Nirvana","Protect"],"picked":"EmptyMind","floor":8.0},{"not_picked":["Vault","Ragnarok","Scrawl"],"picked":"Omniscience","floor":16.0},{"not_picked":["ClearTheMind","Conclude","Consecrate"],"picked":"ThirdEye","floor":18.0},{"not_picked":["CutThroughFate","Prostrate","Swivel"],"picked":"Establishment","floor":21.0},{"not_picked":["Collect","Vengeance","ClearTheMind"],"picked":"CutThroughFate","floor":24.0},{"not_picked":["CarveReality+1","DeceiveReality","ThirdEye"],"picked":"BowlingBash+1","floor":29.0},{"not_picked":["JustLucky","EmptyFist","CrushJoints","Vengeance"],"picked":"SKIP","floor":31.0},{"not_picked":["MasterReality","LessonLearned","Brilliance"],"picked":"Scrawl","floor":33.0},{"not_picked":["JustLucky","PathToVictory","EmptyFist+1","WindmillStrike"],"picked":"SKIP","floor":35}],"player_experience":829848,"relics_obtained":[{"floor":6.0,"key":"Shuriken"},{"floor":8.0,"key":"Sundial"},{"floor":9.0,"key":"Question Card"},{"floor":17.0,"key":"Boot"},{"floor":17.0,"key":"Gremlin Horn"},{"floor":17.0,"key":"FossilizedHelix"},{"floor":24.0,"key":"Darkstone Periapt"},{"floor":26.0,"key":"Bottled Flame"}],"event_choices":[{"damage_healed":0.0,"max_hp_gain":0.0,"max_hp_loss":0.0,"gold_gain":64.0,"event_name":"Golden Wing","player_choice":"Gained Gold","floor":11.0,"gold_loss":0.0,"damage_taken":0.0},{"damage_healed":15.0,"max_hp_gain":0.0,"max_hp_loss":0.0,"gold_gain":0.0,"event_name":"Mushrooms","player_choice":"Healed and dodged fight","floor":14.0,"gold_loss":0.0,"damage_taken":0.0,"cards_obtained":["Parasite"]},{"damage_healed":0.0,"max_hp_gain":0.0,"max_hp_loss":0.0,"gold_gain":0.0,"event_name":"The Mausoleum","player_choice":"Ignored","floor":19.0,"gold_loss":0.0,"damage_taken":0.0},{"damage_healed":0.0,"max_hp_gain":5.0,"max_hp_loss":0.0,"gold_gain":0.0,"event_name":"Forgotten Altar","player_choice":"Shed Blood","floor":22.0,"gold_loss":0.0,"damage_taken":22.0},{"damage_healed":0.0,"max_hp_gain":0.0,"max_hp_loss":0.0,"gold_gain":0.0,"event_name":"Knowing Skull","player_choice":"","floor":25.0,"potions_obtained":[],"gold_loss":0.0,"damage_taken":6.0,"cards_obtained":[]}],"is_beta":true,"boss_relics":[{"not_picked":["Empty Cage","Runic Dome"],"picked":"Calling Bell"},{"not_picked":["VioletLotus","HolyWater"],"picked":"Sozu"}],"items_purged_floors":[],"is_endless":false,"potions_floor_spawned":[3,6,8,16,21,29,35],"killed_by":"3 Shapes","ascension_level":20}}