{"host":"w32y1rowg7sz2csy","time":1611838320,"event":{"mods":["BaseMod","Bestiary","Colored Map","Downfall","Minty Spire (QoL Compilation)","StSLib"],"gold_per_floor":[116,31,206,206,216,216,249,249,325,344,27,27,41,76,76,175,175,189,189,208,223,223,223,130,155,155,173,185,185,200,72,72,176,176,192,192,203,218,218,218,218,81,81,115,170,181,211,231,231,231],"floor_reached":51,"language":"ENG","playtime":3004,"items_purged":["Doubt","Injury","Defend_B"],"score":735,"play_id":"c4743d0c-82b8-4ec7-a9da-14598a8924c2","local_time":"20210128135200","is_ascension_mode":false,"campfire_choices":[{"data":"Beam Cell","floor":6,"key":"SMITH"},{"data":"Dualcast","floor":8,"key":"SMITH"},{"data":"Redo","floor":15,"key":"SMITH"},{"floor":23,"key":"REST"},{"floor":32,"key":"REST"},{"data":"Creative AI","floor":40,"key":"SMITH"},{"floor":49,"key":"REST"}],"circlet_count":0,"master_deck":["Defend_B+1","Defend_B+1","Zap","Dualcast+1","BootSequence","Scrape+1","Go for the Eyes","Beam Cell+1","Finesse","Loop","Redo+1","Amplify","FTL","Beam Cell+1","Slimebound:Tackle+1","Slimebound:Tackle+1","Chaos","Doom and Gloom","Compile Driver+1","Rainbow","Creative AI+1","Glacier+1","Defragment+1","Tempest+1","Panache","Redo+1","Panache","Regret","Guardian:TimeBomb+1"],"relics":["Cracked Core","NeowsBlessing","Pen Nib","InkBottle","Membership Card","Happy Flower","Oddly Smooth Stone","Cursed Key","Matryoshka","Juzu Bracelet","Meat on the Bone","Regal Pillow","Astrolabe","PrismaticShard","Bronze Scales","Mummified Hand","Bottled Tornado","Bird Faced Urn","Bag of Marbles"],"acts_visited":["Exordium","TheCity","TheBeyond"],"potions_floor_usage":[50,50],"damage_taken":[{"damage":0,"enemies":"Jaw Worm","floor":1,"turns":1},{"damage":0,"enemies":"2 Louse","floor":5,"turns":1},{"damage":0,"enemies":"Lagavulin","floor":7,"turns":1},{"damage":0,"enemies":"Cultist","floor":10,"turns":2},{"damage":0,"enemies":"Red Slaver","floor":13,"turns":3},{"damage":8,"enemies":"Gremlin Nob","floor":14,"turns":3},{"damage":8,"enemies":"Slime Boss","floor":16,"turns":11},{"damage":20,"enemies":"2 Thieves","floor":18,"turns":3},{"damage":0,"enemies":"Spheric Guardian","floor":20,"turns":3},{"damage":5,"enemies":"Centurion and Healer","floor":21,"turns":6},{"damage":12,"enemies":"Book of Stabbing","floor":25,"turns":4},{"damage":5,"enemies":"Chosen and Byrds","floor":27,"turns":3},{"damage":6,"enemies":"Snecko","floor":28,"turns":4},{"damage":4,"enemies":"3 Cultists","floor":30,"turns":4},{"damage":51,"enemies":"Collector","floor":33,"turns":7},{"damage":5,"enemies":"3 Shapes","floor":35,"turns":4},{"damage":4,"enemies":"3 Darklings","floor":37,"turns":5},{"damage":4,"enemies":"Transient","floor":38,"turns":5},{"damage":16,"enemies":"Giant Head","floor":44,"turns":6},{"damage":19,"enemies":"2 Orb Walkers","floor":45,"turns":3},{"damage":1,"enemies":"Writhing Mass","floor":46,"turns":3},{"damage":42,"enemies":"Reptomancer","floor":47,"turns":5},{"damage":0,"enemies":"3 Darklings","floor":48,"turns":3},{"damage":63,"enemies":"Time Eater","floor":50,"turns":9}],"seed_played":"8941320435309104208","potions_obtained":[{"floor":10,"key":"DistilledChaos"},{"floor":14,"key":"champ:CounterPotion"},{"floor":16,"key":"PotionOfCapacity"}],"is_trial":false,"path_per_floor":["M","$","?","?","M","R","E","R","T","M","$","?","M","E","R","B",null,"M","?","M","M","?","R","$","E","T","M","M","?","M","$","R","B",null,"M","?","M","M","?","R","?","$","T","E","?","M","E","M","R","B",null],"character_chosen":"DEFECT","items_purchased":["Scrape","Go for the Eyes","Membership Card","Finesse","Happy Flower","Loop","Chaos","Doom and Gloom","Rainbow","PrismaticShard"],"campfire_rested":3,"item_purchase_floors":[2,2,11,11,11,11,24,24,31,42],"current_hp_per_floor":[75,75,75,75,75,75,75,75,75,75,75,60,60,52,52,44,75,55,41,41,36,36,60,60,48,48,43,49,49,45,45,80,41,80,75,75,71,67,67,67,67,67,67,51,44,53,41,53,80,49],"gold":231,"neow_bonus":"THREE_ENEMY_KILL","is_daily":false,"chose_seed":false,"campfire_upgraded":4,"win_rate":0.0,"timestamp":1611838320,"path_taken":["M","$","?","?","M","R","E","R","T","M","$","?","?","E","R","BOSS","M","?","M","M","?","R","$","E","T","M","M","?","M","$","R","BOSS","M","?","M","M","?","R","?","?","T","E","?","M","E","M","R","BOSS"],"items_purchased_type":["Card","Card","Relic","Card","Relic","Card","Card","Card","Card","Relic"],"build_version":"2020-12-22","purchased_purges":3,"victory":true,"max_hp_per_floor":[75,75,75,75,75,75,75,75,75,75,75,75,75,75,75,75,75,75,80,80,80,80,80,80,80,80,80,80,80,80,80,80,80,80,80,80,80,80,80,80,80,80,80,80,80,80,80,80,80,80],"card_choices":[{"not_picked":["Redo","Stack"],"picked":"BootSequence","floor":1},{"not_picked":["Conserve Battery","Cold Snap"],"picked":"Beam Cell","floor":5},{"not_picked":["Beam Cell","Compile Driver","Coolheaded"],"picked":"SKIP","floor":7},{"not_picked":["Stack","Beam Cell"],"picked":"Coolheaded","floor":10},{"not_picked":["Beam Cell","Go for the Eyes","Glacier"],"picked":"SKIP","floor":13},{"not_picked":["Steam","Go for the Eyes"],"picked":"Redo","floor":14},{"not_picked":["Fission","Buffer"],"picked":"Amplify","floor":16},{"not_picked":["Compile Driver","Gash"],"picked":"FTL","floor":18},{"not_picked":["Aggregate","Melter","Rip and Tear"],"picked":"SKIP","floor":20},{"not_picked":["Tempest","Barrage"],"picked":"Beam Cell+1","floor":21},{"not_picked":["Doom and Gloom","Steam+1","Capacitor"],"picked":"SKIP","floor":25},{"not_picked":["Chaos","Reprogram+1","White Noise"],"picked":"SKIP","floor":27},{"not_picked":["Ball Lightning+1","Rip and Tear"],"picked":"Compile Driver+1","floor":28},{"not_picked":["Consume+1","Redo","Skim+1"],"picked":"SKIP","floor":30},{"not_picked":["Buffer","Reboot"],"picked":"Creative AI","floor":33},{"not_picked":["Go for the Eyes+1","FTL+1","Compile Driver+1"],"picked":"SKIP","floor":35},{"not_picked":["Forethought","Blind"],"picked":"Panache","floor":36},{"not_picked":["Hologram+1","Coolheaded","Tempest+1"],"picked":"SKIP","floor":37},{"not_picked":["Leap","Barrage"],"picked":"Redo+1","floor":38},{"not_picked":["Slimebound:Chomp+1","Eviscerate"],"picked":"Guardian:TimeBomb+1","floor":44},{"not_picked":["Blind+1","hexamod:HeatShield+1","bronze:CutThrough+1"],"picked":"SKIP","floor":46},{"not_picked":["ClearTheMind+1","Slimebound:DouseInSlime","champ:CrownThrow+1"],"picked":"SKIP","floor":47},{"not_picked":["bronze:Optimize+1","CrushJoints","champ:HeartStrike"],"picked":"SKIP","floor":48},{"not_picked":["bronze:Optimize+1","CrushJoints","champ:HeartStrike"],"picked":"SKIP","floor":48}],"player_experience":8759,"relics_obtained":[{"floor":7,"key":"Pen Nib"},{"floor":9,"key":"InkBottle"},{"floor":14,"key":"Oddly Smooth Stone"},{"floor":25,"key":"Matryoshka"},{"floor":26,"key":"Juzu Bracelet"},{"floor":26,"key":"Meat on the Bone"},{"floor":43,"key":"Bronze Scales"},{"floor":43,"key":"Mummified Hand"},{"floor":44,"key":"Bottled Tornado"},{"floor":45,"key":"Bird Faced Urn"},{"floor":47,"key":"Bag of Marbles"}],"event_choices":[{"damage_healed":0,"gold_gain":175,"player_choice":"AGREE","damage_taken":0,"max_hp_gain":0,"max_hp_loss":0,"event_name":"Liars Game","floor":3,"gold_loss":0,"cards_obtained":["Doubt"]},{"damage_healed":0,"gold_gain":0,"player_choice":"Grow","damage_taken":0,"max_hp_gain":0,"max_hp_loss":0,"event_name":"Living Wall","floor":4,"gold_loss":0,"cards_upgraded":["Scrape"]},{"damage_healed":0,"gold_gain":0,"player_choice":"Entered Light","damage_taken":15,"max_hp_gain":0,"max_hp_loss":0,"event_name":"Shining Light","floor":12,"gold_loss":0,"cards_upgraded":["Defend_B","Defend_B"]},{"damage_healed":0,"gold_gain":0,"player_choice":"Shed Blood","damage_taken":19,"max_hp_gain":5,"max_hp_loss":0,"event_name":"Forgotten Altar","floor":19,"gold_loss":0},{"damage_healed":0,"gold_gain":0,"player_choice":"Opened","damage_taken":0,"relics_obtained":["Regal Pillow"],"max_hp_gain":0,"max_hp_loss":0,"event_name":"The Mausoleum","floor":29,"gold_loss":0},{"damage_healed":0,"gold_gain":0,"player_choice":"Memory 1","damage_taken":0,"max_hp_gain":0,"max_hp_loss":0,"event_name":"SensoryStone","floor":36,"gold_loss":0},{"damage_healed":0,"gold_gain":0,"player_choice":"Ignored","damage_taken":0,"max_hp_gain":0,"max_hp_loss":0,"event_name":"SecretPortal","floor":39,"gold_loss":0},{"damage_healed":0,"gold_gain":0,"player_choice":"Copied","damage_taken":0,"max_hp_gain":0,"max_hp_loss":0,"event_name":"Duplicator","floor":41,"gold_loss":0,"cards_obtained":["Panache"]},{"damage_healed":0,"gold_gain":0,"player_choice":"Fight","damage_taken":0,"max_hp_gain":0,"max_hp_loss":0,"event_name":"Mysterious Sphere","floor":45,"gold_loss":0}],"is_beta":false,"boss_relics":[{"not_picked":["Tiny House","Coffee Dripper"],"picked":"Cursed Key"},{"not_picked":["Nuclear Battery","SacredBark"],"picked":"Astrolabe"}],"items_purged_floors":[24,31,42],"is_endless":false,"potions_floor_spawned":[10,14,16,20,25,27,35,38,45,48],"ascension_level":0}}