{"host":"anox4050deqdcqoh","time":1611817319,"event":{"mods":["BaseMod","Colored Map","Highlight Path","Minty Spire (QoL Compilation)","Quick Restart","Rare Cards Sparkle","everything is the same but u backflip on backflip"],"gold_per_floor":[115,135,42,42,52,52,79,79,79,79,95,126,126,143,143,243,243,261,296,296,296,311,311,328,328,354,354,554,248,281,303,315,424,436,463,475,500,537,568,580,592,604,604],"floor_reached":42,"language":"ENG","playtime":4095,"items_purged":[],"score":513,"play_id":"ef4173cb-b4ef-4a4f-ba06-7f5adbc2ff8f","local_time":"20210128020159","is_ascension_mode":true,"campfire_choices":[{"data":"Carnage","floor":6,"key":"SMITH"},{"data":"True Grit","floor":13,"key":"SMITH"},{"floor":15,"key":"REST"},{"floor":23,"key":"REST"},{"floor":25,"key":"REST"},{"floor":27,"key":"REST"},{"floor":32,"key":"REST"},{"floor":40,"key":"REST"}],"circlet_count":0,"master_deck":["Strike_R+1","Strike_R+1","Strike_R+1","Strike_R+1","Strike_R+1","Defend_R+1","Defend_R+1","Defend_R+1","Defend_R+1","Bash","CurseOfTheBell","Metallicize","Carnage+1","Blind+1","Evolve","True Grit+1","Burning Pact","Juggernaut","Iron Wave+1","Dual Wield","Power Through","Fire Breathing","Shrug It Off+1","Metallicize+1","Demon Form","Dual Wield+1","Parasite"],"relics":["Calling Bell","Orichalcum","Singing Bowl","Ice Cream","Shovel","Pantograph","Black Star","Red Mask","PreservedInsect","Blood Vial","Orrery","Juzu Bracelet","MawBank","Philosopher\u0027s Stone","Toy Ornithopter"],"acts_visited":["Exordium","TheCity","TheBeyond"],"potions_floor_usage":[19,19,22,33,33,33,33],"damage_taken":[{"damage":11,"enemies":"Jaw Worm","floor":1,"turns":4},{"damage":1,"enemies":"Small Slimes","floor":2,"turns":4},{"damage":7,"enemies":"2 Louse","floor":5,"turns":4},{"damage":18,"enemies":"Gremlin Nob","floor":7,"turns":5},{"damage":3,"enemies":"Exordium Wildlife","floor":11,"turns":4},{"damage":18,"enemies":"Lagavulin","floor":12,"turns":7},{"damage":4,"enemies":"Looter","floor":14,"turns":4},{"damage":44,"enemies":"Slime Boss","floor":16,"turns":12},{"damage":10,"enemies":"3 Byrds","floor":18,"turns":5},{"damage":70,"enemies":"Masked Bandits","floor":19,"turns":7},{"damage":0,"enemies":"Shell Parasite","floor":22,"turns":8},{"damage":17,"enemies":"Shelled Parasite and Fungi","floor":24,"turns":8},{"damage":42,"enemies":"Gremlin Leader","floor":30,"turns":10},{"damage":7,"enemies":"Centurion and Healer","floor":31,"turns":9},{"damage":30,"enemies":"Champ","floor":33,"turns":17},{"damage":40,"enemies":"3 Darklings","floor":35,"turns":8},{"damage":5,"enemies":"Orb Walker","floor":37,"turns":5},{"damage":31,"enemies":"Spire Growth","floor":39,"turns":6},{"damage":0,"enemies":"Writhing Mass","floor":42,"turns":4}],"seed_played":"7947095482418262676","potions_obtained":[{"floor":5,"key":"HeartOfIron"},{"floor":7,"key":"PowerPotion"},{"floor":11,"key":"Weak Potion"},{"floor":30,"key":"FearPotion"},{"floor":31,"key":"EntropicBrew"},{"floor":33,"key":"SteroidPotion"},{"floor":39,"key":"Dexterity Potion"}],"is_trial":false,"path_per_floor":["M","M","$","?","M","R","E","?","T","?","M","E","R","M","R","B",null,"M","?","?","?","M","R","M","R","T","R","?","$","E","M","R","B",null,"M","?","M","T","M","R","?","M"],"character_chosen":"IRONCLAD","items_purchased":["Blind","Blood Vial","Orrery"],"campfire_rested":6,"item_purchase_floors":[3,29,29],"current_hp_per_floor":[69,68,68,68,63,63,47,47,47,75,72,54,54,50,75,40,84,74,6,6,6,6,31,14,39,39,64,64,68,30,25,52,49,92,54,54,53,53,24,52,52,54,54],"gold":604,"neow_bonus":"BOSS_RELIC","is_daily":false,"chose_seed":false,"campfire_upgraded":2,"win_rate":0.0,"timestamp":1611817319,"path_taken":["M","M","$","?","M","R","E","?","T","?","M","E","R","M","R","BOSS","M","?","?","?","M","R","M","R","T","R","?","$","E","M","R","BOSS","M","?","M","?","M","R","?","M"],"items_purchased_type":["Card","Relic","Relic"],"build_version":"2020-12-22","purchased_purges":0,"victory":false,"max_hp_per_floor":[80,80,80,80,82,82,84,84,84,84,84,84,84,84,84,84,84,84,86,86,86,86,86,86,86,86,86,86,90,92,92,92,92,92,94,94,96,96,96,96,96,96,96],"card_choices":[{"not_picked":["Perfected Strike","Body Slam"],"picked":"Metallicize","floor":1},{"not_picked":["Flex","Wild Strike"],"picked":"Carnage","floor":2},{"not_picked":["Wild Strike","Flex","Rampage"],"picked":"Singing Bowl","floor":5},{"not_picked":["Body Slam","Combust","Offering"],"picked":"Singing Bowl","floor":7},{"not_picked":["Clash","Perfected Strike"],"picked":"Evolve","floor":11},{"not_picked":["Dropkick","Feel No Pain"],"picked":"True Grit","floor":12},{"not_picked":["Spot Weakness","Heavy Blade"],"picked":"Burning Pact","floor":14},{"not_picked":["Bludgeon","Brutality"],"picked":"Juggernaut","floor":16},{"not_picked":["Wild Strike+1","Pommel Strike"],"picked":"Shrug It Off","floor":18},{"not_picked":["Sword Boomerang","Clash","Dropkick"],"picked":"Singing Bowl","floor":19},{"not_picked":["Twin Strike+1","Entrench"],"picked":"Iron Wave+1","floor":22},{"not_picked":["Heavy Blade","Sword Boomerang"],"picked":"Dual Wield","floor":24},{"not_picked":["Sword Boomerang","Flex","Perfected Strike"],"picked":"Singing Bowl","floor":29},{"not_picked":["Reckless Charge","Second Wind+1"],"picked":"Power Through","floor":29},{"not_picked":["Twin Strike","Flex","Perfected Strike"],"picked":"Singing Bowl","floor":29},{"not_picked":["Evolve+1","Rage"],"picked":"Fire Breathing","floor":29},{"not_picked":["Brutality","Intimidate"],"picked":"Shrug It Off+1","floor":29},{"not_picked":["True Grit","Rage","Sentinel+1"],"picked":"Singing Bowl","floor":30},{"not_picked":["Perfected Strike","Body Slam+1"],"picked":"Metallicize+1","floor":31},{"not_picked":["Corruption","Exhume"],"picked":"Demon Form","floor":33},{"not_picked":["Blood for Blood+1","Rupture","Thunderclap"],"picked":"Singing Bowl","floor":35},{"not_picked":["Battle Trance+1","Flex+1","Clash"],"picked":"Singing Bowl","floor":37},{"not_picked":["Burning Pact","Sever Soul"],"picked":"Dual Wield+1","floor":39}],"player_experience":407962,"relics_obtained":[{"floor":0,"key":"Orichalcum"},{"floor":0,"key":"Singing Bowl"},{"floor":0,"key":"Ice Cream"},{"floor":7,"key":"Shovel"},{"floor":12,"key":"Pantograph"},{"floor":19,"key":"Red Mask"},{"floor":26,"key":"PreservedInsect"},{"floor":30,"key":"Juzu Bracelet"},{"floor":30,"key":"MawBank"},{"floor":38,"key":"Toy Ornithopter"}],"event_choices":[{"damage_healed":0,"gold_gain":0,"player_choice":"Grow","damage_taken":0,"max_hp_gain":0,"max_hp_loss":0,"event_name":"Living Wall","floor":4,"gold_loss":0,"cards_upgraded":["Blind"]},{"damage_healed":0,"gold_gain":0,"player_choice":"Ignored","damage_taken":0,"max_hp_gain":0,"max_hp_loss":0,"event_name":"Shining Light","floor":8,"gold_loss":0},{"damage_healed":28,"gold_gain":0,"player_choice":"Banana","damage_taken":0,"max_hp_gain":0,"max_hp_loss":0,"event_name":"Big Fish","floor":10,"gold_loss":0},{"damage_healed":0,"gold_gain":0,"player_choice":"Fought Bandits","damage_taken":0,"max_hp_gain":0,"max_hp_loss":0,"event_name":"Masked Bandits","floor":19,"gold_loss":0},{"damage_healed":0,"gold_gain":0,"player_choice":"Ignored","damage_taken":0,"max_hp_gain":0,"max_hp_loss":0,"event_name":"Ghosts","floor":20,"gold_loss":0},{"damage_healed":0,"gold_gain":0,"player_choice":"Simplicity","damage_taken":0,"max_hp_gain":0,"max_hp_loss":0,"event_name":"Back to Basics","floor":21,"gold_loss":0,"cards_upgraded":["Strike_R","Strike_R","Strike_R","Strike_R","Strike_R","Defend_R","Defend_R","Defend_R","Defend_R"]},{"damage_healed":0,"gold_gain":250,"player_choice":"Bet on Owner","damage_taken":0,"max_hp_gain":0,"max_hp_loss":0,"event_name":"The Joust","floor":28,"gold_loss":50},{"damage_healed":0,"gold_gain":0,"player_choice":"Ignored","damage_taken":0,"max_hp_gain":0,"max_hp_loss":0,"event_name":"Mysterious Sphere","floor":36,"gold_loss":0},{"cards_removed":["Shrug It Off"],"damage_healed":0,"gold_gain":0,"player_choice":"Removed Skill","damage_taken":0,"max_hp_gain":0,"max_hp_loss":0,"event_name":"Falling","floor":41,"gold_loss":0}],"is_beta":false,"boss_relics":[{"not_picked":["SacredBark","Tiny House"],"picked":"Black Star"},{"not_picked":["Velvet Choker","Snecko Eye"],"picked":"Philosopher\u0027s Stone"}],"items_purged_floors":[],"is_endless":false,"potions_floor_spawned":[5,7,11,12,30,31,33,39],"killed_by":"Writhing Mass","ascension_level":3}}