{"host":"uvmuduost5bzvojs","time":1611799614,"event":{"mods":["Aspiration","Bard","BaseMod","Better Match","Block Reminder","Conspire","Hermit","Highlight Path","Hubris","Infinite Spire","Jorbs\u0027s Wanderer Trilogy","Mad Scientist","Marisa????????","Mimic Mod","Minty Spire (QoL Compilation)","Potionbrewer","Replay The Spire","Robot Space Explorer","StSLib","The Blackbeard","The Construct","The Cursed","The Disciple","The Hayseed","The Hierophant","The Juggle","The Jungle","The Poker Player","The Runesmith","The Servant 0.9.4","The Spell Scribe","The Valiant","TheBandit"],"gold_per_floor":[118,129,139,155,174,174,199,217,248,248,61,61,24,24,24,122,122,132,145,145,163,182,211,211,211,211,211,211,294,310,321,321,416,416,428,447,413,313,351,351,366,366,393,413,446,446,446,446,446,446],"floor_reached":51,"language":"ENG","playtime":3834,"items_purged":["Strike_MRS","Strike_MRS","Strike_MRS"],"score":772,"play_id":"7570214a-deae-41c1-9aa2-b6bbdf21673c","local_time":"20210127210654","is_ascension_mode":false,"campfire_choices":[{"data":"ChargingUp","floor":6,"key":"SMITH"},{"data":"GalacticHalo","floor":12,"key":"SMITH"},{"data":"EnergyFlow","floor":15,"key":"SMITH"},{"data":"EnergyFlow","floor":24,"key":"SMITH"},{"data":"UltimateShortwave","floor":27,"key":"SMITH"},{"floor":32,"key":"REST"},{"floor":40,"key":"REST"},{"floor":42,"key":"REST"},{"floor":47,"key":"REST"},{"floor":49,"key":"REST"}],"circlet_count":0,"master_deck":["Strike_MRS","Defend_MRS","Defend_MRS","Defend_MRS","Defend_MRS","MasterSpark","UpSweep","ChargingUp+1","GalacticHalo","StarBarrage","FairyDestructionRay","AbsoluteMagnitude+1","GalacticHalo+1","GalacticHalo","EnergyFlow+1","AsteroidBelt+1","Occultation","UltimateShortwave+1","OneTimeOff","EnergyFlow","Strike_MRS","Strike_MRS","Strike_MRS","Defend_MRS","Defend_MRS","Defend_MRS","Defend_MRS","MasterSpark","UpSweep","ChargingUp+1","GalacticHalo","StarBarrage","FairyDestructionRay","AbsoluteMagnitude+1","GalacticHalo+1","GalacticHalo","EnergyFlow+1","AsteroidBelt+1","Occultation","UltimateShortwave","OneTimeOff","EnergyFlow+1","GalacticHalo+1","hubris:InfiniteBlow+7","GalacticHalo","SuperPerseids","MilkyWay","GalacticHalo","GalacticHalo","EnergyFlow+1"],"relics":["MiniHakkero","hubris:OldNail","Replay:Mystery Machine","ReplayTheSpireMod:Ring of Exchange","ReplayTheSpireMod:Ring of Addiction","hubris:EmptyBottle","Potion Belt","Runesmith:UraniumAnvil","hubris:DeckOfHolding","Thread and Needle","Ice Cream","hubris:EvacipatedBox","hubris:KleinBottle","Replay:Grab Bag","Fusion Hammer","Replay:Bronze Core","Snecko Eye","aspiration:FetidBarrel","Ancient Tea Set","conspire:InfiniteJournal"],"acts_visited":["Exordium","TheCity","TheBeyond"],"potions_floor_usage":[16,16,16,23,33,33,41,44,50,50,50,50,50,50,50,50,50,50,50,50,50,50],"damage_taken":[{"damage":0,"enemies":"Cultist","floor":1,"turns":4},{"damage":6,"enemies":"Jaw Worm","floor":2,"turns":3},{"damage":1,"enemies":"2 Louse","floor":3,"turns":4},{"damage":6,"enemies":"Exordium Wildlife","floor":4,"turns":5},{"damage":15,"enemies":"Exordium Thugs","floor":5,"turns":3},{"damage":26,"enemies":"3 Sentries","floor":7,"turns":7},{"damage":0,"enemies":"3 Louse","floor":8,"turns":4},{"damage":9,"enemies":"2 Fungi Beasts","floor":9,"turns":7},{"damage":8,"enemies":"The Guardian","floor":16,"turns":5},{"damage":0,"enemies":"Chosen","floor":18,"turns":4},{"damage":4,"enemies":"Shell Parasite","floor":19,"turns":5},{"damage":0,"enemies":"Centurion and Healer","floor":21,"turns":7},{"damage":0,"enemies":"Chosen and Byrds","floor":22,"turns":7},{"damage":5,"enemies":"conspire:SneckoGhost","floor":23,"turns":8},{"damage":9,"enemies":"conspire:HollyBat","floor":30,"turns":7},{"damage":2,"enemies":"Centurion and Healer","floor":31,"turns":5},{"damage":5,"enemies":"conspire:MysteriousRune","floor":33,"turns":2},{"damage":1,"enemies":"3 Darklings","floor":35,"turns":4},{"damage":5,"enemies":"3 Shapes","floor":36,"turns":3},{"damage":0,"enemies":"conspire:MimicChest","floor":39,"turns":8},{"damage":0,"enemies":"Writhing Mass","floor":41,"turns":2},{"damage":13,"enemies":"Jaw Worm Horde","floor":44,"turns":4},{"damage":46,"enemies":"Nemesis","floor":45,"turns":11},{"damage":49,"enemies":"Time Eater","floor":50,"turns":17}],"seed_played":"1427185319285272591","potions_obtained":[{"floor":2,"key":"Milkshake"},{"floor":3,"key":"EntropicBrew"},{"floor":4,"key":"FairyPotion"},{"floor":14,"key":"AttackPotion"},{"floor":14,"key":"potionbrewer:NoxiousPotion"},{"floor":16,"key":"BottledSpark"},{"floor":31,"key":"potionbrewer:AcidPotion"},{"floor":35,"key":"potionbrewer:DiscountPotion"},{"floor":45,"key":"DuplicationPotion"}],"is_trial":false,"path_per_floor":["M","M","M","M","M","R","E","M","MIM","?","$","R","$","?","R","B",null,"M","M","?","M","M","E","R","AVR","T","R","$","?","M","M","R","B",null,"M","M","$","NS","?","R","M","R","T","M","E","AVR","R","?","R","B",null],"character_chosen":"MARISA","items_purchased":["EnergyFlow","AsteroidBelt+1","Occultation","hubris:EvacipatedBox","hubris:KleinBottle","GalacticHalo"],"campfire_rested":5,"item_purchase_floors":[11,11,13,28,28,37],"current_hp_per_floor":[82,76,75,69,54,54,28,28,19,19,19,19,19,19,19,11,82,82,78,78,78,78,73,73,73,73,73,35,16,7,5,27,22,72,71,66,66,66,66,68,68,68,68,55,9,9,29,29,48,19],"gold":446,"neow_bonus":"TEN_PERCENT_HP_BONUS","is_daily":false,"chose_seed":false,"campfire_upgraded":5,"win_rate":0.0,"timestamp":1611799614,"path_taken":["M","M","M","M","?","R","E","M","MIM","?","$","R","$","?","R","BOSS","M","M","?","M","M","E","R","AVR","T","R","?","?","M","M","R","BOSS","M","M","$","NS","?","R","M","R","T","M","E","AVR","R","?","R","BOSS"],"items_purchased_type":["Card","Card","Card","Relic","Relic","Card"],"build_version":"2020-12-22","purchased_purges":3,"victory":true,"max_hp_per_floor":[82,82,82,82,82,82,82,82,82,82,82,82,82,82,82,82,82,82,82,80,80,80,78,78,78,78,76,76,76,74,74,74,72,72,72,72,70,70,70,68,68,68,68,68,68,68,68,66,66,66],"card_choices":[{"not_picked":["IllusionStar","MilkyWay"],"picked":"ChargingUp","floor":1},{"not_picked":["GrandCross","OneTimeOff"],"picked":"GalacticHalo","floor":2},{"not_picked":["ShootingEcho","ShootTheMoon","WitchOfGreed"],"picked":"SKIP","floor":3},{"not_picked":["LuminesStrike","ShootingEcho"],"picked":"StarBarrage","floor":4},{"not_picked":["SporeBomb","WitchLeyline"],"picked":"FairyDestructionRay","floor":5},{"not_picked":["SprinkleStarSeal","Singularity"],"picked":"AbsoluteMagnitude","floor":7},{"not_picked":["6A","UnstableBomb"],"picked":"GalacticHalo","floor":8},{"not_picked":["GrandCross","DoubleSpark"],"picked":"GalacticHalo","floor":9},{"not_picked":["CasketOfStar","TreasureHunter"],"picked":"UltimateShortwave","floor":16},{"not_picked":["NonDirectionalLaser+1","DoubleSpark"],"picked":"OneTimeOff","floor":18},{"not_picked":["OpenUniverse","StarBarrage"],"picked":"EnergyFlow","floor":19},{"not_picked":["GrandCross","WitchLeyline"],"picked":"GalacticHalo+1","floor":21},{"not_picked":["ShootingEcho","FairyDestructionRay+1","IllusionStar"],"picked":"SKIP","floor":22},{"not_picked":["IllusionStar","ShootTheMoon+1"],"picked":"MilkyWay+1","floor":23},{"not_picked":["infinitespire:Oblivion","infinitespire:SevenWalls"],"picked":"hubris:InfiniteBlow+7","floor":28},{"not_picked":["WitchOfGreed","Acceleration"],"picked":"GalacticHalo","floor":29},{"not_picked":["RefractionSpark","NonDirectionalLaser"],"picked":"SuperPerseids","floor":29},{"not_picked":["UnstableBomb","OortCloud"],"picked":"MilkyWay+1","floor":30},{"not_picked":["PowerUp","DarkSpark+1"],"picked":"MilkyWay","floor":31},{"not_picked":["6A+1","WitchOfGreed+1","PulseMagic+1"],"picked":"SKIP","floor":35},{"not_picked":["6A","EarthLightRay+1","DarkSpark+1"],"picked":"SKIP","floor":36},{"not_picked":["Orbital+1","ShootingEcho"],"picked":"EnergyFlow+1","floor":39},{"not_picked":["OortCloud","DragonMeteor","Acceleration+1"],"picked":"SKIP","floor":41},{"not_picked":["DoubleSpark+1","WitchLeyline+1","WitchOfGreed+1"],"picked":"SKIP","floor":44},{"not_picked":["PowerUp+1","GrandCross+1","GravityBeat+1"],"picked":"SKIP","floor":45}],"player_experience":1863729,"relics_obtained":[{"floor":7,"key":"hubris:OldNail"},{"floor":9,"key":"Replay:Mystery Machine"},{"floor":14,"key":"ReplayTheSpireMod:Ring of Exchange"},{"floor":14,"key":"ReplayTheSpireMod:Ring of Addiction"},{"floor":14,"key":"hubris:EmptyBottle"},{"floor":14,"key":"Potion Belt"},{"floor":23,"key":"hubris:DeckOfHolding"},{"floor":26,"key":"Ice Cream"},{"floor":39,"key":"aspiration:FetidBarrel"},{"floor":43,"key":"Ancient Tea Set"},{"floor":45,"key":"conspire:InfiniteJournal"}],"event_choices":[{"damage_healed":0,"gold_gain":0,"player_choice":"Grow","damage_taken":0,"max_hp_gain":0,"max_hp_loss":0,"event_name":"Living Wall","floor":10,"gold_loss":0,"cards_upgraded":["AbsoluteMagnitude"]},{"damage_healed":0,"gold_gain":0,"player_choice":"Memory 1","damage_taken":0,"max_hp_gain":0,"max_hp_loss":0,"event_name":"SensoryStone","floor":48,"gold_loss":0}],"is_beta":false,"boss_relics":[{"not_picked":["Toolbox","Frozen Eye"],"picked":"Runesmith:UraniumAnvil"},{"not_picked":["conspire:SlowCooker","hubris:GrandSneckoEye","potionbrewer:BhaskarasWheel"],"picked":"Replay:Grab Bag"},{"not_picked":["Philosopher\u0027s Stone","Replay:Wanted Poster","hubris:ScarierMask"],"picked":"Fusion Hammer"},{"not_picked":["Replay:Fungal Core","ReplayTheSpireMod:Onyx Gauntlets","ExperimentalFamiliar"],"picked":"Replay:Bronze Core"},{"not_picked":["Pandora\u0027s Box","Ring of Chaos","potionbrewer:SalesContract"],"picked":"Snecko Eye"}],"items_purged_floors":[11,25,46],"is_endless":false,"potions_floor_spawned":[2,3,4,16,18,21,31,35,36,45],"ascension_level":0}}