{"host":"684z1xpuwaoqmmh1","time":1611826147,"event":{"mods":["BaseMod","Downfall","Hermit","Jorbs\u0027s Wanderer Trilogy","Marisa????????","Minty Spire (QoL Compilation)","Robot Space Explorer","Shade Mod","StSLib","The Bug Knight","The Cursed","The Dragon Tamer","The Hayseed","The Hierophant","The Marked","The Mystic","The Runesmith","The Senshi"],"gold_per_floor":[110,127,202,213,228,257,273,273,273],"floor_reached":8,"language":"ENG","playtime":370,"items_purged":[],"score":99,"play_id":"c6eb005a-3b22-47df-82c3-5fdd9194f0a8","local_time":"20210128112907","is_ascension_mode":true,"campfire_choices":[],"circlet_count":0,"master_deck":["AscendersBane","hermit:Strike_Hermit","hermit:Strike_Hermit","hermit:Strike_Hermit","hermit:Strike_Hermit","hermit:Defend_Hermit","hermit:Defend_Hermit","hermit:Defend_Hermit","hermit:Defend_Hermit","hermit:Snapshot","hermit:Covet","TheSimpletonMod:Gnats","hermit:Manifest","hermit:TakeCover","hermit:TakeAim","hermit:Ricochet","hermit:GoldenBullet"],"relics":["hermit:Momento","hermit:CharredGlove","The Courier"],"acts_visited":["Exordium"],"potions_floor_usage":[6,8,8],"damage_taken":[{"damage":6,"enemies":"2 Louse","floor":1,"turns":3},{"damage":0,"enemies":"Cultist","floor":2,"turns":3},{"damage":2,"enemies":"Jaw Worm","floor":4,"turns":6},{"damage":6,"enemies":"Blue Slaver","floor":5,"turns":7},{"damage":28,"enemies":"Gremlin Nob","floor":6,"turns":5},{"damage":1,"enemies":"Exordium Thugs","floor":7,"turns":4},{"damage":22,"enemies":"3 Sentries","floor":8,"turns":4}],"seed_played":"-2518415464321062159","potions_obtained":[{"floor":1,"key":"Fire Potion"},{"floor":2,"key":"champ:CounterPotion"},{"floor":7,"key":"ColorlessPotion"}],"is_trial":false,"path_per_floor":["M","M","?","M","M","E","M","E"],"character_chosen":"HERMIT","items_purchased":[],"campfire_rested":0,"item_purchase_floors":[],"current_hp_per_floor":[62,62,55,53,47,19,18,0,0],"gold":273,"neow_bonus":"ONE_RARE_RELIC","is_daily":false,"chose_seed":false,"campfire_upgraded":0,"win_rate":0.0,"timestamp":1611826147,"path_taken":["M","M","?","M","?","E","M","E"],"items_purchased_type":[],"build_version":"2020-12-22","purchased_purges":0,"victory":false,"max_hp_per_floor":[75,75,75,75,75,75,75,75,75],"card_choices":[{"not_picked":["hermit:Showdown","hermit:CalledShot"],"picked":"hermit:Manifest","floor":1},{"not_picked":["hermit:HoleUp","hermit:TrackingShot"],"picked":"hermit:TakeCover","floor":2},{"not_picked":["hermit:Roulette","hermit:NoHoldsBarred","hermit:Coalescence"],"picked":"SKIP","floor":4},{"not_picked":["hermit:Manifest","hermit:TrackingShot"],"picked":"hermit:TakeAim","floor":5},{"not_picked":["hermit:HoleUp","hermit:Grudge"],"picked":"hermit:Ricochet","floor":6},{"not_picked":["hermit:HoleUp","hermit:PistolWhip"],"picked":"hermit:GoldenBullet","floor":7}],"player_experience":2976789,"relics_obtained":[{"floor":6,"key":"The Courier"}],"event_choices":[{"damage_healed":0,"gold_gain":75,"player_choice":"Touch","damage_taken":7,"max_hp_gain":0,"max_hp_loss":0,"event_name":"FaceTrader","floor":3,"gold_loss":0}],"is_beta":false,"boss_relics":[],"items_purged_floors":[],"is_endless":false,"potions_floor_spawned":[1,2,7],"killed_by":"3 Sentries","ascension_level":13}}