{"host":"jm9833yuloeli2yd","time":1611859828,"event":{"mods":["BaseMod","Better Altar","Better Match","Better Note","Better Sensory Stone","Better Skull","Better Third Choice","Better Vampires","BetterRewards","Colored Map","Colored Powertips","DeckTracker","Minty Spire (QoL Compilation)","Permanent Neow","Quick Restart","Slay-I","StSLib","SuperFastMode"],"gold_per_floor":[127,136,19,39,65,106,133,173,219,248,86,10,50,50,50,137,137,160,160,160,169,198,198,238,238,264,264,313,355,378,420,420,507,588,608,830,845,99,117,156,156,184,184,218,163,185,243,253,253,253,253,253,253,16,59,59],"floor_reached":57,"language":"ENG","playtime":3121,"items_purged":["Pain"],"score":3088,"play_id":"bceca7f9-74d2-44ea-87f8-4037fce76efc","local_time":"20210128135028","is_ascension_mode":true,"campfire_choices":[{"data":"Cloak And Dagger","floor":15.0,"key":"SMITH"},{"data":"Malaise","floor":23.0,"key":"SMITH"},{"data":"Calculated Gamble","floor":25,"key":"SMITH"},{"data":"After Image","floor":27,"key":"SMITH"},{"floor":32,"key":"REST"},{"data":"Well Laid Plans","floor":41,"key":"SMITH"},{"floor":49,"key":"RECALL"},{"data":"Malaise","floor":53,"key":"SMITH"}],"circlet_count":0,"master_deck":["AscendersBane","Survivor","Neutralize","CurseOfTheBell","Dagger Spray","Poisoned Stab","Dagger Throw","Backflip","Backflip","Sucker Punch","All Out Attack","Malaise+1","Noxious Fumes","Cloak And Dagger+1","Corpse Explosion","Calculated Gamble+1","Wraith Form v2","Slice+1","After Image+1","Blade Dance","Cloak And Dagger","Malaise+1","After Image","Flying Knee","Terror","Finisher","Dash","Escape Plan","Adrenaline","Bouncing Flask","Crippling Poison","Grand Finale","Well Laid Plans+1","PiercingWail","Madness","Madness","Terror+1","Catalyst","Backflip","Backflip","Footwork","Calculated Gamble","Dodge and Roll+1"],"relics":["Calling Bell","CeramicFish","InkBottle","FossilizedHelix","WarpedTongs","Boot","Meat on the Bone","Happy Flower","Juzu Bracelet","Black Star","Pen Nib","Blood Vial","Art of War","Red Mask","Strawberry","Tough Bandages","Pandora\u0027s Box","Toy Ornithopter","Gambling Chip","Eternal Feather","Oddly Smooth Stone","Nunchaku","Bronze Scales","Sundial","Mercury Hourglass","Shuriken","Bag of Preparation","Lizard Tail","Anchor","Ornamental Fan"],"acts_visited":["Exordium","TheCity","TheBeyond","TheEnding"],"potions_floor_usage":[24,29,31,40,44,50,56],"damage_taken":[{"damage":0.0,"enemies":"2 Louse","floor":1.0,"turns":5.0},{"damage":3.0,"enemies":"Cultist","floor":4.0,"turns":5.0},{"damage":0.0,"enemies":"Small Slimes","floor":5.0,"turns":4.0},{"damage":34.0,"enemies":"Lagavulin","floor":6.0,"turns":9.0},{"damage":0.0,"enemies":"Exordium Wildlife","floor":7.0,"turns":5.0},{"damage":0.0,"enemies":"3 Sentries","floor":8.0,"turns":8.0},{"damage":0.0,"enemies":"3 Louse","floor":10.0,"turns":2.0},{"damage":0.0,"enemies":"Lagavulin","floor":13.0,"turns":10.0},{"damage":35.0,"enemies":"Slime Boss","floor":16.0,"turns":13.0},{"damage":0.0,"enemies":"Chosen","floor":18.0,"turns":5.0},{"damage":6.0,"enemies":"Shell Parasite","floor":22.0,"turns":8.0},{"damage":0,"enemies":"Book of Stabbing","floor":24,"turns":7},{"damage":18,"enemies":"Masked Bandits","floor":29,"turns":3},{"damage":22,"enemies":"Shelled Parasite and Fungi","floor":30,"turns":6},{"damage":23,"enemies":"Slavers","floor":31,"turns":4},{"damage":57,"enemies":"Champ","floor":33,"turns":16},{"damage":0,"enemies":"Orb Walker","floor":35,"turns":5},{"damage":7,"enemies":"3 Shapes","floor":37,"turns":4},{"damage":59,"enemies":"Giant Head","floor":40,"turns":10},{"damage":0,"enemies":"Nemesis","floor":42,"turns":5},{"damage":14,"enemies":"Reptomancer","floor":44,"turns":9},{"damage":27,"enemies":"Jaw Worm Horde","floor":46,"turns":4},{"damage":0,"enemies":"2 Orb Walkers","floor":47,"turns":3},{"damage":6,"enemies":"Sphere and 2 Shapes","floor":48,"turns":5},{"damage":36,"enemies":"Time Eater","floor":50,"turns":14},{"damage":24,"enemies":"Awakened One","floor":51,"turns":11},{"damage":47,"enemies":"Shield and Spear","floor":55,"turns":9},{"damage":52,"enemies":"The Heart","floor":56,"turns":9}],"seed_played":"7604055476914466183","potions_obtained":[{"floor":4.0,"key":"BlessingOfTheForge"},{"floor":5.0,"key":"Explosive Potion"},{"floor":10.0,"key":"EntropicBrew"},{"floor":16.0,"key":"SkillPotion"},{"floor":24,"key":"SkillPotion"},{"floor":30,"key":"SkillPotion"},{"floor":33,"key":"CunningPotion"},{"floor":42,"key":"PowerPotion"},{"floor":44,"key":"FearPotion"}],"is_trial":false,"path_per_floor":["M","?","$","M","M","E","M","E","T","M","$","$","E","?","R","B",null,"M","?","?","?","M","R","E","R","T","R","T","?","M","E","R","B",null,"M","?","M","$","?","E","R","E","T","E","?","M","?","M","R","B","B",null,"R","$","E","B",null],"character_chosen":"THE_SILENT","items_purchased":["Poisoned Stab","Malaise","Noxious Fumes","Well Laid Plans","Toy Ornithopter","PiercingWail","GhostInAJar","Gambling Chip","Footwork","LiquidBronze","Calculated Gamble"],"campfire_rested":1,"item_purchase_floors":[3,11,12,38,38,38,38,38,54,54,54],"current_hp_per_floor":[59,59,59,56,56,22,22,22,22,34,34,34,34,76,76,41,67,67,67,67,48,42,42,42,42,42,42,42,38,30,28,52,36,71,73,73,68,68,53,13,34,48,48,53,53,40,42,50,74,45,35,71,83,83,48,15],"gold":59,"neow_bonus":"BOSS_RELIC","is_daily":false,"chose_seed":false,"campfire_upgraded":6,"win_rate":0.0,"timestamp":1611859828,"path_taken":["M","?","$","?","M","E","M","E","T","M","?","$","E","?","R","BOSS","M","?","?","?","M","R","E","R","T","R","?","?","M","E","R","BOSS","M","?","M","$","?","E","R","E","T","E","?","M","?","M","R","BOSS","BOSS","R","$","E","BOSS"],"items_purchased_type":["Card","Card","Card","Card","Relic","Card","Potion","Relic","Card","Potion","Card"],"build_version":"2020-12-22","purchased_purges":1,"victory":true,"max_hp_per_floor":[66,66,66,66,66,66,66,66,66,66,66,66,66,76,76,76,76,76,76,76,76,76,76,76,76,76,76,76,76,76,83,83,83,83,83,83,83,83,83,83,83,83,83,83,83,83,83,83,83,83,83,83,83,83,83,83],"card_choices":[{"not_picked":["PiercingWail","Expertise"],"picked":"Dagger Spray","floor":1.0},{"not_picked":["Riddle With Holes","Underhanded Strike"],"picked":"Dagger Throw","floor":4.0},{"not_picked":["Flying Knee","Tools of the Trade"],"picked":"Backflip","floor":5.0},{"not_picked":["Caltrops","Dodge and Roll"],"picked":"Backflip","floor":6.0},{"not_picked":["Deadly Poison","Backflip"],"picked":"Sucker Punch","floor":7.0},{"not_picked":["Deflect","Dagger Throw"],"picked":"All Out Attack","floor":8.0},{"not_picked":["Backflip","PiercingWail"],"picked":"Night Terror","floor":10.0},{"not_picked":["Bane","Flying Knee"],"picked":"Cloak And Dagger","floor":13.0},{"not_picked":["Phantasmal Killer","Storm of Steel"],"picked":"Corpse Explosion","floor":16.0},{"not_picked":["Reflex","Deadly Poison"],"picked":"Calculated Gamble","floor":18.0},{"not_picked":["Riddle With Holes","Underhanded Strike"],"picked":"Slice+1","floor":22.0},{"not_picked":["Dagger Spray","Quick Slash"],"picked":"After Image","floor":24},{"not_picked":["Reflex","PiercingWail+1"],"picked":"Blade Dance","floor":29},{"not_picked":["Concentrate","Riddle With Holes"],"picked":"Cloak And Dagger","floor":30},{"not_picked":["Cloak And Dagger","PiercingWail"],"picked":"Malaise","floor":31},{"not_picked":["Unload","Bullet Time"],"picked":"After Image","floor":33},{"not_picked":["Poisoned Stab+1","Deflect","Cloak And Dagger"],"picked":"SKIP","floor":35},{"not_picked":["Eviscerate+1","Tactician+1","Acrobatics"],"picked":"SKIP","floor":37},{"not_picked":["Deflect","Glass Knife"],"picked":"Terror+1","floor":40},{"not_picked":["Deadly Poison","Sucker Punch","Acrobatics"],"picked":"SKIP","floor":42},{"not_picked":["Skewer","Poisoned Stab"],"picked":"Catalyst","floor":44},{"not_picked":["Poisoned Stab","Quick Slash+1"],"picked":"Backflip","floor":46},{"not_picked":["Concentrate","Poisoned Stab"],"picked":"Backflip","floor":47},{"not_picked":["Tools of the Trade","Deadly Poison","All Out Attack"],"picked":"SKIP","floor":48},{"not_picked":["Noxious Fumes+1","Quick Slash+1"],"picked":"Dodge and Roll+1","floor":55}],"player_experience":1333852,"relics_obtained":[{"floor":0.0,"key":"CeramicFish"},{"floor":0.0,"key":"InkBottle"},{"floor":0.0,"key":"FossilizedHelix"},{"floor":6.0,"key":"Boot"},{"floor":8.0,"key":"Meat on the Bone"},{"floor":9.0,"key":"Happy Flower"},{"floor":13.0,"key":"Juzu Bracelet"},{"floor":24,"key":"Pen Nib"},{"floor":24,"key":"Blood Vial"},{"floor":26,"key":"Art of War"},{"floor":29,"key":"Red Mask"},{"floor":31,"key":"Strawberry"},{"floor":31,"key":"Tough Bandages"},{"floor":40,"key":"Eternal Feather"},{"floor":40,"key":"Oddly Smooth Stone"},{"floor":42,"key":"Nunchaku"},{"floor":42,"key":"Bronze Scales"},{"floor":43,"key":"Sundial"},{"floor":44,"key":"Mercury Hourglass"},{"floor":44,"key":"Shuriken"},{"floor":47,"key":"Lizard Tail"},{"floor":55,"key":"Anchor"},{"floor":55,"key":"Ornamental Fan"}],"event_choices":[{"damage_healed":0.0,"max_hp_gain":0.0,"max_hp_loss":0.0,"gold_gain":0.0,"event_name":"Accursed Blacksmith","player_choice":"Rummage","floor":2.0,"gold_loss":0.0,"damage_taken":0.0,"relics_obtained":["WarpedTongs"],"cards_obtained":["Pain"]},{"cards_removed":["Night Terror"],"damage_healed":32.0,"max_hp_gain":10.0,"max_hp_loss":0.0,"gold_gain":0.0,"event_name":"Bonfire Elementals","player_choice":"Offered Rare","floor":14.0,"gold_loss":0.0,"damage_taken":0.0},{"damage_healed":0.0,"max_hp_gain":0.0,"max_hp_loss":0.0,"gold_gain":0.0,"event_name":"The Mausoleum","player_choice":"Ignored","floor":19.0,"gold_loss":0.0,"damage_taken":0.0},{"cards_removed":["Strike_G"],"damage_healed":0.0,"max_hp_gain":0.0,"max_hp_loss":0.0,"gold_gain":0.0,"event_name":"betterThird:BetterWriting","player_choice":"Elegance","floor":20.0,"gold_loss":0.0,"damage_taken":0.0},{"damage_healed":0.0,"max_hp_gain":0.0,"max_hp_loss":19.0,"gold_gain":2.0,"event_name":"betterStone:BetterStone","player_choice":"2","floor":21.0,"gold_loss":0.0,"damage_taken":0.0},{"damage_healed":0,"gold_gain":0,"player_choice":"Fought Bandits","damage_taken":0,"max_hp_gain":0,"max_hp_loss":0,"event_name":"Masked Bandits","floor":29,"gold_loss":0},{"damage_healed":0,"gold_gain":222,"player_choice":"Wore Mask","damage_taken":0,"max_hp_gain":0,"max_hp_loss":0,"event_name":"Tomb of Lord Red Mask","floor":36,"gold_loss":0},{"damage_healed":0,"gold_gain":0,"player_choice":"Embrace Madness","damage_taken":15,"max_hp_gain":0,"max_hp_loss":0,"event_name":"Winding Halls","floor":39,"gold_loss":0,"cards_obtained":["Madness","Madness"]},{"damage_healed":0,"gold_gain":0,"player_choice":"Paid Gold","damage_taken":0,"relics_obtained":["Bag of Preparation"],"max_hp_gain":0,"max_hp_loss":0,"event_name":"WeMeetAgain","floor":45,"gold_loss":55},{"damage_healed":0,"gold_gain":0,"player_choice":"Fight","damage_taken":0,"max_hp_gain":0,"max_hp_loss":0,"event_name":"Mysterious Sphere","floor":47,"gold_loss":0}],"is_beta":false,"boss_relics":[{"not_picked":["Astrolabe","Velvet Choker"],"picked":"Black Star"},{"not_picked":["Empty Cage","Runic Pyramid"],"picked":"Pandora\u0027s Box"}],"items_purged_floors":[3],"is_endless":false,"potions_floor_spawned":[4,5,10,16,24,30,33,42,44,46],"ascension_level":20}}