{"host":"6r9t33axn0fzb9aq","time":1611853775,"event":{"mods":["Aspiration","BaseMod","Better Altar","Better Match","Better Note","Better Third Choice","CatGirl Mod","Clockwork Mod","Colored Map","Colored Powertips","Conspire","Curses Come First","Custom Start","Energized Spire","Halation","Hubris","Infinite Spire","Koishi","Marisa????????","Minty Spire (QoL Compilation)","Onozuka Komachi Mod","Poor People Problems","Reliquary","Remilia??????","Replay The Spire","Reworked Bosses","Shade Mod","Spicy Shops","Spire Arcade","StSLib","The Blue Laboratory","The Cursed","The Death Knight","The Hierophant","The Marked","The Necromancer","The Servant 0.9.4","TheHero","Trackpad","Waifu the Spire","Wandering Minibosses"],"gold_per_floor":[117,117,137,62,74,109,109,119,142,152,152,170,199,210,210,315,315,326,345,153,163,181,210,230,242,268,268,268,284,284,303,303,405,505,518,518,518,532,611,611,625,625,649,681,681,701,713,713],"floor_reached":47,"language":"ENG","playtime":4698,"items_purged":["Pain","Shame","StarBarrage"],"score":543,"play_id":"091b4421-afff-47e9-9257-b9d86ca023ba","local_time":"20210128170935","is_ascension_mode":false,"campfire_choices":[{"data":"OrrerysSun","floor":7.0,"key":"SMITH"},{"floor":15.0,"key":"REST"},{"floor":30.0,"key":"REST"},{"floor":32.0,"key":"REST"},{"data":"FinalSpark","floor":40.0,"key":"SMITH"}],"circlet_count":0,"master_deck":["Strike_MRS","Strike_MRS","Strike_MRS","Strike_MRS","Defend_MRS","Defend_MRS","Defend_MRS","Defend_MRS","MasterSpark","UpSweep","MagicAbsorber","ShootingEcho","OrrerysSun+1","Acceleration","GasGiant","AbsoluteMagnitude+1","CasketOfStar+1","TreasureHunter+1","ManaConvection","Orbital","BlazingStar","AsteroidBelt","OrrerysSun","DoubleSpark","PowerUp","DoubleSpark","WitchLeyline+1","NonDirectionalLaser","MagicChant+1","Shade:LoseControl","DeepEcoloBomb","wanderingMiniBosses:FinaleOfPromise","PowerUp","FinalSpark+1","ChargeUpSpray+1","BlazeAway+1","WitchLeyline+1","GasGiant","AsteroidBelt+1","infinitespire:Punishment","CommonCold","JA","Doubt","NonDirectionalLaser"],"relics":["MiniHakkero","NeowsBlessing","WarpedTongs","trackpad:IceCube","reliquary:PorcupineQuills","reliquary:PartyBalloon","Cursed Key","Sling","halation:SelfBoilingWater","Question Card","halation:KoshaPiece","hubris:CuriousFeather","Replay:Bronze Core","wanderingMiniBosses:Blackblade","halation:OrihimeAndHikoboshiSamaAndTears","Replay:Wanted Poster","halation:IllGainedPizza","Anchor","Dream Catcher","halation:BottledLove","reliquary:QuartzCube"],"acts_visited":["Exordium","TheCity","TheBeyond"],"potions_floor_usage":[47],"damage_taken":[{"damage":0.0,"enemies":"Cultist","floor":1.0,"turns":1.0},{"damage":1.0,"enemies":"Jaw Worm","floor":3.0,"turns":1.0},{"damage":0.0,"enemies":"Small Slimes","floor":5.0,"turns":1.0},{"damage":23.0,"enemies":"Lagavulin","floor":6.0,"turns":5.0},{"damage":10.0,"enemies":"Looter","floor":8.0,"turns":3.0},{"damage":5.0,"enemies":"Exordium Thugs","floor":10.0,"turns":5.0},{"damage":1.0,"enemies":"Exordium Wildlife","floor":12.0,"turns":7.0},{"damage":19.0,"enemies":"Gremlin Nob","floor":13.0,"turns":9.0},{"damage":13.0,"enemies":"Red Slaver","floor":14.0,"turns":3.0},{"damage":32.0,"enemies":"Hexaghost","floor":16.0,"turns":10.0},{"damage":0.0,"enemies":"Spheric Guardian","floor":18.0,"turns":3.0},{"damage":1.0,"enemies":"2 Thieves","floor":19.0,"turns":3.0},{"damage":10.0,"enemies":"Chosen and Byrds","floor":21.0,"turns":5.0},{"damage":21.0,"enemies":"Snake Plant","floor":22.0,"turns":3.0},{"damage":13.0,"enemies":"Nightmare","floor":23.0,"turns":8.0},{"damage":11.0,"enemies":"Shelled Parasite and Fungi","floor":24.0,"turns":7.0},{"damage":0.0,"enemies":"Centurion and Healer","floor":25.0,"turns":5.0},{"damage":4.0,"enemies":"Snecko","floor":29.0,"turns":4.0},{"damage":7.0,"enemies":"Shelled Parasite and Fungi","floor":31.0,"turns":4.0},{"damage":3.0,"enemies":"bossMod:newCollector","floor":33.0,"turns":7.0},{"damage":7.0,"enemies":"Orb Walker","floor":35.0,"turns":2.0},{"damage":1.0,"enemies":"3 Darklings","floor":38.0,"turns":3.0},{"damage":8.0,"enemies":"4 Shapes","floor":41.0,"turns":2.0},{"damage":25,"enemies":"Nemesis","floor":44,"turns":3},{"damage":0,"enemies":"Maw","floor":46,"turns":3},{"damage":0,"enemies":"infinitespire:Three Voidlings","floor":47,"turns":2},{"damage":43,"enemies":"Nightmare_Alpha","floor":47,"turns":2}],"seed_played":"-3127590242030064132","potions_obtained":[{"floor":1.0,"key":"blueLaboratory:FrostheartPotion"},{"floor":5.0,"key":"Ancient Potion"},{"floor":10.0,"key":"Elixir"},{"floor":13.0,"key":"Regen Potion"},{"floor":14.0,"key":"Swift Potion"},{"floor":21.0,"key":"blueLaboratory:PyrophylliteBrew"},{"floor":22.0,"key":"DuplicationPotion"},{"floor":23.0,"key":"DeathKnight:BottledBloodEchoes"},{"floor":31.0,"key":"Block Potion"},{"floor":38.0,"key":"Regen Potion"},{"floor":46,"key":"Elixir"}],"is_trial":false,"path_per_floor":["M","?","M","$","M","E","R","M","T","M","?","M","E","M","R","B",null,"M","M","$","M","M","NM","M","M","T","AVR","?","M","R","M","R","B",null,"M","$","HB","M","?","R","M","AVR","T","E","?","M","?"],"character_chosen":"MARISA","items_purchased":["Sling","OrrerysSun","DoubleSpark"],"campfire_rested":3,"item_purchase_floors":[20,20,20],"current_hp_per_floor":[75,75,74,74,74,51,51,41,41,36,36,35,16,12,34,2,75,75,74,74,64,43,30,19,19,19,19,19,15,37,30,52,49,75,68,68,38,37,37,37,29,29,29,4,38,38,0,0],"gold":713,"neow_bonus":"THREE_ENEMY_KILL","is_daily":false,"chose_seed":false,"campfire_upgraded":2,"win_rate":0.0,"timestamp":1611853775,"path_taken":["M","?","M","$","?","E","R","M","T","M","?","?","E","M","R","BOSS","M","M","$","M","M","NM","M","M","T","AVR","?","M","R","M","R","BOSS","M","$","HB","M","?","R","?","AVR","T","E","?","M","?"],"items_purchased_type":["Relic","Card","Card"],"build_version":"2020-12-22","purchased_purges":3,"victory":false,"max_hp_per_floor":[75,75,75,75,75,75,75,75,75,75,75,75,75,75,75,75,75,75,75,75,75,75,75,75,75,75,75,75,75,75,75,75,75,75,75,75,38,38,38,38,38,38,38,38,38,38,38,38],"card_choices":[{"not_picked":["AsteroidBelt","UnstableBomb"],"picked":"MagicAbsorber","floor":1.0},{"not_picked":["OneTimeOff","MysteriousBeam"],"picked":"ShootingEcho","floor":3.0},{"not_picked":["DarkSpark","StarlightTyphoon","WitchOfGreed"],"picked":"SKIP","floor":5.0},{"not_picked":["SatelliteIllusion","DeepEcoloBomb"],"picked":"OrrerysSun","floor":6.0},{"not_picked":["WitchOfGreed","IllusionStar"],"picked":"Acceleration","floor":8.0},{"not_picked":["NonDirectionalLaser","MysteriousBeam"],"picked":"GasGiant","floor":10.0},{"not_picked":["MaximisePower+1","BinaryStars+1"],"picked":"AbsoluteMagnitude+1","floor":11.0},{"not_picked":["CollectingQuirk+1","MaximisePower+1"],"picked":"CasketOfStar+1","floor":11.0},{"not_picked":["SuperNova+1","StarDustReverie+1"],"picked":"TreasureHunter+1","floor":11.0},{"not_picked":["MysteriousBeam","RefractionSpark"],"picked":"StarBarrage","floor":12.0},{"not_picked":["ShootTheMoon","WitchOfGreed"],"picked":"ManaConvection","floor":13.0},{"not_picked":["ShootingEcho","6A"],"picked":"Orbital","floor":14.0},{"not_picked":["AbsoluteMagnitude","SatelliteIllusion"],"picked":"BlazingStar","floor":16.0},{"not_picked":["SporeBomb","IllusionStar"],"picked":"AsteroidBelt","floor":18.0},{"not_picked":["DarkMatter","OneTimeOff","DC"],"picked":"SKIP","floor":19.0},{"not_picked":["DeepEcoloBomb","MilkyWay"],"picked":"PowerUp","floor":21.0},{"not_picked":["LuminesStrike","BlazeAway"],"picked":"DoubleSpark","floor":22.0},{"not_picked":["ManaConvection+1","MagicAbsorber"],"picked":"WitchLeyline+1","floor":23.0},{"not_picked":["EventHorizon+1","GravityBeat","SporeBomb"],"picked":"NonDirectionalLaser","floor":24.0},{"not_picked":["MeteoricShower","SprinkleStarSeal","Acceleration"],"picked":"MagicChant+1","floor":25.0},{"not_picked":["AsteroidBelt","ManaConvection","ShootingEcho+1"],"picked":"DeepEcoloBomb","floor":29.0},{"not_picked":[],"picked":"wanderingMiniBosses:FinaleOfPromise","floor":31.0},{"not_picked":["Orbital","IllusionStar","MysteriousBeam"],"picked":"PowerUp","floor":31.0},{"not_picked":["BigCrunch","CasketOfStar","BinaryStars"],"picked":"FinalSpark","floor":33.0},{"not_picked":["WitchOfGreed+1","Occultation+1","FairyDestructionRay+1"],"picked":"ChargeUpSpray+1","floor":35.0},{"not_picked":["SprinkleStarSeal","WitchOfGreed","LuminesStrike+1"],"picked":"BlazeAway+1","floor":38.0},{"not_picked":["SporeBomb","RefractionSpark+1","UnstableBomb"],"picked":"WitchLeyline+1","floor":39.0},{"not_picked":["DarkMatter","UnstableBomb","MilkyWay+1"],"picked":"GasGiant","floor":39.0},{"not_picked":["Acceleration","LuminesStrike+1","UltimateShortwave"],"picked":"AsteroidBelt+1","floor":41.0},{"not_picked":["WitchOfGreed+1","OneTimeOff+1","PropBag+1"],"picked":"JA","floor":44},{"not_picked":["FairyDestructionRay+1","ShootingEcho","WitchOfGreed+1"],"picked":"NonDirectionalLaser","floor":46}],"player_experience":422558,"relics_obtained":[{"floor":6.0,"key":"trackpad:IceCube"},{"floor":13.0,"key":"reliquary:PorcupineQuills"},{"floor":13.0,"key":"reliquary:PartyBalloon"},{"floor":23.0,"key":"halation:SelfBoilingWater"},{"floor":23.0,"key":"Question Card"},{"floor":26.0,"key":"halation:KoshaPiece"},{"floor":31.0,"key":"wanderingMiniBosses:Blackblade"},{"floor":33.0,"key":"halation:OrihimeAndHikoboshiSamaAndTears"},{"floor":39.0,"key":"halation:IllGainedPizza"},{"floor":43,"key":"Dream Catcher"},{"floor":44,"key":"halation:BottledLove"},{"floor":44,"key":"reliquary:QuartzCube"}],"event_choices":[{"damage_healed":0.0,"max_hp_gain":0.0,"max_hp_loss":0.0,"gold_gain":0.0,"event_name":"Accursed Blacksmith","player_choice":"Rummage","floor":2.0,"gold_loss":0.0,"damage_taken":0.0,"relics_obtained":["WarpedTongs"],"cards_obtained":["Pain"]},{"damage_healed":0.0,"max_hp_gain":0.0,"max_hp_loss":0.0,"gold_gain":0.0,"event_name":"betterMatch:BetterMatch","player_choice":"3","floor":11.0,"gold_loss":0.0,"damage_taken":0.0,"cards_obtained":["betterMatch:RareCard"]},{"cards_removed":["PowerUp"],"damage_healed":0.0,"max_hp_gain":0.0,"max_hp_loss":0.0,"gold_gain":0.0,"event_name":"betterNote:BetterNote","player_choice":"Take \u0026 Give","floor":28.0,"gold_loss":0.0,"damage_taken":0.0,"cards_obtained":["Shade:LoseControl"]},{"damage_healed":34,"gold_gain":0,"player_choice":"Heal","damage_taken":0,"max_hp_gain":0,"max_hp_loss":0,"event_name":"MindBloom","floor":45,"gold_loss":0,"cards_obtained":["Doubt"]}],"is_beta":false,"boss_relics":[{"not_picked":["conspire:RunicOctahedron","Honey Jar"],"picked":"Cursed Key"},{"not_picked":["trackpad:StolenKidneys","Replay:Drink Me"],"picked":"Replay:Wanted Poster"}],"items_purged_floors":[4,27,42],"is_endless":true,"potions_floor_spawned":[1,5,10,13,14,21,22,23,25,31,38,46,47],"killed_by":"Nightmare_Alpha","ascension_level":0}}