{"host":"phy652c7lim9lcu2","time":1611836733,"event":{"mods":["BaseMod","BetterRewards","Colored Powertips","Downfall","Googly Eyes","Hubris","Minty Spire (QoL Compilation)","Relic Stats","Spicy Shops","StSLib","everything is the same but u backflip on backflip"],"gold_per_floor":[111,123,142,154,173,202,222,252,324,334,366,117,131,148,148,246,246,257,274,274,22,22,56,56,69,120,10,10,10],"floor_reached":28,"language":"ENG","playtime":1452,"items_purged":["Strike_B","Clumsy","Strike_B","Strike_B"],"score":528,"play_id":"96261627-9266-48ca-85fb-76c6df504446","local_time":"20210128222533","is_ascension_mode":true,"campfire_choices":[{"data":"Hyperbeam","floor":15.0,"key":"SMITH"},{"data":"Reprogram","floor":24.0,"key":"SMITH"}],"circlet_count":0,"master_deck":["Strike_B","Defend_B","Defend_B","Defend_B","Defend_B","Zap","Dualcast","Hyperbeam+1","Reprogram+1","Conserve Battery","Hologram","Reinforced Body","Hologram","Buffer","Undo+1","Hologram+1"],"relics":["Cracked Core","Orichalcum","Strawberry","Centennial Puzzle","hubris:PeanutButter","Toxic Egg 2","hubris:EmptyBottle","hubris:CrackedHourglass","Membership Card","Gambling Chip","hubris:Towel","Juzu Bracelet","Pen Nib"],"acts_visited":["Exordium","TheCity"],"potions_floor_usage":[],"damage_taken":[{"damage":0.0,"enemies":"Cultist","floor":1.0,"turns":3.0},{"damage":0.0,"enemies":"2 Louse","floor":2.0,"turns":1.0},{"damage":6.0,"enemies":"Small Slimes","floor":3.0,"turns":2.0},{"damage":0.0,"enemies":"3 Louse","floor":4.0,"turns":2.0},{"damage":0.0,"enemies":"2 Fungi Beasts","floor":5.0,"turns":1.0},{"damage":40.0,"enemies":"Lagavulin","floor":6.0,"turns":8.0},{"damage":0.0,"enemies":"Gremlin Gang","floor":7.0,"turns":3.0},{"damage":3.0,"enemies":"3 Sentries","floor":8.0,"turns":4.0},{"damage":8.0,"enemies":"Lots of Slimes","floor":10.0,"turns":2.0},{"damage":2.0,"enemies":"Gremlin Nob","floor":11.0,"turns":4.0},{"damage":0.0,"enemies":"2 Fungi Beasts","floor":13.0,"turns":3.0},{"damage":0.0,"enemies":"Exordium Wildlife","floor":14.0,"turns":3.0},{"damage":18.0,"enemies":"The Guardian","floor":16.0,"turns":15.0},{"damage":0.0,"enemies":"Spheric Guardian","floor":18.0,"turns":5.0},{"damage":0.0,"enemies":"3 Byrds","floor":19.0,"turns":3.0},{"damage":12.0,"enemies":"Slavers","floor":23.0,"turns":2.0},{"damage":1.0,"enemies":"Shelled Parasite and Fungi","floor":25.0,"turns":5.0},{"damage":19,"enemies":"Gremlin Leader","floor":28,"turns":9}],"seed_played":"7129927744342739509","potions_obtained":[{"floor":3.0,"key":"FearPotion"},{"floor":5.0,"key":"champ:CounterPotion"},{"floor":6.0,"key":"sneckomod:MuddlingPotion"},{"floor":8.0,"key":"Fire Potion"},{"floor":11.0,"key":"FairyPotion"},{"floor":18.0,"key":"BlessingOfTheForge"},{"floor":19.0,"key":"Explosive Potion"}],"is_trial":false,"path_per_floor":["M","M","M","M","M","E","M","E","T","M","E","$","M","M","R","B",null,"M","M","?","$","?","E","R","M","T","$","E"],"character_chosen":"DEFECT","items_purchased":["Hyperbeam","Orichalcum","hubris:EmptyBottle","GamblersBrew","Membership Card","Gambling Chip","Hologram+1"],"campfire_rested":0,"item_purchase_floors":[0,0,12,12,21,21,27],"current_hp_per_floor":[59,59,53,53,53,20,20,17,17,9,7,7,7,7,7,24,68,68,68,68,68,68,56,56,55,55,55,0,0],"gold":10,"neow_bonus":"","is_daily":false,"chose_seed":false,"campfire_upgraded":2,"win_rate":0.0,"timestamp":1611836733,"path_taken":["M","M","M","M","?","E","M","E","T","M","E","$","M","M","R","BOSS","M","M","?","$","?","E","R","M","T","$","E"],"items_purchased_type":["Card","Relic","Relic","Potion","Relic","Relic","Card"],"build_version":"2020-12-22","purchased_purges":4,"victory":false,"max_hp_per_floor":[75,75,75,75,75,82,82,82,82,82,82,82,82,82,82,82,82,82,82,82,82,82,82,82,82,82,82,82,82],"relic_stats":{"Centennial Puzzle":[18],"counters":[32,131],"Gambling Chip":[11],"Pen Nib":[0],"Juzu Bracelet":0,"Orichalcum":[60],"obtain_stats":[{"Astrolabe":17,"PreservedInsect":0,"Pen Nib":26,"Runic Capacitor":0,"Juzu Bracelet":6,"Orichalcum":0,"hubris:EmptyBottle":12,"hubris:Towel":22,"Smiling Mask":14,"Centennial Puzzle":8,"Strawberry":6,"Gambling Chip":21,"hubris:PeanutButter":9,"downfall:ExtraCursedKey":13,"Red Mask":0,"Chemical X":0,"Membership Card":4,"Toxic Egg 2":11,"hubris:CrackedHourglass":17,"Cracked Core":0,"TungstenRod":0},{"Astrolabe":14,"PreservedInsect":0,"Pen Nib":31,"Runic Capacitor":5,"Juzu Bracelet":10,"Orichalcum":14,"hubris:EmptyBottle":24,"hubris:Towel":29,"Smiling Mask":12,"Centennial Puzzle":22,"Strawberry":20,"Gambling Chip":29,"hubris:PeanutButter":11,"downfall:ExtraCursedKey":12,"Red Mask":0,"Chemical X":0,"Membership Card":8,"Toxic Egg 2":24,"hubris:CrackedHourglass":27,"Cracked Core":0,"TungstenRod":0},{"Astrolabe":56,"PreservedInsect":0,"Pen Nib":122,"Runic Capacitor":13,"Juzu Bracelet":34,"Orichalcum":56,"hubris:EmptyBottle":86,"hubris:Towel":115,"Smiling Mask":43,"Centennial Puzzle":80,"Strawberry":73,"Gambling Chip":115,"hubris:PeanutButter":38,"downfall:ExtraCursedKey":43,"Red Mask":0,"Chemical X":0,"Membership Card":24,"Toxic Egg 2":86,"hubris:CrackedHourglass":107,"Cracked Core":0,"TungstenRod":0}]},"card_choices":[{"not_picked":["Go for the Eyes","Coolheaded"],"picked":"Reprogram","floor":1.0},{"not_picked":["Beam Cell","Streamline"],"picked":"Conserve Battery","floor":2.0},{"not_picked":["Consume","BootSequence","Coolheaded"],"picked":"SKIP","floor":3.0},{"not_picked":["Steam","Lockon","Rebound"],"picked":"SKIP","floor":4.0},{"not_picked":["hubris:SpecializedCircuitry","Streamline"],"picked":"Hologram","floor":5.0},{"not_picked":["White Noise","Go for the Eyes"],"picked":"Reinforced Body","floor":6.0},{"not_picked":["Melter","Steam","Lockon"],"picked":"SKIP","floor":7.0},{"not_picked":["Chaos","Creative AI","FTL"],"picked":"SKIP","floor":8.0},{"not_picked":["Conserve Battery","Beam Cell"],"picked":"Hologram","floor":10.0},{"not_picked":["Beam Cell","Doom and Gloom","hubris:PowerSurge"],"picked":"SKIP","floor":11.0},{"not_picked":["Redo+1","Streamline","Consume+1"],"picked":"SKIP","floor":13.0},{"not_picked":["Hologram+1","Turbo+1","Sunder"],"picked":"SKIP","floor":14.0},{"not_picked":["Meteor Strike","Multi-Cast+1"],"picked":"Buffer","floor":16.0},{"not_picked":["Beam Cell","Conserve Battery+1","Rebound"],"picked":"SKIP","floor":18.0},{"not_picked":["Chaos+1","Turbo+1","Compile Driver"],"picked":"SKIP","floor":19.0},{"not_picked":["Static Discharge","Rip and Tear+1"],"picked":"Undo+1","floor":23.0},{"not_picked":["Barrage","Gash","Conserve Battery+1"],"picked":"SKIP","floor":25.0}],"player_experience":270529,"relics_obtained":[{"floor":6.0,"key":"Strawberry"},{"floor":8.0,"key":"Centennial Puzzle"},{"floor":9.0,"key":"hubris:PeanutButter"},{"floor":11.0,"key":"Toxic Egg 2"},{"floor":23.0,"key":"Juzu Bracelet"},{"floor":26.0,"key":"Pen Nib"}],"event_choices":[{"damage_healed":0.0,"max_hp_gain":0.0,"max_hp_loss":0.0,"gold_gain":0.0,"event_name":"Vampires","player_choice":"Ignored","floor":20.0,"gold_loss":0.0,"damage_taken":0.0}],"is_beta":false,"boss_relics":[{"not_picked":["SlaversCollar","Inserter"],"picked":"hubris:CrackedHourglass"}],"items_purged_floors":[0,12,21,27],"is_endless":false,"potions_floor_spawned":[3,5,6,8,11,18,19],"killed_by":"Gremlin Leader","ascension_level":9}}