{"host":"uvmuduost5bzvojs","time":1611801756,"event":{"mods":["Aspiration","Bard","BaseMod","Better Match","Block Reminder","Conspire","Hermit","Highlight Path","Hubris","Infinite Spire","Jorbs\u0027s Wanderer Trilogy","Mad Scientist","Marisa????????","Mimic Mod","Minty Spire (QoL Compilation)","Potionbrewer","Replay The Spire","Robot Space Explorer","StSLib","The Blackbeard","The Construct","The Cursed","The Disciple","The Hayseed","The Hierophant","The Juggle","The Jungle","The Poker Player","The Runesmith","The Servant 0.9.4","The Spell Scribe","The Valiant","TheBandit"],"gold_per_floor":[115,115,34,49,49,84,99,135,158,158,158,158,5,5,5,135,135,158,4,4,4,4],"floor_reached":21,"language":"ENG","playtime":770,"items_purged":[],"score":208,"play_id":"ceb977b8-2d30-4367-b9a3-3a18150f2746","local_time":"20210127214236","is_ascension_mode":false,"campfire_choices":[{"floor":10,"key":"REST"},{"data":"bard:Sift","floor":12,"key":"SMITH"},{"data":"bard:Sift","floor":15,"key":"SMITH"}],"circlet_count":0,"master_deck":["bard:Strike","bard:Strike","bard:Strike","bard:Defend","bard:Defend","bard:Defend","bard:Defend","bard:Riposte","bard:Inspire","bard:Sift+1","bard:DervishDance","bard:Sift+1","bard:Balestra","bard:Shout","bard:BestowCurse","bard:SixFourTime","bard:Shout","bard:Haste","bard:GreaterMagicWeapon+1","bard:Sonata+1"],"relics":["bard:PitchPipe","bard:BagPipes","NeowsBlessing","Golden Idol","Akabeko","aspiration:DSix","Pen Nib","MealTicket","Black Star"],"acts_visited":["Exordium","TheCity"],"potions_floor_usage":[16,18],"damage_taken":[{"damage":0,"enemies":"Cultist","floor":1,"turns":1},{"damage":0,"enemies":"Small Slimes","floor":4,"turns":1},{"damage":0,"enemies":"Gremlin Nob","floor":6,"turns":1},{"damage":6,"enemies":"Jaw Worm","floor":7,"turns":3},{"damage":39,"enemies":"Lagavulin","floor":8,"turns":6},{"damage":16,"enemies":"The Guardian","floor":16,"turns":10},{"damage":54,"enemies":"3 Byrds","floor":18,"turns":5},{"damage":26,"enemies":"Shell Parasite","floor":21,"turns":6}],"seed_played":"-3907682589430885269","potions_obtained":[{"floor":1,"key":"Venom Potion"},{"floor":6,"key":"Dexterity Potion"},{"floor":7,"key":"LiquidBronze"}],"is_trial":false,"path_per_floor":["M","?","$","M","?","E","M","E","T","R","?","R","$","T","R","B",null,"M","$","?","M"],"character_chosen":"BARD","items_purchased":["bard:DervishDance","bard:SixFourTime","bard:Shout","bard:Sonata"],"campfire_rested":1,"item_purchase_floors":[3,13,13,19],"current_hp_per_floor":[70,65,65,65,58,58,52,13,13,32,53,53,53,53,53,37,65,11,26,26,0,0],"gold":4,"neow_bonus":"THREE_ENEMY_KILL","is_daily":false,"chose_seed":false,"campfire_upgraded":2,"win_rate":0.0,"timestamp":1611801756,"path_taken":["M","?","$","M","?","E","M","E","T","R","?","R","?","?","R","BOSS","M","$","?","M"],"items_purchased_type":["Card","Card","Card","Card"],"build_version":"2020-12-22","purchased_purges":0,"victory":false,"max_hp_per_floor":[70,65,65,65,65,65,65,65,65,65,65,65,65,65,65,65,65,65,65,65,65,65],"card_choices":[{"not_picked":["bard:SongBolt","bard:Fermata"],"picked":"bard:Sift","floor":1},{"not_picked":["bard:Silence","bard:Rhapsody"],"picked":"bard:Sift","floor":4},{"not_picked":["bard:Thunderwave","bard:SongBolt"],"picked":"bard:Balestra","floor":6},{"not_picked":["bard:GreaterMagicWeapon","bard:FirstStrike"],"picked":"bard:Shout","floor":7},{"not_picked":["bard:EchoEcho","bard:SongBolt"],"picked":"bard:BestowCurse","floor":8},{"not_picked":["bard:CovetousAura","bard:Rhapsody"],"picked":"bard:Haste","floor":16},{"not_picked":["bard:InspiringSong","bard:StudiedStrike"],"picked":"bard:GreaterMagicWeapon+1","floor":18}],"player_experience":1868813,"relics_obtained":[{"floor":6,"key":"Akabeko"},{"floor":8,"key":"aspiration:DSix"},{"floor":9,"key":"Pen Nib"},{"floor":14,"key":"MealTicket"}],"event_choices":[{"damage_healed":0,"gold_gain":0,"player_choice":"Lose Max HP","damage_taken":0,"relics_obtained":["Golden Idol"],"max_hp_gain":0,"max_hp_loss":5,"event_name":"Golden Idol","floor":2,"gold_loss":0},{"cards_removed":["bard:Strike"],"damage_healed":0,"gold_gain":0,"player_choice":"Card Removal","damage_taken":7,"max_hp_gain":0,"max_hp_loss":0,"event_name":"Golden Wing","floor":5,"gold_loss":0},{"damage_healed":21,"gold_gain":0,"player_choice":"Banana","damage_taken":0,"max_hp_gain":0,"max_hp_loss":0,"event_name":"Big Fish","floor":11,"gold_loss":0},{"damage_healed":0,"gold_gain":0,"player_choice":"Upgraded","damage_taken":0,"max_hp_gain":0,"max_hp_loss":0,"event_name":"Upgrade Shrine","floor":20,"gold_loss":0,"cards_upgraded":["bard:Sonata"]}],"is_beta":false,"boss_relics":[{"not_picked":["Runic Dome","Replay:Wanted Poster"],"picked":"Black Star"}],"items_purged_floors":[],"is_endless":false,"potions_floor_spawned":[1,6,7,8],"killed_by":"Shell Parasite","ascension_level":0}}