{"host":"58njlu7hme3ojrlz","time":1611811999,"event":{"mods":["AchievementEnabler","Act Like it!","Arknights The Spire","BaseMod","Block Reminder","Colored Map","Colored Powertips","DeckTracker","Downfall","Gensokyo","Hallownest","Highlight Path","Infinite Spire","Marisa????????","Minty Spire (QoL Compilation)","Relic Sorter","Replay The Spire","StSLib","The Alterego","The Bug Knight","The Servant 0.9.4","The Wild Card"],"gold_per_floor":[109,182,132,10,26,26,38,38,38,38,56,56,56,67,67,172,172,189,201,126,76,76,76,95,123,123,142,242,242,255,288,288,288,288],"floor_reached":33,"language":"ENG","playtime":2786,"items_purged":[],"score":275,"play_id":"58768827-75bd-4479-b264-1f3318c15eb2","local_time":"20210128123319","is_ascension_mode":false,"campfire_choices":[{"data":"ats:Sunburst","floor":6.0,"key":"SMITH"},{"data":"ats:Flame Of Heaven","floor":13.0,"key":"SMITH"},{"data":"infinitespire:FutureSight","floor":23.0,"key":"SMITH"},{"floor":32.0,"key":"REST"},{"data":"ats:Part Time Job","floor":32.0,"key":"SMITH"}],"circlet_count":0,"master_deck":["ats:Armor Crushing Shot","ats:Defend","ats:Defend","ats:Defend","ats:Defend","ats:Emotion Absorption","ats:Sashimi Platter","ats:Sunburst+1","ats:Apocalypse+1","ats:Sword Rain+1","ats:Flame Of Heaven+1","ats:Flexible Camouflage","ats:Sunburst","ats:Dogmatic Field","ats:Flexible Camouflage+1","ats:Part Time Job+1","Hallucinations","sneckomod:Unknown","ats:Volcano","Dark Shackles","infinitespire:FutureSight+1","ats:Flexible Camouflage+1","ats:Mental Burst","ats:Very Hot Blade","Slimebound:Tackle+1","Slimebound:Tackle+1","Slimebound:Tackle+1","ats:Leaping Hammer+1","ats:Assault Order+1"],"relics":["ats:Sanity","ats:Originium","infinitespire:Magic Flask","sneckomod:BlankCard","ats:Bonebreaker","Letter Opener","SlaversCollar","ReplayTheSpireMod:SealedPack","HandDrill","Centennial Puzzle","Unceasing Top","The Courier","infinitespire:Eraser"],"acts_visited":["Exordium","TheCity"],"potions_floor_usage":[],"damage_taken":[{"damage":13.0,"enemies":"Jaw Worm","floor":1.0,"turns":4.0},{"damage":1.0,"enemies":"Cultist","floor":5.0,"turns":3.0},{"damage":0.0,"enemies":"2 Louse","floor":7.0,"turns":1.0},{"damage":11.0,"enemies":"Red Slaver","floor":11.0,"turns":4.0},{"damage":12.0,"enemies":"3 Louse","floor":14.0,"turns":2.0},{"damage":32.0,"enemies":"Fading Forest","floor":16.0,"turns":11.0},{"damage":11.0,"enemies":"Chosen","floor":18.0,"turns":5.0},{"damage":33.0,"enemies":"Spheric Guardian","floor":19.0,"turns":5.0},{"damage":42.0,"enemies":"Snecko","floor":24.0,"turns":4.0},{"damage":87.0,"enemies":"Gremlin Leader","floor":25.0,"turns":8.0},{"damage":5.0,"enemies":"Cultist and Chosen","floor":27.0,"turns":4.0},{"damage":19.0,"enemies":"Colosseum Slavers","floor":28.0,"turns":3.0},{"damage":3.0,"enemies":"Colosseum Nobs","floor":28.0,"turns":3.0},{"damage":37.0,"enemies":"Shelled Parasite and Fungi","floor":30.0,"turns":6.0},{"damage":43.0,"enemies":"Book of Stabbing","floor":31.0,"turns":3.0},{"damage":45,"enemies":"Automaton","floor":33,"turns":4}],"seed_played":"-7129446151538148166","potions_obtained":[{"floor":1.0,"key":"Regen Potion"},{"floor":2.0,"key":"Fire Potion"},{"floor":2.0,"key":"LiquidBronze"},{"floor":5.0,"key":"Death Potion"},{"floor":7.0,"key":"EssenceOfSteel"},{"floor":25.0,"key":"Swift Potion"},{"floor":28.0,"key":"sneckomod:MuddlingPotion"},{"floor":30.0,"key":"Doom Potion"}],"is_trial":false,"path_per_floor":["M","?","?","$","M","R","M","$","T","T","M","$","R","M","R_BF","B",null,"M","M","?","?","AVR","R","M","E","T","M","?","?","M","E","R","B"],"character_chosen":"DOCTOR_CLASS","items_purchased":["ats:Sword Rain+1","ats:Flame Of Heaven"],"campfire_rested":1,"item_purchase_floors":[4,4],"current_hp_per_floor":[65,65,65,65,71,71,72,72,72,72,72,72,72,60,72,57,72,71,58,58,58,58,58,28,30,30,47,47,47,48,8,29,0,0],"gold":288,"neow_bonus":"THREE_CARDS","is_daily":false,"chose_seed":false,"campfire_upgraded":4,"win_rate":0.0,"timestamp":1611811999,"path_taken":["M","?","?","?","?","R","M","?","T","?","M","$","R","M","R_BF","BOSS","M","M","?","?","AVR","R","?","E","T","M","?","?","M","E","R","BOSS"],"items_purchased_type":["Card","Card"],"build_version":"2020-12-22","purchased_purges":0,"victory":false,"max_hp_per_floor":[72,72,72,72,72,72,72,72,72,72,72,72,72,72,72,72,72,72,72,72,72,72,72,72,72,72,72,72,72,72,72,72,72,72],"card_choices":[{"not_picked":["ats:Flexible Camouflage","ats:Shadow Raid"],"picked":"ats:Sashimi Platter","floor":0.0},{"not_picked":["ats:Apocalypse","ats:Leaping Hammer"],"picked":"ats:Sunburst","floor":1.0},{"not_picked":["ats:Revitalization","ats:Counter Healing Mode"],"picked":"ats:Apocalypse","floor":2.0},{"not_picked":["ats:Sashimi Platter","ats:Shell Defense"],"picked":"ats:Flexible Camouflage","floor":5.0},{"not_picked":["ats:Curse Doll","ats:Composite Medical Shells","ats:Hammer On"],"picked":"SKIP","floor":7.0},{"not_picked":["ats:Apocalypse","ats:Guard Mode","ats:Powerful Strike"],"picked":"SKIP","floor":11.0},{"not_picked":["ats:Guard Mode","ats:Durian"],"picked":"ats:Sunburst","floor":14.0},{"not_picked":["ats:Fractured Body","ats:Disruption Kick"],"picked":"ats:Dogmatic Field","floor":16.0},{"not_picked":["ats:Directed Diagnosis","ats:Powerful Strike"],"picked":"ats:Flexible Camouflage+1","floor":18.0},{"not_picked":["ats:Absolute Focus","ats:Closed Bolt Burst Fire"],"picked":"ats:Part Time Job","floor":19.0},{"not_picked":["alterego_mod:BigMeatyClaws","KidneyShot"],"picked":"sneckomod:Unknown","floor":22.0},{"not_picked":["ats:Ambush","ats:True Silver Slash"],"picked":"ats:Volcano","floor":22.0},{"not_picked":["Forethought","Deep Breath"],"picked":"Dark Shackles","floor":22.0},{"not_picked":["infinitespire:TheBestDefense","ReplayTheSpireMod:??????????????????????"],"picked":"infinitespire:FutureSight","floor":22.0},{"not_picked":["ats:Roar Of Ursus","ats:Cat Scratch"],"picked":"ats:Flexible Camouflage+1","floor":24.0},{"not_picked":["ats:Shadow Raid","ats:Guard Mode"],"picked":"ats:Mental Burst","floor":25.0},{"not_picked":["ats:Shell Defense","ats:Cat Scratch","ats:Powerful Strike"],"picked":"SKIP","floor":27.0},{"not_picked":["ats:Hammer On","ats:Explosion Area Strengthen"],"picked":"ats:Very Hot Blade","floor":28.0},{"not_picked":["ats:Consecutive Shot Auto","ats:Soul Rend"],"picked":"ats:Leaping Hammer+1","floor":30.0},{"not_picked":["ats:Ignite+1","ats:Hook Shot"],"picked":"ats:Assault Order+1","floor":31.0}],"player_experience":133527,"relics_obtained":[{"floor":2.0,"key":"sneckomod:BlankCard"},{"floor":9.0,"key":"ats:Bonebreaker"},{"floor":10.0,"key":"Letter Opener"},{"floor":25.0,"key":"ats:Originium"},{"floor":25.0,"key":"infinitespire:Magic Flask"},{"floor":26.0,"key":"Centennial Puzzle"},{"floor":28.0,"key":"Unceasing Top"},{"floor":28.0,"key":"The Courier"},{"floor":31.0,"key":"ats:Originium"},{"floor":31.0,"key":"infinitespire:Eraser"}],"event_choices":[{"cards_removed":["ats:Strike G"],"damage_healed":0.0,"max_hp_gain":0.0,"max_hp_loss":0.0,"gold_gain":0.0,"event_name":"The Cleric","player_choice":"Card Removal","floor":3.0,"gold_loss":50.0,"damage_taken":0.0},{"cards_removed":["ats:Strike S"],"damage_healed":0.0,"max_hp_gain":0.0,"max_hp_loss":0.0,"gold_gain":0.0,"event_name":"Beggar","player_choice":"Gave Gold","floor":20.0,"gold_loss":75.0,"damage_taken":0.0},{"damage_healed":0.0,"max_hp_gain":0.0,"max_hp_loss":0.0,"gold_gain":0.0,"event_name":"The Joust","player_choice":"Bet on Murderer","floor":21.0,"gold_loss":50.0,"damage_taken":0.0},{"damage_healed":0.0,"max_hp_gain":0.0,"max_hp_loss":0.0,"gold_gain":0.0,"event_name":"Colosseum","player_choice":"Fight","floor":28.0,"gold_loss":0.0,"damage_taken":0.0},{"damage_healed":0.0,"max_hp_gain":0.0,"max_hp_loss":0.0,"gold_gain":0.0,"event_name":"Colosseum","player_choice":"Fought Nobs","floor":28.0,"gold_loss":0.0,"damage_taken":0.0}],"is_beta":false,"boss_relics":[{"not_picked":["ReplayTheSpireMod:DimensionalGlitch","Tiny House"],"picked":"SlaversCollar"}],"items_purged_floors":[],"is_endless":false,"potions_floor_spawned":[1,5,7,16,25,28,28,30],"killed_by":"Automaton","ascension_level":0}}