{"host":"q0ahhcf6jhp3yzzb","time":1611878214,"event":{"mods":["BaseMod","Downfall","Minty Spire (QoL Compilation)","Relic Stats","StSLib"],"gold_per_floor":[99,99,99,99,99,115,142,159,159,173,173,9,9,34,46,46,46,46],"floor_reached":16,"language":"ENG","playtime":689,"items_purged":["bronze:Strike"],"score":135,"play_id":"4900a3d6-ab04-4cd8-b5ca-c30b95b90e6d","local_time":"20210128165654","is_ascension_mode":true,"campfire_choices":[{"data":"bronze:Goto","floor":1,"key":"SMITH"},{"data":"bronze:BugBarrage","floor":9,"key":"SMITH"},{"data":"bronze:TinkerersToolbox","floor":11,"key":"SMITH"}],"circlet_count":0,"master_deck":["bronze:Strike","bronze:Strike","bronze:Defend","bronze:Defend","bronze:Defend","bronze:Defend","bronze:Replicate","bronze:Goto+1","bronze:BugBarrage+1","bronze:WildBeam","bronze:Branch","bronze:TinkerersToolbox+1","bronze:Invalidate","bronze:Constructor","bronze:Repulsor","bronze:ShipIt"],"relics":["bronze:BronzeCore","downfall:HeartsMalice","Oddly Smooth Stone","Anchor","Du-Vu Doll"],"acts_visited":["Exordium"],"potions_floor_usage":[8,16],"damage_taken":[{"damage":0,"enemies":"Small Slimes","floor":2,"turns":1},{"damage":0,"enemies":"Cultist","floor":3,"turns":1},{"damage":0,"enemies":"Jaw Worm","floor":5,"turns":1},{"damage":0,"enemies":"3 Louse","floor":6,"turns":2},{"damage":4,"enemies":"Gremlin Gang","floor":8,"turns":4},{"damage":0,"enemies":"Exordium Wildlife","floor":10,"turns":2},{"damage":1,"enemies":"downfall:FleeingMerchant","floor":12,"turns":4},{"damage":0,"enemies":"Gremlin Nob","floor":14,"turns":3},{"damage":0,"enemies":"Exordium Thugs","floor":15,"turns":4},{"damage":58,"enemies":"IC_STATUS_ARCHETYPE","floor":16,"turns":10}],"seed_played":"-3379940810199594096","potions_obtained":[{"floor":6,"key":"Fire Potion"},{"floor":14,"key":"Fire Potion"},{"floor":15,"key":"LiquidMemories"}],"is_trial":false,"path_per_floor":["R","M","M","?","M","M","T","M","R","M","R","$","?","E","M","B"],"character_chosen":"THE_AUTOMATON","items_purchased":["bronze:Repulsor"],"campfire_rested":0,"item_purchase_floors":[12],"current_hp_per_floor":[70,70,70,70,70,70,70,66,66,66,66,65,58,58,58,0,0,0],"gold":46,"neow_bonus":"THREE_ENEMY_KILL","is_daily":false,"chose_seed":false,"campfire_upgraded":3,"win_rate":0.0,"timestamp":1611878214,"path_taken":["R","M","M","?","?","M","T","M","R","M","R","$","?","E","M","BOSS"],"items_purchased_type":["Card"],"build_version":"2020-12-22","purchased_purges":1,"victory":false,"max_hp_per_floor":[70,70,70,70,70,70,70,70,70,70,70,70,70,70,70,70,70,70],"relic_stats":{"counters":[10,29],"obtain_stats":[{"Du-Vu Doll":14,"Anchor":13,"bronze:BronzeCore":0,"Oddly Smooth Stone":7,"downfall:HeartsMalice":0},{"Du-Vu Doll":8,"Anchor":7,"bronze:BronzeCore":0,"Oddly Smooth Stone":4,"downfall:HeartsMalice":0},{"Du-Vu Doll":15,"Anchor":12,"bronze:BronzeCore":0,"Oddly Smooth Stone":2,"downfall:HeartsMalice":0}]},"card_choices":[{"not_picked":["bronze:DelayedSlice","bronze:Fortify"],"picked":"bronze:BugBarrage","floor":2},{"not_picked":["bronze:FollowUp","bronze:Shield"],"picked":"bronze:WildBeam","floor":3},{"not_picked":["bronze:Overheat","bronze:Turbo"],"picked":"bronze:Branch","floor":5},{"not_picked":["bronze:Terminator","bronze:WildBeam"],"picked":"bronze:TinkerersToolbox","floor":6},{"not_picked":["bronze:Backtrace","bronze:Deprecate"],"picked":"bronze:Invalidate","floor":8},{"not_picked":["bronze:ClassDefault","bronze:Separator"],"picked":"bronze:Constructor","floor":10},{"not_picked":["bronze:FineTuning","bronze:NullPointer","bronze:ChildClass"],"picked":"SKIP","floor":12},{"not_picked":["bronze:ClassDefault","bronze:Turbo"],"picked":"bronze:ShipIt","floor":14},{"not_picked":["bronze:DelayedGuard","bronze:Fortify","bronze:BronzeArmor"],"picked":"SKIP","floor":15}],"player_experience":854582,"relics_obtained":[{"floor":7,"key":"Oddly Smooth Stone"},{"floor":14,"key":"Du-Vu Doll"}],"event_choices":[{"cards_removed":["bronze:Strike"],"damage_healed":0,"gold_gain":0,"player_choice":"Offered Basic","damage_taken":0,"max_hp_gain":0,"max_hp_loss":0,"event_name":"Bonfire Elementals","floor":4,"gold_loss":0},{"damage_healed":0,"gold_gain":0,"player_choice":"Success","damage_taken":7,"relics_obtained":["Anchor"],"max_hp_gain":0,"max_hp_loss":0,"event_name":"Scrap Ooze","floor":13,"gold_loss":0}],"is_beta":false,"boss_relics":[],"items_purged_floors":[12],"is_endless":false,"potions_floor_spawned":[6,14,15],"killed_by":"IC_STATUS_ARCHETYPE","ascension_level":2}}