{"host":"sav7uxregyirlf69","time":1611820416,"event":{"mods":["AchievementEnabler","BaseMod","Colored Map","DeckTracker","Keyboard Shortcuts","Minty Spire (QoL Compilation)","READ ME - Guardian Mod","StSLib","SuperFastMode"],"gold_per_floor":[116,27,27,40,115,149,161,195,195,214,214,214,226,226,226,226,226],"floor_reached":16,"language":"KOR","playtime":270,"items_purged":[],"score":270,"play_id":"e44d2f76-bd07-4935-a77e-e9bef400873a","local_time":"20210128165336","is_ascension_mode":true,"campfire_choices":[{"data":"Pommel Strike","floor":11.0,"key":"SMITH"},{"data":"Burning Pact","floor":15.0,"key":"SMITH"}],"circlet_count":0,"master_deck":["AscendersBane","Strike_R","Strike_R","Strike_R","Strike_R","Defend_R","Defend_R","Defend_R","Defend_R","Bash","Pommel Strike","Second Wind","Burning Pact+1","Sentinel","Battle Trance","Ghostly Armor","Seeing Red","Pommel Strike+1","Feel No Pain"],"relics":["Burning Blood","NeowsBlessing","Gremlin Horn","Charon\u0027s Ashes","Pocketwatch","Ginger","Dream Catcher"],"acts_visited":["Exordium"],"potions_floor_usage":[],"damage_taken":[{"damage":0.0,"enemies":"Jaw Worm","floor":1.0,"turns":1.0},{"damage":0.0,"enemies":"2 Louse","floor":4.0,"turns":1.0},{"damage":0.0,"enemies":"Gremlin Nob","floor":6.0,"turns":1.0},{"damage":5.0,"enemies":"Small Slimes","floor":7.0,"turns":5.0},{"damage":30.0,"enemies":"3 Sentries","floor":8.0,"turns":10.0},{"damage":0.0,"enemies":"3 Louse","floor":10.0,"turns":2.0},{"damage":0.0,"enemies":"2 Fungi Beasts","floor":13.0,"turns":2.0},{"damage":13,"enemies":"The Guardian","floor":16,"turns":8}],"seed_played":"8448895763449156572","potions_obtained":[{"floor":4.0,"key":"Weak Potion"},{"floor":6.0,"key":"Strength Potion"},{"floor":10.0,"key":"SpeedPotion"}],"is_trial":false,"path_per_floor":["M","$","?","M","?","E","M","E","T","M","R","?","M","?","R","B"],"character_chosen":"IRONCLAD","items_purchased":["Second Wind"],"campfire_rested":0,"item_purchase_floors":[2],"current_hp_per_floor":[74,74,74,75,64,70,71,47,47,53,53,53,59,33,33,20,20],"gold":226,"neow_bonus":"THREE_ENEMY_KILL","is_daily":false,"chose_seed":false,"campfire_upgraded":2,"win_rate":0.0,"timestamp":1611820416,"path_taken":["M","$","?","M","?","E","M","E","T","M","R","?","M","?","R","BOSS"],"items_purchased_type":["Card"],"build_version":"2020-12-22","purchased_purges":0,"victory":false,"max_hp_per_floor":[75,75,75,75,75,75,75,75,75,75,75,75,75,75,75,75,75],"card_choices":[{"not_picked":["Perfected Strike","Infernal Blade"],"picked":"Pommel Strike","floor":1.0},{"not_picked":["Havoc","Rupture"],"picked":"Sentinel","floor":4.0},{"not_picked":["Searing Blow","Metallicize"],"picked":"Battle Trance","floor":6.0},{"not_picked":["Inflame","Clothesline"],"picked":"Ghostly Armor","floor":7.0},{"not_picked":["Clothesline","Uppercut"],"picked":"Seeing Red","floor":8.0},{"not_picked":["Flex","Blood for Blood"],"picked":"Pommel Strike","floor":10.0},{"not_picked":["Intimidate","Heavy Blade"],"picked":"Feel No Pain","floor":13.0}],"player_experience":1416131,"relics_obtained":[{"floor":6.0,"key":"Gremlin Horn"},{"floor":8.0,"key":"Charon\u0027s Ashes"},{"floor":9.0,"key":"Pocketwatch"}],"event_choices":[{"damage_healed":0.0,"max_hp_gain":0.0,"max_hp_loss":0.0,"gold_gain":0.0,"cards_transformed":["Strike_R"],"event_name":"Living Wall","player_choice":"Change","floor":3.0,"gold_loss":0.0,"damage_taken":0.0,"cards_obtained":["Burning Pact"]},{"damage_healed":0.0,"max_hp_gain":0.0,"max_hp_loss":0.0,"gold_gain":75.0,"event_name":"World of Goop","player_choice":"Gather Gold","floor":5.0,"gold_loss":0.0,"damage_taken":11.0},{"damage_healed":0.0,"max_hp_gain":0.0,"max_hp_loss":0.0,"gold_gain":0.0,"event_name":"Dead Adventurer","player_choice":"Searched \u00271\u0027 times","floor":12.0,"gold_loss":0.0,"damage_taken":0.0,"relics_obtained":["Ginger"]},{"damage_healed":0.0,"max_hp_gain":0.0,"max_hp_loss":0.0,"gold_gain":0.0,"event_name":"Scrap Ooze","player_choice":"Success","floor":14.0,"gold_loss":0.0,"damage_taken":26.0,"relics_obtained":["Dream Catcher"]}],"is_beta":false,"boss_relics":[],"items_purged_floors":[],"is_endless":false,"potions_floor_spawned":[4,6,7,10],"killed_by":"The Guardian","ascension_level":20}}