{"host":"og6lam4kt3nibbw0","time":1611853084,"event":{"mods":["AchievementEnabler","BaseMod","Colored Map","DeckTracker","Highlight Path","Keyboard Shortcuts","Minty Spire (QoL Compilation)","Permanent Neow","Quick Restart","StSLib","SuperFastMode"],"gold_per_floor":[117,128,128,138,138,167,183,183,183],"floor_reached":8,"language":"KOR","playtime":481,"items_purged":[],"score":116,"play_id":"e81b19b5-9e55-481a-82f0-c26409a473d4","local_time":"20210129015804","is_ascension_mode":true,"campfire_choices":[],"circlet_count":0,"master_deck":["AscendersBane","Strike_R","Strike_R","Defend_R","Defend_R","Defend_R","Defend_R","Bash","Intimidate","Shrug It Off","Pommel Strike","Dropkick","Shockwave"],"relics":["Burning Blood","Torii"],"acts_visited":["Exordium"],"potions_floor_usage":[8,8],"damage_taken":[{"damage":5.0,"enemies":"2 Louse","floor":1.0,"turns":4.0},{"damage":5.0,"enemies":"Jaw Worm","floor":2.0,"turns":4.0},{"damage":8.0,"enemies":"Cultist","floor":4.0,"turns":5.0},{"damage":18.0,"enemies":"3 Sentries","floor":6.0,"turns":14.0},{"damage":25.0,"enemies":"Exordium Thugs","floor":7.0,"turns":5.0},{"damage":55,"enemies":"Gremlin Nob","floor":8,"turns":4}],"seed_played":"-8455097616322604975","potions_obtained":[{"floor":1.0,"key":"BloodPotion"},{"floor":4.0,"key":"HeartOfIron"},{"floor":7.0,"key":"ElixirPotion"}],"is_trial":false,"path_per_floor":["M","M","?","M","?","E","M","E"],"character_chosen":"IRONCLAD","items_purchased":[],"campfire_rested":0,"item_purchase_floors":[],"current_hp_per_floor":[69,70,63,61,61,49,30,0,0],"gold":183,"neow_bonus":"TRANSFORM_CARD","is_daily":false,"chose_seed":false,"campfire_upgraded":0,"win_rate":0.0,"timestamp":1611853084,"path_taken":["M","M","?","M","?","E","?","E"],"items_purchased_type":[],"build_version":"2020-12-22","purchased_purges":0,"victory":false,"max_hp_per_floor":[75,75,75,75,75,75,75,75,75],"card_choices":[{"not_picked":["Sever Soul","Metallicize"],"picked":"Shrug It Off","floor":1.0},{"not_picked":["Whirlwind","Sword Boomerang"],"picked":"Pommel Strike","floor":2.0},{"not_picked":["Heavy Blade","Pommel Strike"],"picked":"Dropkick","floor":4.0},{"not_picked":["Whirlwind","Bloodletting"],"picked":"Shockwave","floor":6.0},{"not_picked":["Rage","Anger","Reckless Charge"],"picked":"SKIP","floor":7.0}],"player_experience":962415,"relics_obtained":[{"floor":6.0,"key":"Torii"}],"event_choices":[{"cards_removed":["Strike_R"],"damage_healed":0.0,"max_hp_gain":0.0,"max_hp_loss":0.0,"gold_gain":0.0,"event_name":"Golden Wing","player_choice":"Card Removal","floor":3.0,"gold_loss":0.0,"damage_taken":7.0},{"cards_removed":["Strike_R"],"damage_healed":0.0,"max_hp_gain":0.0,"max_hp_loss":0.0,"gold_gain":0.0,"event_name":"Bonfire Elementals","player_choice":"Offered Basic","floor":5.0,"gold_loss":0.0,"damage_taken":0.0}],"is_beta":false,"boss_relics":[],"items_purged_floors":[],"is_endless":false,"potions_floor_spawned":[1,4,7],"killed_by":"Gremlin Nob","ascension_level":20}}