{"host":"d744ndivyohnro60","time":1611796884,"event":{"mods":["BaseMod","Bestiary","Colored Powertips","Minty Spire (QoL Compilation)","Relic Stats"],"gold_per_floor":[214,214,225,205,29,49,49,85,111,132,157,157,200,224,224,345,345,358,358,202,220,236,271,271,370,370,404,428,428,428,442,442,571,571,587,587,587],"floor_reached":36,"language":"ENG","playtime":2389,"items_purged":["Injury"],"score":476,"play_id":"a8831f37-760d-4784-8ebe-e15afeb95af3","local_time":"20210127202124","is_ascension_mode":true,"campfire_choices":[{"floor":12,"key":"REST"},{"floor":15,"key":"REST"},{"data":"Electrodynamics","floor":24,"key":"SMITH"},{"data":"Loop","floor":30,"key":"SMITH"},{"data":"Turbo","floor":32,"key":"SMITH"}],"circlet_count":0,"master_deck":["Strike_B","Strike_B","Strike_B","Strike_B","Defend_B","Defend_B","Defend_B","Defend_B","Zap+1","Dualcast","Lockon","Gash","Steam","Conserve Battery","Seek","Turbo+1","Leap","Ball Lightning","Electrodynamics+1","Leap","Lockon","Ball Lightning","Sunder+1","Loop+1","Conserve Battery","Echo Form"],"relics":["Cracked Core","PreservedInsect","Golden Idol","Bag of Preparation","Oddly Smooth Stone","Incense Burner","Coffee Dripper","MutagenicStrength","Kunai","Bird Faced Urn","DataDisk","Busted Crown"],"acts_visited":["Exordium","TheCity","TheBeyond"],"potions_floor_usage":[8,14,22,23,27,31,33,33],"damage_taken":[{"damage":5,"enemies":"Small Slimes","floor":1,"turns":2},{"damage":0,"enemies":"2 Louse","floor":3,"turns":2},{"damage":0,"enemies":"Cultist","floor":6,"turns":2},{"damage":18,"enemies":"Gremlin Nob","floor":8,"turns":4},{"damage":0,"enemies":"2 Fungi Beasts","floor":10,"turns":2},{"damage":17,"enemies":"Exordium Wildlife","floor":11,"turns":6},{"damage":28,"enemies":"3 Sentries","floor":13,"turns":6},{"damage":8,"enemies":"Large Slime","floor":14,"turns":5},{"damage":38,"enemies":"The Guardian","floor":16,"turns":12},{"damage":0,"enemies":"Chosen","floor":18,"turns":4},{"damage":3,"enemies":"3 Byrds","floor":21,"turns":4},{"damage":18,"enemies":"Snecko","floor":22,"turns":5},{"damage":7,"enemies":"Gremlin Leader","floor":23,"turns":3},{"damage":6,"enemies":"Book of Stabbing","floor":27,"turns":3},{"damage":12,"enemies":"Cultist and Chosen","floor":28,"turns":4},{"damage":0,"enemies":"Centurion and Healer","floor":31,"turns":3},{"damage":30,"enemies":"Champ","floor":33,"turns":10},{"damage":3,"enemies":"3 Shapes","floor":35,"turns":3},{"damage":83,"enemies":"2 Orb Walkers","floor":36,"turns":5}],"seed_played":"9109994043854878706","potions_obtained":[{"floor":1,"key":"Block Potion"},{"floor":4,"key":"SneckoOil"},{"floor":10,"key":"LiquidBronze"},{"floor":13,"key":"Strength Potion"},{"floor":21,"key":"SpeedPotion"},{"floor":22,"key":"BlessingOfTheForge"},{"floor":23,"key":"DistilledChaos"},{"floor":27,"key":"BlessingOfTheForge"}],"is_trial":false,"path_per_floor":["M","?","M","?","$","M","?","E","T","M","M","R","E","M","R","B",null,"M","?","$","M","M","E","R","?","T","E","M","?","R","M","R","B",null,"M","?"],"character_chosen":"DEFECT","items_purchased":["PreservedInsect","Steam","Lockon"],"campfire_rested":2,"item_purchase_floors":[5,5,20],"current_hp_per_floor":[70,70,70,70,70,70,70,52,52,52,35,57,29,21,43,5,75,75,75,75,72,54,47,47,47,47,43,35,35,35,39,39,13,75,72,0,0],"gold":587,"neow_bonus":"HUNDRED_GOLD","is_daily":false,"chose_seed":false,"campfire_upgraded":3,"win_rate":0.0,"timestamp":1611796884,"path_taken":["M","?","M","?","$","?","?","E","T","M","M","R","E","M","R","BOSS","M","?","$","M","M","E","R","?","T","E","M","?","R","?","R","BOSS","M","?"],"items_purchased_type":["Relic","Card","Card"],"build_version":"2020-12-22","purchased_purges":1,"victory":false,"max_hp_per_floor":[75,75,75,75,75,75,75,75,75,75,75,75,75,75,75,75,75,75,75,75,75,75,75,75,75,75,75,75,75,75,75,75,75,75,75,75,75],"relic_stats":{"Busted Crown":2,"counters":[19,84],"Golden Idol":129,"Bird Faced Urn":[18],"PreservedInsect":136,"Bag of Preparation":[30],"Kunai":[8],"obtain_stats":[{"DataDisk":27,"Busted Crown":34,"Golden Idol":7,"MutagenicStrength":19,"Bird Faced Urn":26,"Oddly Smooth Stone":9,"PreservedInsect":5,"Bag of Preparation":8,"Incense Burner":13,"Coffee Dripper":17,"Kunai":23,"Cracked Core":0},{"DataDisk":14,"Busted Crown":17,"Golden Idol":3,"MutagenicStrength":10,"Bird Faced Urn":13,"Oddly Smooth Stone":4,"PreservedInsect":2,"Bag of Preparation":4,"Incense Burner":7,"Coffee Dripper":9,"Kunai":13,"Cracked Core":0},{"DataDisk":60,"Busted Crown":76,"Golden Idol":6,"MutagenicStrength":45,"Bird Faced Urn":57,"Oddly Smooth Stone":10,"PreservedInsect":4,"Bag of Preparation":10,"Incense Burner":24,"Coffee Dripper":41,"Kunai":57,"Cracked Core":0}]},"card_choices":[{"not_picked":["BootSequence","Steam"],"picked":"Lockon","floor":1},{"not_picked":["Streamline","Barrage"],"picked":"Gash","floor":3},{"not_picked":["Redo","Barrage"],"picked":"Conserve Battery","floor":6},{"not_picked":["Loop","Leap"],"picked":"Seek","floor":8},{"not_picked":["Cold Snap","Streamline"],"picked":"Turbo","floor":10},{"not_picked":["Streamline","Conserve Battery"],"picked":"Leap","floor":11},{"not_picked":["Turbo","Streamline","Aggregate"],"picked":"SKIP","floor":13},{"not_picked":["Compile Driver","Rainbow"],"picked":"Ball Lightning","floor":14},{"not_picked":["Fission","Core Surge"],"picked":"Electrodynamics","floor":16},{"not_picked":["Redo","Turbo"],"picked":"Leap","floor":18},{"not_picked":["Chaos","Rip and Tear","Go for the Eyes"],"picked":"SKIP","floor":21},{"not_picked":["Doom and Gloom","Beam Cell"],"picked":"Ball Lightning","floor":22},{"not_picked":["Glacier+1","Auto Shields"],"picked":"Sunder","floor":23},{"not_picked":["Leap","Hyperbeam"],"picked":"Loop","floor":27},{"not_picked":["Hologram+1","Coolheaded"],"picked":"Conserve Battery","floor":28},{"not_picked":["Recycle","Hologram","Beam Cell"],"picked":"SKIP","floor":31},{"not_picked":["Creative AI","Electrodynamics"],"picked":"Echo Form","floor":33},{"not_picked":["Coolheaded+1"],"picked":"SKIP","floor":35}],"player_experience":150944,"relics_obtained":[{"floor":8,"key":"Bag of Preparation"},{"floor":9,"key":"Oddly Smooth Stone"},{"floor":13,"key":"Incense Burner"},{"floor":23,"key":"Kunai"},{"floor":26,"key":"Bird Faced Urn"},{"floor":27,"key":"DataDisk"}],"event_choices":[{"damage_healed":0,"gold_gain":0,"player_choice":"Grow","damage_taken":0,"max_hp_gain":0,"max_hp_loss":0,"event_name":"Living Wall","floor":2,"gold_loss":0,"cards_upgraded":["Zap"]},{"damage_healed":0,"gold_gain":0,"player_choice":"Bought 1 Potion","damage_taken":0,"max_hp_gain":0,"max_hp_loss":0,"event_name":"The Woman in Blue","floor":4,"gold_loss":0},{"damage_healed":0,"gold_gain":0,"player_choice":"Take Wound","damage_taken":0,"relics_obtained":["Golden Idol"],"max_hp_gain":0,"max_hp_loss":0,"event_name":"Golden Idol","floor":7,"gold_loss":0,"cards_obtained":["Injury"]},{"damage_healed":0,"gold_gain":0,"player_choice":"Inject Mutagens","damage_taken":0,"relics_obtained":["MutagenicStrength"],"max_hp_gain":0,"max_hp_loss":0,"event_name":"Drug Dealer","floor":19,"gold_loss":0},{"damage_healed":0,"gold_gain":99,"player_choice":"Stole From Cult","damage_taken":0,"max_hp_gain":0,"max_hp_loss":0,"event_name":"Nest","floor":25,"gold_loss":0},{"damage_healed":0,"gold_gain":0,"player_choice":"Upgraded","damage_taken":0,"max_hp_gain":0,"max_hp_loss":0,"event_name":"Upgrade Shrine","floor":29,"gold_loss":0,"cards_upgraded":["Sunder"]},{"damage_healed":0,"gold_gain":0,"player_choice":"Fight","damage_taken":0,"max_hp_gain":0,"max_hp_loss":0,"event_name":"Mysterious Sphere","floor":36,"gold_loss":0}],"is_beta":false,"boss_relics":[{"not_picked":["Empty Cage","Tiny House"],"picked":"Coffee Dripper"},{"not_picked":["Pandora\u0027s Box","FrozenCore"],"picked":"Busted Crown"}],"items_purged_floors":[20],"is_endless":false,"potions_floor_spawned":[1,10,13,21,22,23,27],"killed_by":"2 Orb Walkers","ascension_level":3}}