{"host":"i29s15dsg0c43zmx","time":1611866420,"event":{"mods":["AchievementEnabler","BaseMod","Colored Map","Minty Spire (QoL Compilation)","StSLib","The Death Knight"],"gold_per_floor":[117,130,148,166,184,210,229,229,229,229,264,89,89,99,99,198,198,214,139,189,200,220,220,231,231,258,277,304,37,37,66,66,164,164,178,178,190,543,554,111,111,123,123,26,46,46,46,65,65,65,65],"floor_reached":50,"language":"ENG","playtime":2334,"items_purged":["Strike_R","Strike_R","Strike_R"],"score":571,"play_id":"8a74380c-955a-44fd-90a6-f47a127d4388","local_time":"20210128214020","is_ascension_mode":false,"campfire_choices":[{"data":"Spot Weakness","floor":8,"key":"SMITH"},{"floor":13,"key":"REST"},{"data":"Flex","floor":15,"key":"SMITH"},{"data":"Demon Form","floor":23,"key":"SMITH"},{"data":"Flex","floor":25,"key":"SMITH"},{"data":"Apotheosis","floor":30,"key":"SMITH"},{"floor":32,"key":"REST"},{"floor":41,"key":"REST"},{"floor":46,"key":"RECALL"},{"floor":49,"key":"REST"}],"circlet_count":0,"master_deck":["Defend_R+1","Defend_R","Defend_R","Rage","Cleave","Heavy Blade","Feed","Sword Boomerang+1","Iron Wave","Spot Weakness+1","Shrug It Off","Heavy Blade","Flex+1","Anger","Cleave","Bludgeon","Immolate","Demon Form+1","Shockwave","Flex+1","Shrug It Off+1","Apotheosis+1","Barricade","Rupture+1","Dark Embrace","Shrug It Off+1","Metallicize","Parasite"],"relics":["Black Blood","Bag of Marbles","Whetstone","White Beast Statue","Orrery","Centennial Puzzle","Omamori","Bottled Lightning","Calling Bell","Toy Ornithopter","Eternal Feather","Lizard Tail","Old Coin","Mummified Hand","War Paint"],"acts_visited":["Exordium","TheCity","TheBeyond"],"potions_floor_usage":[16,16,16,28,31,44,50,50],"damage_taken":[{"damage":6,"enemies":"Cultist","floor":1,"turns":5},{"damage":3,"enemies":"2 Louse","floor":2,"turns":2},{"damage":2,"enemies":"Small Slimes","floor":3,"turns":3},{"damage":6,"enemies":"Looter","floor":4,"turns":5},{"damage":28,"enemies":"Large Slime","floor":5,"turns":8},{"damage":26,"enemies":"3 Sentries","floor":6,"turns":7},{"damage":8,"enemies":"2 Fungi Beasts","floor":7,"turns":3},{"damage":24,"enemies":"Lagavulin","floor":11,"turns":7},{"damage":0,"enemies":"Lots of Slimes","floor":14,"turns":2},{"damage":46,"enemies":"Hexaghost","floor":16,"turns":9},{"damage":12,"enemies":"2 Thieves","floor":18,"turns":2},{"damage":5,"enemies":"Chosen","floor":21,"turns":4},{"damage":19,"enemies":"Snake Plant","floor":22,"turns":4},{"damage":43,"enemies":"Shelled Parasite and Fungi","floor":24,"turns":6},{"damage":27,"enemies":"Centurion and Healer","floor":27,"turns":4},{"damage":19,"enemies":"Book of Stabbing","floor":28,"turns":4},{"damage":32,"enemies":"Slavers","floor":31,"turns":2},{"damage":37,"enemies":"Collector","floor":33,"turns":8},{"damage":28,"enemies":"Orb Walker","floor":35,"turns":5},{"damage":53,"enemies":"3 Darklings","floor":37,"turns":5},{"damage":52,"enemies":"2 Orb Walkers","floor":38,"turns":5},{"damage":63,"enemies":"Writhing Mass","floor":39,"turns":9},{"damage":14,"enemies":"4 Shapes","floor":42,"turns":2},{"damage":26,"enemies":"Spire Growth","floor":45,"turns":6},{"damage":31,"enemies":"Writhing Mass","floor":48,"turns":7},{"damage":130,"enemies":"Donu and Deca","floor":50,"turns":11}],"seed_played":"-7958183769652592838","potions_obtained":[{"floor":2,"key":"EntropicBrew"},{"floor":3,"key":"AttackPotion"},{"floor":5,"key":"Explosive Potion"},{"floor":14,"key":"Dexterity Potion"},{"floor":16,"key":"FairyPotion"},{"floor":24,"key":"BloodPotion"},{"floor":28,"key":"SmokeBomb"},{"floor":31,"key":"Swift Potion"},{"floor":38,"key":"LiquidMemories"},{"floor":42,"key":"BloodPotion"}],"is_trial":false,"path_per_floor":["M","M","M","M","M","E","M","R","T","?","E","$","R","M","R","B",null,"M","$","?","M","M","R","M","R","T","M","E","$","R","E","R","B",null,"M","?","M","?","M","$","R","M","T","$","M","R","?","M","R","B"],"character_chosen":"IRONCLAD","items_purchased":["Flex","Orrery","Apotheosis","Mummified Hand","Metallicize","Fruit Juice"],"campfire_rested":4,"item_purchase_floors":[12,12,29,40,40,44],"current_hp_per_floor":[80,80,80,80,61,44,45,45,45,45,30,30,57,63,63,23,92,92,92,92,92,85,85,57,57,57,42,35,35,35,34,62,37,95,79,79,38,32,51,51,94,92,92,100,86,100,100,81,100,0,0],"gold":65,"neow_bonus":"TRANSFORM_CARD","is_daily":false,"chose_seed":false,"campfire_upgraded":5,"win_rate":0.0,"timestamp":1611866420,"path_taken":["M","M","M","M","?","E","M","R","T","?","E","?","R","?","R","BOSS","M","$","?","M","?","R","?","R","T","M","E","$","R","E","R","BOSS","M","?","?","?","M","$","R","M","T","$","M","R","?","M","R","BOSS"],"items_purchased_type":["Card","Relic","Card","Relic","Card","Potion"],"build_version":"2020-12-22","purchased_purges":3,"victory":false,"max_hp_per_floor":[80,80,80,80,83,86,89,89,89,89,92,92,92,92,92,92,92,92,92,92,92,92,92,95,95,95,95,95,95,95,95,95,95,95,95,95,95,95,95,95,95,95,95,100,100,100,100,100,100,100,100],"card_choices":[{"not_picked":["Pommel Strike","Wild Strike"],"picked":"Cleave","floor":1},{"not_picked":["Battle Trance","Entrench"],"picked":"Heavy Blade","floor":2},{"not_picked":["Pommel Strike","Headbutt"],"picked":"Feed","floor":3},{"not_picked":["True Grit","Iron Wave"],"picked":"Sword Boomerang","floor":4},{"not_picked":["Pommel Strike","Whirlwind"],"picked":"Iron Wave","floor":5},{"not_picked":["Warcry","Reckless Charge"],"picked":"Spot Weakness","floor":6},{"not_picked":["Disarm","Sword Boomerang"],"picked":"Shrug It Off","floor":7},{"not_picked":["Rage","Carnage"],"picked":"Heavy Blade","floor":11},{"not_picked":["Rampage","Pommel Strike"],"picked":"Anger","floor":12},{"not_picked":["Pommel Strike","Combust"],"picked":"Cleave","floor":12},{"not_picked":["Flex","Intimidate"],"picked":"Bludgeon","floor":12},{"not_picked":["Thunderclap","Uppercut"],"picked":"Immolate","floor":12},{"not_picked":["Heavy Blade","Burning Pact","Sword Boomerang"],"picked":"SKIP","floor":14},{"not_picked":["Berserk","Corruption"],"picked":"Demon Form","floor":16},{"not_picked":["Havoc","Infernal Blade"],"picked":"Shockwave","floor":18},{"not_picked":["Havoc","Twin Strike"],"picked":"Flex","floor":21},{"not_picked":["Perfected Strike","Evolve+1","Cleave"],"picked":"SKIP","floor":22},{"not_picked":["Cleave","Perfected Strike","Sentinel"],"picked":"SKIP","floor":24},{"not_picked":["Sword Boomerang+1","Sever Soul+1","Warcry"],"picked":"SKIP","floor":27},{"not_picked":["Clothesline","Searing Blow"],"picked":"Shrug It Off","floor":28},{"not_picked":["Body Slam","Flex+1","Clothesline"],"picked":"SKIP","floor":31},{"not_picked":["Corruption","Fiend Fire"],"picked":"Barricade","floor":33},{"not_picked":["Warcry+1","Clothesline+1"],"picked":"Rupture+1","floor":35},{"not_picked":["Heavy Blade+1","True Grit","Rampage"],"picked":"SKIP","floor":37},{"not_picked":["Clothesline+1","Armaments+1"],"picked":"Shrug It Off+1","floor":38},{"not_picked":["Wild Strike+1","Heavy Blade+1","Carnage"],"picked":"SKIP","floor":39},{"not_picked":["Sword Boomerang+1","Shrug It Off","Feed"],"picked":"SKIP","floor":42},{"not_picked":["Power Through","Cleave","Wild Strike"],"picked":"SKIP","floor":45},{"not_picked":["True Grit+1","Havoc+1","Pommel Strike+1"],"picked":"SKIP","floor":48}],"player_experience":97728,"relics_obtained":[{"floor":6,"key":"Bag of Marbles"},{"floor":9,"key":"Whetstone"},{"floor":11,"key":"White Beast Statue"},{"floor":26,"key":"Centennial Puzzle"},{"floor":28,"key":"Omamori"},{"floor":31,"key":"Bottled Lightning"},{"floor":34,"key":"Toy Ornithopter"},{"floor":34,"key":"Eternal Feather"},{"floor":34,"key":"Lizard Tail"},{"floor":38,"key":"Old Coin"},{"floor":43,"key":"War Paint"}],"event_choices":[{"cards_removed":["Bash"],"damage_healed":0,"gold_gain":0,"player_choice":"Offered Basic","damage_taken":0,"max_hp_gain":0,"max_hp_loss":0,"event_name":"Bonfire Elementals","floor":10,"gold_loss":0},{"damage_healed":0,"gold_gain":100,"player_choice":"Bet on Murderer","damage_taken":0,"max_hp_gain":0,"max_hp_loss":0,"event_name":"The Joust","floor":20,"gold_loss":50},{"damage_healed":0,"gold_gain":0,"cards_transformed":["Strike_R"],"player_choice":"Transformed","damage_taken":0,"max_hp_gain":0,"max_hp_loss":0,"event_name":"Transmorgrifier","floor":36,"gold_loss":0,"cards_obtained":["Dark Embrace"]},{"damage_healed":0,"gold_gain":0,"player_choice":"Fight","damage_taken":0,"max_hp_gain":0,"max_hp_loss":0,"event_name":"Mysterious Sphere","floor":38,"gold_loss":0},{"cards_removed":["Defend_R"],"damage_healed":0,"gold_gain":0,"player_choice":"Card Removal","damage_taken":0,"max_hp_gain":0,"max_hp_loss":0,"event_name":"Wheel of Change","floor":47,"gold_loss":0}],"is_beta":false,"boss_relics":[{"not_picked":["Cursed Key","Velvet Choker"],"picked":"Black Blood"},{"not_picked":["Coffee Dripper","Busted Crown"],"picked":"Calling Bell"}],"items_purged_floors":[19,29,40],"is_endless":false,"potions_floor_spawned":[2,3,5,7,14,16,18,21,22,24,27,28,31,33,35,37,38,39,42,45,48],"killed_by":"Donu and Deca","ascension_level":0}}