{"host":"58njlu7hme3ojrlz","time":1611798919,"event":{"mods":["AchievementEnabler","Act Like it!","Arknights The Spire","BaseMod","Block Reminder","Colored Map","Colored Powertips","DeckTracker","Downfall","Gensokyo","Hallownest","Highlight Path","Infinite Spire","Marisa????????","Minty Spire (QoL Compilation)","Relic Sorter","Replay The Spire","StSLib","The Alterego","The Bug Knight","The Servant 0.9.4","The Wild Card"],"gold_per_floor":[117,135,99,99,99,99,118,118,118,118,118,118,135,149,149,254,254,270,270,270,270,290,290,321,321,321,321,321,332,345,345,345],"floor_reached":31,"language":"ENG","playtime":2331,"items_purged":[],"score":243,"play_id":"ae52532c-f0ab-4086-9f27-5f5a3317b6e0","local_time":"20210128085519","is_ascension_mode":false,"campfire_choices":[{"data":"HollowMod:WraithStrike","floor":8,"key":"SMITH"},{"data":"HollowMod:MantisMark","floor":10,"key":"SMITH"},{"data":"theWildCard:Metatron","floor":12,"key":"SMITH"},{"data":"HollowMod:HuntersJournal","floor":15,"key":"SMITH"},{"data":"infinitespire:Menacing","floor":23,"key":"SMITH"}],"circlet_count":0,"master_deck":["HollowMod:NailStrikeStart","HollowMod:NailStrikeStart","HollowMod:NailStrikeStart","HollowMod:NailStrikeStart+1","HollowMod:QuickDashStart","HollowMod:QuickDashStart","HollowMod:QuickDashStart","HollowMod:QuickDashStart","HollowMod:FocusHealStart","HollowMod:PogoStrike","HollowMod:WraithStrike+1","HollowMod:DescendingDark+1","HollowMod:SharpenedShadows+1","theWildCard:Metatron+1","HollowMod:MantisMark+1","HollowMod:MantisMark+1","HollowMod:HuntersJournal+1","HollowMod:AwokenDreamNail","HollowMod:DescendingDark","infinitespire:Menacing+1","HollowMod:SharpenedNail","HollowMod:BlackTendrils","Hallownest:curseDreamersLament","HollowMod:LifebloodCocoon","HollowMod:WraithStrike+1"],"relics":["HollowMod:VesselMask","FossilizedHelix","Black Star","Ring of Chaos","Cauldron","TungstenRod","infinitespire:Satchel","Hallownest:WatcherSealRelic","hexamod:CandleOfCauterizing"],"acts_visited":["Exordium","Hallownest:CityofTears"],"potions_floor_usage":[16,22,24,24,24,24,24],"damage_taken":[{"damage":0,"enemies":"Small Slimes","floor":1,"turns":5},{"damage":3,"enemies":"2 Louse","floor":2,"turns":2},{"damage":3,"enemies":"Jaw Worm","floor":7,"turns":4},{"damage":4,"enemies":"Large Slime","floor":13,"turns":4},{"damage":0,"enemies":"2 Fungi Beasts","floor":14,"turns":1},{"damage":63,"enemies":"Fading Forest","floor":16,"turns":11},{"damage":0,"enemies":"Hallownest:2_Mistakes","floor":18,"turns":2},{"damage":0,"enemies":"Hallownest:Guard_and_Sentry","floor":22,"turns":1},{"damage":73,"enemies":"Nightmare","floor":24,"turns":10},{"damage":0,"enemies":"Hallownest:3_Mistakes","floor":29,"turns":3},{"damage":6,"enemies":"Hallownest:monsterShrumalOgre","floor":30,"turns":5},{"damage":24,"enemies":"Hallownest:eliteSoulWarrior","floor":31,"turns":4}],"seed_played":"6301781028961223624","potions_obtained":[{"floor":7,"key":"ColorlessPotion"},{"floor":16,"key":"Weak Potion"},{"floor":20,"key":"EntropicBrew"},{"floor":20,"key":"BlessingOfTheForge"},{"floor":20,"key":"Reflective Coating"},{"floor":22,"key":"Fruit Juice"},{"floor":30,"key":"Dexterity Potion"}],"is_trial":false,"path_per_floor":["M","M","$","?","?","?","M","R","T","R","?","R","M","M","R_BF","B",null,"M","?","AVR","?","M","R","NM","?","T","PTL","PTL","M","M","E"],"character_chosen":"THE_BUGKNIGHT","items_purchased":["HollowMod:SharpenedShadows"],"campfire_rested":0,"item_purchase_floors":[3],"current_hp_per_floor":[82,79,79,63,63,63,60,60,60,60,60,60,56,56,56,3,82,82,82,82,63,68,68,5,5,5,5,5,9,6,0,0],"gold":345,"neow_bonus":"TEN_PERCENT_HP_BONUS","is_daily":false,"chose_seed":false,"campfire_upgraded":5,"win_rate":0.0,"timestamp":1611798919,"path_taken":["M","M","$","?","?","?","?","R","T","R","?","R","M","M","R_BF","BOSS","M","?","AVR","?","M","R","NM","?","T","PTL","PTL","M","M","E"],"items_purchased_type":["Card"],"build_version":"2020-12-22","purchased_purges":0,"victory":false,"max_hp_per_floor":[82,82,82,82,82,82,82,82,82,82,82,82,82,82,82,82,82,82,82,82,82,87,87,87,87,87,87,87,87,87,87,87],"card_choices":[{"not_picked":["HollowMod:ShapeofUnn","HollowMod:InfectedCysts"],"picked":"HollowMod:WraithStrike","floor":1},{"not_picked":["HollowMod:MantisMark","HollowMod:ChannelNail"],"picked":"HollowMod:DescendingDark","floor":2},{"not_picked":["HollowMod:NewJinnsSoul","HollowMod:NewGlowingWomb"],"picked":"HollowMod:MantisMark","floor":7},{"not_picked":["HollowMod:RecoilStrike","HollowMod:NewLittleFool"],"picked":"HollowMod:MantisMark","floor":13},{"not_picked":["HollowMod:FallenFury","HollowMod:ElderbugsWisdom"],"picked":"HollowMod:HuntersJournal","floor":14},{"not_picked":["HollowMod:MidwifesHunger","HollowMod:ElderbugsWisdom"],"picked":"HollowMod:AwokenDreamNail","floor":16},{"not_picked":["HollowMod:HeavyBlow","HollowMod:MonarchWings"],"picked":"HollowMod:DescendingDark","floor":18},{"not_picked":["infinitespire:DeathsTouch","infinitespire:NeuralNetwork"],"picked":"infinitespire:Menacing","floor":21},{"not_picked":["HollowMod:InfectedAttack","HollowMod:SoulSplash"],"picked":"HollowMod:SharpenedNail","floor":22},{"not_picked":["HollowMod:CycloneSlash","HollowMod:AwokenDreamNail"],"picked":"HollowMod:BlackTendrils","floor":24},{"not_picked":["HollowMod:SoulSplash+1","HollowMod:HowlingWraiths+1"],"picked":"HollowMod:LifebloodCocoon","floor":29},{"not_picked":["HollowMod:PureNailStrike","HollowMod:GoodIntentions"],"picked":"HollowMod:WraithStrike+1","floor":30}],"player_experience":126138,"relics_obtained":[{"floor":9,"key":"FossilizedHelix"},{"floor":24,"key":"TungstenRod"},{"floor":24,"key":"infinitespire:Satchel"},{"floor":26,"key":"hexamod:CandleOfCauterizing"}],"event_choices":[{"damage_healed":0,"gold_gain":0,"player_choice":"Entered Light","damage_taken":16,"max_hp_gain":0,"max_hp_loss":0,"event_name":"Shining Light","floor":4,"gold_loss":0,"cards_upgraded":["HollowMod:DescendingDark","HollowMod:NailStrikeStart"]},{"damage_healed":0,"gold_gain":0,"player_choice":"Grow","damage_taken":0,"max_hp_gain":0,"max_hp_loss":0,"event_name":"Living Wall","floor":11,"gold_loss":0,"cards_upgraded":["HollowMod:SharpenedShadows"]}],"is_beta":false,"boss_relics":[{"not_picked":["Sozu","Coffee Dripper"],"picked":"Black Star"}],"items_purged_floors":[],"is_endless":true,"potions_floor_spawned":[7,16,22,30],"killed_by":"Hallownest:eliteSoulWarrior","ascension_level":0}}