{"host":"y56d1fjpgcjsodvy","time":1611843909,"event":{"mods":["2.2 Compatiblity","Arknights The Spire","Astrologer","BaseMod","Colored Powertips","GifTheSpireLib","Hermit","Highlight Path","Keyboard Shortcuts","Marisa£¨Ùöéë¡¡Øª×âÞÞ£©","Minty Spire (QoL Compilation)","Random Character Button","Rare Cards Sparkle","Relic Stats","Replay The Spire","SOS£¨ÞÙ÷é?ñýí­£©","StSLib","SuperFastMode","The Blackbeard","The Blue Laboratory","The Dragon Tamer","The Poker Player","The Runesmith","TheBandit","Wandering Minibosses","everything is the same but u backflip on backflip"],"gold_per_floor":[112,127,141,141,14,14,49,49,49,82,93,125,140,155,155,250,250,268,32,32,48,59,59,92,109,132,162,181,191,191,204,204,300,300,316,316,329,341,354,387,387,401,447,518,365,384,395,7,7,7,7,7,7,35,35],"floor_reached":56,"language":"KOR","playtime":2962,"items_purged":["ats:Strike C","ats:Strike G","ReplayTheSpireMod:Doomed","ats:Revitalization"],"score":1775,"play_id":"26aa96fc-3c68-4588-b824-359f46b13f78","local_time":"20210128232509","is_ascension_mode":true,"campfire_choices":[{"data":"ats:Demon Strength","floor":6,"key":"SMITH"},{"data":"ats:Chain Hook","floor":8,"key":"SMITH"},{"data":"ats:Emotion Absorption","floor":15,"key":"SMITH"},{"data":"ats:Dogmatic Field","floor":23,"key":"SMITH"},{"floor":30,"key":"RECALL"},{"data":"ats:Revitalization","floor":32,"key":"SMITH"},{"data":"ats:Nebulous Foxfire","floor":41,"key":"SMITH"},{"data":"ReplayUltimateDefense","floor":49,"key":"SMITH"},{"data":"ats:Calcification","floor":52,"key":"SMITH"}],"circlet_count":0,"master_deck":["ats:Emotion Absorption+1","ats:Closed Bolt Burst Fire","ats:Chain Hook+1","ats:Demon Strength+1","ats:Revitalization+1","ats:Revitalization","ats:Calcification+1","ats:Calcification","ats:Revitalization+1","ats:Healing Strengthening+1","ats:Part Time Job","ats:Counter Healing Mode","ats:Wolf Pack","ats:Charging Defense","ats:Revitalization","ats:Calcification","ats:Revitalization+1","ats:Composite Medical Shells+1","ats:Composite Medical Shells+1","ats:Nebulous Foxfire+1","ats:Defend Order+1","ReplayUltimateDefense+1","ats:Absolute Focus+1","ats:Calcification","ats:Rat Pack","ats:Hook Shot"],"relics":["ats:Sanity","ats:Originium","Replay:Mystery Machine","Meat on the Bone","ats:Berate","Replay:Bottled Flurry","Painkiller Herb","Membership Card","Replay:Bottled Steam","Du-Vu Doll","Replay:Wax Seal","Kintsugi","Bronze Scales","Pen Nib","Replay:Baseball","Pocketwatch","ReplayTheSpireMod:CursedCoin","Dead Branch","Happy Flower"],"acts_visited":["Exordium","TheCity","TheBeyond","TheEnding"],"potions_floor_usage":[7,7,10,11,12,16,27,33,50,50,50],"damage_taken":[{"damage":1,"enemies":"Cultist","floor":1,"turns":3},{"damage":0,"enemies":"Small Slimes","floor":2,"turns":4},{"damage":0,"enemies":"2 Louse","floor":3,"turns":2},{"damage":0,"enemies":"Lagavulin","floor":7,"turns":4},{"damage":54,"enemies":"3 Sentries","floor":10,"turns":10},{"damage":13,"enemies":"Blue Slaver","floor":11,"turns":2},{"damage":24,"enemies":"Replay:BlueRogue","floor":12,"turns":8},{"damage":38,"enemies":"Large Slime","floor":13,"turns":7},{"damage":17,"enemies":"Gremlin Gang","floor":14,"turns":3},{"damage":12,"enemies":"Slime Boss","floor":16,"turns":6},{"damage":42,"enemies":"Spheric Guardian","floor":18,"turns":10},{"damage":116,"enemies":"Chosen","floor":21,"turns":12},{"damage":53,"enemies":"3 Cultists","floor":22,"turns":8},{"damage":83,"enemies":"Replay:Snechameleon","floor":24,"turns":12},{"damage":138,"enemies":"Snecko","floor":25,"turns":10},{"damage":65,"enemies":"Slavers","floor":27,"turns":10},{"damage":70,"enemies":"Sentry and Sphere","floor":28,"turns":12},{"damage":29,"enemies":"Snake Plant","floor":29,"turns":11},{"damage":58,"enemies":"Snecko","floor":31,"turns":11},{"damage":98,"enemies":"Pondfish","floor":33,"turns":20},{"damage":59,"enemies":"Orb Walker","floor":35,"turns":8},{"damage":52,"enemies":"3 Shapes","floor":37,"turns":7},{"damage":50,"enemies":"Jaw Worm Horde","floor":38,"turns":4},{"damage":31,"enemies":"Sphere and 2 Shapes","floor":39,"turns":6},{"damage":45,"enemies":"Giant Head","floor":40,"turns":12},{"damage":34,"enemies":"Transient","floor":42,"turns":5},{"damage":30,"enemies":"Writhing Mass","floor":46,"turns":7},{"damage":22,"enemies":"3 Darklings","floor":47,"turns":4},{"damage":0,"enemies":"Awakened One","floor":50,"turns":13},{"damage":54,"enemies":"Shield and Spear","floor":54,"turns":9},{"damage":127,"enemies":"The Heart","floor":55,"turns":13}],"seed_played":"-6093578822169423314","potions_obtained":[{"floor":2,"key":"Cursed Concoction"},{"floor":7,"key":"blueLaboratory:BottleOfVodka"},{"floor":10,"key":"DuplicationPotion"},{"floor":11,"key":"DuplicationPotion"},{"floor":13,"key":"Death Potion"},{"floor":18,"key":"SpeedPotion"},{"floor":25,"key":"BlessingOfTheForge"},{"floor":28,"key":"Cursed Concoction"},{"floor":29,"key":"Reflective Coating"},{"floor":35,"key":"blueLaboratory:Moonshine"},{"floor":39,"key":"LiquidMemories"},{"floor":46,"key":"blueLaboratory:BottledHope"}],"is_trial":false,"path_per_floor":["M","M","M","?","$","R","E","R","T","E","M","E","M","M","R","B",null,"?","T","?","?","?","T","E","?","T","E","?","?","T","?","T","B",null,"?","?","?","?","?","E","T","?","T","?","T","?","?","T","T","B",null,"T","T","E","B",null],"character_chosen":"DOCTOR_CLASS","items_purchased":["Adrenaline Potion","Membership Card","ats:Healing Strengthening+1","Pocketwatch","ReplayUltimateDefense","ReplayTheSpireMod:CursedCoin","ats:Calcification","ats:Rat Pack","Dead Branch"],"campfire_rested":0,"item_purchase_floors":[5,19,19,45,45,45,48,48,48],"current_hp_per_floor":[50,50,50,50,50,50,50,50,50,31,30,69,69,55,55,70,72,72,72,72,72,72,72,72,72,72,72,72,72,72,72,72,70,72,46,46,72,72,72,72,72,72,72,54,54,72,72,72,72,72,72,72,72,72,72],"gold":35,"neow_bonus":"REMOVE_TWO","is_daily":false,"chose_seed":false,"campfire_upgraded":8,"win_rate":0.0,"timestamp":1611843909,"path_taken":["M","M","?","?","?","R","E","R","T","E","M","E","M","M","R","BOSS","?","?","?","?","?","T","E","?","T","E","?","?","T","?","T","BOSS","?","?","?","?","?","E","T","?","T","?","?","?","?","T","T","BOSS","T","T","E","BOSS"],"items_purchased_type":["Potion","Relic","Card","Relic","Card","Relic","Card","Card","Relic"],"build_version":"2020-12-22","purchased_purges":4,"victory":true,"max_hp_per_floor":[72,72,72,72,72,72,72,72,72,72,72,72,72,72,72,72,72,72,72,72,72,72,72,72,72,72,72,72,72,72,72,72,72,72,72,72,72,72,72,72,72,72,72,72,72,72,72,72,72,72,72,72,72,72,72],"relic_stats":{"Happy Flower":[4],"counters":[31,253],"Bronze Scales":[305],"Dead Branch":[10],"Pen Nib":[2],"obtain_stats":[{"Happy Flower":54,"ReplayTheSpireMod:CursedCoin":45,"Dead Branch":48,"Painkiller Herb":17,"Pen Nib":43,"Replay:Mystery Machine":7,"Du-Vu Doll":24,"Replay:Baseball":44,"ats:Originium":7,"ats:Berate":10,"Bronze Scales":40,"Replay:Bottled Flurry":12,"ats:Sanity":0,"Membership Card":19,"Replay:Wax Seal":27,"Kintsugi":34,"Meat on the Bone":9,"Replay:Bottled Steam":20,"Pocketwatch":45},{"Happy Flower":30,"ReplayTheSpireMod:CursedCoin":26,"Dead Branch":28,"Painkiller Herb":10,"Pen Nib":26,"Replay:Mystery Machine":4,"Du-Vu Doll":14,"Replay:Baseball":26,"ats:Originium":4,"ats:Berate":5,"Bronze Scales":25,"Replay:Bottled Flurry":7,"ats:Sanity":0,"Membership Card":11,"Replay:Wax Seal":16,"Kintsugi":20,"Meat on the Bone":4,"Replay:Bottled Steam":11,"Pocketwatch":26},{"Happy Flower":240,"ReplayTheSpireMod:CursedCoin":207,"Dead Branch":218,"Painkiller Herb":49,"Pen Nib":207,"Replay:Mystery Machine":13,"Du-Vu Doll":91,"Replay:Baseball":207,"ats:Originium":13,"ats:Berate":23,"Bronze Scales":202,"Replay:Bottled Flurry":33,"ats:Sanity":0,"Membership Card":59,"Replay:Wax Seal":111,"Kintsugi":165,"Meat on the Bone":13,"Replay:Bottled Steam":59,"Pocketwatch":207}],"Meat on the Bone":24,"Pocketwatch":[32]},"card_choices":[{"not_picked":["ats:Shell Defense","ats:Curse Doll"],"picked":"ats:Closed Bolt Burst Fire","floor":1},{"not_picked":["ats:LN2 Cannon","ats:Very Hot Blade"],"picked":"ats:Chain Hook","floor":2},{"not_picked":["ats:Encircling Forest","ats:Powerful Strike"],"picked":"ats:Demon Strength","floor":3},{"not_picked":["ats:Counter Healing Mode","ats:Flame Of Heaven"],"picked":"ats:Revitalization","floor":7},{"not_picked":["ats:Neurotoxin","ats:Spore Proliferation","ats:Sunburst"],"picked":"SKIP","floor":10},{"not_picked":["ats:Neurotoxin","ats:Spore Proliferation","ats:Sunburst"],"picked":"SKIP","floor":10},{"not_picked":["ats:Sunburst","ats:Shell Defense"],"picked":"ats:Revitalization","floor":11},{"not_picked":["ats:Apocalypse","ats:Song Of Battle","ats:Red Shift"],"picked":"SKIP","floor":12},{"not_picked":["ats:Apocalypse","ats:Song Of Battle","ats:Red Shift"],"picked":"SKIP","floor":12},{"not_picked":["ats:Thermite Blade","ats:Shell Defense"],"picked":"ats:Revitalization","floor":13},{"not_picked":["ats:Leaping Hammer","ats:Support Order"],"picked":"ats:Calcification","floor":14},{"not_picked":["ats:Echo Reverb","ats:Shadow Assault"],"picked":"ats:Calcification","floor":16},{"not_picked":["ats:Absolute Focus","ats:Closed Bolt Burst Fire"],"picked":"ats:Revitalization+1","floor":18},{"not_picked":["ats:Flexible Camouflage+1","ats:Thermite Blade+1"],"picked":"ats:Part Time Job","floor":21},{"not_picked":["ats:Shell Defense+1","ats:Defend Order+1"],"picked":"ats:Dogmatic Field","floor":22},{"not_picked":["ats:Shell Defense","ats:Ignite"],"picked":"ats:Counter Healing Mode","floor":24},{"not_picked":["ats:Assault Order+1","ats:Ignite","ats:Flexible Camouflage"],"picked":"SKIP","floor":25},{"not_picked":["ats:Steam Pump","ats:Consecutive Shot Auto"],"picked":"ats:Wolf Pack","floor":27},{"not_picked":["ats:Automatic Cover","ats:Curse Doll+1"],"picked":"ats:Charging Defense","floor":28},{"not_picked":["ats:Hammer On","ats:Overload","ats:Serious Mode"],"picked":"SKIP","floor":29},{"not_picked":["ats:Assault Order","ats:Apocalypse"],"picked":"ats:Revitalization","floor":31},{"not_picked":["ats:Roar Of Ursus","ats:Dogmatic Field"],"picked":"ats:Calcification","floor":33},{"not_picked":["ats:Shadow Raid","ats:Ignite"],"picked":"ats:Revitalization+1","floor":35},{"not_picked":["ats:Absolute Focus+1","ats:Collapsing Strike"],"picked":"ats:Composite Medical Shells+1","floor":37},{"not_picked":["ats:Absolute Focus","ats:Curse Doll+1","ats:Blood Oath+1"],"picked":"SKIP","floor":38},{"not_picked":["ats:Ignite+1","ats:Hammer On+1"],"picked":"ats:Composite Medical Shells+1","floor":39},{"not_picked":["ats:Curse Doll+1","ats:Assault Order+1"],"picked":"ats:Nebulous Foxfire","floor":40},{"not_picked":["ats:Spore Proliferation","ats:Neurotoxin"],"picked":"ats:Defend Order+1","floor":42},{"not_picked":["ats:Assault Order+1","ats:Consecutive Shot Auto+1","ats:Explosion Area Strengthen"],"picked":"SKIP","floor":46},{"not_picked":["ats:Soul Absorption+1","ats:Demon Strength+1"],"picked":"ats:Absolute Focus+1","floor":47},{"not_picked":["ats:Chain Hook","ats:Flexible Camouflage+1"],"picked":"ats:Hook Shot","floor":54}],"player_experience":1275340,"relics_obtained":[{"floor":7,"key":"ats:Originium"},{"floor":7,"key":"Replay:Mystery Machine"},{"floor":9,"key":"Meat on the Bone"},{"floor":10,"key":"ats:Originium"},{"floor":10,"key":"ats:Berate"},{"floor":12,"key":"ats:Originium"},{"floor":12,"key":"Replay:Bottled Flurry"},{"floor":24,"key":"ats:Originium"},{"floor":24,"key":"Du-Vu Doll"},{"floor":27,"key":"Replay:Wax Seal"},{"floor":40,"key":"Bronze Scales"},{"floor":43,"key":"Pen Nib"},{"floor":44,"key":"Replay:Baseball"},{"floor":54,"key":"Happy Flower"}],"event_choices":[{"cards_removed":["ats:Defend"],"damage_healed":0,"gold_gain":0,"player_choice":"Card Removal","damage_taken":0,"max_hp_gain":0,"max_hp_loss":0,"event_name":"Wheel of Change","floor":4,"gold_loss":0},{"cards_removed":["Doubt","ReplayTheSpireMod:Splinters"],"damage_healed":0,"gold_gain":0,"player_choice":"Removed Curses","damage_taken":0,"max_hp_gain":0,"max_hp_loss":0,"event_name":"Fountain of Cleansing","floor":36,"gold_loss":0}],"is_beta":false,"boss_relics":[{"not_picked":["SacredBark","Runic Dome"],"picked":"Painkiller Herb"},{"not_picked":["SlaversCollar","ChewingGum"],"picked":"Kintsugi"}],"items_purged_floors":[5,19,45,48],"is_endless":false,"potions_floor_spawned":[2,7,10,11,13,18,25,28,29,35,39,46,47],"ascension_level":2}}