{"host":"mmro3auxcbu5pwad","time":1611832048,"event":{"mods":["Aspiration","BaseMod","Conspire","Energized Spire","Halation","Hubris","Infinite Spire","Minty Spire (QoL Compilation)","Permanent Neow","Replay The Spire","StSLib"],"gold_per_floor":[115,58,58,76,86,86,86,86,36,49,49,64,64,64,64,79,79,181,181,198,198,222,222,222,222,239,239,266,286,286,286,304,322,322,322,322],"floor_reached":35,"language":"ENG","playtime":1499,"items_purged":["Delirium"],"score":272,"play_id":"fa6bcef8-379b-49a4-b27e-13d418dee11c","local_time":"20210128120728","is_ascension_mode":true,"campfire_choices":[{"data":"Bouncing Flask","floor":6,"key":"SMITH"},{"data":"Survivor","floor":13,"key":"SMITH"},{"data":"Neutralize","floor":15,"key":"SMITH"},{"floor":17,"key":"REST"},{"data":"Burst","floor":27,"key":"SMITH"},{"data":"Outmaneuver","floor":30,"key":"SMITH"},{"data":"Catalyst","floor":34,"key":"SMITH"}],"circlet_count":0,"master_deck":["Strike_G+1","Strike_G+1","Strike_G+1","Strike_G+1","Defend_G+1","Defend_G+1","Defend_G+1","Defend_G+1","Defend_G+1","Survivor+1","Neutralize+1","Burst+1","Poisoned Stab","Bouncing Flask+1","Bouncing Flask+1","Poisoned Stab","Poisoned Stab","Outmaneuver+1","infinitespire:Fortify","Hallucinations","Outmaneuver","Catalyst+1"],"relics":["Ring of the Snake","Ornamental Fan","Cursed Key","MutagenicStrength","Oddly Smooth Stone","Orichalcum"],"acts_visited":["Exordium","TheCity"],"potions_floor_usage":[18,20,33,35],"damage_taken":[{"damage":0,"enemies":"2 Louse","floor":1,"turns":4},{"damage":3,"enemies":"conspire:RoseBush","floor":4,"turns":2},{"damage":2,"enemies":"Jaw Worm","floor":5,"turns":3},{"damage":12,"enemies":"Large Slime","floor":10,"turns":2},{"damage":3,"enemies":"Looter","floor":12,"turns":3},{"damage":3,"enemies":"Exordium Wildlife","floor":16,"turns":3},{"damage":46,"enemies":"Fading Forest","floor":18,"turns":11},{"damage":3,"enemies":"Shell Parasite","floor":20,"turns":3},{"damage":0,"enemies":"Spheric Guardian","floor":26,"turns":2},{"damage":2,"enemies":"conspire:HollyBat","floor":29,"turns":7},{"damage":0,"enemies":"Snake Plant","floor":32,"turns":3},{"damage":9,"enemies":"Centurion and Healer","floor":33,"turns":7},{"damage":77,"enemies":"Pondfish","floor":35,"turns":12}],"seed_played":"-2959771993074746651","potions_obtained":[{"floor":1,"key":"EssenceOfSteel"},{"floor":10,"key":"LiquidMemories"},{"floor":12,"key":"FairyPotion"},{"floor":18,"key":"Energy Potion"},{"floor":32,"key":"ColorlessPotion"},{"floor":33,"key":"BlessingOfTheForge"}],"is_trial":false,"path_per_floor":["M","$","?","M","M","R","PTL","PTL","?","M","T","M","R","$","R","M","R","B",null,"M","?","T","AVR","?","?","M","R","T","M","R","?","M","M","R","B"],"character_chosen":"THE_SILENT","items_purchased":["Bouncing Flask"],"campfire_rested":1,"item_purchase_floors":[2],"current_hp_per_floor":[70,70,70,67,65,65,65,65,65,53,53,50,50,50,50,47,68,32,70,67,67,67,67,67,67,67,67,67,65,65,65,65,56,56,0,0],"gold":322,"neow_bonus":"ONE_RANDOM_RARE_CARD","is_daily":false,"chose_seed":false,"campfire_upgraded":6,"win_rate":0.0,"timestamp":1611832048,"path_taken":["M","$","?","M","M","R","PTL","PTL","?","M","T","M","R","?","R","M","R","BOSS","M","?","?","AVR","?","?","M","R","T","M","R","?","M","?","R","BOSS"],"items_purchased_type":["Card"],"build_version":"2020-12-22","purchased_purges":1,"victory":false,"max_hp_per_floor":[70,70,70,70,70,70,70,70,70,70,70,70,70,70,70,70,70,70,70,70,70,70,70,70,70,70,70,70,70,70,70,70,70,70,70,70],"card_choices":[{"not_picked":["Hidden Blade","Choke"],"picked":"Poisoned Stab","floor":1},{"not_picked":["Sucker Punch","Cloak And Dagger","Dagger Spray"],"picked":"SKIP","floor":4},{"not_picked":["Quick Slash","Cloak And Dagger"],"picked":"Poisoned Stab","floor":5},{"not_picked":["Endless Agony","Backstab","Fluid Movement"],"picked":"SKIP","floor":10},{"not_picked":["PiercingWail","Hidden Blade","Acrobatics"],"picked":"SKIP","floor":12},{"not_picked":["Slice","Reflex"],"picked":"Poisoned Stab","floor":16},{"not_picked":["hubris:TrickCloak","Dagger Throw"],"picked":"Outmaneuver","floor":20},{"not_picked":["hubris:SlightOfHand","Bouncing Flask","ReplayTheSpireMod:Exploit Weakness"],"picked":"SKIP","floor":26},{"not_picked":["hubris:SlightOfHand+1","Hidden Blade+1","Venomology"],"picked":"SKIP","floor":29},{"not_picked":["hubris:SlightOfHand","ReplayTheSpireMod:Speed Training+1"],"picked":"Outmaneuver","floor":32},{"not_picked":["Infinite Blades+1","Acrobatics"],"picked":"Catalyst","floor":33}],"player_experience":65803,"relics_obtained":[{"floor":11,"key":"Ornamental Fan"},{"floor":22,"key":"Oddly Smooth Stone"},{"floor":28,"key":"Orichalcum"}],"event_choices":[{"cards_removed":["Strike_G"],"damage_healed":0,"gold_gain":0,"player_choice":"Card Removal","damage_taken":0,"max_hp_gain":0,"max_hp_loss":0,"event_name":"The Cleric","floor":9,"gold_loss":50},{"damage_healed":0,"gold_gain":0,"player_choice":"Inject Mutagens","damage_taken":0,"relics_obtained":["MutagenicStrength"],"max_hp_gain":0,"max_hp_loss":0,"event_name":"Drug Dealer","floor":21,"gold_loss":0},{"damage_healed":0,"gold_gain":0,"player_choice":"Simplicity","damage_taken":0,"max_hp_gain":0,"max_hp_loss":0,"event_name":"Back to Basics","floor":24,"gold_loss":0,"cards_upgraded":["Strike_G","Strike_G","Strike_G","Strike_G","Defend_G","Defend_G","Defend_G","Defend_G","Defend_G"]},{"damage_healed":0,"gold_gain":0,"player_choice":"Ignored","damage_taken":0,"max_hp_gain":0,"max_hp_loss":0,"event_name":"Transmorgrifier","floor":31,"gold_loss":0}],"is_beta":false,"boss_relics":[{"not_picked":["halation:CatFaceCupcake","Tiny House"],"picked":"Cursed Key"}],"items_purged_floors":[23],"is_endless":false,"potions_floor_spawned":[1,10,12,16,18,32,33],"killed_by":"Pondfish","ascension_level":2}}