{"host":"vyjryxuuuxkt43k4","time":1611830882,"event":{"mods":["AchievementEnabler","BaseMod","Colored Map","DeckTracker","Keyboard Shortcuts","Minty Spire (QoL Compilation)","Permanent Neow","Quick Restart","Rare Cards Sparkle","StSLib","SuperFastMode","everything is the same but u backflip on backflip"],"gold_per_floor":[369,544,562,63,82,115,129,129,129,143,143,163,238,263,263,365,365,376,475,400,15,31,56,76,87,113,113,113],"floor_reached":27,"language":"KOR","playtime":1204,"items_purged":["Doubt","Strike_B"],"score":378,"play_id":"ecddeae8-b6bb-45f4-9a73-8517978b4c75","local_time":"20210128194802","is_ascension_mode":true,"campfire_choices":[{"data":"Chaos","floor":8.0,"key":"SMITH"},{"data":"Dualcast","floor":11.0,"key":"SMITH"},{"data":"Tempest","floor":15,"key":"SMITH"}],"circlet_count":0,"master_deck":["Strike_B","Strike_B","Defend_B","Defend_B","Defend_B","Defend_B","Zap","Dualcast+1","Aggregate","Double Energy","Chaos+1","Trip","BootSequence","Tempest+1","Genetic Algorithm","Double Energy+1","Coolheaded+1","Aggregate+1","Thunder Strike","Tempest+1","Turbo+1","Apotheosis+1","Fusion+1","Defragment+1","Stack+1"],"relics":["Cracked Core","Meat on the Bone","Letter Opener","Toxic Egg 2","Pen Nib","Inserter","Happy Flower","Bag of Preparation"],"acts_visited":["Exordium","TheCity"],"potions_floor_usage":[16,16,23,23,25,25,27],"damage_taken":[{"damage":8.0,"enemies":"Small Slimes","floor":1.0,"turns":3.0},{"damage":1.0,"enemies":"Cultist","floor":3.0,"turns":4.0},{"damage":4.0,"enemies":"2 Louse","floor":5.0,"turns":3.0},{"damage":21.0,"enemies":"3 Sentries","floor":6.0,"turns":10.0},{"damage":3.0,"enemies":"Exordium Thugs","floor":7.0,"turns":4.0},{"damage":15.0,"enemies":"Large Slime","floor":10.0,"turns":3.0},{"damage":0.0,"enemies":"Blue Slaver","floor":12.0,"turns":2.0},{"damage":0,"enemies":"Lagavulin","floor":14,"turns":3},{"damage":36,"enemies":"The Guardian","floor":16,"turns":14},{"damage":0,"enemies":"Spheric Guardian","floor":18,"turns":3},{"damage":0,"enemies":"Chosen","floor":22,"turns":3},{"damage":16,"enemies":"Gremlin Leader","floor":23,"turns":4},{"damage":10,"enemies":"Snecko","floor":24,"turns":3},{"damage":18,"enemies":"3 Cultists","floor":25,"turns":3},{"damage":42,"enemies":"Book of Stabbing","floor":27,"turns":5}],"seed_played":"-1734850273344295833","potions_obtained":[{"floor":1.0,"key":"Strength Potion"},{"floor":3.0,"key":"Weak Potion"},{"floor":6.0,"key":"FearPotion"},{"floor":10.0,"key":"SkillPotion"},{"floor":14,"key":"BlessingOfTheForge"},{"floor":22,"key":"PowerPotion"},{"floor":24,"key":"EntropicBrew"}],"is_trial":false,"path_per_floor":["M","?","M","$","M","E","M","R","T","M","R","M","?","E","R","B",null,"M","?","?","$","M","E","M","M","T","E"],"character_chosen":"DEFECT","items_purchased":["Meat on the Bone","Chaos","Trip","Turbo+1","Apotheosis+1","PowerPotion"],"campfire_rested":0,"item_purchase_floors":[4,4,4,21,21,21],"current_hp_per_floor":[42,42,41,41,49,40,49,49,49,46,46,46,39,39,39,15,60,60,60,60,60,60,44,46,40,40,0,0],"gold":113,"neow_bonus":"TWO_FIFTY_GOLD","is_daily":false,"chose_seed":false,"campfire_upgraded":3,"win_rate":0.0,"timestamp":1611830882,"path_taken":["M","?","M","$","M","E","M","R","T","M","R","M","?","E","R","BOSS","M","?","?","$","M","E","M","?","T","E"],"items_purchased_type":["Relic","Card","Card","Card","Card","Potion"],"build_version":"2020-12-22","purchased_purges":2,"victory":false,"max_hp_per_floor":[75,75,75,75,75,75,75,75,75,75,75,75,75,75,75,75,75,75,75,75,75,75,75,75,75,75,75,75],"card_choices":[{"not_picked":["Hologram","Recycle"],"picked":"Aggregate","floor":1.0},{"not_picked":["Redo","Gash"],"picked":"Double Energy","floor":3.0},{"not_picked":["Streamline","Heatsinks"],"picked":"BootSequence","floor":5.0},{"not_picked":["Go for the Eyes","Recycle"],"picked":"Tempest","floor":6.0},{"not_picked":["Beam Cell","Loop"],"picked":"Genetic Algorithm","floor":7.0},{"not_picked":["Fission+1","Gash"],"picked":"Double Energy+1","floor":10.0},{"not_picked":["Storm","Stack+1"],"picked":"Coolheaded+1","floor":12.0},{"not_picked":["Loop","Steam+1"],"picked":"Aggregate+1","floor":14},{"not_picked":["Seek+1","Creative AI"],"picked":"Thunder Strike","floor":16},{"not_picked":["Go for the Eyes","Sweeping Beam"],"picked":"Tempest+1","floor":18},{"not_picked":["Double Energy+1","FTL"],"picked":"Fusion+1","floor":22},{"not_picked":["Coolheaded+1","White Noise+1"],"picked":"Defragment+1","floor":23},{"not_picked":["Barrage","Beam Cell+1","Sweeping Beam"],"picked":"SKIP","floor":24},{"not_picked":["Barrage","Beam Cell+1","Sweeping Beam"],"picked":"SKIP","floor":24},{"not_picked":["Melter","Beam Cell+1"],"picked":"Stack+1","floor":25}],"player_experience":459141,"relics_obtained":[{"floor":6.0,"key":"Letter Opener"},{"floor":9.0,"key":"Toxic Egg 2"},{"floor":14,"key":"Pen Nib"},{"floor":23,"key":"Happy Flower"},{"floor":26,"key":"Bag of Preparation"}],"event_choices":[{"damage_healed":0.0,"max_hp_gain":0.0,"max_hp_loss":0.0,"gold_gain":175.0,"event_name":"Liars Game","player_choice":"AGREE","floor":2.0,"gold_loss":0.0,"damage_taken":0.0,"cards_obtained":["Doubt"]},{"damage_healed":0,"gold_gain":75,"player_choice":"Touch","damage_taken":7,"max_hp_gain":0,"max_hp_loss":0,"event_name":"FaceTrader","floor":13,"gold_loss":0},{"damage_healed":0,"gold_gain":99,"player_choice":"Stole From Cult","damage_taken":0,"max_hp_gain":0,"max_hp_loss":0,"event_name":"Nest","floor":19,"gold_loss":0},{"cards_removed":["Strike_B"],"damage_healed":0,"gold_gain":0,"player_choice":"Gave Gold","damage_taken":0,"max_hp_gain":0,"max_hp_loss":0,"event_name":"Beggar","floor":20,"gold_loss":75}],"is_beta":false,"boss_relics":[{"not_picked":["Runic Dome","Fusion Hammer"],"picked":"Inserter"}],"items_purged_floors":[4,21],"is_endless":false,"potions_floor_spawned":[1,3,6,10,14,22,24],"killed_by":"Book of Stabbing","ascension_level":8}}