{"host":"0gg6nsoypjji1x9f","time":1611824573,"event":{"mods":["100% Spire Juice","Arknights The Spire","BaseMod","CapriCore","GungeonMod","Hermit","Jedi Mod","Minty Spire (QoL Compilation)","Quick Restart","Relic Filter Mod","Replay The Spire","StSLib","The Hierophant","The Immortal","¡¾ÒÅÎï¿¨ÅÆ¡¿REMEMod"],"gold_per_floor":[117,117,133,143,163,163,179,205,232,243,278,59,87,105,105,208,208,228,244,169,169,169,169,16,16,16,48,63,63,91,103,203,307,307,322,339,339,362,362,362,51,51,51,51,69,69,98,0,12,24,36,48,60,98,110],"floor_reached":56,"language":"ZHS","playtime":7933,"items_purged":["MokouMod:Defend"],"score":1048,"play_id":"a11499d8-f896-406d-95ed-9afa7429c287","local_time":"20210128170253","is_ascension_mode":false,"campfire_choices":[{"data":"MokouMod:PhoenixForm","floor":6,"key":"SMITH"},{"data":"MokouMod:SacredFire","floor":23,"key":"SMITH"},{"floor":25,"key":"RECALL"},{"data":"MokouMod:SacredFire","floor":29,"key":"SMITH"},{"data":"MokouMod:ResonanceReactor","floor":40,"key":"SMITH"},{"data":"Pot Of Greed","floor":42,"key":"SMITH"},{"data":"MokouMod:RisingSunBarrier","floor":44,"key":"SMITH"},{"data":"Pot Of Greed","floor":46,"key":"SMITH"},{"data":"MokouMod:Extinguish","floor":52,"key":"SMITH"}],"circlet_count":0,"master_deck":["MokouMod:Strike+1","MokouMod:Strike+1","MokouMod:Strike+1","MokouMod:Strike+1","MokouMod:Strike+1","MokouMod:Defend+1","MokouMod:Defend+1","MokouMod:Defend+1","MokouMod:PhoenixForm+1","MokouMod:FlamingFireTalons","MokouMod:FlickeringFlame+1","MokouMod:TemporalFireSeal","MokouMod:BlazingComet","MokouMod:RisingSunBarrier+1","MokouMod:Singe","MokouMod:Trailblazer","MokouMod:HeatFactory","MokouMod:ScorchedEarth","Pot Of Greed+1","Pot Of Greed+1","MokouMod:ExplosiveFlame","MokouMod:IndiscriminateIgnition+1","MokouMod:SacredFire+1","MokouMod:AdaptivePyromancy+1","Pot Of Greed","MokouMod:ResonanceReactor+1","MokouMod:SacredFire+1","MokouMod:ShiftIgnition","MokouMod:RoaringFlare","MokouMod:Geothermal","MokouMod:Extinguish+1","MokouMod:SubterraneanCore+1","MokouMod:IcarusDive+1","Looming Evil","Madness","Madness","MokouMod:Meltdown+1","Pot Of Greed","MokouMod:Afterburner","MokouMod:TemporalFireSeal+1"],"relics":["MokouMod:PhoenixFeather","REME_ComplimentaryCards","DemoMod:PoisonVial","DemoMod:MonsterBlood","Grinning Jar","DemoMod:GreenGuonStone","SlaversCollar","DemoMod:ClearGuonStone","Garlic","DemoMod:PinkGuonStone","Mirror","Replay:Bronze Core","ReplayTheSpireMod:Ring of Collecting","Ring of Fangs","Ring of Misfortune","Lantern","MealTicket","Strange Spoon","Ring of Peace","jedi:Pinwheel","MawBank","Red Mask","Replay:Rubber Ducky"],"acts_visited":["Exordium","TheCity","TheBeyond","TheEnding"],"potions_floor_usage":[13,13,16,30,33,33,50,50],"damage_taken":[{"damage":5,"enemies":"Jaw Worm","floor":1,"turns":4},{"damage":1,"enemies":"Cultist","floor":3,"turns":3},{"damage":15,"enemies":"2 Louse","floor":4,"turns":4},{"damage":26,"enemies":"Lots of Slimes","floor":5,"turns":5},{"damage":15,"enemies":"2 Fungi Beasts","floor":7,"turns":4},{"damage":10,"enemies":"Looter","floor":10,"turns":4},{"damage":10,"enemies":"Replay:BlueRogue","floor":11,"turns":8},{"damage":12,"enemies":"Lagavulin","floor":13,"turns":9},{"damage":12,"enemies":"Exordium Thugs","floor":14,"turns":6},{"damage":39,"enemies":"The Guardian","floor":16,"turns":8},{"damage":29,"enemies":"Chosen","floor":18,"turns":6},{"damage":18,"enemies":"3 Byrds","floor":19,"turns":4},{"damage":29,"enemies":"Slavers","floor":27,"turns":5},{"damage":0,"enemies":"Cultist and Chosen","floor":28,"turns":4},{"damage":25,"enemies":"REME_1_Revenger","floor":30,"turns":4},{"damage":6,"enemies":"Snecko","floor":31,"turns":5},{"damage":35,"enemies":"Collector","floor":33,"turns":6},{"damage":8,"enemies":"3 Shapes","floor":35,"turns":4},{"damage":9,"enemies":"3 Darklings","floor":36,"turns":2},{"damage":32,"enemies":"Sphere and 2 Shapes","floor":45,"turns":5},{"damage":0,"enemies":"Giant Head","floor":47,"turns":9},{"damage":15,"enemies":"Donu and Deca","floor":50,"turns":11},{"damage":58,"enemies":"Shield and Spear","floor":54,"turns":6},{"damage":60,"enemies":"The Heart","floor":55,"turns":11}],"seed_played":"-260182714407506919","potions_obtained":[{"floor":3,"key":"SteroidPotion"},{"floor":5,"key":"Regen Potion"},{"floor":10,"key":"DemoMod:LeadSkinPotion"},{"floor":13,"key":"jedi:tentaclejuice"},{"floor":16,"key":"Swift Potion"},{"floor":18,"key":"Milkshake"},{"floor":19,"key":"Languid Potion"},{"floor":33,"key":"Weak Potion"},{"floor":47,"key":"Regen Potion"}],"is_trial":false,"path_per_floor":["M","?","M","M","M","R","M","T","T","M","E","$","E","M","R","B",null,"M","M","$","?","?","R","$","R","T","E","M","R","E","M","R","B",null,"M","M","?","T","?","R","$","R","T","R","M","R","E","?","R","B",null,"R","$","E","B",null],"character_chosen":"MKU","items_purchased":["MokouMod:ScorchedEarth","Grinning Jar","DemoMod:ClearGuonStone","MealTicket","Strange Spoon"],"campfire_rested":0,"item_purchase_floors":[12,12,24,41,41],"current_hp_per_floor":[77,77,76,61,35,35,20,20,20,10,27,27,30,24,24,10,89,66,48,48,48,48,48,48,48,48,26,26,26,1,19,19,5,96,88,79,79,79,67,67,67,67,67,67,41,41,41,41,69,69,96,96,96,50,8],"gold":122,"neow_bonus":"TEN_PERCENT_HP_BONUS","is_daily":false,"chose_seed":false,"campfire_upgraded":8,"win_rate":0.0,"timestamp":1611824573,"path_taken":["M","?","?","M","M","R","M","?","T","?","E","$","E","M","R","BOSS","M","M","?","?","?","R","$","R","T","E","?","R","E","M","R","BOSS","M","M","?","?","?","R","$","R","T","R","M","R","E","?","R","BOSS","R","$","E","BOSS"],"items_purchased_type":["Card","Relic","Relic","Relic","Relic"],"build_version":"2020-12-22","purchased_purges":1,"victory":true,"max_hp_per_floor":[82,82,82,82,82,82,82,82,82,82,89,89,89,89,89,89,89,89,89,89,89,89,89,89,89,89,96,96,96,96,96,96,96,96,96,96,96,96,96,96,96,96,96,96,96,96,96,96,96,96,96,96,96,96,96],"card_choices":[{"not_picked":["MokouMod:HeatCyclone","MokouMod:InfernalWave"],"picked":"MokouMod:FlamingFireTalons","floor":1},{"not_picked":["MokouMod:PhoenixFeathers","MokouMod:Sear"],"picked":"MokouMod:TemporalFireSeal","floor":3},{"not_picked":["MokouMod:HeatTransfer","MokouMod:UncontrollableSolarReaction"],"picked":"MokouMod:BlazingComet","floor":4},{"not_picked":["MokouMod:Overheat","MokouMod:Combust"],"picked":"MokouMod:RisingSunBarrier","floor":5},{"not_picked":["MokouMod:Ember","MokouMod:WarmUp"],"picked":"MokouMod:Singe","floor":7},{"not_picked":["MokouMod:BlazingComet","MokouMod:EternalBurstReactor"],"picked":"MokouMod:Trailblazer","floor":10},{"not_picked":["MokouMod:IgneousBlow","MokouMod:BurningDraft"],"picked":"MokouMod:HeatFactory","floor":11},{"not_picked":["MokouMod:Overheat","MokouMod:Ember"],"picked":"MokouMod:ExplosiveFlame","floor":13},{"not_picked":["MokouMod:Singe","MokouMod:FlareStarter"],"picked":"MokouMod:IndiscriminateIgnition","floor":14},{"not_picked":["MokouMod:Rebirth","MokouMod:Geothermal"],"picked":"MokouMod:SacredFire","floor":16},{"not_picked":["MokouMod:Stoke","MokouMod:InfernalWave"],"picked":"MokouMod:AdaptivePyromancy+1","floor":18},{"not_picked":["MokouMod:Overheat+1","MokouMod:Sear"],"picked":"MokouMod:ResonanceReactor","floor":19},{"not_picked":["MokouMod:IgneousBlow+1","MokouMod:Overheat"],"picked":"MokouMod:SacredFire","floor":27},{"not_picked":["MokouMod:IgnitionBarrier","MokouMod:Ember"],"picked":"MokouMod:ShiftIgnition","floor":28},{"not_picked":["MokouMod:Singe","MokouMod:Ember"],"picked":"MokouMod:RoaringFlare","floor":30},{"not_picked":["MokouMod:PhoenixFeathers","MokouMod:Sear"],"picked":"MokouMod:Geothermal","floor":31},{"not_picked":["MokouMod:PhoenixForm","MokouMod:SacredFire"],"picked":"MokouMod:Extinguish","floor":33},{"not_picked":["MokouMod:IllusoryBattlefield","MokouMod:ScorchingColumn"],"picked":"MokouMod:SubterraneanCore+1","floor":35},{"not_picked":["MokouMod:RoaringFlare","MokouMod:Firecracker+1"],"picked":"MokouMod:IcarusDive+1","floor":36},{"not_picked":["MokouMod:FlickeringFlame+1","MokouMod:FujiyamaVolcano"],"picked":"MokouMod:Meltdown+1","floor":45},{"not_picked":["MokouMod:FlickeringFlame","MokouMod:HeatCyclone"],"picked":"MokouMod:Afterburner","floor":47},{"not_picked":["MokouMod:Ember","MokouMod:UncontrollableSolarReaction"],"picked":"MokouMod:TemporalFireSeal+1","floor":54}],"player_experience":125928,"relics_obtained":[{"floor":9,"key":"DemoMod:PoisonVial"},{"floor":11,"key":"DemoMod:MonsterBlood"},{"floor":13,"key":"DemoMod:GreenGuonStone"},{"floor":26,"key":"Garlic"},{"floor":27,"key":"DemoMod:PinkGuonStone"},{"floor":30,"key":"Mirror"},{"floor":37,"key":"ReplayTheSpireMod:Ring of Collecting"},{"floor":37,"key":"Ring of Fangs"},{"floor":38,"key":"Ring of Misfortune"},{"floor":38,"key":"Lantern"},{"floor":43,"key":"Ring of Peace"},{"floor":43,"key":"jedi:Pinwheel"},{"floor":47,"key":"MawBank"},{"floor":54,"key":"Replay:Rubber Ducky"}],"event_choices":[{"damage_healed":0,"gold_gain":0,"player_choice":"1 cards matched","damage_taken":0,"max_hp_gain":0,"max_hp_loss":0,"event_name":"Match and Keep!","floor":2,"gold_loss":0,"cards_obtained":["MokouMod:FlickeringFlame"]},{"damage_healed":0,"gold_gain":0,"player_choice":"Simplicity","damage_taken":0,"max_hp_gain":0,"max_hp_loss":0,"event_name":"Back to Basics","floor":21,"gold_loss":0,"cards_upgraded":["MokouMod:Strike","MokouMod:Strike","MokouMod:Strike","MokouMod:Strike","MokouMod:Strike","MokouMod:Defend","MokouMod:Defend","MokouMod:Defend"]},{"cards_removed":["MokouMod:HeatSpark"],"damage_healed":0,"gold_gain":0,"player_choice":"Purged","damage_taken":0,"max_hp_gain":0,"max_hp_loss":0,"event_name":"Purifier","floor":22,"gold_loss":0},{"damage_healed":0,"gold_gain":100,"player_choice":"Pray","damage_taken":0,"max_hp_gain":0,"max_hp_loss":0,"event_name":"Golden Shrine","floor":32,"gold_loss":0},{"damage_healed":0,"gold_gain":0,"player_choice":"Embrace Madness","damage_taken":12,"max_hp_gain":0,"max_hp_loss":0,"event_name":"Winding Halls","floor":39,"gold_loss":0,"cards_obtained":["Madness","Madness"]},{"damage_healed":0,"gold_gain":0,"player_choice":"Paid","damage_taken":0,"relics_obtained":["Red Mask"],"max_hp_gain":0,"max_hp_loss":0,"event_name":"Tomb of Lord Red Mask","floor":48,"gold_loss":110}],"is_beta":false,"boss_relics":[{"not_picked":["Runic Dome","ReplayTheSpireMod:DimensionalGlitch"],"picked":"SlaversCollar"},{"not_picked":["jedi:battlestandard","Snecko Eye"],"picked":"Replay:Bronze Core"}],"items_purged_floors":[20],"is_endless":false,"potions_floor_spawned":[3,5,10,13,16,18,19,33,47],"ascension_level":0}}