{"host":"dw8ij7emqco3quom","time":1611873976,"event":{"mods":["BaseMod","Minty Spire (QoL Compilation)"],"gold_per_floor":[112,112,112,78,78,78,78,96,96,96,111,111,128,151,151,254,254,270,285,285,285,299,299,299,299,299,318,334,366,366,366],"floor_reached":30,"language":"FRA","playtime":1203,"items_purged":[],"score":262,"play_id":"3ec79611-f02d-4aee-ac8b-7b4d4f51af41","local_time":"20210128234616","is_ascension_mode":true,"campfire_choices":[{"data":"Zap","floor":6,"key":"SMITH"},{"data":"Loop","floor":10,"key":"SMITH"},{"data":"Dualcast","floor":12,"key":"SMITH"},{"floor":15,"key":"REST"},{"floor":23,"key":"REST"},{"floor":25,"key":"REST"}],"circlet_count":0,"master_deck":["Strike_B","Strike_B+1","Strike_B","Defend_B","Defend_B+1","Defend_B","Zap+1","Dualcast+1","Auto Shields","Loop+1","Ball Lightning","Rebound","Biased Cognition","Multi-Cast","Melter+1","Consume+1","Conserve Battery"],"relics":["Cracked Core","Darkstone Periapt","Odd Mushroom","Sozu","Red Mask"],"acts_visited":["Exordium","TheCity"],"potions_floor_usage":[14,16,18,22,28],"damage_taken":[{"damage":8,"enemies":"Jaw Worm","floor":1,"turns":4},{"damage":0,"enemies":"2 Louse","floor":8,"turns":2},{"damage":0,"enemies":"Small Slimes","floor":11,"turns":2},{"damage":15,"enemies":"2 Fungi Beasts","floor":13,"turns":3},{"damage":12,"enemies":"The Mushroom Lair","floor":14,"turns":4},{"damage":36,"enemies":"Hexaghost","floor":16,"turns":8},{"damage":0,"enemies":"Chosen","floor":18,"turns":4},{"damage":14,"enemies":"Spheric Guardian","floor":19,"turns":4},{"damage":12,"enemies":"Snecko","floor":22,"turns":4},{"damage":13,"enemies":"Snake Plant","floor":27,"turns":3},{"damage":6,"enemies":"Sentry and Sphere","floor":28,"turns":3},{"damage":53,"enemies":"Masked Bandits","floor":29,"turns":4},{"damage":16,"enemies":"Slavers","floor":30,"turns":1}],"seed_played":"2912542115759520658","potions_obtained":[{"floor":0,"key":"DistilledChaos"},{"floor":0,"key":"Strength Potion"},{"floor":0,"key":"Ancient Potion"},{"floor":14,"key":"FearPotion"},{"floor":16,"key":"FearPotion"}],"is_trial":false,"path_per_floor":["M","?","?","$","?","R","?","M","T","R","M","R","M","?","R","B",null,"M","M","?","?","M","R","?","R","T","M","M","?","E"],"character_chosen":"DEFECT","items_purchased":["Loop"],"campfire_rested":3,"item_purchase_floors":[4],"current_hp_per_floor":[67,52,75,75,68,68,61,61,61,61,61,61,46,34,56,20,75,75,61,47,47,35,59,59,80,80,67,61,8,0,0],"gold":366,"neow_bonus":"THREE_SMALL_POTIONS","is_daily":false,"chose_seed":false,"campfire_upgraded":3,"win_rate":0.0,"timestamp":1611873976,"path_taken":["M","?","?","$","?","R","?","M","T","R","?","R","M","?","R","BOSS","M","M","?","?","M","R","?","R","T","M","?","?","E"],"items_purchased_type":["Card"],"build_version":"2020-12-22","purchased_purges":0,"victory":false,"max_hp_per_floor":[75,75,75,75,75,75,75,75,75,75,75,75,75,75,75,75,75,75,75,80,80,80,80,80,80,80,80,80,80,80,80],"card_choices":[{"not_picked":["Heatsinks","Beam Cell"],"picked":"Auto Shields","floor":1},{"not_picked":["Glacier","Rebound"],"picked":"Ball Lightning","floor":8},{"not_picked":["White Noise","Tempest"],"picked":"Rebound","floor":11},{"not_picked":["Blizzard","Beam Cell","Compile Driver"],"picked":"SKIP","floor":13},{"not_picked":["Hologram","Auto Shields"],"picked":"Biased Cognition","floor":14},{"not_picked":["Echo Form","Fission"],"picked":"Multi-Cast","floor":16},{"not_picked":["Beam Cell","Double Energy","Streamline"],"picked":"SKIP","floor":18},{"not_picked":["Scrape","Stack"],"picked":"Melter+1","floor":19},{"not_picked":["Barrage","Streamline","Sweeping Beam"],"picked":"SKIP","floor":22},{"not_picked":["Compile Driver","Go for the Eyes"],"picked":"Consume+1","floor":27},{"not_picked":["Genetic Algorithm+1","Beam Cell","Go for the Eyes"],"picked":"SKIP","floor":28},{"not_picked":["Redo","Streamline"],"picked":"Conserve Battery","floor":29}],"player_experience":688233,"relics_obtained":[{"floor":9,"key":"Darkstone Periapt"},{"floor":14,"key":"Odd Mushroom"},{"floor":29,"key":"Red Mask"}],"event_choices":[{"damage_healed":0,"gold_gain":0,"player_choice":"Entered Light","damage_taken":15,"max_hp_gain":0,"max_hp_loss":0,"event_name":"Shining Light","floor":2,"gold_loss":0,"cards_upgraded":["Strike_B","Defend_B"]},{"damage_healed":25,"gold_gain":0,"player_choice":"Banana","damage_taken":0,"max_hp_gain":0,"max_hp_loss":0,"event_name":"Big Fish","floor":3,"gold_loss":0},{"cards_removed":["Strike_B"],"damage_healed":0,"gold_gain":0,"player_choice":"Card Removal","damage_taken":7,"max_hp_gain":0,"max_hp_loss":0,"event_name":"Golden Wing","floor":5,"gold_loss":0},{"damage_healed":0,"gold_gain":0,"player_choice":"Damaged","damage_taken":7,"max_hp_gain":0,"max_hp_loss":0,"event_name":"Wheel of Change","floor":7,"gold_loss":0},{"damage_healed":0,"gold_gain":0,"player_choice":"Fought Mushrooms","damage_taken":0,"max_hp_gain":0,"max_hp_loss":0,"event_name":"Mushrooms","floor":14,"gold_loss":0},{"damage_healed":0,"gold_gain":0,"player_choice":"Shed Blood","damage_taken":19,"max_hp_gain":5,"max_hp_loss":0,"event_name":"Forgotten Altar","floor":20,"gold_loss":0},{"damage_healed":0,"gold_gain":0,"player_choice":"Ignored","damage_taken":0,"max_hp_gain":0,"max_hp_loss":0,"event_name":"Cursed Tome","floor":21,"gold_loss":0},{"cards_removed":["Defend_B"],"damage_healed":0,"gold_gain":0,"player_choice":"Purged","damage_taken":0,"max_hp_gain":0,"max_hp_loss":0,"event_name":"Purifier","floor":24,"gold_loss":0},{"damage_healed":0,"gold_gain":0,"player_choice":"Fought Bandits","damage_taken":0,"max_hp_gain":0,"max_hp_loss":0,"event_name":"Masked Bandits","floor":29,"gold_loss":0}],"is_beta":false,"boss_relics":[{"not_picked":["Coffee Dripper","FrozenCore"],"picked":"Sozu"}],"items_purged_floors":[],"is_endless":false,"potions_floor_spawned":[11,13,14,16,19,22,29],"killed_by":"Slavers","ascension_level":4}}