{"host":"zksvs3x2ysy9npnz","time":1611876346,"event":{"mods":["Aspiration","BaseMod","Beaked The Cultist","BetterRewards","Clockwork Mod","Colored Map","Conspire","Downfall","Duelist Mod","Halation","Highlight Path","Hubris","Infinite Spire","Jedi Mod","Magitek Elite","Minty Spire (QoL Compilation)","Permanent Neow","Quick Restart","Relic Stats","Shop Mod","StSLib","The Runesmith","The Witch"],"gold_per_floor":[99,116,130,130,130,146,196,96,114,130,146,146,162,192,207,306,306,206,224,235,235,254,254,254,272,172,187,197,197,2,35,55,152,152,152,162,162,212,225,225,274,289,122,122,122,151,151,167,177,177,177,212,112,112,112,112],"floor_reached":57,"language":"FRA","playtime":5493,"items_purged":["champ:Strike","champ:Strike","champ:Strike"],"score":1521,"play_id":"a5ef667a-1912-4741-af31-0fecf1c1dec8","local_time":"20210129002546","is_ascension_mode":true,"campfire_choices":[{"floor":1,"key":"RECALL"},{"data":"champ:ArenaPreparation","floor":8,"key":"SMITH"},{"data":"champ:Backstep","floor":12,"key":"SMITH"},{"data":"champ:HoldFirm","floor":18,"key":"SMITH"},{"data":"champ:Circumvent","floor":23,"key":"SMITH"},{"floor":26,"key":"REST"},{"data":"champ:SkillfulDodge","floor":29,"key":"SMITH"},{"data":"Magnetism","floor":35,"key":"SMITH"},{"data":"champ:Improvising","floor":40,"key":"SMITH"},{"data":"infinitespire:NeuralNetwork","floor":45,"key":"SMITH"},{"data":"champ:ShieldWall","floor":54,"key":"SMITH"}],"circlet_count":0,"master_deck":["champ:Defend","champ:Defend","champ:Defend","champ:Defend","champ:Execute","champ:Taunt","champ:MurderStrike","champ:ArenaPreparation+1","champ:BringItOn","champ:Circumvent+1","champ:Duel","champ:DeathBlow","champ:Backstep+1","champ:ShieldWall+1","champ:SkillfulDodge+1","champ:HoldFirm+1","champ:ArenaPreparation","Magnetism+1","champ:Improvising+1","champ:EnGarde","champ:ShieldWall","infinitespire:NeuralNetwork+1","champ:GladiatorStyle"],"relics":["champ:ChampionCrown","Oddly Smooth Stone","downfall:HeartBlessingRed","conspire:Flyswatter","Busted Crown","downfall:HeartBlessingGreen","downfall:HeartBlessingBlue","infinitespire:Lucky Rock","hubris:Backtick","beaked:MendingPlumage","hubris:Towel","Ice Cream","Vajra","jedi:gremlinknob","Sozu","jedi:crownofsimplicity","hubris:Icosahedron","infinitespire:Satchel"],"acts_visited":["Exordium","TheCity","TheBeyond","TheEnding"],"potions_floor_usage":[14,14,33,33,38,56],"damage_taken":[{"damage":11,"enemies":"Jaw Worm","floor":2,"turns":6},{"damage":10,"enemies":"2 Louse","floor":3,"turns":3},{"damage":35,"enemies":"Cultist","floor":6,"turns":3},{"damage":0,"enemies":"Exordium Wildlife","floor":9,"turns":4},{"damage":11,"enemies":"Blue Slaver","floor":10,"turns":4},{"damage":0,"enemies":"3 Louse","floor":11,"turns":3},{"damage":10,"enemies":"2 Fungi Beasts","floor":13,"turns":3},{"damage":6,"enemies":"3 Sentries","floor":14,"turns":6},{"damage":17,"enemies":"Lots of Slimes","floor":15,"turns":5},{"damage":40,"enemies":"WA_ARCHETYPE_RETAIN","floor":16,"turns":8},{"damage":20,"enemies":"3 Byrds","floor":19,"turns":5},{"damage":50,"enemies":"Chosen","floor":20,"turns":4},{"damage":20,"enemies":"Centurion and Healer","floor":22,"turns":6},{"damage":10,"enemies":"Shelled Parasite and Fungi","floor":25,"turns":4},{"damage":15,"enemies":"Snecko","floor":27,"turns":3},{"damage":31,"enemies":"Centurion and Healer","floor":28,"turns":5},{"damage":20,"enemies":"downfall:FleeingMerchant","floor":30,"turns":4},{"damage":21,"enemies":"Slavers","floor":31,"turns":5},{"damage":10,"enemies":"Shelled Parasite and Fungi","floor":32,"turns":4},{"damage":100,"enemies":"SI_MIRROR_ARCHETYPE","floor":33,"turns":10},{"damage":41,"enemies":"3 Shapes","floor":36,"turns":5},{"damage":25,"enemies":"3 Shapes","floor":38,"turns":8},{"damage":62,"enemies":"3 Darklings","floor":39,"turns":6},{"damage":58,"enemies":"Maw","floor":42,"turns":7},{"damage":25,"enemies":"downfall:FleeingMerchant","floor":43,"turns":4},{"damage":15,"enemies":"Giant Head","floor":46,"turns":6},{"damage":15,"enemies":"Writhing Mass","floor":48,"turns":4},{"damage":45,"enemies":"Sphere and 2 Shapes","floor":49,"turns":3},{"damage":141,"enemies":"IC_BLOCK_ARCHETYPE","floor":50,"turns":9},{"damage":45,"enemies":"downfall:CharBossMerchant","floor":52,"turns":8},{"damage":206,"enemies":"downfall:NeowBoss","floor":55,"turns":25},{"damage":83,"enemies":"downfall:NeowBossFinal","floor":56,"turns":12}],"seed_played":"-279504113609816306","potions_obtained":[{"floor":2,"key":"Dexterity Potion"},{"floor":6,"key":"Fire Potion"},{"floor":10,"key":"AttackPotion"},{"floor":14,"key":"champ:TechniquePotion"},{"floor":19,"key":"LiquidBronze"},{"floor":33,"key":"champ:UltimateStancePotion"},{"floor":36,"key":"Dexterity Potion"},{"floor":38,"key":"BlessingOfTheForge"}],"is_trial":false,"path_per_floor":["R","M","M","?","?","M","T","R","M","M","M","R","M","E","M","B",null,"R","M","M","?","M","R","T","M","R","M","M","R","$","E","M","B",null,"R","M","?","?","M","R","T","M","$","AVR","R","E","?","M","M","B",null,"E","$","R","B","B",null],"character_chosen":"THE_CHAMP","items_purchased":["Magnetism","champ:ShieldWall"],"campfire_rested":1,"item_purchase_floors":[30,43],"current_hp_per_floor":[90,89,89,89,89,89,89,89,89,88,88,88,88,82,75,55,90,90,90,90,55,55,55,55,55,95,95,94,94,94,88,88,68,100,100,100,100,100,100,100,100,100,100,100,100,100,100,100,100,86,100,100,100,100,100,100],"gold":112,"neow_bonus":"ONE_RANDOM_RARE_CARD","is_daily":false,"chose_seed":false,"campfire_upgraded":9,"win_rate":0.0,"timestamp":1611876346,"path_taken":["R","M","M","?","?","M","T","R","M","M","M","R","M","E","M","BOSS","R","M","M","?","M","R","T","M","R","M","M","R","$","E","M","BOSS","R","M","?","?","M","R","T","M","?","AVR","R","E","?","M","M","BOSS","E","$","R","BOSS","BOSS"],"items_purchased_type":["Card","Card"],"build_version":"2020-12-22","purchased_purges":3,"victory":true,"max_hp_per_floor":[90,90,90,90,90,90,90,90,90,90,90,90,90,90,90,90,90,90,90,90,90,90,90,90,90,100,100,100,100,100,100,100,100,100,100,100,100,100,100,100,100,100,100,100,100,100,100,100,100,100,100,100,100,100,100,100],"relic_stats":{"Sozu":0,"Busted Crown":76,"counters":[32,192],"obtain_stats":[{"Ice Cream":38,"downfall:HeartBlessingRed":8,"Oddly Smooth Stone":7,"Vajra":41,"jedi:gremlinknob":44,"champ:ChampionCrown":0,"downfall:HeartBlessingGreen":18,"infinitespire:Lucky Rock":31,"jedi:crownofsimplicity":46,"hubris:Towel":37,"Sozu":44,"Busted Crown":17,"hubris:Backtick":34,"hubris:Icosahedron":47,"downfall:HeartBlessingBlue":26,"infinitespire:Satchel":52,"beaked:MendingPlumage":34,"conspire:Flyswatter":14},{"Ice Cream":22,"downfall:HeartBlessingRed":3,"Oddly Smooth Stone":3,"Vajra":23,"jedi:gremlinknob":25,"champ:ChampionCrown":0,"downfall:HeartBlessingGreen":10,"infinitespire:Lucky Rock":18,"jedi:crownofsimplicity":26,"hubris:Towel":21,"Sozu":25,"Busted Crown":10,"hubris:Backtick":20,"hubris:Icosahedron":26,"downfall:HeartBlessingBlue":14,"infinitespire:Satchel":30,"beaked:MendingPlumage":20,"conspire:Flyswatter":8},{"Ice Cream":108,"downfall:HeartBlessingRed":12,"Oddly Smooth Stone":12,"Vajra":114,"jedi:gremlinknob":125,"champ:ChampionCrown":0,"downfall:HeartBlessingGreen":45,"infinitespire:Lucky Rock":81,"jedi:crownofsimplicity":131,"hubris:Towel":100,"Sozu":125,"Busted Crown":45,"hubris:Backtick":95,"hubris:Icosahedron":131,"downfall:HeartBlessingBlue":64,"infinitespire:Satchel":155,"beaked:MendingPlumage":95,"conspire:Flyswatter":32}]},"card_choices":[{"not_picked":["champ:RecklessLeap","champ:StanceDance"],"picked":"champ:ArenaPreparation","floor":2},{"not_picked":["champ:RecklessLeap","champ:BerserkerStyle"],"picked":"champ:BringItOn","floor":3},{"not_picked":["champ:BerserkersShout","champ:PreemptiveStrike"],"picked":"champ:Circumvent","floor":6},{"not_picked":["champ:BladeFlurry","champ:PreemptiveStrike"],"picked":"champ:Duel","floor":9},{"not_picked":["champ:BladeFlurry","champ:EnGarde"],"picked":"champ:DeathBlow","floor":10},{"not_picked":["champ:GladiatorForm","champ:RecklessLeap"],"picked":"champ:Backstep","floor":11},{"not_picked":["champ:GutPunch","champ:PerfectedStrike","champ:Circumvent"],"picked":"SKIP","floor":13},{"not_picked":["champ:StanceDance","champ:RapidStrikes"],"picked":"champ:ShieldWall","floor":14},{"not_picked":["champ:HeartStrike","champ:PreciseThrust"],"picked":"champ:SkillfulDodge","floor":15},{"not_picked":["champ:Devastate","champ:UltimateStance"],"picked":"champ:HoldFirm","floor":16},{"not_picked":["champ:CrookedStrike"],"picked":"SKIP","floor":19},{"not_picked":["champ:CrookedStrike"],"picked":"SKIP","floor":20},{"not_picked":[],"picked":"champ:ArenaPreparation","floor":22},{"not_picked":["champ:FancyFootwork+1"],"picked":"SKIP","floor":25},{"not_picked":["champ:CalledShot"],"picked":"SKIP","floor":27},{"not_picked":["champ:SwordSigil"],"picked":"SKIP","floor":28},{"not_picked":["champ:ViciousMockery"],"picked":"SKIP","floor":30},{"not_picked":["champ:AdrenalArmor"],"picked":"SKIP","floor":31},{"not_picked":["champ:FancyFootwork"],"picked":"SKIP","floor":32},{"not_picked":[],"picked":"champ:Improvising","floor":33},{"not_picked":["champ:HeartStrike+1"],"picked":"SKIP","floor":36},{"not_picked":[],"picked":"champ:EnGarde","floor":39},{"not_picked":["champ:BerserkersShout"],"picked":"SKIP","floor":42},{"not_picked":["champ:BringItOn"],"picked":"SKIP","floor":43},{"not_picked":["champ:PerfectedStrike+1"],"picked":"SKIP","floor":46},{"not_picked":["champ:EnGarde+1"],"picked":"SKIP","floor":48},{"not_picked":[],"picked":"champ:GladiatorStyle","floor":49},{"not_picked":["champ:BladeFlurry+1"],"picked":"SKIP","floor":52}],"player_experience":2093237,"relics_obtained":[{"floor":7,"key":"Oddly Smooth Stone"},{"floor":14,"key":"conspire:Flyswatter"},{"floor":31,"key":"infinitespire:Lucky Rock"},{"floor":38,"key":"Ice Cream"},{"floor":41,"key":"Vajra"},{"floor":46,"key":"jedi:crownofsimplicity"},{"floor":52,"key":"infinitespire:Satchel"}],"event_choices":[{"cards_removed":["champ:Strike"],"damage_healed":0,"gold_gain":0,"player_choice":"Card Removal","damage_taken":0,"max_hp_gain":0,"max_hp_loss":0,"event_name":"The Cleric","floor":5,"gold_loss":0}],"is_beta":false,"boss_relics":[{"not_picked":["conspire:SeveredTorchhead","jedi:paperlyon"],"picked":"Busted Crown"},{"not_picked":["champ:ChampionCrownUpgraded","Pandora\u0027s Box"],"picked":"hubris:Backtick"}],"items_purged_floors":[43,44,53],"is_endless":false,"potions_floor_spawned":[2,6,10,11,14,19,20,27,33,36,38],"ascension_level":1}}