{"host":"mai03x2ekbjy4059","time":1611843642,"event":{"mods":["2.2 Compatiblity","BaseMod","Colored Map","DeckTracker","Keyboard Shortcuts","Minty Spire (QoL Compilation)","Permanent Neow","Quick Restart","SuperFastMode","everything is the same but u backflip on backflip"],"gold_per_floor":[111,286,301,136,136,172,187,187,187,187,207,251,270,301,301,429,429,444,369,388,388,95,95,122,122,122,134,134,159,34,67,67,163,163,175,175,175,175],"floor_reached":37,"language":"KOR","playtime":993,"items_purged":["Doubt","Strike_G","Strike_G"],"score":570,"play_id":"544f1e43-6284-4882-b4cd-cce4370bb0fa","local_time":"20210128232042","is_ascension_mode":true,"campfire_choices":[{"data":"Cloak And Dagger","floor":8.0,"key":"SMITH"},{"data":"Cloak And Dagger","floor":10.0,"key":"SMITH"},{"data":"Caltrops","floor":15.0,"key":"SMITH"},{"data":"Envenom","floor":23.0,"key":"SMITH"},{"data":"Accuracy","floor":25.0,"key":"SMITH"},{"data":"Blade Dance","floor":28.0,"key":"SMITH"},{"data":"Neutralize","floor":32.0,"key":"SMITH"}],"circlet_count":0,"master_deck":["Strike_G","Defend_G+1","Defend_G","Defend_G","Defend_G","Defend_G","Survivor+1","Neutralize+1","After Image","Blade Dance+1","Masterful Stab","Impatience","Cloak And Dagger+1","Cloak And Dagger+1","Caltrops+1","Envenom+1","Blade Dance+1","Accuracy+1","Caltrops+1","Blade Dance+1","Escape Plan+1","Flash of Steel","Panacea+1"],"relics":["Ring of the Snake","Bloody Idol","Ice Cream","Mango","War Paint","Snake Skull","Empty Cage","Bag of Marbles","Toxic Egg 2","InkBottle","Boot","Omamori","WristBlade"],"acts_visited":["Exordium","TheCity","TheBeyond"],"potions_floor_usage":[37],"damage_taken":[{"damage":0.0,"enemies":"2 Louse","floor":1.0,"turns":4.0},{"damage":0.0,"enemies":"Jaw Worm","floor":3.0,"turns":4.0},{"damage":12.0,"enemies":"3 Sentries","floor":6.0,"turns":8.0},{"damage":0.0,"enemies":"Small Slimes","floor":7.0,"turns":2.0},{"damage":0.0,"enemies":"Looter","floor":11.0,"turns":3.0},{"damage":0.0,"enemies":"Lagavulin","floor":12.0,"turns":6.0},{"damage":0.0,"enemies":"Lots of Slimes","floor":13.0,"turns":3.0},{"damage":5.0,"enemies":"Gremlin Nob","floor":14.0,"turns":3.0},{"damage":33.0,"enemies":"The Guardian","floor":16.0,"turns":14.0},{"damage":0.0,"enemies":"3 Byrds","floor":18.0,"turns":3.0},{"damage":9.0,"enemies":"Spheric Guardian","floor":20.0,"turns":4.0},{"damage":0.0,"enemies":"Gremlin Leader","floor":24.0,"turns":5.0},{"damage":4.0,"enemies":"Centurion and Healer","floor":27.0,"turns":5.0},{"damage":24.0,"enemies":"Slavers","floor":29.0,"turns":4.0},{"damage":1.0,"enemies":"Gremlin Leader","floor":31.0,"turns":4.0},{"damage":0,"enemies":"Automaton","floor":33,"turns":5},{"damage":0,"enemies":"3 Darklings","floor":35,"turns":2},{"damage":0,"enemies":"Mind Bloom Boss Battle","floor":37,"turns":2}],"seed_played":"-4780205698170197175","potions_obtained":[{"floor":1.0,"key":"Energy Potion"},{"floor":7.0,"key":"PowerPotion"},{"floor":11.0,"key":"Block Potion"},{"floor":12.0,"key":"Strength Potion"},{"floor":27.0,"key":"ColorlessPotion"},{"floor":31.0,"key":"BlessingOfTheForge"},{"floor":33,"key":"PowerPotion"},{"floor":35,"key":"SteroidPotion"}],"is_trial":false,"path_per_floor":["M","?","M","$","?","E","M","R","T","R","M","E","M","E","R","B",null,"M","?","M","?","$","R","E","R","T","M","R","E","$","E","R","B",null,"M","?","?"],"character_chosen":"THE_SILENT","items_purchased":["Impatience","Accuracy","Bag of Marbles"],"campfire_rested":0,"item_purchase_floors":[4,22,22],"current_hp_per_floor":[70,70,70,70,53,41,41,41,55,55,55,55,55,50,50,17,84,84,84,75,75,75,75,80,80,80,81,81,62,62,66,66,71,84,84,74,74,74],"gold":175,"neow_bonus":"THREE_RARE_CARDS","is_daily":false,"chose_seed":false,"campfire_upgraded":7,"win_rate":0.0,"timestamp":1611843642,"path_taken":["M","?","M","$","?","E","M","R","T","R","M","E","M","E","R","BOSS","M","?","M","?","?","R","E","R","T","M","R","E","$","E","R","BOSS","M","?","?"],"items_purchased_type":["Card","Card","Relic"],"build_version":"2020-12-22","purchased_purges":3,"victory":false,"max_hp_per_floor":[70,70,70,70,70,70,70,70,84,84,84,84,84,84,84,84,84,84,84,84,84,84,84,84,84,84,84,84,84,84,84,84,84,84,84,84,84,84],"card_choices":[{"not_picked":["Tools of the Trade","Glass Knife"],"picked":"After Image","floor":0.0},{"not_picked":["Flechettes","Quick Slash"],"picked":"Blade Dance","floor":1.0},{"not_picked":["Dash","Prepared"],"picked":"Masterful Stab","floor":3.0},{"not_picked":["Deflect","Die Die Die"],"picked":"Cloak And Dagger","floor":6.0},{"not_picked":["Outmaneuver","Underhanded Strike"],"picked":"Cloak And Dagger","floor":7.0},{"not_picked":["Dodge and Roll","Well Laid Plans","Deadly Poison"],"picked":"SKIP","floor":11.0},{"not_picked":["Catalyst","Deadly Poison","Storm of Steel"],"picked":"SKIP","floor":12.0},{"not_picked":["Predator","Distraction","Flying Knee"],"picked":"SKIP","floor":13.0},{"not_picked":["Backflip","Dodge and Roll"],"picked":"Caltrops","floor":14.0},{"not_picked":["A Thousand Cuts","Wraith Form v2"],"picked":"Envenom","floor":16.0},{"not_picked":["Caltrops+1","Crippling Poison+1"],"picked":"Blade Dance+1","floor":18.0},{"not_picked":["Underhanded Strike","Eviscerate","Dagger Throw"],"picked":"SKIP","floor":20.0},{"not_picked":["Tools of the Trade","Calculated Gamble+1"],"picked":"Caltrops+1","floor":24.0},{"not_picked":["All Out Attack+1","Deadly Poison+1","Dagger Spray+1"],"picked":"SKIP","floor":27.0},{"not_picked":["PiercingWail+1","Eviscerate+1"],"picked":"Blade Dance+1","floor":29.0},{"not_picked":["Sucker Punch+1","Bane+1","Quick Slash"],"picked":"SKIP","floor":31.0},{"not_picked":["PiercingWail+1","Deadly Poison+1"],"picked":"Escape Plan+1","floor":35},{"not_picked":["Dark Shackles+1","Chrysalis+1"],"picked":"Flash of Steel","floor":36},{"not_picked":["Dark Shackles+1","PanicButton+1"],"picked":"Panacea+1","floor":36}],"player_experience":1156677,"relics_obtained":[{"floor":6.0,"key":"Ice Cream"},{"floor":9.0,"key":"Mango"},{"floor":12.0,"key":"War Paint"},{"floor":14.0,"key":"Snake Skull"},{"floor":24.0,"key":"Toxic Egg 2"},{"floor":26.0,"key":"InkBottle"},{"floor":29.0,"key":"Boot"},{"floor":31.0,"key":"Omamori"}],"event_choices":[{"damage_healed":0.0,"max_hp_gain":0.0,"max_hp_loss":0.0,"gold_gain":175.0,"event_name":"Liars Game","player_choice":"AGREE","floor":2.0,"gold_loss":0.0,"damage_taken":0.0,"cards_obtained":["Doubt"]},{"damage_healed":0.0,"max_hp_gain":0.0,"max_hp_loss":0.0,"gold_gain":0.0,"event_name":"Golden Idol","player_choice":"Take Damage","floor":5.0,"gold_loss":0.0,"damage_taken":17.0,"relics_obtained":["Golden Idol"]},{"cards_removed":["Strike_G"],"damage_healed":0.0,"max_hp_gain":0.0,"max_hp_loss":0.0,"gold_gain":0.0,"event_name":"Beggar","player_choice":"Gave Gold","floor":19.0,"gold_loss":75.0,"damage_taken":0.0},{"damage_healed":0.0,"max_hp_gain":0.0,"max_hp_loss":0.0,"gold_gain":0.0,"event_name":"Forgotten Altar","player_choice":"Gave Idol","floor":21.0,"relics_lost":["Golden Idol"],"gold_loss":0.0,"damage_taken":0.0,"relics_obtained":["Bloody Idol"]},{"damage_healed":0,"gold_gain":0,"player_choice":"Memory 3","damage_taken":10,"max_hp_gain":0,"max_hp_loss":0,"event_name":"SensoryStone","floor":36,"gold_loss":0},{"damage_healed":0,"gold_gain":0,"player_choice":"Fight","damage_taken":0,"max_hp_gain":0,"max_hp_loss":0,"event_name":"MindBloom","floor":37,"gold_loss":0}],"is_beta":false,"boss_relics":[{"not_picked":["Philosopher\u0027s Stone","Busted Crown"],"picked":"Empty Cage"},{"not_picked":["Fusion Hammer","Astrolabe"],"picked":"WristBlade"}],"items_purged_floors":[4,22,30],"is_endless":false,"potions_floor_spawned":[1,7,11,12,27,31,33,35],"killed_by":"Mind Bloom Boss Battle","ascension_level":1}}