{"host":"a71rwr83kjmtknvr","time":1611847378,"event":{"mods":["AchievementEnabler","Act Like it!","Aspiration","BaseMod","Better Altar","Better Match","Better Sensory Stone","Better Skull","Better Third Choice","BetterRewards","Colored Map","Colored Powertips","Displayed Cursed Tome","Gensokyo","Halation","Hubris","Infinite Spire","Jedi Mod","Marisa????????","Minty Spire (QoL Compilation)","Permanent Neow","RNG Fix","Reliquary","Remilia??????","Replay The Spire","StSLib","SuperFastMode","The Blue Laboratory","The Servant 0.9.4","Uncapped","Unceasing Turn Reminder","Weighted Paths"],"gold_per_floor":[118,118,43,55,16,16,46,46,46,72,21,31,60,71,71,175,175,188,242,242,242,259,294,147,181,235,269,519,519,538,553,553,553,553],"floor_reached":33,"language":"ENG","playtime":1084,"items_purged":["Strike_G"],"score":436,"play_id":"539dc5ab-e9bc-4f05-8eb7-09545f76efb0","local_time":"20210128182258","is_ascension_mode":true,"campfire_choices":[{"data":"Neutralize","floor":6,"key":"SMITH"},{"data":"All Out Attack","floor":8,"key":"SMITH"},{"data":"Terror","floor":15,"key":"SMITH"},{"data":"Adrenaline","floor":29,"key":"SMITH"},{"data":"Blade Dance","floor":32,"key":"SMITH"}],"circlet_count":0,"master_deck":["Strike_G","Strike_G","Strike_G","Strike_G","Defend_G","Defend_G","Defend_G","Defend_G","Defend_G","Survivor","Neutralize+1","Backflip","Backflip+1","All Out Attack+1","PiercingWail+1","Terror+1","Blade Dance+1","Dagger Spray","Dagger Spray","Dagger Spray","Adrenaline+1","Quick Slash+1","jedi:forcepull","jedi:forcepush","Dagger Spray","Accuracy"],"relics":["Ring of the Snake","hubris:Icosahedron","jedi:gremlinknob","Vajra","hubris:Reverence","Singing Bowl","Philosopher\u0027s Stone","halation:PinkSoulGem","InkBottle","jedi:matchstick","jedi:arcanewood"],"acts_visited":["Exordium","Gensokyo:Gensokyo"],"potions_floor_usage":[27],"damage_taken":[{"damage":0,"enemies":"Gensokyo:3_Fairies","floor":1,"turns":4},{"damage":0,"enemies":"Gensokyo:Python","floor":4,"turns":4},{"damage":0,"enemies":"Gensokyo:Cirno","floor":7,"turns":6},{"damage":14,"enemies":"Gensokyo:Mamizou","floor":10,"turns":10},{"damage":0,"enemies":"Gensokyo:2_Kodama","floor":12,"turns":2},{"damage":31,"enemies":"Gensokyo:Cirno","floor":13,"turns":5},{"damage":0,"enemies":"Gensokyo:CorruptedTreant","floor":14,"turns":4},{"damage":17,"enemies":"Gensokyo:Kokoro","floor":16,"turns":7},{"damage":3,"enemies":"Gensokyo:3_Dogs","floor":18,"turns":3},{"damage":0,"enemies":"Gensokyo:CosmicMonolith","floor":22,"turns":2},{"damage":6,"enemies":"Gensokyo:Tenshi","floor":23,"turns":3},{"damage":0,"enemies":"Gensokyo:Reisen","floor":25,"turns":3},{"damage":0,"enemies":"Gensokyo:Tenshi","floor":27,"turns":2},{"damage":0,"enemies":"Gensokyo:Chomper_and_Gloop","floor":30,"turns":2},{"damage":15,"enemies":"Gensokyo:Wraith","floor":31,"turns":4},{"damage":34,"enemies":"Gensokyo:Eternal_Rivals","floor":33,"turns":4}],"seed_played":"2799930621662646671","potions_obtained":[{"floor":7,"key":"blueLaboratory:ArtificerPotion"},{"floor":10,"key":"Ancient Potion"},{"floor":14,"key":"blueLaboratory:BottledHope"},{"floor":18,"key":"Fire Potion"},{"floor":19,"key":"blueLaboratory:RecallPotion"},{"floor":27,"key":"blueLaboratory:ArtistsPotion"}],"is_trial":false,"path_per_floor":["M","?","?","M","$","R","E","R","T","E","$","M","E","M","R","B",null,"M","?","?","?","M","E","$","E","T","E","?","R","M","M","R","B"],"character_chosen":"THE_SILENT","items_purchased":["PiercingWail+1","Blade Dance","Accuracy"],"campfire_rested":0,"item_purchase_floors":[5,11,24],"current_hp_per_floor":[70,70,70,70,70,70,70,70,70,56,56,56,25,25,25,8,70,69,41,41,41,41,37,37,39,39,41,41,41,43,30,30,0,0],"gold":553,"neow_bonus":"RANDOM_EVENT","is_daily":false,"chose_seed":false,"campfire_upgraded":5,"win_rate":0.0,"timestamp":1611847378,"path_taken":["M","?","?","M","$","R","E","R","T","E","?","?","E","M","R","BOSS","M","?","?","?","?","E","?","E","T","E","?","?","?","M","R","BOSS"],"items_purchased_type":["Card","Card","Card"],"build_version":"2020-12-22","purchased_purges":1,"victory":false,"max_hp_per_floor":[70,70,70,70,70,70,70,70,70,70,70,70,70,70,70,70,70,72,72,72,72,72,74,74,76,76,78,74,74,76,78,78,78,78],"card_choices":[{"not_picked":["Dagger Throw","Bane"],"picked":"Backflip","floor":1},{"not_picked":["Deflect+1","Outmaneuver+1"],"picked":"Backflip+1","floor":3},{"not_picked":["hubris:Counter","Poisoned Stab"],"picked":"All Out Attack","floor":4},{"not_picked":["Deadly Poison","Riddle With Holes","Reflex"],"picked":"SKIP","floor":7},{"not_picked":["Hidden Blade","Quick Slash"],"picked":"Terror","floor":10},{"not_picked":["Slice","jedi:unstablefumes"],"picked":"Dagger Spray","floor":12},{"not_picked":["Expertise","hubris:SlightOfHand"],"picked":"Dagger Spray","floor":13},{"not_picked":["Dagger Throw","Terror"],"picked":"Dagger Spray","floor":14},{"not_picked":["Unload","infinitespire:Neurotoxin"],"picked":"Adrenaline","floor":16},{"not_picked":["Catalyst","Expertise","Prepared+1"],"picked":"Singing Bowl","floor":18},{"not_picked":["Underhanded Strike","hubris:Counter"],"picked":"Quick Slash+1","floor":19},{"not_picked":["Finesse","Panacea"],"picked":"jedi:forcepull","floor":21},{"not_picked":["jedi:cleanse","Forethought"],"picked":"jedi:forcepush","floor":21},{"not_picked":["Setup","Deadly Poison"],"picked":"Dagger Spray","floor":22},{"not_picked":["Well Laid Plans+1","Dagger Throw","Deflect+1"],"picked":"Singing Bowl","floor":23},{"not_picked":["Unload","Quick Slash+1","Calculated Gamble"],"picked":"Singing Bowl","floor":25},{"not_picked":["Quick Slash","Prepared","Underhanded Strike"],"picked":"Singing Bowl","floor":27},{"not_picked":["Catalyst","ReplayTheSpireMod:Speed Training","Expertise"],"picked":"Singing Bowl","floor":30},{"not_picked":["hubris:SlightOfHand","Endless Agony","Heel Hook"],"picked":"Singing Bowl","floor":31}],"player_experience":768232,"relics_obtained":[{"floor":7,"key":"jedi:gremlinknob"},{"floor":9,"key":"Vajra"},{"floor":10,"key":"hubris:Reverence"},{"floor":13,"key":"Singing Bowl"},{"floor":23,"key":"InkBottle"},{"floor":25,"key":"jedi:matchstick"},{"floor":26,"key":"jedi:arcanewood"}],"event_choices":[{"damage_healed":0,"gold_gain":0,"player_choice":"2","damage_taken":0,"max_hp_gain":0,"max_hp_loss":0,"event_name":"betterMatch:BetterMatch","floor":3,"gold_loss":0,"cards_obtained":["betterMatch:CommonCard"]},{"damage_healed":0,"gold_gain":2,"player_choice":"1","damage_taken":0,"max_hp_gain":0,"max_hp_loss":0,"event_name":"betterStone:BetterStone","floor":21,"gold_loss":0}],"is_beta":false,"boss_relics":[{"not_picked":["hubris:RunicObelisk","jedi:battlestandard"],"picked":"Philosopher\u0027s Stone"}],"items_purged_floors":[24],"is_endless":false,"potions_floor_spawned":[7,10,14,18,25,27,30],"killed_by":"Gensokyo:Eternal_Rivals","ascension_level":1}}