{"host":"eaiphzh066bwqdh7","time":1611792339,"event":{"mods":["BaseMod","Better Note","Halation","Hubris","Minty Spire (QoL Compilation)","Reliquary","Replay The Spire","StSLib"],"gold_per_floor":[112,37,37,37,52,83,83,5,5,34,34,69,69,103,103,206,206,221,67,67,267,285,285,314,314,314,314,314,314,314],"floor_reached":29,"language":"ENG","playtime":723,"items_purged":["Defend_R"],"score":360,"play_id":"1eeac3c2-9df2-4a45-8633-b285e796d19c","local_time":"20210127190539","is_ascension_mode":true,"campfire_choices":[{"data":"Perfected Strike","floor":7,"key":"SMITH"},{"floor":11,"key":"REST"},{"floor":13,"key":"REST"},{"data":"Bludgeon","floor":15,"key":"SMITH"},{"data":"Feed","floor":23,"key":"SMITH"},{"floor":25,"key":"REST"},{"floor":27,"key":"REST"}],"circlet_count":0,"master_deck":["Strike_R","Strike_R","Strike_R","Strike_R","Defend_R+1","Defend_R+1","Bloodletting+1","Perfected Strike+1","Inflame+1","Bludgeon+1","Feed+1","Rage+1","Rupture+1","Rupture+1"],"relics":["Burning Blood","NeowsBlessing","Frozen Egg 2","Bag of Marbles","War Paint","Self Forming Clay","Replay:Bottled Steam","Empty Cage","HandDrill","hubris:SlimyHat","Replay:Ringing Soul"],"acts_visited":["Exordium","TheCity"],"potions_floor_usage":[14,16,16,16,24],"damage_taken":[{"damage":0,"enemies":"2 Louse","floor":1,"turns":1},{"damage":0,"enemies":"Small Slimes","floor":5,"turns":1},{"damage":0,"enemies":"Gremlin Nob","floor":6,"turns":1},{"damage":35,"enemies":"Lagavulin","floor":10,"turns":4},{"damage":32,"enemies":"3 Sentries","floor":12,"turns":6},{"damage":3,"enemies":"Gremlin Nob","floor":14,"turns":2},{"damage":40,"enemies":"Hexaghost","floor":16,"turns":5},{"damage":9,"enemies":"Chosen","floor":18,"turns":3},{"damage":18,"enemies":"Shell Parasite","floor":22,"turns":3},{"damage":53,"enemies":"Book of Stabbing","floor":24,"turns":5},{"damage":74,"enemies":"Gremlin Leader","floor":29,"turns":7}],"seed_played":"-4154284912150844683","potions_obtained":[{"floor":1,"key":"Reflective Coating"},{"floor":5,"key":"EssenceOfSteel"},{"floor":10,"key":"Venom Potion"},{"floor":14,"key":"Reflective Coating"},{"floor":16,"key":"DuplicationPotion"},{"floor":22,"key":"SpeedPotion"}],"is_trial":false,"path_per_floor":["M","$","?","?","M","E","R","$","T","E","R","E","R","E","R","B",null,"M","$","?","?","M","R","E","R","T","R","?","E"],"character_chosen":"IRONCLAD","items_purchased":["Inflame+1","HandDrill"],"campfire_rested":4,"item_purchase_floors":[8,19],"current_hp_per_floor":[80,80,73,73,79,80,80,80,80,51,75,49,73,76,76,42,80,77,77,77,77,68,68,21,45,45,69,69,0,0],"gold":314,"neow_bonus":"THREE_ENEMY_KILL","is_daily":false,"chose_seed":false,"campfire_upgraded":3,"win_rate":0.0,"timestamp":1611792339,"path_taken":["M","$","?","?","?","E","R","$","T","E","R","E","R","E","R","BOSS","M","$","?","?","?","R","E","R","T","R","?","E"],"items_purchased_type":["Card","Relic"],"build_version":"2020-12-22","purchased_purges":1,"victory":false,"max_hp_per_floor":[80,80,80,80,80,80,80,80,80,80,80,80,80,80,80,80,80,80,80,80,80,83,83,83,83,83,83,83,83,83],"card_choices":[{"not_picked":["Armaments","Sword Boomerang"],"picked":"Bloodletting","floor":1},{"not_picked":["Clash","Headbutt"],"picked":"Perfected Strike","floor":5},{"not_picked":["hubris:ReadiedAction","Sentinel","Warcry"],"picked":"SKIP","floor":6},{"not_picked":["Anger","ReplayReversal"],"picked":"Bludgeon","floor":10},{"not_picked":["Wild Strike","Pommel Strike"],"picked":"Feed","floor":12},{"not_picked":["ReplayTheSpireMod:Stacked","Battle Trance"],"picked":"Rage","floor":14},{"not_picked":["Fire Breathing+1","Pommel Strike"],"picked":"Rupture+1","floor":18},{"not_picked":["Thunderclap+1","Intimidate","Power Through+1"],"picked":"SKIP","floor":22},{"not_picked":["Anger+1","Power Through","Warcry"],"picked":"SKIP","floor":24}],"player_experience":198305,"relics_obtained":[{"floor":6,"key":"Frozen Egg 2"},{"floor":9,"key":"Bag of Marbles"},{"floor":10,"key":"War Paint"},{"floor":12,"key":"Self Forming Clay"},{"floor":14,"key":"Replay:Bottled Steam"},{"floor":24,"key":"hubris:SlimyHat"},{"floor":26,"key":"Replay:Ringing Soul"}],"event_choices":[{"cards_removed":["Defend_R"],"damage_healed":0,"gold_gain":0,"player_choice":"Card Removal","damage_taken":7,"max_hp_gain":0,"max_hp_loss":0,"event_name":"Golden Wing","floor":3,"gold_loss":0},{"damage_healed":0,"gold_gain":0,"player_choice":"Upgraded","damage_taken":0,"max_hp_gain":0,"max_hp_loss":0,"event_name":"Upgrade Shrine","floor":4,"gold_loss":0,"cards_upgraded":["Bloodletting"]},{"damage_healed":0,"gold_gain":0,"player_choice":"Read","damage_taken":0,"max_hp_gain":0,"max_hp_loss":0,"event_name":"The Library","floor":20,"gold_loss":0,"cards_obtained":["Rupture"]},{"damage_healed":0,"gold_gain":250,"player_choice":"Bet on Owner","damage_taken":0,"max_hp_gain":0,"max_hp_loss":0,"event_name":"The Joust","floor":21,"gold_loss":50},{"damage_healed":0,"gold_gain":0,"player_choice":"Forge","damage_taken":0,"max_hp_gain":0,"max_hp_loss":0,"event_name":"Accursed Blacksmith","floor":28,"gold_loss":0,"cards_upgraded":["Rage"]}],"is_beta":false,"boss_relics":[{"not_picked":["reliquary:RedCape","halation:Yufonium"],"picked":"Empty Cage"}],"items_purged_floors":[2],"is_endless":false,"potions_floor_spawned":[1,5,10,14,16,22],"killed_by":"Gremlin Leader","ascension_level":3}}