{"host":"nia1zwr35jsu5y7h","time":1611813199,"event":{"mods":["2.2 Compatiblity","Abigail Mod","Bard","BaseMod","Colored Map","Conspire","Downfall","Friendly Minions","Hermit","Highlight Path","Hubris","Infinite Spire","Kiyohime????","Koishi","Marisa????????","Minty Spire (QoL Compilation)","Quick Restart","Replay The Spire","Shade Mod","Shop Mod","StSLib","The Administrix","The Animator","The Construct","The Cursed","The Disciple","The Mystic","The Necromancer","The Servant 0.9.4"],"gold_per_floor":[115,290,290,140,160,189,189,220,220,262,325,370,388,405,405,514,514,534,534,534,550,163,163,199,199,199,244,244,280,280,323,323,423,423,447,484,210,212,57,71,71],"floor_reached":40,"language":"ENG","playtime":3483,"items_purged":["Doubt","animator:Strike","animator:Millim"],"score":659,"play_id":"7dae653d-cae1-4e0e-bbe1-4ef8744aadc0","local_time":"20210127215319","is_ascension_mode":true,"campfire_choices":[{"data":"animator:Nanami","floor":7,"key":"SMITH"},{"data":"animator:Geryuganshoop","floor":15,"key":"SMITH"},{"data":"animator:EmiyaShirou","floor":23,"key":"SMITH"},{"data":"animator:Biyorigo","floor":25,"key":"SMITH"},{"data":"animator:AcuraTooru","floor":28,"key":"SMITH"},{"floor":30,"key":"REST"},{"floor":32,"key":"REST"}],"circlet_count":0,"master_deck":["animator:Strike_TenSura","animator:Defend_TenSura","animator:Benimaru","animator:Shuna","animator:Togame","animator:AcuraTooru+1","animator:Nanami+1","animator:Biyorigo+1","animator:AcuraTooru","animator:Geryuganshoop+1","animator:CowGirl","animator:Viivi","animator:AcuraAkari","animator:Rimuru","animator:MetalKnight+1","animator:EmiyaShirou+1","animator:Emonzaemon","animator:Souei","animator:Shiro","animator:UneriGinkaku","animator:Tet","animator:Melzalgald+1","animator:Aqua","animator:Geryuganshoop","animator:Saitama","animator:Nanami","animator:GazelDwargon","animator:Curse_Greed","animator:FielNirvalen","animator:IchigoKurosaki"],"relics":["animator:LivingPicture","animator:TheMissingPiece","animator:PurgingStone","NeowsBlessing","hubris:Metronome","conspire:GiftBox","Pear","infinitespire:Midas Blood","Shuriken","Vajra","Mark of Pain","hubris:Icosahedron","Replay:PocketPolymizer","Dream Catcher","Toy Ornithopter","Onion Ring","Quantum Egg","Calipers","conspire:SlowCooker","Happy Flower","ReplayTheSpireMod:CursedCoin","Guardian:PocketSentry"],"acts_visited":["Exordium","TheCity","TheBeyond"],"potions_floor_usage":[21,24,33],"damage_taken":[{"damage":0,"enemies":"Jaw Worm","floor":1,"turns":1},{"damage":0,"enemies":"Small Slimes","floor":5,"turns":1},{"damage":0,"enemies":"Gremlin Nob","floor":6,"turns":1},{"damage":1,"enemies":"Replay:BlueRogue","floor":8,"turns":6},{"damage":21,"enemies":"Lagavulin","floor":10,"turns":5},{"damage":7,"enemies":"Lagavulin Event","floor":11,"turns":5},{"damage":0,"enemies":"Cultist","floor":13,"turns":1},{"damage":0,"enemies":"Looter","floor":14,"turns":1},{"damage":0,"enemies":"Fading Forest","floor":16,"turns":11},{"damage":8,"enemies":"conspire:FuzzyDice","floor":18,"turns":4},{"damage":16,"enemies":"2 Thieves","floor":21,"turns":3},{"damage":3,"enemies":"Gremlin Leader","floor":24,"turns":5},{"damage":18,"enemies":"animator:HornedBat","floor":27,"turns":4},{"damage":17,"enemies":"conspire:Head Lice","floor":29,"turns":5},{"damage":10,"enemies":"Nightmare","floor":31,"turns":6},{"damage":3,"enemies":"Automaton","floor":33,"turns":6},{"damage":25,"enemies":"3 Shapes","floor":35,"turns":5},{"damage":17,"enemies":"3 Darklings","floor":36,"turns":3},{"damage":39,"enemies":"Nightmare","floor":40,"turns":7}],"seed_played":"7110693440764188800","potions_obtained":[{"floor":1,"key":"Elixir"},{"floor":3,"key":"Flashbang"},{"floor":3,"key":"Swift Potion"},{"floor":21,"key":"Explosive Potion"},{"floor":29,"key":"AttackPotion"},{"floor":33,"key":"FearPotion"}],"is_trial":false,"path_per_floor":["M","?","?","$","M","E","R","E","T","E","?","T","M","M","R","B",null,"M","?","?","M","$","R","E","R","T","E","R","E","R","NM","R","B",null,"M","M","$","?","$","NM"],"character_chosen":"THE_ANIMATOR","items_purchased":["animator:AcuraTooru","Replay:PocketPolymizer","Happy Flower","ReplayTheSpireMod:CursedCoin","animator:FielNirvalen","animator:IchigoKurosaki","Guardian:PocketSentry"],"campfire_rested":2,"item_purchase_floors":[4,22,37,39,39,39,39],"current_hp_per_floor":[66,66,66,66,66,66,66,65,75,54,47,47,47,47,47,55,76,69,69,69,53,53,53,50,50,50,33,33,16,39,29,52,57,79,54,39,39,36,36,0,0],"gold":71,"neow_bonus":"THREE_ENEMY_KILL","is_daily":false,"chose_seed":false,"campfire_upgraded":5,"win_rate":0.0,"timestamp":1611813199,"path_taken":["M","?","?","$","?","E","R","E","T","E","?","?","M","M","R","BOSS","M","?","?","?","$","R","E","R","T","E","R","E","R","NM","R","BOSS","M","M","$","?","$","NM"],"items_purchased_type":["Card","Relic","Relic","Relic","Card","Card","Relic"],"build_version":"2020-12-22","purchased_purges":3,"victory":false,"max_hp_per_floor":[66,66,66,66,66,66,66,66,76,76,76,76,76,76,76,76,76,77,77,77,77,77,77,77,77,77,78,78,78,78,78,78,79,79,79,79,79,79,79,79,79],"card_choices":[{"not_picked":["animator:Illya","animator:Shuna"],"picked":"animator:Togame","floor":1},{"not_picked":["animator:Mitsurugi","animator:Viivi","animator:Demiurge"],"picked":"SKIP","floor":5},{"not_picked":["animator:Lancer","animator:GazelDwargon"],"picked":"animator:Nanami","floor":6},{"not_picked":["animator:ChaikaTrabant","animator:Rimuru"],"picked":"animator:Biyorigo","floor":8},{"not_picked":["animator:Gillette","animator:ChaikaBohdan"],"picked":"animator:AcuraTooru","floor":8},{"not_picked":["animator:FielNirvalen","animator:Emonzaemon"],"picked":"animator:Geryuganshoop","floor":10},{"not_picked":["animator:Shion","animator:SilverFang"],"picked":"animator:CowGirl","floor":11},{"not_picked":["animator:DolaSchwi","animator:Shuna"],"picked":"animator:Viivi","floor":13},{"not_picked":["animator:Viivi","animator:ChaikaBohdan"],"picked":"animator:AcuraAkari","floor":14},{"not_picked":["animator:HigakiRinne","animator:Saber"],"picked":"animator:Rimuru","floor":16},{"not_picked":["animator:Witch","animator:DolaStephanie"],"picked":"animator:MetalKnight+1","floor":18},{"not_picked":["animator:CowGirl","animator:ZankiKiguchi","animator:Shion"],"picked":"SKIP","floor":21},{"not_picked":["animator:Hakurou","animator:CowGirl+1","animator:Gillette+1"],"picked":"SKIP","floor":24},{"not_picked":["animator:Vesta","animator:Kaijin"],"picked":"animator:Souei","floor":27},{"not_picked":["animator:DolaCouronne","animator:Vanir"],"picked":"animator:Shiro","floor":29},{"not_picked":["animator:Vanir","animator:Lancer"],"picked":"animator:Tet","floor":30},{"not_picked":["animator:ZankiKiguchi","animator:Illya"],"picked":"animator:Melzalgald+1","floor":31},{"not_picked":["animator:RinTohsaka","animator:GuildGirl+1"],"picked":"animator:Geryuganshoop","floor":32},{"not_picked":["animator:Eris","animator:HigakiRinne"],"picked":"animator:Saitama","floor":33},{"not_picked":["animator:Guy+1","animator:Genos"],"picked":"animator:Nanami","floor":35},{"not_picked":["animator:Kaijin","animator:Shion"],"picked":"animator:GazelDwargon","floor":36}],"player_experience":2273682,"relics_obtained":[{"floor":6,"key":"hubris:Metronome"},{"floor":8,"key":"conspire:GiftBox"},{"floor":9,"key":"Pear"},{"floor":10,"key":"infinitespire:Midas Blood"},{"floor":11,"key":"Shuriken"},{"floor":12,"key":"Vajra"},{"floor":24,"key":"Dream Catcher"},{"floor":26,"key":"Toy Ornithopter"},{"floor":27,"key":"Onion Ring"},{"floor":29,"key":"Quantum Egg"},{"floor":31,"key":"Calipers"}],"event_choices":[{"damage_healed":0,"gold_gain":175,"player_choice":"AGREE","damage_taken":0,"max_hp_gain":0,"max_hp_loss":0,"event_name":"Liars Game","floor":2,"gold_loss":0,"cards_obtained":["Doubt"]},{"damage_healed":0,"gold_gain":0,"player_choice":"Got Potions","damage_taken":0,"max_hp_gain":0,"max_hp_loss":0,"event_name":"Lab","floor":3,"gold_loss":0},{"damage_healed":0,"gold_gain":0,"player_choice":"Searched \u00272\u0027 times","damage_taken":0,"max_hp_gain":0,"max_hp_loss":0,"event_name":"Dead Adventurer","floor":11,"gold_loss":0},{"damage_healed":0,"gold_gain":0,"player_choice":"Bought 0 Potions","damage_taken":0,"max_hp_gain":0,"max_hp_loss":0,"event_name":"The Woman in Blue","floor":20,"gold_loss":0},{"damage_healed":0,"gold_gain":0,"player_choice":"Punched","damage_taken":3,"max_hp_gain":0,"max_hp_loss":0,"event_name":"Designer","floor":38,"gold_loss":0}],"is_beta":false,"boss_relics":[{"not_picked":["infinitespire:Cupcake","conspire:RoyalGoblet"],"picked":"Mark of Pain"},{"not_picked":["construct:ClawGrip","Replay:Ancient Bell"],"picked":"conspire:SlowCooker"}],"items_purged_floors":[4,22,37],"is_endless":false,"potions_floor_spawned":[1,5,10,13,16,18,21,29,33],"killed_by":"Nightmare","ascension_level":3}}