{"host":"1qhzi8r9ejho5yph","time":1611826676,"event":{"mods":["AchievementEnabler","BaseMod","Colored Map","Colored Powertips","Highlight Path","Minty Spire (QoL Compilation)","Permanent Neow","Quick Restart","Random Character Button","StSLib","SuperFastMode"],"gold_per_floor":[116,116,134,145,11,11,11,25,25,38,50,50,67,86,86,185,185,203,218,143,143,153,153,164,164,189,207,207,207],"floor_reached":28,"language":"ENG","playtime":942,"items_purged":[],"score":216,"play_id":"6d00a4b3-05b2-48db-8ecc-83ea84c03f76","local_time":"20210128173756","is_ascension_mode":false,"campfire_choices":[{"data":"Adaptation","floor":6,"key":"SMITH"},{"floor":12,"key":"REST"},{"data":"Wireheading","floor":15,"key":"SMITH"},{"data":"Scrawl","floor":23,"key":"SMITH"},{"floor":25,"key":"REST"}],"circlet_count":0,"master_deck":["Strike_P","Strike_P","Strike_P","Strike_P","Defend_P","Defend_P","Defend_P","Eruption+1","Vigilance","Adaptation+1","Consecrate","FearNoEvil","Dramatic Entrance","SashWhip+1","WreathOfFlame","Wireheading+1","FlyingSleeves","FlurryOfBlows","FlyingSleeves","Scrawl+1","SashWhip+1","EmptyFist","Nirvana","ReachHeaven","FlurryOfBlows"],"relics":["PureWater"],"acts_visited":["Exordium","TheCity"],"potions_floor_usage":[16,18,27,27],"damage_taken":[{"damage":0,"enemies":"2 Louse","floor":1,"turns":3},{"damage":1,"enemies":"Cultist","floor":3,"turns":4},{"damage":0,"enemies":"Small Slimes","floor":4,"turns":2},{"damage":20,"enemies":"Exordium Wildlife","floor":8,"turns":3},{"damage":2,"enemies":"Blue Slaver","floor":10,"turns":3},{"damage":7,"enemies":"2 Fungi Beasts","floor":11,"turns":3},{"damage":0,"enemies":"3 Louse","floor":13,"turns":1},{"damage":7,"enemies":"Blue Slaver","floor":14,"turns":3},{"damage":8,"enemies":"Slime Boss","floor":16,"turns":8},{"damage":0,"enemies":"Spheric Guardian","floor":18,"turns":2},{"damage":2,"enemies":"Chosen","floor":19,"turns":4},{"damage":26,"enemies":"Centurion and Healer","floor":22,"turns":6},{"damage":28,"enemies":"Shelled Parasite and Fungi","floor":24,"turns":5},{"damage":33,"enemies":"Snake Plant","floor":27,"turns":3},{"damage":0,"enemies":"Sentry and Sphere","floor":28,"turns":2}],"seed_played":"-7105898782177592152","potions_obtained":[{"floor":3,"key":"BottledMiracle"},{"floor":8,"key":"PowerPotion"},{"floor":10,"key":"DistilledChaos"},{"floor":22,"key":"Explosive Potion"},{"floor":27,"key":"StancePotion"}],"is_trial":false,"path_per_floor":["M","?","M","M","$","R","?","M","T","M","M","R","M","M","R","B",null,"M","M","?","?","M","R","M","R","T","M","M"],"character_chosen":"WATCHER","items_purchased":["Dramatic Entrance","SashWhip"],"campfire_rested":2,"item_purchase_floors":[5,5],"current_hp_per_floor":[72,72,71,71,71,71,71,51,51,49,42,63,63,56,56,48,72,72,70,70,70,44,44,16,37,37,4,4,4],"gold":207,"neow_bonus":"UPGRADE_CARD","is_daily":false,"chose_seed":false,"campfire_upgraded":3,"win_rate":0.0,"timestamp":1611826676,"path_taken":["M","?","M","M","?","R","?","?","T","M","M","R","M","M","R","BOSS","M","M","?","?","M","R","M","R","T","M","M"],"items_purchased_type":["Card","Card"],"build_version":"2020-12-22","purchased_purges":0,"victory":false,"max_hp_per_floor":[72,72,72,72,72,72,72,72,72,72,72,72,72,72,72,72,72,72,72,72,72,72,72,72,72,72,72,72,72],"card_choices":[{"not_picked":["Prostrate","Indignation"],"picked":"Adaptation","floor":1},{"not_picked":["Protect","WaveOfTheHand"],"picked":"Consecrate","floor":3},{"not_picked":["LikeWater","PathToVictory"],"picked":"FearNoEvil","floor":4},{"not_picked":["Pray","Crescendo"],"picked":"WreathOfFlame","floor":8},{"not_picked":["JustLucky","CutThroughFate"],"picked":"Wireheading","floor":10},{"not_picked":["JustLucky","SandsOfTime"],"picked":"FlyingSleeves","floor":11},{"not_picked":["Indignation","Fasting2"],"picked":"FlurryOfBlows","floor":13},{"not_picked":["EmptyFist","Pray"],"picked":"FlyingSleeves","floor":14},{"not_picked":["Blasphemy","Vault"],"picked":"Scrawl","floor":16},{"not_picked":["FlyingSleeves","Crescendo+1"],"picked":"SashWhip+1","floor":18},{"not_picked":["ClearTheMind","SignatureMove+1"],"picked":"EmptyFist","floor":19},{"not_picked":["FlurryOfBlows+1","Consecrate"],"picked":"Nirvana","floor":22},{"not_picked":["Consecrate","Wireheading"],"picked":"ReachHeaven","floor":24},{"not_picked":["Wireheading","Evaluate"],"picked":"FlurryOfBlows","floor":27}],"player_experience":344254,"relics_obtained":[],"event_choices":[{"damage_healed":0,"gold_gain":0,"player_choice":"Ignored","damage_taken":0,"max_hp_gain":0,"max_hp_loss":0,"event_name":"WeMeetAgain","floor":2,"gold_loss":0},{"damage_healed":0,"gold_gain":0,"player_choice":"Forge","damage_taken":0,"max_hp_gain":0,"max_hp_loss":0,"event_name":"Accursed Blacksmith","floor":7,"gold_loss":0,"cards_upgraded":["SashWhip"]},{"cards_removed":["Defend_P"],"damage_healed":0,"gold_gain":0,"player_choice":"Gave Gold","damage_taken":0,"max_hp_gain":0,"max_hp_loss":0,"event_name":"Beggar","floor":20,"gold_loss":75},{"damage_healed":0,"gold_gain":0,"player_choice":"Ignored","damage_taken":0,"max_hp_gain":0,"max_hp_loss":0,"event_name":"Cursed Tome","floor":21,"gold_loss":0}],"is_beta":false,"boss_relics":[{"not_picked":["Fusion Hammer","Velvet Choker","Calling Bell"]}],"items_purged_floors":[],"is_endless":false,"potions_floor_spawned":[3,8,10,22,27],"killed_by":"Sentry and Sphere","ascension_level":0}}