{"host":"zksvs3x2ysy9npnz","time":1611870717,"event":{"mods":["Aspiration","BaseMod","Beaked The Cultist","BetterRewards","Clockwork Mod","Colored Map","Conspire","Downfall","Duelist Mod","Halation","Highlight Path","Hubris","Infinite Spire","Jedi Mod","Magitek Elite","Minty Spire (QoL Compilation)","Permanent Neow","Quick Restart","Relic Stats","Shop Mod","StSLib","The Runesmith","The Witch"],"gold_per_floor":[109,120,120,139,164,164,164,198,198,229,229,264,264,264,264,368,368,387,387,367,367,367,367,399,399,399,411,422,451,451,466,466,565,565,581,598,598,616,616,616,650,668,719,719,736,754,754,773,773,773],"floor_reached":51,"language":"FRA","playtime":4162,"items_purged":["Strike_L"],"score":1178,"play_id":"97abab58-3516-4344-b2dc-f24a894b460c","local_time":"20210128225157","is_ascension_mode":true,"campfire_choices":[{"floor":6.0,"key":"REST"},{"floor":11.0,"key":"REST"},{"data":"Reflect","floor":13.0,"key":"SMITH"},{"floor":15.0,"key":"REST"},{"data":"Reflect","floor":23.0,"key":"SMITH"},{"data":"Minerva_Bustier","floor":25.0,"key":"SMITH"},{"data":"Thunder_Blade","floor":30.0,"key":"SMITH"},{"data":"Caltrops","floor":32.0,"key":"SMITH"},{"data":"Well Laid Plans","floor":40.0,"key":"SMITH"},{"data":"Pain","floor":44,"key":"SMITH"},{"floor":47,"key":"REST"},{"data":"Water","floor":49,"key":"SMITH"}],"circlet_count":0,"master_deck":["AscendersBane","Strike_L","Strike_L","Strike_L","Defend_L","Defend_L","Defend_L","Defend_L","Defend_L","Fire2","Cure","Thunder_Blade+1","Blood_Hilt+1","Water","Minerva_Bustier+1","Circlet","Reflect+1","Reflect+1","Slow+1","Dodge and Roll+1","Float2_Spell+1","Minerva_Bustier+1","Minerva_Bustier+1","Leg Sweep+1","Caltrops+1","jedi:studypoison+1","Blizzard_P+2","Well Laid Plans+1","Strike_L+1","Tactician+1","Dagger Spray+1","PiercingWail+1","Strike_L+1","Strike_L+1"],"relics":["Pendant","aspiration:Nostalgia","Guardian:ModeShifter","halation:PinkSoulGem","halation:AfternoonTea","halation:PrussianBluePaint","hubris:SphereOfDissonance","Blood Vial","Mummified Hand","Regal Pillow","Toxic Egg 2","FossilizedHelix","aspiration:SilentSkillbook","infinitespire:Lychee Nut","Turnip","Molten Egg 2","Memories","halation:PapillonHeart","WarpedTongs","Mythril_Glove","jedi:arcanewood"],"acts_visited":["Exordium","TheCity","TheBeyond"],"potions_floor_usage":[50],"damage_taken":[{"damage":12.0,"enemies":"Small Slimes","floor":1.0,"turns":7.0},{"damage":24.0,"enemies":"Jaw Worm","floor":2.0,"turns":6.0},{"damage":5.0,"enemies":"conspire:RoseBush","floor":4.0,"turns":6.0},{"damage":48.0,"enemies":"Gremlin Nob","floor":8.0,"turns":5.0},{"damage":16.0,"enemies":"Lagavulin","floor":10.0,"turns":6.0},{"damage":0.0,"enemies":"3 Sentries","floor":12.0,"turns":3.0},{"damage":27.0,"enemies":"The Guardian","floor":16.0,"turns":14.0},{"damage":29.0,"enemies":"Shell Parasite","floor":18.0,"turns":12.0},{"damage":13.0,"enemies":"2 Thieves","floor":20.0,"turns":5.0},{"damage":0.0,"enemies":"Book of Stabbing","floor":24.0,"turns":8.0},{"damage":0.0,"enemies":"Centurion and Healer","floor":27.0,"turns":13.0},{"damage":0.0,"enemies":"Snecko","floor":28.0,"turns":7.0},{"damage":23.0,"enemies":"conspire:Head Lice","floor":29.0,"turns":22.0},{"damage":10.0,"enemies":"Shelled Parasite and Fungi","floor":31.0,"turns":9.0},{"damage":65.0,"enemies":"Collector","floor":33.0,"turns":28.0},{"damage":0.0,"enemies":"3 Darklings","floor":35.0,"turns":7.0},{"damage":0.0,"enemies":"Orb Walker","floor":36.0,"turns":6.0},{"damage":0.0,"enemies":"Sphere and 2 Shapes","floor":38.0,"turns":5.0},{"damage":7.0,"enemies":"Nightmare","floor":41.0,"turns":8.0},{"damage":28,"enemies":"Jaw Worm Horde","floor":42,"turns":6},{"damage":0,"enemies":"Spire Growth","floor":45,"turns":5},{"damage":24,"enemies":"4 Shapes","floor":46,"turns":4},{"damage":0,"enemies":"Maw","floor":48,"turns":8},{"damage":43,"enemies":"Awakened One","floor":50,"turns":17}],"seed_played":"-3072752302780865495","potions_obtained":[{"floor":1.0,"key":"jedi:tentaclejuice"},{"floor":2.0,"key":"Regen Potion"},{"floor":8.0,"key":"jedi:holywater"},{"floor":10.0,"key":"champ:CounterPotion"},{"floor":20.0,"key":"hexamod:SoulburnPotion"},{"floor":29.0,"key":"Guardian:BlockOnCardUsePotion"},{"floor":31.0,"key":"GamblersBrew"},{"floor":35.0,"key":"sneckomod:MuddlingPotion"},{"floor":42,"key":"hexamod:SoulburnPotion"},{"floor":46,"key":"PowerPotion"}],"is_trial":false,"path_per_floor":["M","M","?","M","T","R","?","E","T","E","R","E","R","$","R","B",null,"M","?","M","AVR","?","R","E","R","T","M","M","E","R","M","R","B",null,"M","M","?","M","?","R","NM","M","T","R","M","M","R","M","R","B",null],"character_chosen":"MAGITEKELITE","items_purchased":["Regal Pillow","Toxic Egg 2","FossilizedHelix"],"campfire_rested":4,"item_purchase_floors":[14,14,14],"current_hp_per_floor":[51,33,33,35,35,53,53,36,36,24,42,53,53,8,41,47,59,46,46,45,45,45,45,47,47,47,47,47,38,38,41,41,2,36,44,47,45,45,45,45,44,28,28,28,45,21,45,45,45,12],"gold":773,"neow_bonus":"NOSTALGIA","is_daily":false,"chose_seed":false,"campfire_upgraded":8,"win_rate":0.0,"timestamp":1611870717,"path_taken":["M","M","?","M","?","R","?","E","T","E","R","E","R","?","R","BOSS","M","?","?","AVR","?","R","E","R","T","M","M","E","R","M","R","BOSS","M","M","?","M","?","R","NM","M","T","R","M","M","R","M","R","BOSS"],"items_purchased_type":["Relic","Relic","Relic"],"build_version":"2020-12-22","purchased_purges":1,"victory":true,"max_hp_per_floor":[63,63,63,63,63,63,63,63,63,63,63,63,63,63,63,63,63,63,63,63,47,47,47,47,47,47,47,47,47,47,47,47,47,47,47,47,45,45,45,45,45,45,45,45,45,45,45,45,45,45],"relic_stats":{"Blood Vial":21,"Regal Pillow":26,"counters":[24,217],"Mummified Hand":[95],"Turnip":[17],"obtain_stats":[{"Regal Pillow":14,"halation:PapillonHeart":37,"aspiration:Nostalgia":0,"Guardian:ModeShifter":0,"hubris:SphereOfDissonance":9,"Mythril_Glove":41,"WarpedTongs":39,"Blood Vial":10,"Pendant":0,"halation:PrussianBluePaint":8,"Mummified Hand":12,"infinitespire:Lychee Nut":21,"aspiration:SilentSkillbook":17,"Molten Egg 2":29,"Turnip":24,"halation:AfternoonTea":5,"Toxic Egg 2":14,"halation:PinkSoulGem":3,"jedi:arcanewood":43,"FossilizedHelix":14,"Memories":34},{"Regal Pillow":6,"halation:PapillonHeart":17,"aspiration:Nostalgia":0,"Guardian:ModeShifter":0,"hubris:SphereOfDissonance":4,"Mythril_Glove":19,"WarpedTongs":18,"Blood Vial":5,"Pendant":0,"halation:PrussianBluePaint":4,"Mummified Hand":6,"infinitespire:Lychee Nut":9,"aspiration:SilentSkillbook":7,"Molten Egg 2":13,"Turnip":10,"halation:AfternoonTea":3,"Toxic Egg 2":6,"halation:PinkSoulGem":2,"jedi:arcanewood":20,"FossilizedHelix":6,"Memories":15},{"Regal Pillow":33,"halation:PapillonHeart":164,"aspiration:Nostalgia":0,"Guardian:ModeShifter":0,"hubris:SphereOfDissonance":24,"Mythril_Glove":177,"WarpedTongs":169,"Blood Vial":30,"Pendant":0,"halation:PrussianBluePaint":24,"Mummified Hand":33,"infinitespire:Lychee Nut":64,"aspiration:SilentSkillbook":47,"Molten Egg 2":114,"Turnip":72,"halation:AfternoonTea":19,"Toxic Egg 2":33,"halation:PinkSoulGem":13,"jedi:arcanewood":183,"FossilizedHelix":33,"Memories":151}],"WarpedTongs":[41]},"card_choices":[{"not_picked":["Vox","Man_Eater"],"picked":"Thunder_Blade","floor":1.0},{"not_picked":["Man_Eater","Quake"],"picked":"Blood_Hilt","floor":2.0},{"not_picked":["Cursed_Shield","Gladius"],"picked":"Water","floor":4.0},{"not_picked":["Astra","Thunder_P"],"picked":"Minerva_Bustier","floor":8.0},{"not_picked":["Quick","Water"],"picked":"Circlet","floor":10.0},{"not_picked":["Esuna","Magnus_Hat"],"picked":"Reflect","floor":12.0},{"not_picked":["Mama+1","Quick+1"],"picked":"Reflect","floor":16.0},{"not_picked":["Gladius+1","hubris:SlightOfHand+1","Astra+1"],"picked":"Slow+1","floor":18.0},{"not_picked":["Backstab+1","Dagger Throw","Bane"],"picked":"Dodge and Roll+1","floor":20.0},{"not_picked":["Thousand_Needles","Quake+1","Bane"],"picked":"Float2_Spell+1","floor":24.0},{"not_picked":["Deadly Poison+1","Cursed_Shield+1","Water"],"picked":"Minerva_Bustier+1","floor":27.0},{"not_picked":["Rasp+1","Poisoned Stab","Astra+1"],"picked":"Minerva_Bustier+1","floor":28.0},{"not_picked":["Gaia_Gear+1","Cursed_Shield+1","aspiration:Lunge+1"],"picked":"Leg Sweep+1","floor":29.0},{"not_picked":["Quick Slash+1","Throw+1","Barrier+1"],"picked":"Caltrops","floor":31.0},{"not_picked":["Phantasmal Killer+1","Malaise+1","Doppelganger+1"],"picked":"jedi:studypoison+1","floor":33.0},{"not_picked":["Finisher+1","Thornlet+1","Sucker Punch+1","Predator+1"],"picked":"SKIP","floor":35.0},{"not_picked":["Bane+1","jedi:acidrain+1","Flying Knee+1","Falchion+1"],"picked":"SKIP","floor":36.0},{"not_picked":["Crystal_Sword+1","Setup+1","Backflip+1"],"picked":"Well Laid Plans","floor":38.0},{"not_picked":["Dash+1","Outmaneuver+1","Heavy_Shield+1","Choke+1"],"picked":"SKIP","floor":41.0},{"not_picked":["Dash+1","Outmaneuver+1","Heavy_Shield+1","Choke+1"],"picked":"SKIP","floor":41.0},{"not_picked":["hubris:TrickCloak+1","Blade Dance+1","Backflip+1"],"picked":"Tactician+1","floor":42},{"not_picked":["Backflip+1","Magus_Robe+1","Thunder_Blade+1"],"picked":"Dagger Spray+1","floor":45},{"not_picked":["Heavy_Shield+1","Thornlet+1","Heel Hook+1"],"picked":"PiercingWail+1","floor":46},{"not_picked":["Crystal_Sword+1","Flametongue+1","PiercingWail+1","Tornado+1"],"picked":"SKIP","floor":48}],"player_experience":2089075,"relics_obtained":[{"floor":5.0,"key":"halation:AfternoonTea"},{"floor":8.0,"key":"halation:PrussianBluePaint"},{"floor":9.0,"key":"hubris:SphereOfDissonance"},{"floor":10.0,"key":"Blood Vial"},{"floor":12.0,"key":"Mummified Hand"},{"floor":24.0,"key":"Turnip"},{"floor":29.0,"key":"Molten Egg 2"},{"floor":41.0,"key":"Mythril_Glove"},{"floor":43,"key":"jedi:arcanewood"}],"event_choices":[{"damage_healed":0.0,"max_hp_gain":0.0,"max_hp_loss":0.0,"gold_gain":0.0,"event_name":"The Woman in Blue","player_choice":"Bought 0 Potions","floor":19.0,"gold_loss":0.0,"damage_taken":0.0},{"damage_healed":0.0,"max_hp_gain":0.0,"max_hp_loss":0.0,"gold_gain":0.0,"event_name":"Accursed Blacksmith","player_choice":"Rummage","floor":39.0,"gold_loss":0.0,"damage_taken":0.0,"relics_obtained":["WarpedTongs"],"cards_obtained":["Pain"]}],"is_beta":false,"boss_relics":[{"not_picked":["halation:MonkeysPaw","halation:LoveArrow"],"picked":"aspiration:SilentSkillbook"},{"not_picked":["halation:Yufonium","halation:CatFaceCupcake"],"picked":"Memories"}],"items_purged_floors":[21],"is_endless":false,"potions_floor_spawned":[1,2,8,10,20,29,31,35,42,46,48],"ascension_level":11}}