{"host":"b4vwm7jq6jdk6nca","time":1611815935,"event":{"mods":["Act Like it!","Ascension Reborn","BaseMod","Hallownest","Minty Spire (QoL Compilation)","Pale of the Ancients","Quick Restart","Relic Filter Mod","Reliquary","Spicy Shops","StSLib","TestMod","Wide Potions","[IsaacMod]以撒尖塔"],"gold_per_floor":[112,129,129,129,129,242,66,66,66,66,101,101,101,120,120,199,199,211,225,367,367,367,367,24,24,24,6,24,104,130,172,172,246,246,280,280,374,374,194,220,246,272,272,284,368,412,437,545,557,611,644,669,717,1129,1141,1141,1162,1162,1171,1171,1171],"floor_reached":62,"language":"ZHS","playtime":3179,"items_purged":["Strike_P","Defend_P","Defend_P","Strike_P","Doubt","MentalFortress+1","Strike_P+1","Normality","Strike_P+1"],"score":3342,"play_id":"95b9ebbe-43d2-4e8a-a4c8-9b73d27a1dcd","local_time":"20210128143855","is_ascension_mode":true,"campfire_choices":[{"data":"testmod-FightingIntention","floor":8.0,"key":"SMITH"},{"data":"SignatureMove","floor":13.0,"key":"SMITH"},{"data":"Adaptation","floor":15.0,"key":"SMITH"},{"data":"Wallop","floor":25.0,"key":"SMITH"},{"floor":32.0,"key":"RECALL"},{"data":"Blasphemy","floor":49.0,"key":"SMITH"},{"data":"Tantrum","floor":56.0,"key":"SMITH"},{"floor":58.0,"key":"REST"}],"circlet_count":0,"master_deck":["AscendersBane","Defend_P+1","Defend_P+1","Eruption+1","Vigilance+1","FollowUp+1","LessonLearned+1","Adaptation+1","FlyingSleeves+1","testmod-FightingIntention+1","Decay","Decay","SignatureMove+1","Blasphemy+1","Crescendo+1","EmptyBody+1","Wish+1","Wallop+1","DeceiveReality+1","Chrysalis","Tantrum+1","TalkToTheHand+1","FlurryOfBlows+1","Injury","Wish+1","testmod-VirtualReality","Fasting2+1","Study+1"],"relics":["PureWater","HushsDoor","DeadEye","testmod-Prudence","Hallownest:DreamNailRelic","Hallownest:TeacherSealRelic","PokeGo","BloodDonationBag","Ice Cream","testmod-Laevatain","MagicMushroom","SteamSale","UnicornStump","Membership Card","PreservedInsect","reliquary:TridentHead","Darkstone Periapt","Damaru","Toy Ornithopter","ChampionBelt","GuppysCollar","Potion Belt","Blood Vial","Frozen Egg 2","NineVolt","testmod-IndustrialRevolution","Habit","TeardropLocket","Bottled Lightning","SalivaCoin","Kunai","OrangePellets","Void","Pantograph","DollysMirror","Hallownest:StagBellRelic1","reliquary:Boomerang","Centennial Puzzle","MawBank","Hallownest:KingsIdolRelic","CeramicFish","Bird Faced Urn","paleoftheancients:Timepiece","paleoftheancients:KeyRelic","Letter Opener","paleoftheancients:SoulOfTheWokeBloke","paleoftheancients:SoulOfTheThorton","reliquary:SharkskinSheath","White Beast Statue","reliquary:HotPoker","Medical Kit","reliquary:Buckler","reliquary:Knoch","TheAbacus","reliquary:PartyBalloon","testmod-ObsoleteBoomerang","TheBean","CloakClasp"],"acts_visited":["Exordium","Hallownest:Greenpath","Hallownest:CityofTears","Hallownest:KingdomsEdge"],"potions_floor_usage":[61,61,61,61],"damage_taken":[{"damage":0.0,"enemies":"Hallownest:monsterHuskGuard","floor":1.0,"turns":1.0},{"damage":0.0,"enemies":"Hallownest:2_MossCreeps","floor":2.0,"turns":1.0},{"damage":0.0,"enemies":"Hallownest:eliteCrystalGuardian","floor":6.0,"turns":1.0},{"damage":0.0,"enemies":"Hallownest:eliteMossKnight","floor":11.0,"turns":4.0},{"damage":1.0,"enemies":"2_ Uuma","floor":14.0,"turns":5.0},{"damage":28.0,"enemies":"Hallownest:BossHornet","floor":16.0,"turns":4.0},{"damage":0.0,"enemies":"Hallownest:2_Mistakes","floor":18.0,"turns":2.0},{"damage":8.0,"enemies":"Hallownest:3_Youths","floor":19.0,"turns":4.0},{"damage":0.0,"enemies":"Hallownest:monsterMisterMushroom","floor":20.0,"turns":2.0},{"damage":0.0,"enemies":"Hallownest:monsterMisterMushroom","floor":21.0,"turns":1.0},{"damage":0.0,"enemies":"Hallownest:monsterShrumalOgre","floor":28.0,"turns":4.0},{"damage":0.0,"enemies":"Hallownest:2_Husk_Sentries","floor":29.0,"turns":3.0},{"damage":13.0,"enemies":"Hallownest:Warrior_and_Youth","floor":31.0,"turns":4.0},{"damage":0.0,"enemies":"Hallownest:BossMantisLord","floor":33.0,"turns":4.0},{"damage":0.0,"enemies":"Hallownest:StalkingDevout","floor":35.0,"turns":3.0},{"damage":0.0,"enemies":"Hallownest:eliteHiveKnight","floor":37.0,"turns":3.0},{"damage":0.0,"enemies":"Hallownest:eliteCollector","floor":40.0,"turns":3.0},{"damage":1.0,"enemies":"Hallownest:2_Littles","floor":41.0,"turns":2.0},{"damage":0.0,"enemies":"Hallownest:StalkingDevout","floor":42.0,"turns":3.0},{"damage":0.0,"enemies":"Hallownest:eliteCollector","floor":45.0,"turns":4.0},{"damage":0.0,"enemies":"Hallownest:eliteHiveKnight","floor":46.0,"turns":1.0},{"damage":0.0,"enemies":"Hallownest:3_Siblings","floor":47.0,"turns":2.0},{"damage":24.0,"enemies":"Hallownest:2_Primals","floor":48.0,"turns":2.0},{"damage":35.0,"enemies":"Hallownest:BossHollowKnight","floor":50.0,"turns":3.0},{"damage":51.0,"enemies":"Hallownest:Radiance","floor":51.0,"turns":5.0},{"damage":0.0,"enemies":"Hallownest:Radiance","floor":52.0,"turns":3.0},{"damage":0.0,"enemies":"paleoftheancients:Thorton1","floor":53.0,"turns":1.0},{"damage":61.0,"enemies":"paleoftheancients:Thorton1","floor":57.0,"turns":2.0},{"damage":0,"enemies":"Delirium","floor":61,"turns":9}],"seed_played":"7006004553908777033","potions_obtained":[{"floor":1.0,"key":"ColorlessPotion"},{"floor":14.0,"key":"Block Potion"},{"floor":31.0,"key":"LiquidBronze"},{"floor":35.0,"key":"Dexterity Potion"},{"floor":37.0,"key":"SneckoOil"},{"floor":40.0,"key":"Strength Potion"},{"floor":45.0,"key":"LiquidMemories"},{"floor":57.0,"key":"Dexterity Potion"}],"is_trial":false,"path_per_floor":["M","M","?","T","?","E","$","R","T","?","E","T","R","M","R","B",null,"M","M","M","?","?","$","$","R","T","$","M","M","T","M","R","B",null,"M","$","M","$","?","E","M","E","T","?","M","M","M","?","R","B","B","M","M","?","$","R","M","R","$","?","B",null],"character_chosen":"WATCHER","items_purchased":["Lee\u0027s Waffle","testmod-FightingIntention","SteamSale","Wallop","War Paint","Membership Card","PreservedInsect","reliquary:TridentHead","Darkstone Periapt","Damaru","DeceiveReality","Chrysalis","GuppysCollar","Blood Vial","Frozen Egg 2","NineVolt","testmod-IndustrialRevolution","Habit","TeardropLocket","testmod-SpacePotion","SalivaCoin","Kunai","OrangePellets","Void","Pantograph","DollysMirror","testmod-VirtualReality","testmod-SpacePotion","Fasting2+1","White Beast Statue","reliquary:HotPoker","Medical Kit","reliquary:Buckler","reliquary:Knoch","TheAbacus","testmod-EscapePotion","reliquary:PartyBalloon","testmod-ObsoleteBoomerang","TheBean","CloakClasp","PrismaticShard","testmod-SpacePotion","BlessingOfTheForge","Energy Potion"],"campfire_rested":1,"item_purchase_floors":[7,7,24,24,24,27,27,27,27,27,27,27,34,36,36,36,36,36,36,36,38,38,38,38,38,38,38,38,38,55,55,55,55,55,55,55,59,59,59,59,59,59,59,59],"current_hp_per_floor":[61,61,61,61,61,50,75,75,75,75,75,75,75,74,74,46,75,76,69,45,45,45,45,45,45,45,30,31,32,32,20,20,21,53,54,65,68,70,70,70,69,70,70,70,70,70,70,46,46,47,58,70,70,70,70,70,9,30,41,41,76],"gold":1171,"neow_bonus":"THREE_ENEMY_KILL","is_daily":false,"chose_seed":false,"campfire_upgraded":6,"win_rate":0.0,"timestamp":1611815935,"path_taken":["M","?","?","?","?","E","?","R","T","?","E","?","R","?","R","BOSS","M","M","?","?","?","?","$","R","T","$","M","M","?","M","R","BOSS","M","$","M","$","?","E","M","E","T","?","M","M","?","?","R","BOSS","BOSS","M","M","?","$","R","M","R","$","?","BOSS"],"items_purchased_type":["Relic","Card","Relic","Card","Relic","Relic","Relic","Relic","Relic","Relic","Card","Card","Relic","Relic","Relic","Relic","Relic","Relic","Relic","Potion","Relic","Relic","Relic","Card","Relic","Relic","Card","Potion","Card","Relic","Relic","Relic","Relic","Relic","Relic","Potion","Relic","Relic","Relic","Relic","Relic","Potion","Potion","Potion"],"build_version":"2020-12-22","purchased_purges":9,"victory":true,"max_hp_per_floor":[68,68,68,68,68,68,75,75,75,75,75,75,75,75,75,75,82,82,82,82,82,82,82,82,82,82,82,82,82,82,82,82,82,64,64,70,70,70,70,70,70,70,70,70,70,70,70,70,70,70,70,70,70,70,70,70,70,70,76,76,76],"card_choices":[{"not_picked":[],"picked":"ChaosCard","floor":0.0},{"not_picked":["WheelKick","Wireheading"],"picked":"FollowUp","floor":1.0},{"not_picked":["PathToVictory","BowlingBash"],"picked":"Adaptation","floor":2.0},{"not_picked":["SashWhip","WaveOfTheHand"],"picked":"FlyingSleeves","floor":6.0},{"not_picked":["FollowUp","FlyingSleeves"],"picked":"SignatureMove","floor":11.0},{"not_picked":["EmptyBody","Consecrate"],"picked":"MentalFortress","floor":14.0},{"not_picked":["LessonLearned","SpiritShield"],"picked":"Blasphemy","floor":16.0},{"not_picked":["WheelKick","PathToVictory","FollowUp"],"picked":"SKIP","floor":18.0},{"not_picked":["Swivel+1","Evaluate","Crescendo"],"picked":"SKIP","floor":19.0},{"not_picked":["Swivel+1","Evaluate"],"picked":"Crescendo","floor":19.0},{"not_picked":["Wireheading","LikeWater"],"picked":"EmptyBody+1","floor":20.0},{"not_picked":["ThirdEye","WaveOfTheHand"],"picked":"Wish","floor":22.0},{"not_picked":["Vengeance","EmptyFist","BowlingBash"],"picked":"SKIP","floor":28.0},{"not_picked":["Vengeance","BattleHymn"],"picked":"Tantrum","floor":29.0},{"not_picked":["EmptyBody","Consecrate"],"picked":"TalkToTheHand+1","floor":31.0},{"not_picked":["Halt","EmptyFist"],"picked":"FlurryOfBlows","floor":35.0},{"not_picked":["Nirvana+1","BowlingBash+1","WheelKick+1"],"picked":"SKIP","floor":37.0},{"not_picked":["Nirvana+1","SandsOfTime","Swivel"],"picked":"SKIP","floor":40.0},{"not_picked":["Nirvana+1","Consecrate","CutThroughFate"],"picked":"SKIP","floor":41.0},{"not_picked":["Prostrate","Perseverance+1","PathToVictory"],"picked":"SKIP","floor":42.0},{"not_picked":["JustLucky","Prostrate"],"picked":"Study+1","floor":45.0},{"not_picked":["EmptyFist+1","FlurryOfBlows+1","CrushJoints"],"picked":"SKIP","floor":46.0},{"not_picked":["Conclude","CutThroughFate","InnerPeace"],"picked":"SKIP","floor":47.0},{"not_picked":["Worship+1","ClearTheMind","Consecrate"],"picked":"SKIP","floor":52.0},{"not_picked":["Blasphemy","Establishment+1","EmptyFist+1"],"picked":"SKIP","floor":53.0},{"not_picked":["ReachHeaven","Weave+1","FlurryOfBlows+1"],"picked":"SKIP","floor":57.0}],"player_experience":306806,"relics_obtained":[{"floor":4.0,"key":"BloodDonationMachine"},{"floor":6.0,"key":"PokeGo"},{"floor":9.0,"key":"Ice Cream"},{"floor":11.0,"key":"testmod-Laevatain"},{"floor":26.0,"key":"UnicornStump"},{"floor":30.0,"key":"Toy Ornithopter"},{"floor":35.0,"key":"Potion Belt"},{"floor":37.0,"key":"Bottled Lightning"},{"floor":40.0,"key":"reliquary:Boomerang"},{"floor":42.0,"key":"Centennial Puzzle"},{"floor":43.0,"key":"MawBank"},{"floor":45.0,"key":"CeramicFish"},{"floor":46.0,"key":"TheBible"},{"floor":48.0,"key":"Bird Faced Urn"},{"floor":52.0,"key":"paleoftheancients:SoulOfTheWokeBloke"},{"floor":53.0,"key":"paleoftheancients:SoulOfTheThorton"},{"floor":53.0,"key":"reliquary:SharkskinSheath"},{"floor":57.0,"key":"paleoftheancients:SoulOfTheVixen"}],"event_choices":[{"damage_healed":0.0,"max_hp_gain":0.0,"max_hp_loss":0.0,"gold_gain":400.0,"event_name":"恩洛斯的盘子","player_choice":"Sell","floor":54.0,"relics_lost":["NeowsBlessing"],"gold_loss":0.0,"damage_taken":0.0}],"is_beta":false,"boss_relics":[{"not_picked":["Cursed Key","testmod-Temperance"],"picked":"MagicMushroom"},{"not_picked":[]},{"not_picked":["testmod-DeterminationOfClimber","Calling Bell"],"picked":"ChampionBelt"},{"not_picked":[]}],"items_purged_floors":[7,24,27,34,36,38,55,59,59],"is_endless":false,"potions_floor_spawned":[1,14,18,20,21,31,35,37,40,45,57],"ascension_level":20}}