{"host":"8fuipfsvjht9cgcs","time":1611817228,"event":{"mods":["AchievementEnabler","BaseMod","Colored Map","Colored Powertips","DeckTracker","Friendly Minions","Kiyohime£¨?ýï£©","Marisa£¨Ùöéë¡¡Øª×âÞÞ£©","Minty Spire (QoL Compilation)","Prisma Mod","StSLib","SuperFastMode","The Cursed","The Gatherer"],"gold_per_floor":[19,19,19,19,36,36,52,71,71,71,98,113,113,132,132,237,237,248,248,261,261,41,41,41,41,41,67,84,94,94,113,113,214,214,233,252,252,265,25,25,75,75,75,93,105,105,8,21,21,21],"floor_reached":51,"language":"KOR","playtime":1832,"items_purged":["Strike_R","Strike_R","Strike_R"],"score":1160,"play_id":"15078eb5-1869-464d-b8dc-627fc6ec4f03","local_time":"20210128200028","is_ascension_mode":true,"campfire_choices":[{"data":"Dark Embrace","floor":6.0,"key":"SMITH"},{"data":"Body Slam","floor":10.0,"key":"SMITH"},{"data":"True Grit","floor":13.0,"key":"SMITH"},{"data":"Evolve","floor":15.0,"key":"SMITH"},{"data":"Second Wind","floor":23.0,"key":"SMITH"},{"data":"Offering","floor":30.0,"key":"SMITH"},{"data":"Sentinel","floor":32.0,"key":"SMITH"},{"data":"Exhume","floor":40.0,"key":"SMITH"},{"data":"Power Through","floor":42.0,"key":"SMITH"},{"data":"Dark Embrace","floor":49.0,"key":"SMITH"}],"circlet_count":0,"master_deck":["AscendersBane","Defend_R","Defend_R","Bash","Power Through+1","Dark Embrace+1","Evolve+1","Body Slam+1","Second Wind+1","True Grit+1","Sentinel+1","Offering+1","Exhume+1","Feel No Pain+1","Entrench+1","Purity","Madness","Dark Embrace+1","Sentinel"],"relics":["Burning Blood","Strawberry","HornCleat","Kunai","Philosopher\u0027s Stone","Ancient Tea Set","ClockworkSouvenir","PreservedInsect","Darkstone Periapt","Sozu","Membership Card","Champion Belt","Dream Catcher"],"acts_visited":["Exordium","TheCity","TheBeyond"],"potions_floor_usage":[],"damage_taken":[{"damage":3.0,"enemies":"2 Louse","floor":1.0,"turns":4.0},{"damage":0.0,"enemies":"Jaw Worm","floor":5.0,"turns":3.0},{"damage":20.0,"enemies":"Small Slimes","floor":7.0,"turns":5.0},{"damage":16.0,"enemies":"Exordium Wildlife","floor":8.0,"turns":6.0},{"damage":26.0,"enemies":"Gremlin Nob","floor":11.0,"turns":5.0},{"damage":8.0,"enemies":"Blue Slaver","floor":12.0,"turns":4.0},{"damage":0.0,"enemies":"Looter","floor":14.0,"turns":3.0},{"damage":7.0,"enemies":"Hexaghost","floor":16.0,"turns":9.0},{"damage":14.0,"enemies":"Shell Parasite","floor":18.0,"turns":2.0},{"damage":6.0,"enemies":"Spheric Guardian","floor":20.0,"turns":4.0},{"damage":9.0,"enemies":"Gremlin Leader","floor":27.0,"turns":4.0},{"damage":7.0,"enemies":"Snake Plant","floor":28.0,"turns":3.0},{"damage":0.0,"enemies":"Snecko","floor":29.0,"turns":4.0},{"damage":6.0,"enemies":"Sentry and Sphere","floor":31.0,"turns":3.0},{"damage":6.0,"enemies":"Collector","floor":33.0,"turns":3.0},{"damage":8.0,"enemies":"3 Shapes","floor":35.0,"turns":3.0},{"damage":13.0,"enemies":"Orb Walker","floor":36.0,"turns":2.0},{"damage":6.0,"enemies":"Transient","floor":38.0,"turns":5.0},{"damage":6.0,"enemies":"Mind Bloom Boss Battle","floor":41.0,"turns":1.0},{"damage":6.0,"enemies":"Maw","floor":44.0,"turns":4.0},{"damage":12.0,"enemies":"4 Shapes","floor":45.0,"turns":2.0},{"damage":6.0,"enemies":"Transient","floor":48.0,"turns":5.0},{"damage":22,"enemies":"Donu and Deca","floor":50,"turns":3}],"seed_played":"-4591582699206947465","potions_obtained":[{"floor":1.0,"key":"ElixirPotion"},{"floor":11.0,"key":"Fire Potion"},{"floor":18.0,"key":"Block Potion"}],"is_trial":false,"path_per_floor":["M","?","?","?","M","R","M","M","T","R","E","M","R","M","R","B",null,"M","?","M","T","$","R","?","$","T","E","M","M","R","M","R","B",null,"M","M","?","M","$","R","?","R","T","M","M","?","$","M","R","B",null],"character_chosen":"IRONCLAD","items_purchased":["ClockworkSouvenir","Membership Card","Purity","Dark Embrace"],"campfire_rested":0,"item_purchase_floors":[22,39,39,47],"current_hp_per_floor":[75,75,75,80,86,86,72,62,62,62,42,40,40,46,46,45,80,72,72,72,72,72,72,72,72,72,69,68,74,74,74,74,74,88,86,79,79,79,79,79,79,79,79,79,73,63,63,63,63,47],"gold":21,"neow_bonus":"REMOVE_TWO","is_daily":false,"chose_seed":false,"campfire_upgraded":10,"win_rate":0.0,"timestamp":1611817228,"path_taken":["M","?","?","?","M","R","M","M","T","R","E","?","R","M","R","BOSS","M","?","M","?","$","R","?","$","T","E","?","M","R","M","R","BOSS","M","M","?","M","$","R","?","R","T","M","M","?","$","?","R","BOSS"],"items_purchased_type":["Relic","Relic","Card","Card"],"build_version":"2020-12-22","purchased_purges":3,"victory":true,"max_hp_per_floor":[80,80,87,92,92,92,92,92,92,92,92,92,92,92,92,92,92,92,92,92,92,92,92,92,92,92,92,92,92,92,92,92,92,92,92,92,92,92,92,92,92,92,92,92,92,92,92,92,92,92],"card_choices":[{"not_picked":["Heavy Blade","Iron Wave"],"picked":"Power Through","floor":1.0},{"not_picked":["Body Slam","Inflame"],"picked":"Dark Embrace","floor":5.0},{"not_picked":["Thunderclap","Iron Wave"],"picked":"Evolve","floor":7.0},{"not_picked":["Ghostly Armor","Heavy Blade"],"picked":"Body Slam","floor":8.0},{"not_picked":["Evolve","Offering"],"picked":"Second Wind","floor":11.0},{"not_picked":["Shrug It Off","Battle Trance"],"picked":"True Grit","floor":12.0},{"not_picked":["Perfected Strike","Heavy Blade"],"picked":"Sentinel","floor":14.0},{"not_picked":["Bludgeon","Impervious"],"picked":"Offering","floor":16.0},{"not_picked":["Wild Strike","Havoc","True Grit"],"picked":"SKIP","floor":18.0},{"not_picked":["Sword Boomerang","Pommel Strike","Spot Weakness+1"],"picked":"SKIP","floor":20.0},{"not_picked":["Flame Barrier","Dropkick","Clothesline"],"picked":"SKIP","floor":27.0},{"not_picked":["Bloodletting","Wild Strike","Blood for Blood"],"picked":"SKIP","floor":28.0},{"not_picked":["Whirlwind","Warcry+1","True Grit"],"picked":"SKIP","floor":29.0},{"not_picked":["Pommel Strike","Twin Strike","Uppercut"],"picked":"SKIP","floor":31.0},{"not_picked":["Juggernaut","Bludgeon"],"picked":"Exhume","floor":33.0},{"not_picked":["Perfected Strike+1","Spot Weakness"],"picked":"Feel No Pain+1","floor":35.0},{"not_picked":["Second Wind","Infernal Blade+1","Ghostly Armor"],"picked":"SKIP","floor":36.0},{"not_picked":["Twin Strike+1","Inflame"],"picked":"Entrench+1","floor":38.0},{"not_picked":["Seeing Red","Power Through","Headbutt"],"picked":"SKIP","floor":44.0},{"not_picked":["Heavy Blade","Immolate","Perfected Strike"],"picked":"SKIP","floor":45.0},{"not_picked":["HandOfGreed","Jack Of All Trades"],"picked":"Madness","floor":46.0},{"not_picked":["Burning Pact","Flex"],"picked":"Sentinel","floor":48.0}],"player_experience":457654,"relics_obtained":[{"floor":9.0,"key":"HornCleat"},{"floor":11.0,"key":"Kunai"},{"floor":21.0,"key":"Ancient Tea Set"},{"floor":26.0,"key":"PreservedInsect"},{"floor":27.0,"key":"Darkstone Periapt"},{"floor":41.0,"key":"Champion Belt"},{"floor":43.0,"key":"Dream Catcher"}],"event_choices":[{"cards_removed":["Defend_R"],"damage_healed":0.0,"max_hp_gain":0.0,"max_hp_loss":0.0,"gold_gain":0.0,"event_name":"Living Wall","player_choice":"Forget","floor":2.0,"gold_loss":0.0,"damage_taken":0.0},{"damage_healed":0.0,"max_hp_gain":0.0,"max_hp_loss":0.0,"gold_gain":0.0,"event_name":"Scrap Ooze","player_choice":"Success","floor":3.0,"gold_loss":0.0,"damage_taken":7.0,"relics_obtained":["Strawberry"]},{"damage_healed":0.0,"max_hp_gain":5.0,"max_hp_loss":0.0,"gold_gain":0.0,"event_name":"Big Fish","player_choice":"Donut","floor":4.0,"gold_loss":0.0,"damage_taken":0.0},{"damage_healed":0.0,"max_hp_gain":0.0,"max_hp_loss":0.0,"gold_gain":0.0,"event_name":"Vampires","player_choice":"Ignored","floor":19.0,"gold_loss":0.0,"damage_taken":0.0},{"damage_healed":0.0,"max_hp_gain":0.0,"max_hp_loss":0.0,"gold_gain":0.0,"event_name":"The Mausoleum","player_choice":"Ignored","floor":24.0,"gold_loss":0.0,"damage_taken":0.0},{"cards_removed":["Strike_R"],"damage_healed":0.0,"max_hp_gain":0.0,"max_hp_loss":0.0,"gold_gain":0.0,"event_name":"Falling","player_choice":"Removed Attack","floor":37.0,"gold_loss":0.0,"damage_taken":0.0},{"damage_healed":0.0,"max_hp_gain":0.0,"max_hp_loss":0.0,"gold_gain":0.0,"event_name":"MindBloom","player_choice":"Fight","floor":41.0,"gold_loss":0.0,"damage_taken":0.0},{"damage_healed":0.0,"max_hp_gain":0.0,"max_hp_loss":0.0,"gold_gain":0.0,"event_name":"SensoryStone","player_choice":"Memory 3","floor":46.0,"gold_loss":0.0,"damage_taken":10.0}],"is_beta":false,"boss_relics":[{"not_picked":["Pandora\u0027s Box","Fusion Hammer"],"picked":"Philosopher\u0027s Stone"},{"not_picked":["Astrolabe","Busted Crown"],"picked":"Sozu"}],"items_purged_floors":[22,39,47],"is_endless":false,"potions_floor_spawned":[1,11,14,18,27,29,31,33,35,38,45],"ascension_level":12}}