{"host":"2p2urjtdoqk7wfo5","time":1611817028,"event":{"mods":["AchievementEnabler","BaseMod","Colored Powertips","Minty Spire (QoL Compilation)"],"gold_per_floor":[118,134,134,154,169,204,204,204,256,285,303,10,10,10,10,107,157,177,66,66,66,66,66,101,101,101,123,150,162,174,186,198,314,326,357,379,403,435,447,459,459],"floor_reached":40,"language":"ENG","playtime":5328,"items_purged":["Strike_P"],"score":439,"play_id":"34eed260-0f3f-4fe0-bb4f-89eb20d272d0","local_time":"20210127225708","is_ascension_mode":false,"campfire_choices":[{"data":"Eruption","floor":7,"key":"SMITH"},{"data":"BattleHymn","floor":15,"key":"SMITH"},{"floor":23,"key":"REST"},{"floor":25,"key":"REST"},{"floor":29,"key":"REST"},{"floor":32,"key":"REST"}],"circlet_count":0,"master_deck":["Strike_P","Strike_P+1","Defend_P","Defend_P","Defend_P","Defend_P","Eruption+1","Vigilance","Crescendo","Conclude","SashWhip","Swivel","Scrawl","Wallop","BattleHymn+1","ConjureBlade","LikeWater","Consecrate+1","ClearTheMind","Alpha"],"relics":["Velvet Choker","Darkstone Periapt","Bag of Marbles","Tiny Chest","Omamori","Centennial Puzzle","HandDrill","Blood Vial","White Beast Statue","Tiny House","Letter Opener","MawBank","Bag of Preparation","Busted Crown","WarpedTongs"],"acts_visited":["Exordium","TheCity","TheBeyond"],"potions_floor_usage":[6,16,24,27,28,28,28,33,37,38,38,38,40],"damage_taken":[{"damage":0,"enemies":"Cultist","floor":1,"turns":2},{"damage":1,"enemies":"Jaw Worm","floor":2,"turns":3},{"damage":0,"enemies":"2 Louse","floor":4,"turns":2},{"damage":4,"enemies":"Exordium Thugs","floor":5,"turns":4},{"damage":14,"enemies":"Gremlin Nob","floor":6,"turns":4},{"damage":10,"enemies":"3 Sentries","floor":10,"turns":5},{"damage":1,"enemies":"Blue Slaver","floor":11,"turns":3},{"damage":6,"enemies":"The Guardian","floor":16,"turns":5},{"damage":26,"enemies":"2 Thieves","floor":18,"turns":3},{"damage":53,"enemies":"Book of Stabbing","floor":24,"turns":5},{"damage":10,"enemies":"3 Byrds","floor":27,"turns":4},{"damage":10,"enemies":"Centurion and Healer","floor":28,"turns":3},{"damage":9,"enemies":"Automaton","floor":33,"turns":7},{"damage":0,"enemies":"3 Shapes","floor":35,"turns":2},{"damage":0,"enemies":"Orb Walker","floor":36,"turns":3},{"damage":30,"enemies":"Maw","floor":37,"turns":7},{"damage":47,"enemies":"Spire Growth","floor":38,"turns":5},{"damage":22,"enemies":"Giant Head","floor":40,"turns":5}],"seed_played":"-7957045123008607251","potions_obtained":[{"floor":4,"key":"LiquidMemories"},{"floor":5,"key":"Weak Potion"},{"floor":6,"key":"SteroidPotion"},{"floor":10,"key":"SkillPotion"},{"floor":16,"key":"Strength Potion"},{"floor":17,"key":"Fire Potion"},{"floor":18,"key":"Regen Potion"},{"floor":22,"key":"StancePotion"},{"floor":24,"key":"AttackPotion"},{"floor":27,"key":"LiquidBronze"},{"floor":28,"key":"FearPotion"},{"floor":33,"key":"Fire Potion"},{"floor":35,"key":"Fire Potion"},{"floor":36,"key":"FearPotion"},{"floor":37,"key":"PowerPotion"},{"floor":38,"key":"Fruit Juice"}],"is_trial":false,"path_per_floor":["M","M","?","M","M","E","R","?","T","E","M","$","?","T","R","B",null,"M","$","?","?","?","R","E","R","T","M","M","R","$","T","R","B",null,"M","M","M","M","?","E"],"character_chosen":"WATCHER","items_purchased":["Centennial Puzzle","HandDrill","LikeWater"],"campfire_rested":4,"item_purchase_floors":[12,12,19],"current_hp_per_floor":[72,71,68,68,64,50,50,72,72,62,61,61,61,61,61,57,77,51,51,37,37,37,61,15,39,39,31,23,47,47,47,71,64,82,82,82,52,12,12,0,0],"gold":459,"neow_bonus":"BOSS_RELIC","is_daily":false,"chose_seed":false,"campfire_upgraded":2,"win_rate":0.0,"timestamp":1611817028,"path_taken":["M","M","?","M","M","E","R","?","T","E","?","?","?","?","R","BOSS","M","$","?","?","?","R","E","R","T","M","M","R","$","?","R","BOSS","M","M","?","M","?","E"],"items_purchased_type":["Relic","Relic","Card"],"build_version":"2020-12-22","purchased_purges":1,"victory":false,"max_hp_per_floor":[72,72,72,72,72,72,72,72,72,72,72,72,72,72,72,72,77,77,77,82,82,82,82,82,82,82,82,82,82,82,82,82,82,82,82,82,82,87,87,87,87],"card_choices":[{"not_picked":["CrushJoints","EmptyMind"],"picked":"Crescendo","floor":1},{"not_picked":["SashWhip","Protect"],"picked":"Conclude","floor":2},{"not_picked":["Conclude","ThirdEye"],"picked":"SashWhip","floor":4},{"not_picked":["JustLucky","Crescendo"],"picked":"Swivel","floor":5},{"not_picked":["Weave","BowlingBash"],"picked":"Scrawl","floor":6},{"not_picked":["Crescendo","CutThroughFate"],"picked":"Wallop","floor":10},{"not_picked":["SignatureMove","FlyingSleeves"],"picked":"BattleHymn","floor":11},{"not_picked":["Alpha","Vault"],"picked":"ConjureBlade","floor":16},{"not_picked":["Indignation","ForeignInfluence","BowlingBash+1"],"picked":"SKIP","floor":18},{"not_picked":["Prostrate","SashWhip","Protect"],"picked":"SKIP","floor":24},{"not_picked":["PathToVictory","EmptyMind"],"picked":"Consecrate+1","floor":27},{"not_picked":["FollowUp","Sanctity"],"picked":"ClearTheMind","floor":28},{"not_picked":["DevaForm","Scrawl"],"picked":"Alpha","floor":33},{"not_picked":["ThirdEye+1"],"picked":"SKIP","floor":35},{"not_picked":["FlyingSleeves+1"],"picked":"SKIP","floor":36},{"not_picked":["Conclude+1"],"picked":"SKIP","floor":37},{"not_picked":["ThirdEye"],"picked":"SKIP","floor":38}],"player_experience":118125,"relics_obtained":[{"floor":6,"key":"Bag of Marbles"},{"floor":9,"key":"Tiny Chest"},{"floor":10,"key":"Omamori"},{"floor":14,"key":"White Beast Statue"},{"floor":24,"key":"Letter Opener"},{"floor":26,"key":"MawBank"},{"floor":31,"key":"Bag of Preparation"}],"event_choices":[{"damage_healed":0,"gold_gain":0,"player_choice":"Success","damage_taken":3,"relics_obtained":["Darkstone Periapt"],"max_hp_gain":0,"max_hp_loss":0,"event_name":"Scrap Ooze","floor":3,"gold_loss":0},{"damage_healed":22,"gold_gain":0,"player_choice":"Full Heal","damage_taken":0,"max_hp_gain":0,"max_hp_loss":0,"event_name":"Wheel of Change","floor":8,"gold_loss":0},{"damage_healed":0,"gold_gain":0,"player_choice":"Box","damage_taken":0,"relics_obtained":["Blood Vial"],"max_hp_gain":0,"max_hp_loss":0,"event_name":"Big Fish","floor":13,"gold_loss":0,"cards_obtained":["Regret"]},{"damage_healed":0,"gold_gain":0,"player_choice":"Shed Blood","damage_taken":19,"max_hp_gain":5,"max_hp_loss":0,"event_name":"Forgotten Altar","floor":20,"gold_loss":0},{"cards_removed":["Strike_P"],"damage_healed":0,"gold_gain":0,"player_choice":"Elegance","damage_taken":0,"max_hp_gain":0,"max_hp_loss":0,"event_name":"Back to Basics","floor":21,"gold_loss":0},{"damage_healed":0,"gold_gain":0,"player_choice":"Got Potions","damage_taken":0,"max_hp_gain":0,"max_hp_loss":0,"event_name":"Lab","floor":22,"gold_loss":0},{"damage_healed":0,"gold_gain":0,"player_choice":"Rummage","damage_taken":0,"relics_obtained":["WarpedTongs"],"max_hp_gain":0,"max_hp_loss":0,"event_name":"Accursed Blacksmith","floor":39,"gold_loss":0,"cards_obtained":["Pain"]}],"is_beta":false,"boss_relics":[{"not_picked":["Runic Dome","Sozu"],"picked":"Tiny House"},{"not_picked":["Runic Pyramid","SlaversCollar"],"picked":"Busted Crown"}],"items_purged_floors":[19],"is_endless":false,"potions_floor_spawned":[4,5,6,10,16,18,24,27,28,33,35,36,37,38],"killed_by":"Giant Head","ascension_level":0}}