{"host":"sav7uxregyirlf69","time":1611842002,"event":{"mods":["AchievementEnabler","BaseMod","Colored Map","DeckTracker","Keyboard Shortcuts","Minty Spire (QoL Compilation)","READ ME - Guardian Mod","StSLib","SuperFastMode"],"gold_per_floor":[112,122,197,197,122,151,162,172,196,196,196,196,215,246,246,246,246],"floor_reached":16,"language":"KOR","playtime":259,"items_purged":["Strike_G"],"score":274,"play_id":"0a9a4ad3-01b0-4965-9023-84a051d49e74","local_time":"20210128225322","is_ascension_mode":true,"campfire_choices":[{"floor":12,"key":"REST"},{"data":"Noxious Fumes","floor":15,"key":"SMITH"}],"circlet_count":0,"master_deck":["AscendersBane","Strike_G","Strike_G","Strike_G","Defend_G","Defend_G","Defend_G","Defend_G","Defend_G","Survivor","Neutralize","Poisoned Stab","Dagger Throw","Parasite","Noxious Fumes+1","Calculated Gamble"],"relics":["Ring of the Snake","NeowsBlessing","Potion Belt","Regal Pillow","Nunchaku"],"acts_visited":["Exordium"],"potions_floor_usage":[10,16],"damage_taken":[{"damage":0,"enemies":"Small Slimes","floor":1,"turns":1},{"damage":0,"enemies":"Jaw Worm","floor":2,"turns":1},{"damage":0,"enemies":"Lagavulin","floor":6,"turns":1},{"damage":0,"enemies":"2 Louse","floor":7,"turns":3},{"damage":23,"enemies":"Large Slime","floor":8,"turns":10},{"damage":15,"enemies":"Red Slaver","floor":10,"turns":5},{"damage":3,"enemies":"Blue Slaver","floor":13,"turns":5},{"damage":34,"enemies":"3 Sentries","floor":14,"turns":9},{"damage":7,"enemies":"Hexaghost","floor":16,"turns":3}],"seed_played":"1076644043722371230","potions_obtained":[{"floor":2,"key":"FearPotion"},{"floor":6,"key":"BlessingOfTheForge"},{"floor":8,"key":"SmokeBomb"}],"is_trial":false,"path_per_floor":["M","M","?","?","$","E","M","M","T","M","?","R","M","E","R","B"],"character_chosen":"THE_SILENT","items_purchased":[],"campfire_rested":1,"item_purchase_floors":[],"current_hp_per_floor":[59,59,48,41,41,41,41,18,18,3,19,53,50,16,16,9,9],"gold":246,"neow_bonus":"THREE_ENEMY_KILL","is_daily":false,"chose_seed":false,"campfire_upgraded":1,"win_rate":0.0,"timestamp":1611842002,"path_taken":["M","M","?","?","?","E","M","?","T","M","?","R","M","E","R","BOSS"],"items_purchased_type":[],"build_version":"2020-12-22","purchased_purges":1,"victory":false,"max_hp_per_floor":[66,66,66,66,66,66,66,66,66,66,66,66,66,66,66,66,66],"card_choices":[{"not_picked":["Cloak And Dagger","Distraction"],"picked":"Poisoned Stab","floor":1},{"not_picked":["Deflect","Heel Hook"],"picked":"Dagger Throw","floor":2},{"not_picked":["Poisoned Stab","Eviscerate","Finisher"],"picked":"SKIP","floor":6},{"not_picked":["Endless Agony","PiercingWail","Dodge and Roll"],"picked":"SKIP","floor":7},{"not_picked":["Flying Knee","Caltrops","Dagger Throw"],"picked":"SKIP","floor":8},{"not_picked":["Escape Plan","Prepared"],"picked":"Noxious Fumes","floor":13},{"not_picked":["Sucker Punch","Finisher"],"picked":"Calculated Gamble","floor":14}],"player_experience":1423128,"relics_obtained":[{"floor":6,"key":"Potion Belt"},{"floor":9,"key":"Regal Pillow"},{"floor":14,"key":"Nunchaku"}],"event_choices":[{"damage_healed":0,"gold_gain":75,"player_choice":"Gather Gold","damage_taken":11,"max_hp_gain":0,"max_hp_loss":0,"event_name":"World of Goop","floor":3,"gold_loss":0},{"cards_removed":["Strike_G"],"damage_healed":0,"gold_gain":0,"player_choice":"Card Removal","damage_taken":7,"max_hp_gain":0,"max_hp_loss":0,"event_name":"Golden Wing","floor":4,"gold_loss":0},{"damage_healed":16,"gold_gain":0,"player_choice":"Healed and dodged fight","damage_taken":0,"max_hp_gain":0,"max_hp_loss":0,"event_name":"Mushrooms","floor":11,"gold_loss":0,"cards_obtained":["Parasite"]}],"is_beta":false,"boss_relics":[],"items_purged_floors":[5],"is_endless":false,"potions_floor_spawned":[2,6,8,10],"killed_by":"Hexaghost","ascension_level":20}}