{"host":"1bmpebsu0h6jmm2g","time":1611803306,"event":{"mods":["BaseMod","Colored Map","DeckTracker","Highlight Path","Keyboard Shortcuts","Minty Spire (QoL Compilation)","Permanent Neow","Quick Restart","Relic Stats","Slay the Relics Exporter","Spicy Shops","StSLib","SuperFastMode"],"gold_per_floor":[119,139,139,150,161,189,199,216,216,216,233,233,233,233],"floor_reached":13,"language":"KOR","playtime":228,"items_purged":[],"score":160,"play_id":"29c49d88-3f90-48be-9e7d-20c72fb3d4b2","local_time":"20210128120826","is_ascension_mode":true,"campfire_choices":[{"data":"Gash","floor":10.0,"key":"SMITH"}],"circlet_count":0,"master_deck":["AscendersBane","Strike_B","Strike_B","Strike_B","Strike_B","Defend_B","Defend_B","Defend_B","Defend_B","Zap+1","Dualcast","Gash+1","Cold Snap","Barrage","Gash","Rebound"],"relics":["Cracked Core","Mango","Anchor","Ancient Tea Set","Golden Idol"],"acts_visited":["Exordium"],"potions_floor_usage":[13],"damage_taken":[{"damage":3.0,"enemies":"Jaw Worm","floor":1.0,"turns":4.0},{"damage":1.0,"enemies":"Cultist","floor":2.0,"turns":3.0},{"damage":0.0,"enemies":"Small Slimes","floor":4.0,"turns":2.0},{"damage":16.0,"enemies":"3 Louse","floor":5.0,"turns":4.0},{"damage":19.0,"enemies":"3 Sentries","floor":6.0,"turns":7.0},{"damage":6.0,"enemies":"Looter","floor":7.0,"turns":4.0},{"damage":2.0,"enemies":"2 Fungi Beasts","floor":8.0,"turns":4.0},{"damage":0.0,"enemies":"3 Louse","floor":11.0,"turns":3.0},{"damage":31,"enemies":"Lagavulin","floor":13,"turns":3}],"seed_played":"-1233388408999974150","potions_obtained":[{"floor":2.0,"key":"PowerPotion"},{"floor":4.0,"key":"Dexterity Potion"},{"floor":6.0,"key":"DistilledChaos"}],"is_trial":false,"path_per_floor":["M","M","?","M","M","E","M","M","T","R","M","?","E"],"character_chosen":"DEFECT","items_purchased":[],"campfire_rested":0,"item_purchase_floors":[],"current_hp_per_floor":[75,74,74,74,58,39,33,31,31,31,31,31,0,0],"gold":233,"neow_bonus":"ONE_RARE_RELIC","is_daily":false,"chose_seed":false,"campfire_upgraded":1,"win_rate":0.0,"timestamp":1611803306,"path_taken":["M","M","?","M","?","E","M","M","T","R","M","?","E"],"items_purchased_type":[],"build_version":"2020-12-22","purchased_purges":0,"victory":false,"max_hp_per_floor":[78,78,78,78,78,78,78,78,78,78,78,71,71,71],"relic_stats":{"counters":[9,34],"Golden Idol":0,"obtain_stats":[{"Anchor":6,"Golden Idol":12,"Mango":0,"Cracked Core":0,"Ancient Tea Set":9},{"Anchor":5,"Golden Idol":8,"Mango":0,"Cracked Core":0,"Ancient Tea Set":7},{"Anchor":20,"Golden Idol":31,"Mango":0,"Cracked Core":0,"Ancient Tea Set":28}]},"card_choices":[{"not_picked":["Steam","Force Field"],"picked":"Gash","floor":1.0},{"not_picked":["White Noise","Glacier"],"picked":"Cold Snap","floor":2.0},{"not_picked":["Stack","Glacier","Turbo"],"picked":"SKIP","floor":4.0},{"not_picked":["Conserve Battery","Redo"],"picked":"Barrage","floor":5.0},{"not_picked":["Hyperbeam","Consume","Storm"],"picked":"SKIP","floor":6.0},{"not_picked":["Ball Lightning","Cold Snap"],"picked":"Gash","floor":7.0},{"not_picked":["Stack","Ball Lightning"],"picked":"Rebound","floor":8.0},{"not_picked":["Aggregate","Chaos","Tempest"],"picked":"SKIP","floor":11.0}],"player_experience":496776,"relics_obtained":[{"floor":6.0,"key":"Anchor"},{"floor":9.0,"key":"Ancient Tea Set"}],"event_choices":[{"damage_healed":0.0,"max_hp_gain":0.0,"max_hp_loss":0.0,"gold_gain":0.0,"event_name":"Upgrade Shrine","player_choice":"Upgraded","floor":3.0,"gold_loss":0.0,"damage_taken":0.0,"cards_upgraded":["Zap"]},{"damage_healed":0.0,"max_hp_gain":0.0,"max_hp_loss":7.0,"gold_gain":0.0,"event_name":"Golden Idol","player_choice":"Lose Max HP","floor":12.0,"gold_loss":0.0,"damage_taken":0.0,"relics_obtained":["Golden Idol"]}],"is_beta":false,"boss_relics":[],"items_purged_floors":[],"is_endless":false,"potions_floor_spawned":[2,4,6,11],"killed_by":"Lagavulin","ascension_level":16}}