{"host":"vqgrg90fv56geajp","time":1611869439,"event":{"mods":["BaseMod","Colored Map","Colored Powertips","Minty Spire (QoL Compilation)","Quick Restart","Rare Cards Sparkle","Relic Stats"],"gold_per_floor":[118,118,135,135,135,135,168,83,83,117,130,150,150,150,150,241,241,265,265,265,265],"floor_reached":20,"language":"ENG","playtime":820,"items_purged":[],"score":410,"play_id":"46ac8b89-4c1a-4ed9-9a78-dc2f5a9dd247","local_time":"20210128233039","is_ascension_mode":true,"campfire_choices":[{"floor":6,"key":"REST"},{"floor":13,"key":"REST"},{"floor":15,"key":"REST"}],"circlet_count":0,"master_deck":["AscendersBane","Strike_G","Strike_G","Strike_G","Strike_G","Defend_G","Defend_G","Defend_G","Defend_G","Defend_G","Survivor","Neutralize","Flying Knee+1","Blade Dance","Skewer+1","Terror","Night Terror","Infinite Blades+1","Riddle With Holes+1","Tools of the Trade","CurseOfTheBell","Skewer+1"],"relics":["Ring of the Snake","NeowsBlessing","Molten Egg 2","Golden Idol","StoneCalendar","Ancient Tea Set","Smiling Mask","Calling Bell","Tiny Chest","Paper Crane","FossilizedHelix"],"acts_visited":["Exordium","TheCity"],"potions_floor_usage":[16,20],"damage_taken":[{"damage":0,"enemies":"Small Slimes","floor":1,"turns":1},{"damage":0,"enemies":"Cultist","floor":3,"turns":1},{"damage":0,"enemies":"3 Sentries","floor":7,"turns":1},{"damage":40,"enemies":"Lagavulin","floor":10,"turns":7},{"damage":0,"enemies":"2 Louse","floor":11,"turns":2},{"damage":7,"enemies":"Large Slime","floor":12,"turns":5},{"damage":13,"enemies":"The Guardian","floor":16,"turns":8},{"damage":30,"enemies":"3 Byrds","floor":18,"turns":6},{"damage":28,"enemies":"Spheric Guardian","floor":20,"turns":5}],"seed_played":"-7816297163145895059","potions_obtained":[{"floor":10,"key":"LiquidMemories"},{"floor":12,"key":"Strength Potion"}],"is_trial":false,"path_per_floor":["M","?","M","?","?","R","E","$","T","E","M","M","R","?","R","B",null,"M","?","M"],"character_chosen":"THE_SILENT","items_purchased":["Terror"],"campfire_rested":3,"item_purchase_floors":[8],"current_hp_per_floor":[59,59,59,54,31,50,50,50,50,10,10,3,22,22,41,28,57,27,27,0,0],"gold":265,"neow_bonus":"THREE_ENEMY_KILL","is_daily":false,"chose_seed":false,"campfire_upgraded":0,"win_rate":0.0,"timestamp":1611869439,"path_taken":["M","?","?","?","?","R","E","$","T","E","M","M","R","?","R","BOSS","M","?","M"],"items_purchased_type":["Card"],"build_version":"2020-12-22","purchased_purges":0,"victory":false,"max_hp_per_floor":[66,66,66,66,66,66,66,66,66,66,66,66,66,66,66,66,66,66,66,66,66],"relic_stats":{"counters":[9,36],"Golden Idol":44,"StoneCalendar":[52],"Tiny Chest":0,"Smiling Mask":0,"obtain_stats":[{"Calling Bell":17,"NeowsBlessing":0,"Golden Idol":5,"Molten Egg 2":4,"StoneCalendar":7,"Tiny Chest":17,"Paper Crane":17,"Ancient Tea Set":9,"Smiling Mask":10,"FossilizedHelix":17,"Ring of the Snake":0},{"Calling Bell":7,"NeowsBlessing":0,"Golden Idol":2,"Molten Egg 2":2,"StoneCalendar":3,"Tiny Chest":7,"Paper Crane":7,"Ancient Tea Set":3,"Smiling Mask":4,"FossilizedHelix":7,"Ring of the Snake":0},{"Calling Bell":25,"NeowsBlessing":0,"Golden Idol":2,"Molten Egg 2":2,"StoneCalendar":3,"Tiny Chest":25,"Paper Crane":25,"Ancient Tea Set":3,"Smiling Mask":10,"FossilizedHelix":25,"Ring of the Snake":0}],"Ring of the Snake":[18]},"card_choices":[{"not_picked":["Dagger Throw","Bane"],"picked":"Flying Knee","floor":1},{"not_picked":["Dagger Spray","Flying Knee"],"picked":"Blade Dance","floor":3},{"not_picked":["Setup","Slice+1"],"picked":"Skewer+1","floor":7},{"not_picked":["Bane+1","Setup"],"picked":"Night Terror","floor":10},{"not_picked":["Outmaneuver","All Out Attack+1"],"picked":"Infinite Blades","floor":11},{"not_picked":["Bane+1","Catalyst"],"picked":"Riddle With Holes+1","floor":12},{"not_picked":["Unload+1","Grand Finale+1"],"picked":"Tools of the Trade","floor":16},{"not_picked":["Escape Plan","Dagger Spray+1"],"picked":"Skewer+1","floor":18}],"player_experience":2515611,"relics_obtained":[{"floor":7,"key":"StoneCalendar"},{"floor":9,"key":"Ancient Tea Set"},{"floor":10,"key":"Smiling Mask"},{"floor":17,"key":"Tiny Chest"},{"floor":17,"key":"Paper Crane"},{"floor":17,"key":"FossilizedHelix"}],"event_choices":[{"damage_healed":0,"gold_gain":0,"player_choice":"Upgraded","damage_taken":0,"max_hp_gain":0,"max_hp_loss":0,"event_name":"Upgrade Shrine","floor":2,"gold_loss":0,"cards_upgraded":["Flying Knee"]},{"damage_healed":0,"gold_gain":0,"player_choice":"Success","damage_taken":5,"relics_obtained":["Molten Egg 2"],"max_hp_gain":0,"max_hp_loss":0,"event_name":"Scrap Ooze","floor":4,"gold_loss":0},{"damage_healed":0,"gold_gain":0,"player_choice":"Take Damage","damage_taken":23,"relics_obtained":["Golden Idol"],"max_hp_gain":0,"max_hp_loss":0,"event_name":"Golden Idol","floor":5,"gold_loss":0},{"damage_healed":0,"gold_gain":0,"player_choice":"Grow","damage_taken":0,"max_hp_gain":0,"max_hp_loss":0,"event_name":"Living Wall","floor":14,"gold_loss":0,"cards_upgraded":["Infinite Blades"]},{"cards_removed":["Strike_G"],"damage_healed":0,"gold_gain":0,"player_choice":"Purged","damage_taken":0,"max_hp_gain":0,"max_hp_loss":0,"event_name":"Purifier","floor":19,"gold_loss":0}],"is_beta":false,"boss_relics":[{"not_picked":["Ectoplasm","Runic Dome"],"picked":"Calling Bell"}],"items_purged_floors":[],"is_endless":false,"potions_floor_spawned":[10,12],"killed_by":"Spheric Guardian","ascension_level":20}}