{"host":"2hlhnd4tei6r1t0s","time":1611797870,"event":{"mods":["100% Spire Juice","ATMod(阿瑾Mod)","Act Like it!","Arknights The Spire","Aspiration","Astrologer","Bard","BaseMod","Chen","Conspire","Downfall","Energized Spire","Evolution","Gensokyo","Gremlin Mod","GungeonMod","Hallownest","HololiveMod","HumanHunterMod(怪物杀人mod)","Jedi Mod","Jorbs\u0027s Wanderer Trilogy","KinomotoSakuraMod(木之本樱)","Koishi","Luminous","Mari Mod (Legacy)","Mari\u0027s V1 Patch","Minty Spire (QoL Compilation)","MostiFishMod","Pale of the Ancients","Potionbrewer","Prisma Mod","Quick Restart","Reimu（博丽灵梦）","Reliquary","Replay The Spire","Robot Space Explorer","RumiaBox-露米娅的神秘盒子","Slay the StarCraft II Mod","StSLib","TestMod","The Administrix","The Alterego","The Animator","The Blackbeard","The Construct","The Cursed","The Forsaken","The Gatherer","The Hayseed","The Jungle","The Mystic","The Runesmith","The Saiyan","The Senshi","The Showman","TheHeartMod","TheWitcher","Uncapped","WarShipGirlsR/战舰少女R mod","Yakumo Yukari mod","Yuyuko","[GremlinLeader]The Maniac","[IsaacMod]以撒尖塔","noobMod","【功能Mod】混沌之环修复补丁","【功能Mod】聪明的最终Boss","【遗物卡牌】REMEMod","残留之物","篝火指南"],"gold_per_floor":[99,99,99,99,99,8814,8838,8848,7347,6453,5768,5786,4745,4895,4931,5053,5053,5053,5067,4967,4967,4967],"floor_reached":20,"language":"ZHS","playtime":930,"items_purged":["Moonworks:WeAreWaruda","champ:Defend","champ:Defend","champ:Defend","champ:Defend+1","downfall:Icky"],"score":283,"play_id":"eabd1499-be64-416a-a8b9-fa9dc970fcb3","local_time":"20210128093750","is_ascension_mode":false,"campfire_choices":[{"floor":1,"key":"DIG"},{"floor":18,"key":"RECALL"}],"circlet_count":0,"master_deck":["champ:Strike","champ:Strike","champ:Strike","champ:Strike","champ:Execute","champ:Taunt","AT_IchimonjiDouble","BloodyBrimstone","champ:RecklessLeap","champ:TornadoPunch","champ:GutPunch","champ:BringItOn+1","REME_AllRoundStrike","champ:CrownThrow","champ:EndlessRage","champ:FocusedBerserking","champ:DeathBlow+1","champ:DeathBlow","champ:FlashCut","champ:DeathBlow","Inflame","champ:CrownThrow","Heavy Blade","Clothesline","Inflame","Twin Strike","champ:UltimateStance","MostiFishMod:MusicBox","Dropkick","Pummel","champ:EndlessRage","champ:RecklessLeap+1"],"relics":["champ:ChampionCrown","EVO:Axolotl","ice","testmod-TestBox","DaveBox","REME_ComplimentaryCards","HushsDoor","AT_ATBox","MoneyPower","CombinedTypeHook","testmod-FatalChain","downfall:HeartsMalice","theForsaken:Gavel","Gremlin Food","construct:RocketBooster","DemoMod:GnawedKey","DemoMod:PartiallyEatenCheese","TentaclePot:ReiMu","BirthdayGift-Tetrahedron","theSenshi:FeatherClipsRelic","testmod-ConstraintPeriapt","downfall:HeartBlessingBlue","reliquary:JackalopeAntler","Replay:Mystery Machine","aspiration:Nostalgia","m_CorellonBlood","jedi:bottledfury","testmod-AssaultLearning","champ:GladiatorsBookOfMartialProwess","reliquary:IridiumChain","potionbrewer:SalesContract","Transparent","GuppysTail","Incubus"],"acts_visited":["Exordium","TheCity"],"potions_floor_usage":[],"damage_taken":[{"damage":0,"enemies":"Small Slimes","floor":2,"turns":1},{"damage":0,"enemies":"2 Louse","floor":3,"turns":1},{"damage":0,"enemies":"Cultist","floor":5,"turns":1},{"damage":0,"enemies":"3 Louse","floor":8,"turns":2},{"damage":0,"enemies":"downfall:FleeingMerchant","floor":9,"turns":2},{"damage":6,"enemies":"2 Fungi Beasts","floor":12,"turns":2},{"damage":29,"enemies":"Exordium Thugs","floor":15,"turns":6},{"damage":0,"enemies":"WA_ARCHETYPE_RETAIN","floor":16,"turns":1},{"damage":3,"enemies":"conspire:FuzzyDice","floor":19,"turns":1},{"damage":27,"enemies":"Shell Parasite","floor":20,"turns":2}],"seed_played":"-3596366268234619965","potions_obtained":[{"floor":12,"key":"jedi:wingpotion"}],"is_trial":false,"path_per_floor":["R","M","M","?","M","R","T","M","$","R","$","M","$","?","M","B",null,"R","M","M"],"character_chosen":"THE_CHAMP","items_purchased":["champ:BringItOn+1","REME_AllRoundStrike","champ:CrownThrow","construct:RocketBooster","DemoMod:GnawedKey","DemoMod:PartiallyEatenCheese","TentaclePot:ReiMu","BirthdayGift-Tetrahedron","theSenshi:FeatherClipsRelic","testmod-ConstraintPeriapt","champ:DeathBlow+1","reliquary:JackalopeAntler","Replay:Mystery Machine","aspiration:Nostalgia","champ:DeathBlow","champ:FlashCut","jedi:bottledfury","testmod-AssaultLearning","champ:DeathBlow","Inflame","champ:GladiatorsBookOfMartialProwess","reliquary:IridiumChain","potionbrewer:SalesContract","Heavy Blade","Clothesline","Inflame","MostiFishMod:MusicBox","Dropkick","Pummel","champ:EndlessRage","GuppysTail","Incubus"],"campfire_rested":0,"item_purchase_floors":[6,6,6,6,6,6,6,9,9,9,9,10,10,10,10,10,11,11,11,11,13,13,13,13,13,13,17,17,17,17,17,17],"current_hp_per_floor":[90,90,90,72,72,72,72,72,72,82,82,94,94,94,78,84,47,47,44,18,18,18],"gold":4967,"neow_bonus":"THREE_ENEMY_KILL","is_daily":false,"chose_seed":false,"campfire_upgraded":0,"win_rate":0.0,"timestamp":1611797870,"path_taken":["R","M","M","?","M","R","T","?","$","R","$","M","$","?","M","BOSS","R","M","M"],"items_purchased_type":["Card","Card","Card","Relic","Relic","Relic","Relic","Relic","Relic","Relic","Card","Relic","Relic","Relic","Card","Card","Relic","Relic","Card","Card","Relic","Relic","Relic","Card","Card","Card","Card","Card","Card","Card","Relic","Relic"],"build_version":"2020-12-22","purchased_purges":6,"victory":false,"max_hp_per_floor":[90,90,90,90,90,90,90,87,87,97,97,97,97,97,94,94,47,47,44,41,41,41],"card_choices":[{"not_picked":[],"picked":"BloodyBrimstone","floor":0},{"not_picked":["champ:AdrenalArmor","champ:Parry"],"picked":"champ:RecklessLeap","floor":2},{"not_picked":["champ:GutPunch","champ:UltimateStance"],"picked":"champ:TornadoPunch","floor":3},{"not_picked":["champ:BladeFlurry","champ:BringItOn"],"picked":"champ:GutPunch","floor":5},{"not_picked":["champ:Backstep","champ:IronFortress"],"picked":"champ:EndlessRage","floor":8},{"not_picked":["champ:Backstep","champ:CrookedStrike"],"picked":"champ:FocusedBerserking","floor":9},{"not_picked":["champ:BerserkersShout","champ:Endure"],"picked":"champ:CrownThrow","floor":12},{"not_picked":["Shockwave","champ:EndlessRage"],"picked":"Twin Strike","floor":15},{"not_picked":["champ:CheapShot","champ:DancingMaster"],"picked":"champ:UltimateStance","floor":16},{"not_picked":["champ:HeartStrike","champ:SetATrap"],"picked":"champ:RecklessLeap+1","floor":19}],"player_experience":177997,"relics_obtained":[{"floor":1,"key":"theForsaken:Gavel"}],"event_choices":[{"damage_healed":0,"gold_gain":0,"player_choice":"Success","damage_taken":18,"relics_obtained":["Gremlin Food"],"max_hp_gain":0,"max_hp_loss":0,"event_name":"Scrap Ooze","floor":4,"gold_loss":0}],"is_beta":false,"boss_relics":[{"not_picked":["Snecko Eye","Black Star"],"picked":"Transparent"},{"not_picked":[]}],"items_purged_floors":[6,9,10,11,13,17],"is_endless":false,"potions_floor_spawned":[12,15,16],"killed_by":"Shell Parasite","ascension_level":0}}