{"host":"kydqlojjt9mno5rv","time":1611870339,"event":{"mods":["AchievementEnabler","BaseMod","Colored Powertips","Curses Come First","DeckTracker","Minty Spire (QoL Compilation)","Quick Restart","Replay The Spire","Shop Mod","Spicy Shops","StSLib","SuperFastMode","Synergy Search","Weighted Paths"],"gold_per_floor":[110,110,60,60,72,119,131,173,185,207,219,266,18,32,32,127,127,143,143,155,65,79,79,79,79],"floor_reached":24,"language":"ENG","playtime":1729,"items_purged":["Regret"],"score":288,"play_id":"73e502c6-4ee7-4adc-9265-89d0c599ad79","local_time":"20210128164539","is_ascension_mode":true,"campfire_choices":[{"data":"ReplayTheSpireMod:Muscle Training","floor":7.0,"key":"SMITH"},{"data":"ReplayReversal","floor":11.0,"key":"SMITH"},{"floor":15.0,"key":"REST"},{"floor":23,"key":"REST"}],"circlet_count":0,"master_deck":["Strike_R","Strike_R","Strike_R","Strike_R","Defend_R","Defend_R","Defend_R","ReplayTheSpireMod:Muscle Training+1","Survivor","Neutralize","Burning Pact","ReplayReversal+1","Shrug It Off","True Grit","Flex","Heavy Blade","Mayhem","Good Instincts","Discovery","Carnage","Carnage","Corruption","CommonCold","Hallucinations","Iron Wave","Body Slam","Double Tap+1","Power Through","Battle Trance","Combust"],"relics":["Burning Blood","NeowsBlessing","MawBank","Bag of Preparation","Gremlin Horn","Prayer Wheel","ReplayTheSpireMod:ShopPack","Replay:Ancient Bell","Blue Doll","Meat on the Bone","Replay:PocketPolymizer"],"acts_visited":["Exordium","TheCity"],"potions_floor_usage":[20,20,24],"damage_taken":[{"damage":0.0,"enemies":"Small Slimes","floor":1.0,"turns":1.0},{"damage":0.0,"enemies":"Gremlin Nob","floor":6.0,"turns":1.0},{"damage":0.0,"enemies":"Lagavulin","floor":8.0,"turns":1.0},{"damage":7.0,"enemies":"Jaw Worm","floor":10.0,"turns":5.0},{"damage":63.0,"enemies":"Gremlin Nob","floor":12.0,"turns":7.0},{"damage":0.0,"enemies":"2 Louse","floor":14.0,"turns":2.0},{"damage":42.0,"enemies":"Slime Boss","floor":16.0,"turns":14.0},{"damage":3,"enemies":"Spheric Guardian","floor":18,"turns":3},{"damage":70,"enemies":"Shell Parasite","floor":20,"turns":7},{"damage":40,"enemies":"Snake Plant","floor":22,"turns":3},{"damage":66,"enemies":"Slavers","floor":24,"turns":5}],"seed_played":"-4608301215237269730","potions_obtained":[{"floor":6.0,"key":"Regen Potion"},{"floor":12.0,"key":"Fire Potion"},{"floor":14.0,"key":"Dexterity Potion"},{"floor":16.0,"key":"Weak Potion"},{"floor":18,"key":"BloodPotion"}],"is_trial":false,"path_per_floor":["M","?","?","?","$","E","R","E","T","M","R","E","$","M","R","B",null,"M","$","M","?","M","R","E"],"character_chosen":"IRONCLAD","items_purchased":["ReplayTheSpireMod:ShopPack","Flex","Heavy Blade"],"campfire_rested":2,"item_purchase_floors":[13,13,13],"current_hp_per_floor":[80,80,80,80,80,80,80,80,80,79,79,22,22,28,52,30,80,80,80,44,44,22,46,0,0],"gold":79,"neow_bonus":"THREE_ENEMY_KILL","is_daily":false,"chose_seed":false,"campfire_upgraded":2,"win_rate":0.0,"timestamp":1611870339,"path_taken":["M","?","?","?","$","E","R","E","T","M","R","E","?","M","R","BOSS","M","$","M","?","M","R","E"],"items_purchased_type":["Relic","Card","Card"],"build_version":"2020-12-22","purchased_purges":1,"victory":false,"max_hp_per_floor":[80,80,80,80,80,80,80,80,80,80,80,80,80,80,80,80,80,80,80,80,80,80,80,80,80],"card_choices":[{"not_picked":["Twin Strike","Heavy Blade"],"picked":"ReplayTheSpireMod:Muscle Training","floor":1.0},{"not_picked":["Havoc","Whirlwind"],"picked":"Burning Pact","floor":6.0},{"not_picked":["Iron Wave","Second Wind"],"picked":"ReplayReversal","floor":8.0},{"not_picked":["Second Wind","Headbutt"],"picked":"Shrug It Off","floor":10.0},{"not_picked":["ReplayTheSpireMod:LeadingStrike","Headbutt"],"picked":"True Grit","floor":12.0},{"not_picked":["Secret Technique","Chrysalis"],"picked":"Mayhem","floor":13.0},{"not_picked":["Midas Touch","Trip"],"picked":"Good Instincts","floor":13.0},{"not_picked":["Purity","Blind"],"picked":"Discovery","floor":13.0},{"not_picked":["Clash","Pommel Strike"],"picked":"Carnage","floor":14.0},{"not_picked":["ReplayTheSpireMod:Corrosion Curse","Clash"],"picked":"Carnage","floor":14.0},{"not_picked":["Eclipse","Replay:Many Hands"],"picked":"Corruption","floor":16.0},{"not_picked":["Voices","Pain"],"picked":"CommonCold","floor":17.0},{"not_picked":["Hallucinations","AbeCurse"],"picked":"Decay","floor":17.0},{"not_picked":["Sickly","ReplayTheSpireMod:IOU"],"picked":"Hallucinations","floor":17.0},{"not_picked":["Armaments","Spot Weakness"],"picked":"Iron Wave","floor":18},{"not_picked":["Clash","Pommel Strike"],"picked":"Body Slam","floor":18},{"not_picked":["Run Through+1","Headbutt"],"picked":"Double Tap","floor":20},{"not_picked":["Sword Boomerang","Cleave"],"picked":"Power Through","floor":20},{"not_picked":["Sword Boomerang","Massacre"],"picked":"Battle Trance","floor":22},{"not_picked":["Clash","Replay:Undeath\u0027s Touch+1","Sword Boomerang"],"picked":"SKIP","floor":22}],"player_experience":153790,"relics_obtained":[{"floor":6.0,"key":"Bag of Preparation"},{"floor":8.0,"key":"Gremlin Horn"},{"floor":12.0,"key":"Prayer Wheel"}],"event_choices":[{"cards_removed":["Defend_R"],"damage_healed":0.0,"max_hp_gain":0.0,"max_hp_loss":0.0,"gold_gain":0.0,"event_name":"The Cleric","player_choice":"Card Removal","floor":3.0,"gold_loss":50.0,"damage_taken":0.0},{"damage_healed":0.0,"max_hp_gain":0.0,"max_hp_loss":0.0,"gold_gain":0.0,"event_name":"Big Fish","player_choice":"Box","floor":4.0,"gold_loss":0.0,"damage_taken":0.0,"relics_obtained":["MawBank"],"cards_obtained":["Regret"]},{"cards_removed":["Decay"],"damage_healed":0,"gold_gain":0,"player_choice":"Upgrade and Remove","damage_taken":0,"max_hp_gain":0,"max_hp_loss":0,"event_name":"Designer","floor":21,"gold_loss":90,"cards_upgraded":["Double Tap"]}],"is_beta":false,"boss_relics":[{"not_picked":["Velvet Choker","Fusion Hammer"],"picked":"Replay:Ancient Bell"},{"not_picked":["Anchor","Smiling Mask"],"picked":"Blue Doll"},{"not_picked":["Kunai","Blue Candle"],"picked":"Meat on the Bone"},{"not_picked":["Calipers","Torii"],"picked":"Replay:PocketPolymizer"}],"items_purged_floors":[13],"is_endless":false,"potions_floor_spawned":[6,12,14,16,18],"killed_by":"Slavers","ascension_level":2}}