{"host":"8pcehwtvb3b6plng","time":1611827794,"event":{"mods":["BaseMod","Minty Spire (QoL Compilation)","Replay The Spire","StSLib"],"gold_per_floor":[119,137,237,254,266,291,216,232,283,310,321,321,346,409,409,511,511,528,443,458,458,358,385,401,401,401,401,416,442,505,534,534,534,534],"floor_reached":33,"language":"ZHS","playtime":1319,"items_purged":["Strike_R","Pain"],"score":498,"play_id":"ade1ae0c-cb51-4ba1-8a47-1e668d1aea95","local_time":"20210128175634","is_ascension_mode":true,"campfire_choices":[{"data":"Hemogenesis","floor":12,"key":"SMITH"},{"floor":15,"key":"REST"},{"data":"Demonic Infusion","floor":25,"key":"SMITH"},{"data":"Spot Weakness","floor":27,"key":"SMITH"}],"circlet_count":0,"master_deck":["Strike_R","Strike_R","Strike_R+1","Strike_R+1","Defend_R","Defend_R","Defend_R","Defend_R","Bash","Hemogenesis+1","Clash","Spot Weakness+1","Clothesline","Iron Wave","Run Through","Offering","Clash","Pot Of Greed","Pot Of Greed","Havoc","Inflame","Demonic Infusion+1","Clash","Pommel Strike+1","Clash","Pot Of Greed","Flex","Berserk","Havoc","ReplayTheSpireMod:Limb From Limb","Hemokinesis"],"relics":["Burning Blood","Whetstone","Blood Vial","Replay:Bottled Snecko","Grinning Jar","Regal Pillow","Philosopher\u0027s Stone","Toy Ornithopter","WarpedTongs","Replay:Bottled Steam","Mirror","Paper Frog","Pet Ghost","CaptainsWheel"],"acts_visited":["Exordium","TheCity"],"potions_floor_usage":[16,18,24,31,31,31],"damage_taken":[{"damage":6,"enemies":"Cultist","floor":1,"turns":4},{"damage":8,"enemies":"Jaw Worm","floor":2,"turns":5},{"damage":7,"enemies":"Small Slimes","floor":4,"turns":4},{"damage":22,"enemies":"Exordium Thugs","floor":5,"turns":4},{"damage":35,"enemies":"Lagavulin","floor":6,"turns":7},{"damage":3,"enemies":"Blue Slaver","floor":8,"turns":2},{"damage":25,"enemies":"Gremlin Nob","floor":10,"turns":4},{"damage":6,"enemies":"Looter","floor":11,"turns":2},{"damage":16,"enemies":"3 Sentries","floor":13,"turns":6},{"damage":38,"enemies":"3 Sentries","floor":14,"turns":7},{"damage":68,"enemies":"Slime Boss","floor":16,"turns":8},{"damage":19,"enemies":"3 Byrds","floor":18,"turns":6},{"damage":21,"enemies":"Chosen","floor":20,"turns":5},{"damage":34,"enemies":"Book of Stabbing","floor":23,"turns":5},{"damage":5,"enemies":"Centurion and Healer","floor":24,"turns":3},{"damage":19,"enemies":"Snecko","floor":28,"turns":4},{"damage":6,"enemies":"Gremlin Leader","floor":29,"turns":4},{"damage":30,"enemies":"Slavers","floor":31,"turns":5},{"damage":39,"enemies":"Champ","floor":33,"turns":2}],"seed_played":"-4358244749224130419","potions_obtained":[{"floor":2,"key":"Ancient Potion"},{"floor":4,"key":"BloodPotion"},{"floor":14,"key":"Elixir"},{"floor":16,"key":"BlessingOfTheForge"},{"floor":18,"key":"Explosive Potion"},{"floor":28,"key":"Fire Potion"},{"floor":31,"key":"SneckoOil"},{"floor":32,"key":"SteroidPotion"},{"floor":32,"key":"Swift Potion"}],"is_trial":false,"path_per_floor":["M","M","?","M","M","E","$","M","T","E","M","R","E","?","R","B",null,"M","?","M","?","$","E","M","R","T","R","M","E","?","E","R","B"],"character_chosen":"IRONCLAD","items_purchased":[],"campfire_rested":1,"item_purchase_floors":[],"current_hp_per_floor":[77,80,80,80,64,35,35,38,38,21,28,28,31,9,48,15,64,61,61,48,48,48,30,38,38,38,38,27,37,5,24,24,0,0],"gold":534,"neow_bonus":"ONE_RANDOM_RARE_CARD","is_daily":false,"chose_seed":false,"campfire_upgraded":3,"win_rate":0.0,"timestamp":1611827794,"path_taken":["M","?","?","M","?","E","$","M","T","E","M","R","E","?","R","BOSS","M","?","M","?","$","E","?","R","T","R","M","E","?","E","R","BOSS"],"items_purchased_type":[],"build_version":"2020-12-22","purchased_purges":2,"victory":false,"max_hp_per_floor":[80,80,80,80,80,80,80,80,80,80,80,80,80,80,80,80,80,80,80,80,80,80,80,80,80,80,80,80,80,80,80,80,80,80],"card_choices":[{"not_picked":["Flex","Headbutt"],"picked":"Clash","floor":1},{"not_picked":["Anger","Fire Breathing"],"picked":"Spot Weakness","floor":2},{"not_picked":["Perfected Strike","Fire Breathing"],"picked":"Clothesline","floor":4},{"not_picked":["Clothesline","Anger"],"picked":"Iron Wave","floor":5},{"not_picked":["Entrench","True Grit"],"picked":"Run Through","floor":6},{"not_picked":["ReplayReversal","Reckless Charge","Power Through"],"picked":"SKIP","floor":8},{"not_picked":["ReplayTheSpireMod:Stacked","Defy Death"],"picked":"Offering","floor":10},{"not_picked":["Flame Barrier","Power Through"],"picked":"Clash","floor":11},{"not_picked":["Massacre","Abandon"],"picked":"Havoc","floor":13},{"not_picked":["Burning Pact","ReplayReversal"],"picked":"Inflame","floor":14},{"not_picked":["Exhume","Juggernaut"],"picked":"Demonic Infusion","floor":16},{"not_picked":["Sever Soul","Combust+1"],"picked":"Clash","floor":18},{"not_picked":["Shrug It Off","Blood for Blood"],"picked":"Pommel Strike+1","floor":20},{"not_picked":["Dual Wield","Massacre+1","Warcry+1"],"picked":"SKIP","floor":23},{"not_picked":["Dropkick","Warcry+1"],"picked":"Clash","floor":24},{"not_picked":["Shrug It Off","Run Through+1"],"picked":"Flex","floor":28},{"not_picked":["Flex","ReplayTheSpireMod:Strike From Hell"],"picked":"Berserk","floor":29},{"not_picked":["Carnage","ReplayTheSpireMod:Corrosion Curse+1"],"picked":"Havoc","floor":30},{"not_picked":["Flame Barrier+1","Pummel"],"picked":"ReplayTheSpireMod:Limb From Limb","floor":30},{"not_picked":["Flame Barrier","Run Through"],"picked":"Hemokinesis","floor":31}],"player_experience":162657,"relics_obtained":[{"floor":6,"key":"Whetstone"},{"floor":9,"key":"Blood Vial"},{"floor":10,"key":"Replay:Bottled Snecko"},{"floor":13,"key":"Grinning Jar"},{"floor":14,"key":"Regal Pillow"},{"floor":23,"key":"Replay:Bottled Steam"},{"floor":26,"key":"Mirror"},{"floor":29,"key":"Paper Frog"},{"floor":30,"key":"Pet Ghost"},{"floor":31,"key":"CaptainsWheel"}],"event_choices":[{"damage_healed":0,"gold_gain":100,"player_choice":"Pray","damage_taken":0,"max_hp_gain":0,"max_hp_loss":0,"event_name":"Golden Shrine","floor":3,"gold_loss":0},{"damage_healed":0,"gold_gain":0,"player_choice":"Searched \u00272\u0027 times","damage_taken":0,"max_hp_gain":0,"max_hp_loss":0,"event_name":"Dead Adventurer","floor":14,"gold_loss":0},{"damage_healed":0,"gold_gain":0,"player_choice":"Obtained Relic","damage_taken":0,"relics_obtained":["Toy Ornithopter"],"max_hp_gain":0,"max_hp_loss":0,"event_name":"Addict","floor":19,"gold_loss":85},{"damage_healed":0,"gold_gain":0,"player_choice":"Rummage","damage_taken":0,"relics_obtained":["WarpedTongs"],"max_hp_gain":0,"max_hp_loss":0,"event_name":"Accursed Blacksmith","floor":21,"gold_loss":0,"cards_obtained":["Pain"]}],"is_beta":false,"boss_relics":[{"not_picked":["Runic Dome","Replay:Ancient Bell"],"picked":"Philosopher\u0027s Stone"}],"items_purged_floors":[7,22],"is_endless":false,"potions_floor_spawned":[2,4,14,16,18,23,28,31],"killed_by":"Champ","ascension_level":7}}