{"host":"8o45mh5p3pp1o2mi","time":1611794769,"event":{"mods":["BaseMod","Bestiary","Better Match","Better Third Choice","BetterRewards","Dark Map","Downfall","Fox Events","Minty Spire (QoL Compilation)","Rare Cards Sparkle","Relic Stats","Replay The Spire","Shop Mod","StSLib","everything is the same but u backflip on backflip"],"gold_per_floor":[99,99,99,163,313,313,313,104,4,24,9,9,39,39,59,158,158,58,43,61,61,161,46,46,73,86,106,138,138,157,157,168,270,270,270,287,301,301,301,334,334,351,201,235,110,135,135,148,159,159],"floor_reached":51,"language":"ENG","playtime":4242,"items_purged":["downfall:Icky","downfall:Bewildered","Guardian:Strike_Guardian"],"score":1008,"play_id":"b27bebb9-6207-4b9f-99dd-9d994a0d488c","local_time":"20210128004609","is_ascension_mode":true,"campfire_choices":[{"floor":1,"key":"RECALL"},{"data":"Guardian:MultiBeam","floor":9,"key":"SMITH"},{"data":"Guardian:StasisField","floor":18,"key":"SMITH"},{"floor":29,"key":"REST"},{"data":"Guardian:GatlingBeam","floor":35,"key":"SMITH"},{"data":"expansioncontent:StudyTheSpire","floor":47,"key":"SMITH"}],"circlet_count":0,"master_deck":["Guardian:Strike_Guardian","Guardian:Strike_Guardian","Guardian:Defend_Guardian","Guardian:Defend_Guardian","Guardian:Defend_Guardian","Guardian:CurlUp","Guardian:TwinSlam","Guardian:Suspension","Guardian:Preprogram","Guardian:MultiBeam+1","Guardian:RefractedBeam","Guardian:Reroute","Guardian:CompilePackage","Guardian:ShieldCharger","Guardian:StasisField+1","Guardian:RevengeProtocol","Guardian:ChargeUp","Guardian:ChargeCore","Guardian:ShieldCharger","J.A.X.","Guardian:BodySlam+1","Guardian:Incinerate","Guardian:AncientConstruct","Guardian:Incinerate","Guardian:TemporalStrike","Guardian:Recover","Guardian:GatlingBeam+1","expansioncontent:StudyTheSpire+1","Guardian:TimeCapacitor+1","Guardian:ShieldCharger","Guardian:Gem_Crimson"],"relics":["Guardian:ModeShifter","downfall:HeartsMalice","ReplayTheSpireMod:Ring of Addiction","Potion Belt","Chameleon Ring","Lantern","CaptainsWheel","downfall:HeartBlessingRed","Eternal Feather","SlaversCollar","downfall:HeartBlessingGreen","sneckomod:BabySnecko","MutagenicStrength","HornCleat","Strawberry","ReplayTheSpireMod:TigerMarble","Busted Crown","InkBottle","Gremlin Food","Replay:Ringing Soul","Bottled Tornado","Pondfish Scales","Boot"],"acts_visited":["Exordium","TheCity","TheBeyond"],"potions_floor_usage":[13,16,16,16,22,23,30,32,33,36,42,42,49,50,50,50,50],"damage_taken":[{"damage":0,"enemies":"Small Slimes","floor":2,"turns":1},{"damage":0,"enemies":"3 Sentries","floor":4,"turns":1},{"damage":0,"enemies":"Jaw Worm","floor":6,"turns":1},{"damage":0,"enemies":"downfall:FleeingMerchant","floor":8,"turns":4},{"damage":7,"enemies":"2 Louse","floor":10,"turns":3},{"damage":15,"enemies":"downfall:FleeingMerchant","floor":11,"turns":4},{"damage":14,"enemies":"Gremlin Nob","floor":13,"turns":3},{"damage":6,"enemies":"Exordium Wildlife","floor":15,"turns":3},{"damage":16,"enemies":"WA_ARCHETYPE_RETAIN","floor":16,"turns":5},{"damage":2,"enemies":"downfall:FleeingMerchant","floor":19,"turns":4},{"damage":15,"enemies":"Shell Parasite","floor":20,"turns":8},{"damage":25,"enemies":"downfall:Augmenter","floor":22,"turns":7},{"damage":13,"enemies":"downfall:FleeingMerchant","floor":23,"turns":4},{"damage":3,"enemies":"Book of Stabbing","floor":25,"turns":4},{"damage":3,"enemies":"Shelled Parasite and Fungi","floor":26,"turns":4},{"damage":12,"enemies":"Centurion and Healer","floor":27,"turns":5},{"damage":0,"enemies":"Slavers","floor":28,"turns":1},{"damage":8,"enemies":"Snake Plant","floor":30,"turns":2},{"damage":2,"enemies":"Cultist and Chosen","floor":32,"turns":6},{"damage":21,"enemies":"IC_MUSHROOM_ARCHETYPE","floor":33,"turns":6},{"damage":0,"enemies":"3 Darklings","floor":36,"turns":1},{"damage":7,"enemies":"3 Shapes","floor":37,"turns":2},{"damage":31,"enemies":"Giant Head","floor":40,"turns":7},{"damage":1,"enemies":"Jaw Worm Horde","floor":42,"turns":2},{"damage":0,"enemies":"downfall:FleeingMerchant","floor":43,"turns":2},{"damage":0,"enemies":"R_Hoarder","floor":44,"turns":5},{"damage":0,"enemies":"Reptomancer","floor":46,"turns":4},{"damage":13,"enemies":"Maw","floor":48,"turns":6},{"damage":3,"enemies":"3 Darklings","floor":49,"turns":4},{"damage":17,"enemies":"SI_POISON_ARCHETYPE","floor":50,"turns":6}],"seed_played":"6432034131631859598","potions_obtained":[{"floor":3,"key":"Death Potion"},{"floor":3,"key":"hexamod:SoulburnPotion"},{"floor":3,"key":"Elixir"},{"floor":4,"key":"SmokeBomb"},{"floor":12,"key":"Slimebound:ThreeZeroPotion"},{"floor":12,"key":"Death Potion"},{"floor":15,"key":"Guardian:AcceleratePotion"},{"floor":16,"key":"Venom Potion"},{"floor":20,"key":"AttackPotion"},{"floor":25,"key":"LiquidBronze"},{"floor":26,"key":"Energy Potion"},{"floor":28,"key":"Regen Potion"},{"floor":32,"key":"PowerPotion"},{"floor":37,"key":"AttackPotion"},{"floor":42,"key":"DuplicationPotion"},{"floor":48,"key":"Fire Potion"},{"floor":49,"key":"Cursed Concoction"}],"is_trial":false,"path_per_floor":["R","M","?","?","?","M","T","$","R","M","$","R","E","?","M","B",null,"R","$","M","?","?","$","T","E","M","M","E","R","M","?","M","B",null,"R","M","M","?","?","E","T","M","$","E","$","E","R","M","M","B",null],"character_chosen":"GUARDIAN","items_purchased":["Guardian:MultiBeam","Guardian:RefractedBeam","Replay:Ringing Soul","Bottled Tornado"],"campfire_rested":1,"item_purchase_floors":[8,8,43,43],"current_hp_per_floor":[80,80,80,80,80,80,78,78,78,69,54,54,40,40,34,18,74,74,72,57,57,32,19,19,23,20,8,8,46,38,38,61,40,63,63,63,56,56,56,25,25,24,24,24,24,24,39,29,29,50],"gold":159,"neow_bonus":"THREE_ENEMY_KILL","is_daily":false,"chose_seed":false,"campfire_upgraded":4,"win_rate":0.0,"timestamp":1611794769,"path_taken":["R","M","?","?","?","?","T","$","R","M","$","R","E","?","M","BOSS","R","$","M","?","?","$","T","E","M","M","E","R","?","?","M","BOSS","R","M","M","?","?","E","T","M","?","E","$","E","R","M","M","BOSS"],"items_purchased_type":["Card","Card","Relic","Relic"],"build_version":"2020-12-22","purchased_purges":3,"victory":true,"max_hp_per_floor":[80,80,80,80,80,80,78,78,78,76,76,76,74,74,74,74,74,74,74,72,72,72,72,72,79,79,77,77,77,75,63,63,63,63,63,63,63,63,63,61,61,61,61,61,61,59,59,62,63,63],"relic_stats":{"Busted Crown":20,"counters":[30,112],"Eternal Feather":30,"Boot":[6],"obtain_stats":[{"Potion Belt":3,"Gremlin Food":41,"Lantern":4,"downfall:HeartBlessingRed":9,"ReplayTheSpireMod:Ring of Addiction":3,"Guardian:ModeShifter":0,"downfall:HeartsMalice":0,"Eternal Feather":13,"downfall:HeartBlessingGreen":18,"Bottled Tornado":43,"Boot":46,"SlaversCollar":17,"sneckomod:BabySnecko":21,"Replay:Ringing Soul":43,"CaptainsWheel":7,"Pondfish Scales":44,"Chameleon Ring":3,"HornCleat":24,"Busted Crown":34,"MutagenicStrength":22,"Strawberry":25,"ReplayTheSpireMod:TigerMarble":28,"InkBottle":40},{"Potion Belt":1,"Gremlin Food":23,"Lantern":2,"downfall:HeartBlessingRed":4,"ReplayTheSpireMod:Ring of Addiction":1,"Guardian:ModeShifter":0,"downfall:HeartsMalice":0,"Eternal Feather":7,"downfall:HeartBlessingGreen":9,"Bottled Tornado":25,"Boot":27,"SlaversCollar":9,"sneckomod:BabySnecko":11,"Replay:Ringing Soul":25,"CaptainsWheel":3,"Pondfish Scales":26,"Chameleon Ring":1,"HornCleat":13,"Busted Crown":20,"MutagenicStrength":12,"Strawberry":14,"ReplayTheSpireMod:TigerMarble":17,"InkBottle":23},{"Potion Belt":0,"Gremlin Food":83,"Lantern":0,"downfall:HeartBlessingRed":4,"ReplayTheSpireMod:Ring of Addiction":0,"Guardian:ModeShifter":0,"downfall:HeartsMalice":0,"Eternal Feather":14,"downfall:HeartBlessingGreen":22,"Bottled Tornado":87,"Boot":96,"SlaversCollar":22,"sneckomod:BabySnecko":34,"Replay:Ringing Soul":87,"CaptainsWheel":0,"Pondfish Scales":92,"Chameleon Ring":0,"HornCleat":45,"Busted Crown":73,"MutagenicStrength":41,"Strawberry":49,"ReplayTheSpireMod:TigerMarble":59,"InkBottle":83}],"InkBottle":[13]},"card_choices":[{"not_picked":["Guardian:Gem_Cyan","Guardian:DonusPower"],"picked":"Guardian:Suspension","floor":2},{"not_picked":["Guardian:Gem_Red","Guardian:WalkerClaw"],"picked":"Guardian:Gem_Lightblue","floor":4},{"not_picked":["Guardian:TimeCapacitor","Guardian:PrismaticBarrier"],"picked":"Guardian:Preprogram","floor":6},{"not_picked":["Guardian:Gem_Red","Guardian:ChargeCore","Guardian:PrismaticBarrier"],"picked":"SKIP","floor":8},{"not_picked":["Guardian:Suspension","Guardian:Gem_Lightblue"],"picked":"Guardian:Recover","floor":10},{"not_picked":["Guardian:BronzeOrb","Guardian:Gem_White"],"picked":"Guardian:Reroute","floor":11},{"not_picked":["Guardian:Incinerate","Guardian:Gem_Red"],"picked":"Guardian:CompilePackage","floor":13},{"not_picked":["Guardian:DecasProtection","Guardian:Gem_Green"],"picked":"Guardian:ShieldCharger","floor":15},{"not_picked":["Guardian:SphericShield","Guardian:Gem_Orange"],"picked":"Guardian:StasisField","floor":16},{"not_picked":["Guardian:Gem_Cyan","Guardian:Planning"],"picked":"Guardian:RevengeProtocol","floor":19},{"not_picked":["Guardian:Gem_Red","Guardian:PrismaticBeam"],"picked":"Guardian:ChargeUp","floor":20},{"not_picked":[],"picked":"J.A.X.","floor":22},{"not_picked":["Guardian:VentSteam","Guardian:Gem_Lightblue"],"picked":"Guardian:BodySlam+1","floor":22},{"not_picked":["Guardian:Planning","Guardian:Gem_Cyan"],"picked":"Guardian:Incinerate","floor":23},{"not_picked":["Guardian:Gem_Green","Guardian:BronzeArmor"],"picked":"Guardian:AncientConstruct","floor":25},{"not_picked":["Guardian:CrystalBeam+1","Guardian:WalkerClaw+1"],"picked":"Guardian:Incinerate","floor":26},{"not_picked":["Guardian:RollAttack+1","Guardian:WalkerClaw+1"],"picked":"Guardian:TemporalStrike","floor":27},{"not_picked":["Guardian:Gem_Red","Guardian:Harden"],"picked":"Guardian:Gem_Green","floor":28},{"not_picked":["Guardian:RefractedBeam","Guardian:FierceBash"],"picked":"Guardian:Recover","floor":30},{"not_picked":["Guardian:Recover","Guardian:TemporalShield","Guardian:Incinerate"],"picked":"SKIP","floor":32},{"not_picked":["Guardian:StasisField","Guardian:FastForward"],"picked":"Guardian:GatlingBeam","floor":33},{"not_picked":["Guardian:FuturePlans"],"picked":"SKIP","floor":36},{"not_picked":["Guardian:BodySlam"],"picked":"SKIP","floor":37},{"not_picked":["expansioncontent:HyperBeam","expansioncontent:LastStand"],"picked":"expansioncontent:StudyTheSpire","floor":39},{"not_picked":["Guardian:GuardianWhirl+1"],"picked":"SKIP","floor":40},{"not_picked":[],"picked":"Guardian:TimeCapacitor+1","floor":42},{"not_picked":["Guardian:DecasProtection+1"],"picked":"SKIP","floor":43},{"not_picked":["Guardian:Suspension"],"picked":"SKIP","floor":44},{"not_picked":["Guardian:AncientConstruct"],"picked":"SKIP","floor":46},{"not_picked":[],"picked":"Guardian:ShieldCharger","floor":48},{"not_picked":[],"picked":"Guardian:Gem_Crimson","floor":49}],"player_experience":133625,"relics_obtained":[{"floor":3,"key":"ReplayTheSpireMod:Ring of Addiction"},{"floor":3,"key":"Potion Belt"},{"floor":3,"key":"Chameleon Ring"},{"floor":4,"key":"Lantern"},{"floor":7,"key":"CaptainsWheel"},{"floor":13,"key":"Eternal Feather"},{"floor":22,"key":"MutagenicStrength"},{"floor":24,"key":"HornCleat"},{"floor":25,"key":"Strawberry"},{"floor":28,"key":"ReplayTheSpireMod:TigerMarble"},{"floor":40,"key":"InkBottle"},{"floor":41,"key":"Gremlin Food"},{"floor":44,"key":"Pondfish Scales"},{"floor":46,"key":"Boot"}],"event_choices":[],"is_beta":false,"boss_relics":[{"not_picked":["Ring of Chaos","Fusion Hammer"],"picked":"SlaversCollar"},{"not_picked":["Replay:Ancient Bell","Replay:Wanted Poster"],"picked":"Busted Crown"}],"items_purged_floors":[8,23,45],"is_endless":false,"potions_floor_spawned":[4,15,16,20,25,26,28,32,37,42,48,49],"ascension_level":2}}