{"host":"5ddwedapke4fsx0r","time":1611877735,"event":{"mods":["BaseMod","ChefMod","Downfall","Hermit","Infinite Spire","Minty Spire (QoL Compilation)","Shade Mod","StSLib","The Cursed","The Dragon Tamer","The Marked","The Servant 0.9.4"],"gold_per_floor":[99,113,126,126,137,37,37,95,109,109,123,136,161,146,158,158,158],"floor_reached":16,"language":"ENG","playtime":1075,"items_purged":[],"score":109,"play_id":"505ac674-ea8f-4254-a160-56b15d38007c","local_time":"20210129004855","is_ascension_mode":true,"campfire_choices":[{"floor":1,"key":"RECALL"},{"data":"Metamorphosis","floor":6,"key":"SMITH"},{"data":"TheCursedMod:SpitefulPlan","floor":10,"key":"SMITH"}],"circlet_count":0,"master_deck":["TheCursedMod:Strike_TheCursed","TheCursedMod:Strike_TheCursed","TheCursedMod:Strike_TheCursed","TheCursedMod:Strike_TheCursed","TheCursedMod:Defend_TheCursed","TheCursedMod:Defend_TheCursed","TheCursedMod:Defend_TheCursed","TheCursedMod:Defend_TheCursed","TheCursedMod:CursedWand","TheCursedMod:CleanUpWorkshop","TheCursedMod:Dregs","Writhe","Metamorphosis+1","TheCursedMod:SpitefulPlan+1","TheCursedMod:FuryStrike","TheCursedMod:Neurasthenia","TheCursedMod:EmpowerCircles","TheCursedMod:CircleOfAmplification","TheCursedMod:CursedArmor","TheCursedMod:SmokeScreen","TheCursedMod:CircleOfCorruption"],"relics":["TheCursedMod:BlackMagic101","downfall:HeartBlessingRed","TheCursedMod:MagicCandle","Strawberry","The Courier"],"acts_visited":["Exordium"],"potions_floor_usage":[8,9,12],"damage_taken":[{"damage":0,"enemies":"Small Slimes","floor":2,"turns":5},{"damage":6,"enemies":"Jaw Worm","floor":3,"turns":2},{"damage":0,"enemies":"Cultist","floor":5,"turns":3},{"damage":23,"enemies":"Gremlin Nob","floor":8,"turns":4},{"damage":0,"enemies":"Lots of Slimes","floor":9,"turns":3},{"damage":7,"enemies":"3 Louse","floor":11,"turns":3},{"damage":0,"enemies":"Large Slime","floor":12,"turns":3},{"damage":26,"enemies":"3 Sentries","floor":13,"turns":5},{"damage":0,"enemies":"downfall:FleeingMerchant","floor":14,"turns":4},{"damage":10,"enemies":"Red Slaver","floor":15,"turns":5},{"damage":14,"enemies":"IC_STATUS_ARCHETYPE","floor":16,"turns":2}],"seed_played":"-3159255139569863165","potions_obtained":[{"floor":2,"key":"SkillPotion"},{"floor":8,"key":"AttackPotion"},{"floor":11,"key":"Fire Potion"}],"is_trial":false,"path_per_floor":["R","M","M","?","M","R","T","?","M","R","M","M","E","$","M","B"],"character_chosen":"THE_CURSED","items_purchased":[],"campfire_rested":0,"item_purchase_floors":[],"current_hp_per_floor":[75,75,69,69,69,69,69,53,53,53,46,46,20,20,10,0,0],"gold":158,"neow_bonus":"RANDOM_COLORLESS_2","is_daily":false,"chose_seed":false,"campfire_upgraded":2,"win_rate":0.0,"timestamp":1611877735,"path_taken":["R","M","M","?","M","R","T","?","M","R","M","M","E","?","M","BOSS"],"items_purchased_type":[],"build_version":"2020-12-22","purchased_purges":0,"victory":false,"max_hp_per_floor":[75,75,75,75,75,75,75,82,82,82,82,82,82,82,82,82,82],"card_choices":[{"not_picked":["HandOfGreed","Master of Strategy"],"picked":"Metamorphosis","floor":0},{"not_picked":["TheCursedMod:TacticalStrike","TheCursedMod:Stretching"],"picked":"TheCursedMod:SpitefulPlan","floor":2},{"not_picked":["TheCursedMod:HellsGateOpen","TheCursedMod:RavingStaff","TheCursedMod:Wield"],"picked":"SKIP","floor":3},{"not_picked":["TheCursedMod:CursedShiv","TheCursedMod:Obscuration"],"picked":"TheCursedMod:FuryStrike","floor":5},{"not_picked":["TheCursedMod:RavingStaff","TheCursedMod:ReleasedKnowledge"],"picked":"TheCursedMod:Neurasthenia","floor":8},{"not_picked":["TheCursedMod:WearCloak","TheCursedMod:SaltUponWound"],"picked":"TheCursedMod:EmpowerCircles","floor":9},{"not_picked":["TheCursedMod:Evocation","TheCursedMod:VitalStrike"],"picked":"TheCursedMod:CircleOfAmplification","floor":11},{"not_picked":["TheCursedMod:VitalStrike","TheCursedMod:SpitefulStrike"],"picked":"TheCursedMod:CursedArmor","floor":12},{"not_picked":["TheCursedMod:RapidMovement","TheCursedMod:BloodBarrier"],"picked":"TheCursedMod:SmokeScreen","floor":13},{"not_picked":["TheCursedMod:SmokeScreen","TheCursedMod:ManaCirculation"],"picked":"TheCursedMod:CircleOfCorruption","floor":14},{"not_picked":["TheCursedMod:SaltUponWound","TheCursedMod:Stigma","TheCursedMod:Torture"],"picked":"SKIP","floor":15}],"player_experience":505923,"relics_obtained":[{"floor":7,"key":"TheCursedMod:MagicCandle"},{"floor":8,"key":"Strawberry"},{"floor":13,"key":"The Courier"}],"event_choices":[],"is_beta":false,"boss_relics":[],"items_purged_floors":[],"is_endless":false,"potions_floor_spawned":[2,8,11],"killed_by":"IC_STATUS_ARCHETYPE","ascension_level":1}}