{"host":"2q82lssse0ckn8xu","time":1611830977,"event":{"mods":["AchievementEnabler","BaseMod","Colored Map","Colored Powertips","Minty Spire (QoL Compilation)","Permanent Neow","Quick Restart","StSLib","The Saiyan","Unceasing Turn Reminder"],"gold_per_floor":[13,27,46,58,71,71,85,105,105,105,124,124,154,186,186,289,289,308,308,333,608,36,67,67,81,81,95,110,110,110,124,124,223,273,283,283,293,293,69,69,69,69,69,96,110,110,110,72,72,72],"floor_reached":51,"language":"ENG","playtime":2818,"items_purged":["Regret"],"score":956,"play_id":"541e0cac-67a7-49d4-a25d-38d46583d269","local_time":"20210128161937","is_ascension_mode":true,"campfire_choices":[{"floor":6.0,"key":"REST"},{"floor":10.0,"key":"REST"},{"floor":12.0,"key":"REST"},{"floor":15.0,"key":"REST"},{"floor":24.0,"key":"REST"},{"floor":29.0,"key":"REST"},{"data":"Establishment","floor":32.0,"key":"SMITH"},{"data":"Adaptation","floor":40.0,"key":"SMITH"},{"floor":42.0,"key":"REST"},{"data":"BattleHymn","floor":49.0,"key":"SMITH"}],"circlet_count":0,"master_deck":["Defend_P","Defend_P","Defend_P","Eruption","Vigilance+1","DevaForm","Consecrate","Study","Tantrum","Adaptation+1","BattleHymn+1","Establishment+1","Protect","Adaptation+1","Devotion+1","Evaluate","Bite","Bite","Bite","Bite+1","Bite","ClearTheMind+1","Protect","EmptyFist+1","BattleHymn+1","Fasting2+1"],"relics":["PureWater","Frozen Egg 2","Bottled Flame","Busted Crown","Bag of Preparation","Damaru","Gremlin Horn","CaptainsWheel","Singing Bowl","Tiny House","Yang","War Paint","HornCleat","The Courier","Shuriken"],"acts_visited":["Exordium","TheCity","TheBeyond"],"potions_floor_usage":[50,50],"damage_taken":[{"damage":1.0,"enemies":"Cultist","floor":1.0,"turns":4.0},{"damage":3.0,"enemies":"Small Slimes","floor":2.0,"turns":4.0},{"damage":7.0,"enemies":"Jaw Worm","floor":3.0,"turns":3.0},{"damage":20.0,"enemies":"Large Slime","floor":4.0,"turns":6.0},{"damage":4.0,"enemies":"Lots of Slimes","floor":5.0,"turns":2.0},{"damage":34.0,"enemies":"Exordium Wildlife","floor":7.0,"turns":4.0},{"damage":13.0,"enemies":"Red Slaver","floor":8.0,"turns":4.0},{"damage":21.0,"enemies":"Exordium Thugs","floor":11.0,"turns":4.0},{"damage":24.0,"enemies":"Gremlin Nob","floor":14.0,"turns":5.0},{"damage":10.0,"enemies":"Slime Boss","floor":16.0,"turns":5.0},{"damage":16.0,"enemies":"3 Byrds","floor":18.0,"turns":5.0},{"damage":39.0,"enemies":"Gremlin Leader","floor":23.0,"turns":5.0},{"damage":2.0,"enemies":"Chosen","floor":25.0,"turns":4.0},{"damage":23.0,"enemies":"Centurion and Healer","floor":27.0,"turns":3.0},{"damage":4.0,"enemies":"Sentry and Sphere","floor":28.0,"turns":4.0},{"damage":9.0,"enemies":"Snake Plant","floor":31.0,"turns":4.0},{"damage":16.0,"enemies":"Collector","floor":33.0,"turns":6.0},{"damage":30.0,"enemies":"3 Darklings","floor":35.0,"turns":4.0},{"damage":0.0,"enemies":"3 Shapes","floor":37.0,"turns":3.0},{"damage":12.0,"enemies":"Reptomancer","floor":44.0,"turns":5.0},{"damage":23.0,"enemies":"Spire Growth","floor":45.0,"turns":4.0},{"damage":51,"enemies":"Time Eater","floor":50,"turns":5}],"seed_played":"-8119164959807447521","potions_obtained":[{"floor":2.0,"key":"DuplicationPotion"},{"floor":3.0,"key":"Weak Potion"},{"floor":5.0,"key":"BlessingOfTheForge"},{"floor":11.0,"key":"Dexterity Potion"},{"floor":23.0,"key":"GamblersBrew"},{"floor":27.0,"key":"Fire Potion"},{"floor":28.0,"key":"Block Potion"},{"floor":33.0,"key":"BlessingOfTheForge"},{"floor":34.0,"key":"FearPotion"},{"floor":44.0,"key":"DuplicationPotion"},{"floor":45.0,"key":"ColorlessPotion"}],"is_trial":false,"path_per_floor":["M","M","M","M","M","R","M","M","T","R","M","R","?","E","R","B",null,"M","?","T","?","$","E","R","M","T","M","M","R","?","M","R","B",null,"M","T","M","?","$","R","?","R","T","E","M","T","?","$","R","B",null],"character_chosen":"WATCHER","items_purchased":["Damaru","Gremlin Horn","ClearTheMind","Protect","War Paint","Fasting2+1","Swift Potion"],"campfire_rested":7,"item_purchase_floors":[22,22,22,22,39,39,48],"current_hp_per_floor":[64,61,54,34,30,51,17,4,4,25,4,25,25,1,22,12,57,41,41,41,41,41,16,31,33,33,18,24,40,40,41,41,41,61,42,42,51,51,51,51,47,69,69,70,63,63,63,63,63,21],"gold":72,"neow_bonus":"THREE_RARE_CARDS","is_daily":false,"chose_seed":false,"campfire_upgraded":3,"win_rate":0.0,"timestamp":1611830977,"path_taken":["M","M","M","M","?","R","M","M","T","R","M","R","?","E","R","BOSS","M","?","?","?","$","E","R","M","T","M","?","R","?","M","R","BOSS","M","?","?","?","$","R","?","R","T","E","M","?","?","$","R","BOSS"],"items_purchased_type":["Relic","Relic","Card","Card","Relic","Card","Potion"],"build_version":"2020-12-22","purchased_purges":1,"victory":true,"max_hp_per_floor":[72,72,72,72,72,72,72,72,72,72,72,72,72,72,72,72,72,72,50,50,50,50,50,50,50,50,52,54,54,54,56,56,58,65,67,67,69,69,69,69,75,75,75,77,79,79,79,79,79,79],"card_choices":[{"not_picked":["Omniscience","Scrawl"],"picked":"DevaForm","floor":0.0},{"not_picked":["Prostrate","Indignation"],"picked":"Consecrate","floor":1.0},{"not_picked":["ClearTheMind","WindmillStrike"],"picked":"Study","floor":2.0},{"not_picked":["FlyingSleeves","Study"],"picked":"PathToVictory","floor":3.0},{"not_picked":["FlurryOfBlows","CrushJoints"],"picked":"Tantrum","floor":4.0},{"not_picked":["ClearTheMind","Wireheading"],"picked":"Adaptation","floor":5.0},{"not_picked":["FlurryOfBlows","SignatureMove"],"picked":"BattleHymn","floor":7.0},{"not_picked":["Consecrate","SashWhip"],"picked":"Establishment","floor":8.0},{"not_picked":["InnerPeace","Evaluate"],"picked":"Protect","floor":11.0},{"not_picked":["CutThroughFate","Halt","Adaptation+1"],"picked":"SKIP","floor":14.0},{"not_picked":["CutThroughFate","Halt"],"picked":"Adaptation+1","floor":14.0},{"not_picked":["DevaForm+1","Judgement"],"picked":"Devotion+1","floor":16.0},{"not_picked":[],"picked":"Evaluate","floor":18.0},{"not_picked":["EmptyFist+1"],"picked":"SKIP","floor":23.0},{"not_picked":[],"picked":"EmptyFist+1","floor":23.0},{"not_picked":[],"picked":"BattleHymn+1","floor":25.0},{"not_picked":["Indignation+1"],"picked":"Singing Bowl","floor":27.0},{"not_picked":["ClearTheMind"],"picked":"Singing Bowl","floor":28.0},{"not_picked":["WreathOfFlame"],"picked":"Singing Bowl","floor":31.0},{"not_picked":["Blasphemy"],"picked":"Singing Bowl","floor":33.0},{"not_picked":["CutThroughFate"],"picked":"Singing Bowl","floor":34.0},{"not_picked":["FollowUp+1"],"picked":"Singing Bowl","floor":35.0},{"not_picked":["Indignation"],"picked":"Singing Bowl","floor":37.0},{"not_picked":["Deep Breath"],"picked":"Singing Bowl","floor":41.0},{"not_picked":["PanicButton"],"picked":"Singing Bowl","floor":41.0},{"not_picked":["Jack Of All Trades"],"picked":"Singing Bowl","floor":41.0},{"not_picked":["PathToVictory+1"],"picked":"Singing Bowl","floor":44.0},{"not_picked":["TalkToTheHand"],"picked":"Singing Bowl","floor":45.0}],"player_experience":639492,"relics_obtained":[{"floor":9.0,"key":"Frozen Egg 2"},{"floor":14.0,"key":"Bottled Flame"},{"floor":20.0,"key":"Bag of Preparation"},{"floor":23.0,"key":"CaptainsWheel"},{"floor":26.0,"key":"Singing Bowl"},{"floor":36.0,"key":"Yang"},{"floor":43.0,"key":"HornCleat"},{"floor":44.0,"key":"The Courier"},{"floor":46.0,"key":"Shuriken"}],"event_choices":[{"damage_healed":0.0,"max_hp_gain":0.0,"max_hp_loss":0.0,"gold_gain":30.0,"event_name":"Dead Adventurer","player_choice":"Searched \u00271\u0027 times","floor":13.0,"gold_loss":0.0,"damage_taken":0.0},{"damage_healed":0.0,"max_hp_gain":0.0,"max_hp_loss":22.0,"gold_gain":0.0,"event_name":"Vampires","player_choice":"Became a vampire","floor":19.0,"gold_loss":0.0,"damage_taken":0.0,"cards_obtained":["Bite","Bite","Bite","Bite","Bite"]},{"damage_healed":0.0,"max_hp_gain":0.0,"max_hp_loss":0.0,"gold_gain":275.0,"event_name":"Golden Shrine","player_choice":"Desecrate","floor":21.0,"gold_loss":0.0,"damage_taken":0.0,"cards_obtained":["Regret"]},{"cards_removed":["Defend_P"],"damage_healed":0.0,"max_hp_gain":0.0,"max_hp_loss":0.0,"gold_gain":0.0,"event_name":"Purifier","player_choice":"Purged","floor":30.0,"gold_loss":0.0,"damage_taken":0.0},{"cards_removed":["PathToVictory"],"damage_healed":0.0,"max_hp_gain":0.0,"max_hp_loss":0.0,"gold_gain":0.0,"event_name":"Falling","player_choice":"Removed Skill","floor":38.0,"gold_loss":0.0,"damage_taken":0.0},{"damage_healed":0.0,"max_hp_gain":0.0,"max_hp_loss":0.0,"gold_gain":0.0,"event_name":"SensoryStone","player_choice":"Memory 3","floor":41.0,"gold_loss":0.0,"damage_taken":10.0},{"damage_healed":0.0,"max_hp_gain":0.0,"max_hp_loss":0.0,"gold_gain":0.0,"event_name":"Tomb of Lord Red Mask","player_choice":"Ignored","floor":47.0,"gold_loss":0.0,"damage_taken":0.0}],"is_beta":false,"boss_relics":[{"not_picked":["Runic Pyramid","SlaversCollar"],"picked":"Busted Crown"},{"not_picked":["Pandora\u0027s Box","Velvet Choker"],"picked":"Tiny House"}],"items_purged_floors":[22],"is_endless":false,"potions_floor_spawned":[2,3,5,11,23,27,28,33,44,45],"ascension_level":8}}