{"host":"7vcinojww5gy0fs8","time":1611817070,"event":{"mods":["100% Spire Juice","Alarm Clock","Ascension Reborn","Aspiration","BaseMod","BetterRewards","Fox Events","Googly Eyes","Highlight Path","Lobotomy","LobotomyExtend","Luminous","Marked Mod","Minty Spire (QoL Compilation)","Quick Restart","Red Circlet Mod","Spicy Shops","StSLib","¡¾ÒÅÎï¿¨ÅÆ¡¿REMEMod"],"gold_per_floor":[119,51,65,95,108,108,108],"floor_reached":6,"language":"ZHS","playtime":333,"items_purged":["Luminous:Light_Flash_Shower"],"score":36,"play_id":"56e725bf-956a-4eb3-b893-7b069feb5868","local_time":"20210128145750","is_ascension_mode":true,"campfire_choices":[],"circlet_count":0,"master_deck":["Luminous:Light_Flash_Shower","Luminous:Light_Flash_Shower","Luminous:Dark_Abyssal_Drop","Luminous:Dark_Abyssal_Drop","Luminous:Dark_Abyssal_Drop","Luminous:Defend_Luminous","Luminous:Defend_Luminous","Luminous:Defend_Luminous","Luminous:Defend_Luminous","Luminous:Switch_Luminous","Seek","Luminous:Light_Spectral_Light","Luminous:Accumulation_Luminous","Luminous:Blinding_Pillar_Luminous","Luminous:Dark_Pressure_Void","Luminous:Hero_Will_Luminous"],"relics":["Luminous:MirrorRelic","REME_ComplimentaryCards","Ginger","Art of War","LetterFromLob","Torii","foxEvents:LuckyCharm"],"acts_visited":[],"potions_floor_usage":[],"damage_taken":[{"damage":7.0,"enemies":"Cultist","floor":1.0,"turns":4.0},{"damage":0.0,"enemies":"Small Slimes","floor":3.0,"turns":3.0},{"damage":12.0,"enemies":"Colosseum Slavers","floor":4.0,"turns":2.0},{"damage":6,"enemies":"Jaw Worm","floor":5,"turns":2},{"damage":41,"enemies":"Gremlin Nob","floor":6,"turns":4}],"seed_played":"-6564960211662728672","potions_obtained":[{"floor":4.0,"key":"Energy Potion"}],"is_trial":false,"path_per_floor":["M","$","M","?","M","E"],"character_chosen":"LuminousClass","items_purchased":["Ginger","Art of War","Luminous:Light_Spectral_Light","Torii"],"campfire_rested":0,"item_purchase_floors":[0,0,0,2],"current_hp_per_floor":[33,33,33,21,15,0,0],"gold":108,"neow_bonus":"","is_daily":false,"chose_seed":false,"campfire_upgraded":0,"win_rate":0.0,"timestamp":1611817070,"path_taken":["M","?","?","?","M","E"],"items_purchased_type":["Relic","Relic","Card","Relic"],"build_version":"2020-12-22","purchased_purges":1,"victory":false,"max_hp_per_floor":[75,75,75,75,75,75,75],"card_choices":[{"not_picked":["Luminous:Light_Disperse","Luminous:Dark_Pressure_Void"],"picked":"Luminous:Accumulation_Luminous","floor":1.0},{"not_picked":["Luminous:Dark_Raid","Luminous:Dark_Apocalypse"],"picked":"Luminous:Blinding_Pillar_Luminous","floor":3.0},{"not_picked":["Luminous:Light_Glare","Luminous:Mana_Overload_Luminous"],"picked":"Luminous:Dark_Pressure_Void","floor":4.0},{"not_picked":["Luminous:Light_Wash_Luminous","Luminous:Dark_Raid"],"picked":"Luminous:Hero_Will_Luminous","floor":5}],"player_experience":310952,"relics_obtained":[{"floor":1.0,"key":"LetterFromLob"},{"floor":4.0,"key":"foxEvents:LuckyCharm"}],"event_choices":[],"is_beta":false,"boss_relics":[],"items_purged_floors":[0],"is_endless":false,"potions_floor_spawned":[4],"killed_by":"Gremlin Nob","ascension_level":0}}