{"host":"sz8c8ni79nvzjmmg","time":1611826733,"event":{"mods":["AchievementEnabler","BaseMod","DeckTracker","Keyboard Shortcuts","Minty Spire (QoL Compilation)","SuperFastMode"],"gold_per_floor":[118,118,118,136,36,72,72,86,86,124,21,21,35,53,53,144,144,157,57,81,106,130,130,165,181,204,204,204,204,204,204],"floor_reached":30,"language":"KOR","playtime":1868,"items_purged":["Strike_R","Strike_R"],"score":520,"play_id":"2e2cdbf1-7c0d-4279-a679-b5f923e78e2b","local_time":"20210128183853","is_ascension_mode":true,"campfire_choices":[{"data":"Armaments","floor":7.0,"key":"SMITH"},{"data":"Shrug It Off","floor":12.0,"key":"SMITH"},{"data":"Shrug It Off","floor":15.0,"key":"SMITH"},{"data":"Dark Embrace","floor":23.0,"key":"SMITH"},{"data":"Body Slam","floor":27,"key":"SMITH"},{"data":"Body Slam","floor":29,"key":"SMITH"}],"circlet_count":0,"master_deck":["AscendersBane","Strike_R","Defend_R","Defend_R","Defend_R","Defend_R","Bash","Havoc+1","Shockwave","Body Slam+1","Body Slam+1","Feel No Pain","Armaments+1","Uppercut+1","Seeing Red","Shrug It Off+1","Shrug It Off+1","Pommel Strike+1","Barricade","Dark Embrace+1","Fiend Fire+1","Second Wind"],"relics":["Burning Blood","Golden Idol","Molten Egg 2","Matryoshka","MealTicket","Runic Pyramid","Bag of Marbles","Bronze Scales","Happy Flower"],"acts_visited":["Exordium","TheCity"],"potions_floor_usage":[],"damage_taken":[{"damage":9.0,"enemies":"Small Slimes","floor":1.0,"turns":6.0},{"damage":2.0,"enemies":"Jaw Worm","floor":4.0,"turns":6.0},{"damage":27.0,"enemies":"3 Sentries","floor":6.0,"turns":20.0},{"damage":0.0,"enemies":"Cultist","floor":8.0,"turns":4.0},{"damage":15.0,"enemies":"Lagavulin","floor":10.0,"turns":8.0},{"damage":9.0,"enemies":"Gremlin Gang","floor":13.0,"turns":5.0},{"damage":3.0,"enemies":"3 Louse","floor":14.0,"turns":3.0},{"damage":4.0,"enemies":"Hexaghost","floor":16.0,"turns":11.0},{"damage":17.0,"enemies":"Shell Parasite","floor":18.0,"turns":5.0},{"damage":1.0,"enemies":"3 Byrds","floor":20.0,"turns":6.0},{"damage":9.0,"enemies":"Snake Plant","floor":21.0,"turns":4.0},{"damage":26.0,"enemies":"Shelled Parasite and Fungi","floor":22.0,"turns":6.0},{"damage":24.0,"enemies":"Gremlin Leader","floor":24.0,"turns":4.0},{"damage":12,"enemies":"Centurion and Healer","floor":25,"turns":4},{"damage":28,"enemies":"Slavers","floor":30,"turns":2}],"seed_played":"1056819723799589569","potions_obtained":[{"floor":1.0,"key":"CultistPotion"},{"floor":8.0,"key":"Energy Potion"},{"floor":16.0,"key":"AttackPotion"},{"floor":21.0,"key":"LiquidMemories"}],"is_trial":false,"path_per_floor":["M","?","?","M","$","E","R","M","T","E","$","R","M","M","R","B",null,"M","$","M","M","M","R","E","M","T","R","?","R","E"],"character_chosen":"IRONCLAD","items_purchased":["Body Slam","Feel No Pain","Shrug It Off"],"campfire_rested":0,"item_purchase_floors":[5,5,11],"current_hp_per_floor":[47,47,47,51,51,30,30,36,36,27,42,42,39,42,42,44,62,51,66,68,65,45,45,27,21,21,21,21,21,0,0],"gold":204,"neow_bonus":"TRANSFORM_TWO_CARDS","is_daily":false,"chose_seed":false,"campfire_upgraded":6,"win_rate":0.0,"timestamp":1611826733,"path_taken":["M","?","?","M","$","E","R","M","T","E","$","R","M","M","R","BOSS","M","$","?","M","?","R","E","M","T","R","?","R","E"],"items_purchased_type":["Card","Card","Card"],"build_version":"2020-12-22","purchased_purges":2,"victory":false,"max_hp_per_floor":[75,68,68,68,68,68,68,68,68,68,68,68,68,68,68,68,68,68,68,68,68,68,68,68,68,68,68,68,68,68,68],"card_choices":[{"not_picked":["Rampage","Warcry","Havoc"],"picked":"SKIP","floor":1.0},{"not_picked":["Iron Wave","True Grit"],"picked":"Body Slam","floor":4.0},{"not_picked":["Body Slam+1","Dual Wield"],"picked":"Armaments","floor":6.0},{"not_picked":["Dual Wield","Iron Wave+1"],"picked":"Uppercut+1","floor":8.0},{"not_picked":["Sentinel","Body Slam+1"],"picked":"Seeing Red","floor":10.0},{"not_picked":["True Grit","Flex"],"picked":"Shrug It Off","floor":13.0},{"not_picked":["Cleave+1","Reckless Charge+1"],"picked":"Pommel Strike+1","floor":14.0},{"not_picked":["Bludgeon+1","Exhume"],"picked":"Barricade","floor":16.0},{"not_picked":["Armaments","Whirlwind+1","Anger+1"],"picked":"SKIP","floor":18.0},{"not_picked":["Armaments","Sever Soul+1","Combust"],"picked":"SKIP","floor":20.0},{"not_picked":["Shrug It Off","Perfected Strike+1"],"picked":"Dark Embrace","floor":21.0},{"not_picked":["Shrug It Off","Combust","Body Slam+1"],"picked":"SKIP","floor":22.0},{"not_picked":["True Grit","Dropkick+1"],"picked":"Fiend Fire+1","floor":24.0},{"not_picked":["Bloodletting","Wild Strike+1"],"picked":"Second Wind","floor":25}],"player_experience":1236156,"relics_obtained":[{"floor":6.0,"key":"Molten Egg 2"},{"floor":9.0,"key":"Matryoshka"},{"floor":10.0,"key":"MealTicket"},{"floor":24.0,"key":"Bag of Marbles"},{"floor":26,"key":"Bronze Scales"},{"floor":26,"key":"Happy Flower"}],"event_choices":[{"damage_healed":0.0,"max_hp_gain":0.0,"max_hp_loss":7.0,"gold_gain":0.0,"event_name":"Golden Idol","player_choice":"Lose Max HP","floor":2.0,"gold_loss":0.0,"damage_taken":0.0,"relics_obtained":["Golden Idol"]},{"damage_healed":0.0,"max_hp_gain":0.0,"max_hp_loss":0.0,"gold_gain":0.0,"event_name":"Accursed Blacksmith","player_choice":"Forge","floor":3.0,"gold_loss":0.0,"damage_taken":0.0,"cards_upgraded":["Havoc"]},{"damage_healed":0,"gold_gain":0,"player_choice":"Ignored","damage_taken":0,"max_hp_gain":0,"max_hp_loss":0,"event_name":"Cursed Tome","floor":28,"gold_loss":0}],"is_beta":false,"boss_relics":[{"not_picked":["Snecko Eye","Black Blood"],"picked":"Runic Pyramid"}],"items_purged_floors":[11,19],"is_endless":false,"potions_floor_spawned":[1,8,16,18,20,21],"killed_by":"Slavers","ascension_level":20}}