{"host":"zxd2l8an9de7z7b9","time":1611844190,"event":{"mods":["2.2 Compatiblity","BaseMod","CapriCore","Colored Map","Colored Powertips","Minty Spire (QoL Compilation)","Rare Cards Sparkle","StSLib","SuperFastMode"],"gold_per_floor":[116,133,13,25,36,65,65,124,124,124,124,143,143,143,143,239,239,259,358,358,48,48,48,77,105,105,105,118,134,149,181,181,281,281,299,54,73,91,313,313,333,364,364,414,442,24,74,90,90,90,90,90,19,45,45,45],"floor_reached":55,"language":"KOR","playtime":2605,"items_purged":["Defend_P","PathToVictory","BowlingBash"],"score":931,"play_id":"b2c16b44-eaa6-484f-b067-6254096f8d57","local_time":"20210128232950","is_ascension_mode":true,"campfire_choices":[{"data":"Adaptation","floor":7.0,"key":"SMITH"},{"floor":11.0,"key":"REST"},{"floor":13.0,"key":"REST"},{"data":"CrushJoints","floor":15.0,"key":"SMITH"},{"floor":23.0,"key":"REST"},{"floor":27.0,"key":"REST"},{"floor":32.0,"key":"RECALL"},{"data":"Vault","floor":40.0,"key":"SMITH"},{"floor":49.0,"key":"REST"},{"floor":52.0,"key":"DIG"}],"circlet_count":0,"master_deck":["Eruption+1","Vigilance","Adaptation+1","LikeWater","Halt","Consecrate","Prostrate","Vengeance","CrushJoints+1","Vault","BattleHymn","Consecrate","EmptyMind","Vault+1","FollowUp","EmptyFist","WindmillStrike","TalkToTheHand+1","Prostrate+1","Indignation+1","DeusExMachina","WheelKick","Brilliance","Prostrate","DeusExMachina","Devotion","WindmillStrike+1","FearNoEvil","Wallop"],"relics":["PureWater","Omamori","Mummified Hand","Art of War","Pandora\u0027s Box","Torii","Incense Burner","Nilry\u0027s Codex","Red Mask","Nunchaku","Sundial","Pen Nib","Sozu","Damaru","Bronze Scales","Ice Cream","Yang","Turnip","Shovel","Pear","Orichalcum"],"acts_visited":["Exordium","TheCity","TheBeyond","TheEnding"],"potions_floor_usage":[54,55],"damage_taken":[{"damage":0.0,"enemies":"Small Slimes","floor":1.0,"turns":2.0},{"damage":0.0,"enemies":"Cultist","floor":2.0,"turns":3.0},{"damage":8.0,"enemies":"Jaw Worm","floor":4.0,"turns":4.0},{"damage":3.0,"enemies":"Blue Slaver","floor":5.0,"turns":4.0},{"damage":26.0,"enemies":"Gremlin Nob","floor":6.0,"turns":5.0},{"damage":25.0,"enemies":"Lagavulin Event","floor":8.0,"turns":8.0},{"damage":9.0,"enemies":"3 Louse","floor":12.0,"turns":3.0},{"damage":8.0,"enemies":"Slime Boss","floor":16.0,"turns":6.0},{"damage":19.0,"enemies":"Shell Parasite","floor":18.0,"turns":5.0},{"damage":10.0,"enemies":"Masked Bandits","floor":24.0,"turns":3.0},{"damage":0.0,"enemies":"Book of Stabbing","floor":25.0,"turns":3.0},{"damage":1.0,"enemies":"2 Thieves","floor":28.0,"turns":2.0},{"damage":0.0,"enemies":"Chosen and Byrds","floor":29.0,"turns":5.0},{"damage":0.0,"enemies":"3 Cultists","floor":30.0,"turns":4.0},{"damage":0.0,"enemies":"Slavers","floor":31.0,"turns":3.0},{"damage":0.0,"enemies":"Automaton","floor":33.0,"turns":7.0},{"damage":9.0,"enemies":"3 Darklings","floor":35.0,"turns":5.0},{"damage":0.0,"enemies":"Orb Walker","floor":37.0,"turns":3.0},{"damage":0.0,"enemies":"Writhing Mass","floor":38.0,"turns":4.0},{"damage":7.0,"enemies":"Jaw Worm Horde","floor":41.0,"turns":4.0},{"damage":0.0,"enemies":"Giant Head","floor":42.0,"turns":5.0},{"damage":0.0,"enemies":"Mind Bloom Boss Battle","floor":44.0,"turns":4.0},{"damage":1.0,"enemies":"Reptomancer","floor":45.0,"turns":3.0},{"damage":0.0,"enemies":"2 Orb Walkers","floor":47.0,"turns":5.0},{"damage":10.0,"enemies":"4 Shapes","floor":48.0,"turns":5.0},{"damage":21.0,"enemies":"Time Eater","floor":50.0,"turns":8.0},{"damage":37,"enemies":"Shield and Spear","floor":54,"turns":5},{"damage":75,"enemies":"The Heart","floor":55,"turns":4}],"seed_played":"608067870835915222","potions_obtained":[{"floor":1.0,"key":"LiquidMemories"},{"floor":5.0,"key":"LiquidBronze"},{"floor":12.0,"key":"Explosive Potion"},{"floor":24.0,"key":"CultistPotion"},{"floor":29.0,"key":"PowerPotion"},{"floor":33.0,"key":"ColorlessPotion"}],"is_trial":false,"path_per_floor":["M","M","$","M","M","E","R","?","T","?","R","M","R","?","R","B",null,"M","?","?","$","?","R","?","E","T","R","M","M","M","E","R","B",null,"M","$","M","M","?","R","M","E","T","?","E","$","?","M","R","B",null,"R","$","E","B"],"character_chosen":"WATCHER","items_purchased":["PathToVictory","Incense Burner","EmptyFist","Damaru","Turnip","Wallop"],"campfire_rested":5,"item_purchase_floors":[3,21,21,36,46,53],"current_hp_per_floor":[72,72,72,64,61,35,35,10,10,10,31,22,43,43,43,35,72,53,53,53,53,37,58,48,48,48,69,68,68,68,68,68,68,72,63,63,63,63,63,63,56,56,56,56,55,55,55,45,66,45,72,82,82,45,0,0],"gold":45,"neow_bonus":"UPGRADE_CARD","is_daily":false,"chose_seed":false,"campfire_upgraded":3,"win_rate":0.0,"timestamp":1611844190,"path_taken":["M","M","$","M","M","E","R","?","T","?","R","?","R","?","R","BOSS","M","?","?","$","?","R","?","E","T","R","?","M","M","E","R","BOSS","M","$","M","M","?","R","M","E","T","?","E","$","?","M","R","BOSS","R","$","E","BOSS"],"items_purchased_type":["Card","Relic","Card","Relic","Relic","Card"],"build_version":"2020-12-22","purchased_purges":3,"victory":false,"max_hp_per_floor":[72,72,72,72,72,72,72,72,72,72,72,72,72,72,72,72,72,72,72,72,72,72,72,72,72,72,72,72,72,72,72,72,72,72,72,72,72,72,72,72,72,72,72,72,72,72,72,72,72,72,72,82,82,82,82,82],"card_choices":[{"not_picked":["Study","FlyingSleeves"],"picked":"Adaptation","floor":1.0},{"not_picked":["Prostrate","JustLucky"],"picked":"LikeWater","floor":2.0},{"not_picked":["Pray","FollowUp"],"picked":"Halt","floor":4.0},{"not_picked":["BowlingBash","Swivel"],"picked":"Consecrate","floor":5.0},{"not_picked":["Protect","LikeWater"],"picked":"Prostrate","floor":6.0},{"not_picked":["Perseverance","CrushJoints"],"picked":"Vengeance","floor":8.0},{"not_picked":["ForeignInfluence","WreathOfFlame"],"picked":"CrushJoints","floor":12.0},{"not_picked":["Alpha","MasterReality"],"picked":"Vault","floor":16.0},{"not_picked":["Consecrate","Swivel"],"picked":"FollowUp","floor":18.0},{"not_picked":["TalkToTheHand","FlyingSleeves"],"picked":"WindmillStrike","floor":24.0},{"not_picked":["Prostrate","FlyingSleeves"],"picked":"TalkToTheHand+1","floor":25.0},{"not_picked":["Evaluate","Protect"],"picked":"Prostrate+1","floor":28.0},{"not_picked":["EmptyMind","Wallop"],"picked":"Indignation+1","floor":29.0},{"not_picked":["Adaptation","SashWhip+1"],"picked":"DeusExMachina","floor":30.0},{"not_picked":["EmptyMind","CrushJoints"],"picked":"WheelKick","floor":31.0},{"not_picked":["Devotion","LessonLearned"],"picked":"Brilliance","floor":33.0},{"not_picked":["EmptyFist","ReachHeaven+1"],"picked":"Prostrate","floor":35.0},{"not_picked":["Protect","WindmillStrike","FlurryOfBlows"],"picked":"SKIP","floor":37.0},{"not_picked":["CarveReality+1","ThirdEye","Indignation"],"picked":"SKIP","floor":38.0},{"not_picked":["Consecrate","JustLucky"],"picked":"DeusExMachina","floor":41.0},{"not_picked":["Fasting2","Adaptation"],"picked":"Devotion","floor":42.0},{"not_picked":["BowlingBash+1","CutThroughFate+1"],"picked":"WindmillStrike+1","floor":45.0},{"not_picked":["Consecrate+1","BowlingBash"],"picked":"FearNoEvil","floor":47.0},{"not_picked":["DeceiveReality+1","FearNoEvil+1","EmptyFist"],"picked":"SKIP","floor":48.0},{"not_picked":["FollowUp","Omniscience","ForeignInfluence"],"picked":"SKIP","floor":54}],"player_experience":333631,"relics_obtained":[{"floor":6.0,"key":"Omamori"},{"floor":8.0,"key":"Mummified Hand"},{"floor":9.0,"key":"Art of War"},{"floor":22.0,"key":"Nilry\u0027s Codex"},{"floor":24.0,"key":"Red Mask"},{"floor":25.0,"key":"Nunchaku"},{"floor":26.0,"key":"Sundial"},{"floor":31.0,"key":"Pen Nib"},{"floor":42.0,"key":"Bronze Scales"},{"floor":44.0,"key":"Ice Cream"},{"floor":45.0,"key":"Yang"},{"floor":47.0,"key":"Shovel"},{"floor":52.0,"key":"Pear"},{"floor":54,"key":"Orichalcum"}],"event_choices":[{"damage_healed":0.0,"max_hp_gain":0.0,"max_hp_loss":0.0,"gold_gain":30.0,"event_name":"Dead Adventurer","player_choice":"Searched \u00273\u0027 times","floor":8.0,"gold_loss":0.0,"damage_taken":0.0},{"cards_removed":["Strike_P"],"damage_healed":0.0,"max_hp_gain":0.0,"max_hp_loss":0.0,"gold_gain":0.0,"event_name":"Purifier","player_choice":"Purged","floor":10.0,"gold_loss":0.0,"damage_taken":0.0},{"cards_removed":["Defend_P"],"damage_healed":0.0,"max_hp_gain":0.0,"max_hp_loss":0.0,"gold_gain":0.0,"event_name":"Living Wall","player_choice":"Forget","floor":14.0,"gold_loss":0.0,"damage_taken":0.0},{"damage_healed":0.0,"max_hp_gain":0.0,"max_hp_loss":0.0,"gold_gain":99.0,"event_name":"Nest","player_choice":"Stole From Cult","floor":19.0,"gold_loss":0.0,"damage_taken":0.0},{"damage_healed":0.0,"max_hp_gain":0.0,"max_hp_loss":0.0,"gold_gain":0.0,"event_name":"The Mausoleum","player_choice":"Opened","floor":20.0,"gold_loss":0.0,"damage_taken":0.0,"relics_obtained":["Torii"],"cards_obtained":["Writhe"]},{"damage_healed":0.0,"max_hp_gain":0.0,"max_hp_loss":0.0,"gold_gain":0.0,"event_name":"Cursed Tome","player_choice":"Obtained Book","floor":22.0,"gold_loss":0.0,"damage_taken":16.0},{"damage_healed":0.0,"max_hp_gain":0.0,"max_hp_loss":0.0,"gold_gain":0.0,"event_name":"Masked Bandits","player_choice":"Fought Bandits","floor":24.0,"gold_loss":0.0,"damage_taken":0.0},{"damage_healed":0.0,"max_hp_gain":0.0,"max_hp_loss":0.0,"gold_gain":222.0,"event_name":"Tomb of Lord Red Mask","player_choice":"Wore Mask","floor":39.0,"gold_loss":0.0,"damage_taken":0.0},{"damage_healed":0.0,"max_hp_gain":0.0,"max_hp_loss":0.0,"gold_gain":0.0,"event_name":"MindBloom","player_choice":"Fight","floor":44.0,"gold_loss":0.0,"damage_taken":0.0},{"damage_healed":0.0,"max_hp_gain":0.0,"max_hp_loss":0.0,"gold_gain":0.0,"event_name":"Mysterious Sphere","player_choice":"Fight","floor":47.0,"gold_loss":0.0,"damage_taken":0.0}],"is_beta":false,"boss_relics":[{"not_picked":["Cursed Key","Runic Pyramid"],"picked":"Pandora\u0027s Box"},{"not_picked":["Runic Dome","Velvet Choker"],"picked":"Sozu"}],"items_purged_floors":[3,36,46],"is_endless":false,"potions_floor_spawned":[1,5,12,18,24,25,29,33,37,38,42,45],"killed_by":"The Heart","ascension_level":1}}