{"host":"1ecbliur7lfoj0sl","time":1611803806,"event":{"mods":["Act Like it!","BaseMod","Gensokyo","KinomotoSakuraMod(Ä¾Ö®±¾Ó£)","Minty Spire (QoL Compilation)","StSLib","Waifu the Spire"],"gold_per_floor":[365,365,290,305,49,49,49,68,95,95,130,144,156,156,156,256,256,276,310,320,333,333,333,365,376,401,435,310,310,337,337,337,438,438,456,678,502,552,568,568,603,603,627,643,693,707,532,532,532,532,532,532,30,59,59],"floor_reached":56,"language":"ZHS","playtime":3587,"items_purged":["ClowCardTheSword","ClowCardTheShield","ClowCardTheSword","ClowCardTheSword","SpellCardSeal","SakuraCardTheLove+"],"score":1517,"play_id":"c2ded3f5-5096-4c23-9488-a374577d1fa6","local_time":"20210128111646","is_ascension_mode":true,"campfire_choices":[{"data":"ClowCardTheShield","floor":6.0,"key":"SMITH"},{"data":"ClowCardTheWood","floor":10.0,"key":"SMITH"},{"data":"ClowCardTheMist","floor":15.0,"key":"SMITH"},{"data":"ClowCardTheShield","floor":23.0,"key":"SMITH"},{"floor":29.0,"key":"REST"},{"data":"ClowCardTheLight","floor":32.0,"key":"SMITH"},{"data":"ClowCardTheShield+1","floor":40.0,"key":"PURGE"},{"data":"ClowCardTheSword","floor":42.0,"key":"PURGE"},{"floor":49,"key":"RECALL"},{"data":"ClowCardTheShield+1","floor":52,"key":"PURGE"}],"circlet_count":0,"master_deck":["ClowCardTheRain","ClowCardTheVoice","ClowCardTheFly","SakuraCardTheMist+","SakuraCardTheShield+","SakuraCardTheTime+","SpellCardRelease","ClowCardTheTwin","ClowCardTheWood+1","ClowCardTheLight+1","ClowCardTheJump+1","ClowCardTheIllusion","ClowCardTheVoice+1","ClowCardTheMist+1"],"relics":["KSMOD_SealedBook","KSMOD_StarWand","Vajra","Mummified Hand","Red Mask","Potion Belt","KSMOD_SwordJade","Peace Pipe","KSMOD_RollerSkates","Anchor","Blood Vial","Coffee Dripper","Centennial Puzzle","Bird Faced Urn","KSMOD_Compass","Juzu Bracelet","CaptainsWheel","Lantern","Boot","Strawberry"],"acts_visited":["Exordium","TheCity","TheBeyond","TheEnding"],"potions_floor_usage":[55,55,55,55],"damage_taken":[{"damage":0.0,"enemies":"Small Slimes","floor":1.0,"turns":3.0},{"damage":2.0,"enemies":"Jaw Worm","floor":4.0,"turns":2.0},{"damage":0.0,"enemies":"Cultist","floor":8.0,"turns":2.0},{"damage":6.0,"enemies":"3 Sentries","floor":11.0,"turns":9.0},{"damage":0.0,"enemies":"2 Fungi Beasts","floor":12.0,"turns":4.0},{"damage":12.0,"enemies":"Large Slime","floor":13.0,"turns":7.0},{"damage":0.0,"enemies":"The Guardian","floor":16.0,"turns":5.0},{"damage":2.0,"enemies":"3 Byrds","floor":18.0,"turns":5.0},{"damage":34.0,"enemies":"Masked Bandits","floor":19.0,"turns":5.0},{"damage":24.0,"enemies":"Shell Parasite","floor":20.0,"turns":6.0},{"damage":4.0,"enemies":"Centurion and Healer","floor":21.0,"turns":5.0},{"damage":0.0,"enemies":"Book of Stabbing","floor":24.0,"turns":5.0},{"damage":2.0,"enemies":"Snake Plant","floor":25.0,"turns":5.0},{"damage":0.0,"enemies":"Gremlin Leader","floor":27.0,"turns":4.0},{"damage":4.0,"enemies":"Slavers","floor":30.0,"turns":7.0},{"damage":11.0,"enemies":"Collector","floor":33.0,"turns":7.0},{"damage":8.0,"enemies":"3 Shapes","floor":35.0,"turns":7.0},{"damage":0.0,"enemies":"Mind Bloom Boss Battle","floor":38.0,"turns":5.0},{"damage":9.0,"enemies":"3 Darklings","floor":39.0,"turns":5.0},{"damage":0.0,"enemies":"Giant Head","floor":41.0,"turns":7.0},{"damage":0.0,"enemies":"Sphere and 2 Shapes","floor":44.0,"turns":3.0},{"damage":6,"enemies":"2 Orb Walkers","floor":45,"turns":4},{"damage":0,"enemies":"4 Shapes","floor":46,"turns":4},{"damage":0,"enemies":"Donu and Deca","floor":50,"turns":10},{"damage":16,"enemies":"Shield and Spear","floor":54,"turns":5},{"damage":17,"enemies":"The Heart","floor":55,"turns":7}],"seed_played":"1958261902692381209","potions_obtained":[{"floor":4.0,"key":"SkillPotion"},{"floor":11.0,"key":"CultistPotion"},{"floor":13.0,"key":"ColorlessPotion"},{"floor":16.0,"key":"CultistPotion"},{"floor":20.0,"key":"EssenceOfSteel"},{"floor":21.0,"key":"FairyPotion"},{"floor":24.0,"key":"LiquidBronze"},{"floor":33.0,"key":"Regen Potion"},{"floor":39.0,"key":"ColorlessPotion"}],"is_trial":false,"path_per_floor":["M","?","$","M","$","R","?","M","T","R","E","M","M","?","R","B",null,"M","?","M","M","?","R","E","M","T","E","$","R","E","?","R","B",null,"M","?","$","?","M","R","E","R","T","M","?","M","$","?","R","B",null,"R","$","E","B",null],"character_chosen":"KINOMOTOSAKURA","items_purchased":["Vajra","ClowCardTheIllusion","Lantern","Boot"],"campfire_rested":1,"item_purchase_floors":[5,37,53,53],"current_hp_per_floor":[49,49,49,47,47,47,47,47,47,47,41,41,29,34,34,34,75,73,39,15,11,11,11,11,9,9,9,9,31,27,27,27,18,75,67,67,67,69,68,68,75,75,75,75,69,75,75,71,71,71,71,71,71,62,65],"gold":59,"neow_bonus":"TWO_FIFTY_GOLD","is_daily":false,"chose_seed":false,"campfire_upgraded":5,"win_rate":0.0,"timestamp":1611803806,"path_taken":["M","?","$","M","$","R","?","M","T","R","E","?","M","?","R","BOSS","M","?","M","M","?","R","E","M","T","E","$","R","E","?","R","BOSS","M","?","$","?","M","R","E","R","T","M","?","M","$","?","R","BOSS","R","$","E","BOSS"],"items_purchased_type":["Relic","Card","Relic","Relic"],"build_version":"2020-12-22","purchased_purges":6,"victory":true,"max_hp_per_floor":[70,70,70,70,70,70,70,70,70,70,70,70,70,75,75,75,75,75,75,75,75,75,75,75,75,75,75,75,75,75,75,75,75,75,75,75,75,75,75,75,75,75,75,75,75,75,75,71,71,71,71,71,71,78,78],"card_choices":[{"not_picked":["ClowCardTheLock","ClowCardTheLibra","ClowCardTheChange"],"picked":"SKIP","floor":1.0},{"not_picked":["ClowCardTheErase","ClowCardTheArrow","ClowCardTheChange"],"picked":"SKIP","floor":4.0},{"not_picked":["ClowCardTheLittle","ClowCardTheSnow"],"picked":"ClowCardTheWood","floor":8.0},{"not_picked":["ClowCardTheWindy","ClowCardTheGlow"],"picked":"ClowCardTheTime","floor":11.0},{"not_picked":["ClowCardTheWave","ClowCardTheFreeze"],"picked":"ClowCardTheMist","floor":12.0},{"not_picked":["ClowCardTheSleep","ClowCardTheCloud","ClowCardTheWood"],"picked":"SKIP","floor":13.0},{"not_picked":["ClowCardTheDash","ClowCardTheFight"],"picked":"ClowCardTheCreate","floor":16.0},{"not_picked":["ClowCardTheMaze","ClowCardTheErase","ClowCardTheCloud"],"picked":"SKIP","floor":18.0},{"not_picked":["ClowCardTheGlow+1","ClowCardTheShot","ClowCardTheStorm"],"picked":"SKIP","floor":20.0},{"not_picked":["ClowCardTheWood","ClowCardTheChange","ClowCardTheCloud"],"picked":"SKIP","floor":21.0},{"not_picked":["ClowCardTheCloud","ClowCardTheChange+1","ClowCardTheSleep"],"picked":"SKIP","floor":24.0},{"not_picked":["ClowCardTheStorm+1","ClowCardTheWood"],"picked":"ClowCardTheLight","floor":25.0},{"not_picked":["ClowCardTheArrow","ClowCardTheMaze"],"picked":"ClowCardTheJump+1","floor":27.0},{"not_picked":["ClowCardTheMirror+1","ClowCardTheErase","ClowCardTheSilent+1"],"picked":"SKIP","floor":30.0},{"not_picked":["ClowCardTheLight","ClowCardTheReturn"],"picked":"ClowCardTheCreate","floor":33.0},{"not_picked":["ClowCardTheMove+1","ClowCardTheShadow","ClowCardTheMaze+1"],"picked":"SKIP","floor":35.0},{"not_picked":["ClowCardTheStorm","ClowCardTheLibra+1"],"picked":"ClowCardTheVoice+1","floor":38.0},{"not_picked":["ClowCardTheMaze+1","ClowCardTheSnow+1","ClowCardTheArrow"],"picked":"SKIP","floor":39.0},{"not_picked":["ClowCardTheMaze+1","ClowCardTheSnow+1","ClowCardTheArrow"],"picked":"SKIP","floor":39.0},{"not_picked":["ClowCardTheSweet+1","ClowCardTheWatery+1"],"picked":"ClowCardTheMist+1","floor":41.0},{"not_picked":["ClowCardTheMaze+1","ClowCardTheLittle+1","ClowCardTheEarthy+1"],"picked":"SKIP","floor":44.0},{"not_picked":["ClowCardTheMist+1","ClowCardTheShadow","ClowCardTheSand+1"],"picked":"SKIP","floor":46},{"not_picked":["ClowCardTheArrow+1","ClowCardThePower","ClowCardTheFreeze"],"picked":"SKIP","floor":54}],"player_experience":17867,"relics_obtained":[{"floor":11.0,"key":"Mummified Hand"},{"floor":19.0,"key":"Red Mask"},{"floor":20.0,"key":"Potion Belt"},{"floor":24.0,"key":"Peace Pipe"},{"floor":26.0,"key":"KSMOD_RollerSkates"},{"floor":27.0,"key":"Anchor"},{"floor":30.0,"key":"Blood Vial"},{"floor":35.0,"key":"Centennial Puzzle"},{"floor":38.0,"key":"Bird Faced Urn"},{"floor":41.0,"key":"KSMOD_Compass"},{"floor":43.0,"key":"Juzu Bracelet"},{"floor":45,"key":"CaptainsWheel"},{"floor":54,"key":"Strawberry"}],"event_choices":[{"damage_healed":0.0,"max_hp_gain":0.0,"max_hp_loss":0.0,"gold_gain":0.0,"event_name":"Liars Game","player_choice":"Ignored","floor":2.0,"gold_loss":0.0,"damage_taken":0.0},{"damage_healed":0.0,"max_hp_gain":0.0,"max_hp_loss":0.0,"gold_gain":0.0,"event_name":"Match and Keep!","player_choice":"1 cards matched","floor":7.0,"gold_loss":0.0,"damage_taken":0.0,"cards_obtained":["ClowCardTheTwin"]},{"damage_healed":0.0,"max_hp_gain":5.0,"max_hp_loss":0.0,"gold_gain":0.0,"event_name":"Big Fish","player_choice":"Donut","floor":14.0,"gold_loss":0.0,"damage_taken":0.0},{"damage_healed":0.0,"max_hp_gain":0.0,"max_hp_loss":0.0,"gold_gain":0.0,"event_name":"Masked Bandits","player_choice":"Fought Bandits","floor":19.0,"gold_loss":0.0,"damage_taken":0.0},{"damage_healed":0.0,"max_hp_gain":0.0,"max_hp_loss":0.0,"gold_gain":0.0,"event_name":"The Mausoleum","player_choice":"Opened","floor":22.0,"gold_loss":0.0,"damage_taken":0.0,"relics_obtained":["KSMOD_SwordJade"]},{"damage_healed":0.0,"max_hp_gain":0.0,"max_hp_loss":0.0,"gold_gain":222.0,"event_name":"Tomb of Lord Red Mask","player_choice":"Wore Mask","floor":36.0,"gold_loss":0.0,"damage_taken":0.0},{"damage_healed":0.0,"max_hp_gain":0.0,"max_hp_loss":0.0,"gold_gain":0.0,"event_name":"MindBloom","player_choice":"Fight","floor":38.0,"gold_loss":0.0,"damage_taken":0.0},{"damage_healed":0,"gold_gain":0,"player_choice":"Fight","damage_taken":0,"max_hp_gain":0,"max_hp_loss":0,"event_name":"Mysterious Sphere","floor":45,"gold_loss":0},{"damage_healed":0,"gold_gain":0,"player_choice":"Max HP","damage_taken":0,"max_hp_gain":0,"max_hp_loss":4,"event_name":"Winding Halls","floor":48,"gold_loss":0}],"is_beta":false,"boss_relics":[{"not_picked":["Fusion Hammer","Astrolabe"],"picked":"KSMOD_StarWand"},{"not_picked":["Sozu","Velvet Choker"],"picked":"Coffee Dripper"}],"items_purged_floors":[3,5,28,37,47,53],"is_endless":false,"potions_floor_spawned":[4,11,13,16,20,21,24,33,39,41,54],"ascension_level":2}}