{"host":"ifz8qk6i1wysca9i","time":1611810290,"event":{"mods":["Act Like it!","BaseMod","Colored Powertips","Duelist Mod","GifTheSpireLib","Hallownest","Hermit","Minty Spire (QoL Compilation)","Quick Restart","StSLib","The Bug Knight","The Senshi","The Wild Card"],"gold_per_floor":[109,119,119,35,35,35,35,47,47,57,92,92,62,76,76,176,176,194,194,194,7,7,7,23,23,23],"floor_reached":25,"language":"ENG","playtime":5149,"items_purged":[],"score":224,"play_id":"660fb9af-8a0a-42b3-a18e-724241931af7","local_time":"20210127230450","is_ascension_mode":false,"campfire_choices":[{"data":"HollowMod:SoulStrike","floor":6,"key":"SMITH"},{"floor":15,"key":"REST"},{"data":"HollowMod:SlysStrikes","floor":23,"key":"SMITH"}],"circlet_count":1,"master_deck":["HollowMod:NailStrikeStart","HollowMod:NailStrikeStart","HollowMod:NailStrikeStart","HollowMod:NailStrikeStart","HollowMod:QuickDashStart","HollowMod:QuickDashStart","HollowMod:QuickDashStart","HollowMod:QuickDashStart","HollowMod:FocusHealStart","HollowMod:PogoStrike","HollowMod:NewGlowingWomb","HollowMod:TaintedHusks","HollowMod:SoulStrike+1","HollowMod:DungDefenderAura","HollowMod:CycloneSlash","HollowMod:theNailsmith","HollowMod:MantisMark","HollowMod:ChannelNail","HollowMod:PureVessel","HollowMod:QuirrelsAssistance+1","Hallownest:pwrSporeShroom","HollowMod:MonarchWings","HollowMod:AwokenDreamNail","HollowMod:Grubsong","HollowMod:SiblingsSouls+1","HollowMod:HowlingWraiths","HollowMod:SlysStrikes+1","Doubt","HollowMod:FallenFury"],"relics":["HollowMod:VesselMask","Bird Faced Urn","Ancient Tea Set","Hallownest:DreamNailRelic","Pear","Juzu Bracelet","Circlet","SlaversCollar","Orrery"],"acts_visited":["Exordium","Hallownest:Greenpath"],"potions_floor_usage":[11,16,16,16,25,25],"damage_taken":[{"damage":0,"enemies":"Hallownest:monsterHuskWarrior","floor":1,"turns":4},{"damage":6,"enemies":"Hallownest:2_Baldur","floor":2,"turns":5},{"damage":8,"enemies":"Hallownest:2_MossCreeps","floor":8,"turns":6},{"damage":34,"enemies":"Hallownest:1_Ooma_and_2_Uuma","floor":10,"turns":9},{"damage":13,"enemies":"Hallownest:eliteMossKnight","floor":11,"turns":12},{"damage":41,"enemies":"Hallownest:Guard_and_Warrior","floor":14,"turns":11},{"damage":48,"enemies":"Hallownest:BossBrokenVessel","floor":16,"turns":17},{"damage":39,"enemies":"Hallownest:Flukemon_and_Top","floor":18,"turns":9},{"damage":67,"enemies":"Hallownest:2_Mistakes","floor":24,"turns":11},{"damage":28,"enemies":"Hallownest:eliteSoulWarrior","floor":25,"turns":3}],"seed_played":"1982472022984655233","potions_obtained":[{"floor":2,"key":"LiquidBronze"},{"floor":8,"key":"Block Potion"},{"floor":10,"key":"Dexterity Potion"},{"floor":14,"key":"Energy Potion"},{"floor":16,"key":"SkillPotion"},{"floor":18,"key":"SteroidPotion"}],"is_trial":false,"path_per_floor":["M","M","?","$","?","R","?","M","T","M","E","?","?","M","R","B",null,"M","?","?","$","?","R","M","E"],"character_chosen":"THE_BUGKNIGHT","items_purchased":["HollowMod:SoulStrike","HollowMod:DungDefenderAura","HollowMod:MonarchWings","Orrery"],"campfire_rested":1,"item_purchase_floors":[4,4,21,21],"current_hp_per_floor":[82,76,48,48,48,48,48,52,62,36,31,31,61,28,55,15,92,63,63,63,63,63,63,12,0,0],"gold":23,"neow_bonus":"TEN_PERCENT_HP_BONUS","is_daily":false,"chose_seed":false,"campfire_upgraded":2,"win_rate":0.0,"timestamp":1611810290,"path_taken":["M","M","?","$","?","R","?","M","T","?","E","?","?","M","R","BOSS","M","?","?","$","?","R","M","E"],"items_purchased_type":["Card","Card","Card","Relic"],"build_version":"2020-12-22","purchased_purges":0,"victory":false,"max_hp_per_floor":[82,82,82,82,82,82,82,82,92,92,92,92,92,92,92,92,92,92,92,92,92,92,92,92,92,92],"card_choices":[{"not_picked":["HollowMod:BrokenVessel","HollowMod:CoiledNail"],"picked":"HollowMod:NewGlowingWomb","floor":1},{"not_picked":["HollowMod:ChannelNail","HollowMod:PerfectDash"],"picked":"HollowMod:TaintedHusks","floor":2},{"not_picked":["HollowMod:HeavyBlow","HollowMod:DashSlash"],"picked":"HollowMod:CycloneSlash","floor":8},{"not_picked":["HollowMod:MonarchWings","HollowMod:AbyssShriek"],"picked":"HollowMod:theNailsmith","floor":10},{"not_picked":["HollowMod:ShadowDash","HollowMod:ChannelNail"],"picked":"HollowMod:MantisMark","floor":11},{"not_picked":["HollowMod:ShadowDash","HollowMod:TaintedHusks"],"picked":"HollowMod:ChannelNail","floor":14},{"not_picked":["HollowMod:ElderbugsWisdom","HollowMod:LordofShades"],"picked":"HollowMod:PureVessel","floor":16},{"not_picked":["HollowMod:GoodIntentions","HollowMod:TaintedHusks+1"],"picked":"HollowMod:QuirrelsAssistance+1","floor":18},{"not_picked":["HollowMod:QuirrelsAssistance","HollowMod:HeavyBlow"],"picked":"HollowMod:AwokenDreamNail","floor":21},{"not_picked":["HollowMod:SoulStrike","HollowMod:LifebloodCocoon+1"],"picked":"HollowMod:Grubsong","floor":21},{"not_picked":["HollowMod:SiblingsShadow","HollowMod:CycloneSlash"],"picked":"HollowMod:SiblingsSouls+1","floor":21},{"not_picked":["HollowMod:TaintedHusks","HollowMod:NewJinnsSoul"],"picked":"HollowMod:HowlingWraiths","floor":21},{"not_picked":["HollowMod:HowlingWraiths","HollowMod:QuirrelsAssistance"],"picked":"HollowMod:SlysStrikes","floor":21},{"not_picked":["HollowMod:BlackTendrils+1","HollowMod:MonarchWings"],"picked":"HollowMod:FallenFury","floor":24}],"player_experience":111133,"relics_obtained":[{"floor":9,"key":"Pear"},{"floor":11,"key":"Juzu Bracelet"}],"event_choices":[],"is_beta":false,"boss_relics":[{"not_picked":["Runic Dome","Empty Cage"],"picked":"SlaversCollar"}],"items_purged_floors":[],"is_endless":false,"potions_floor_spawned":[2,8,10,14,16,18],"killed_by":"Hallownest:eliteSoulWarrior","ascension_level":0}}