{"host":"d0jm92y315n05ge0","time":1611839323,"event":{"mods":["100% Spire Juice","Act Like it!","BaseMod","Gensokyo","Koishi","Minty Spire (QoL Compilation)","Prisma Mod","Reimu£®≤©¿ˆ¡È√Œ£©","Remilia£®¿Ÿ√◊¿Ú—«£©","Replay The Spire","StSLib","Yakumo Yukari mod"],"gold_per_floor":[139,149,149,324,324,324,60,75,75,75,101,127,127,4,4,20,20,120,120,134,144,24,24,24,57,74,74,97,115,130,130,150,167,167,167,167],"floor_reached":35,"language":"ZHS","playtime":8280,"items_purged":["Doubt"],"score":302,"play_id":"17d51240-391d-4013-8fae-c5e392436fbd","local_time":"20210128210843","is_ascension_mode":false,"campfire_choices":[{"data":"Fantasy_PerpetualMotionMachine_purple","floor":9,"key":"SMITH"},{"floor":15,"key":"REST"},{"data":"Bait_HighSpeedFlying_purple","floor":17,"key":"SMITH"},{"floor":31,"key":"REST"},{"floor":34,"key":"REST"}],"circlet_count":0,"master_deck":["AT_purpleEX","AT_purpleEX","AT_purpleEX","AT_purpleEX","Defend_purpleEX","Defend_purpleEX","Defend_purpleEX","Defend_purpleEX","Observe_purple_1","Observe_purple_2","Mirror_FormAndEmptin_purple","Boundary_DreamRealityDamnation_purple","Line_surface_state_purple","Fantasy_PerpetualMotionMachine_purple+1","Know_ledgeAbilityRealm_purple+1","MonsterNeedle_purple","AdvanceAttack_purple","OmniscientAndOmnipotent_Monster_purple","Bait_HighSpeedFlying_purple+1","Price_of_realm_purpleEX","PositiveMatter_Antimatter_Universe_purple","MetroBOOM_purple+1","Carnage","WangLiang_OokamiKakushi_purple","Human_Monster_Realm_purple","DimensionStaggered_purple","RealityDreamConfluencek_purple","WorldDissolvedintheRealm_purple","Umbrella_purple","OpenedBox_purple+1"],"relics":["Boundary_crack","Memoryfragments_purpleEX","Nunchaku","Simple Rune","ReplayFunnel","Seventeenyearold_girl_Forever","Gensokyo:LionMask","Potion Belt","Strawberry"],"acts_visited":["Exordium","Gensokyo:Gensokyoer"],"potions_floor_usage":[32,32,33,35,35],"damage_taken":[{"damage":0,"enemies":"2 Louse","floor":1,"turns":4},{"damage":7,"enemies":"Small Slimes","floor":2,"turns":4},{"damage":0,"enemies":"Cultist","floor":8,"turns":5},{"damage":23,"enemies":"Replay:BlueRogue","floor":12,"turns":12},{"damage":5,"enemies":"Exordium Thugs","floor":16,"turns":6},{"damage":16,"enemies":"The Guardian","floor":18,"turns":8},{"damage":21,"enemies":"Gensokyo:3_Dogs","floor":20,"turns":5},{"damage":0,"enemies":"Gensokyo:Chomper","floor":21,"turns":4},{"damage":31,"enemies":"Gensokyo:Tenshi","floor":25,"turns":3},{"damage":1,"enemies":"Gensokyo:Swordslinger","floor":26,"turns":4},{"damage":2,"enemies":"Gensokyo:Slime_Group","floor":29,"turns":4},{"damage":18,"enemies":"Gensokyo:Wraith","floor":30,"turns":5},{"damage":23,"enemies":"Gensokyo:Chomper_and_Gloop","floor":32,"turns":6},{"damage":4,"enemies":"Gensokyo:Mirror_and_Dog","floor":33,"turns":3},{"damage":69,"enemies":"Gensokyo:Eternal_Rivals","floor":35,"turns":3}],"seed_played":"-1322037683189855442","potions_obtained":[{"floor":8,"key":"SkillPotion"},{"floor":18,"key":"Adrenaline Potion"},{"floor":26,"key":"Milkshake"},{"floor":29,"key":"LiquidMemories"},{"floor":30,"key":"BlessingOfTheForge"},{"floor":33,"key":"CultistPotion"}],"is_trial":false,"path_per_floor":["M","M","?","?","PTL","PTL","$","M","R","$","T","E","?","$","R","M","R","B",null,"M","M","?","?","?","E","M","?","T","M","M","R","M","M","R","B"],"character_chosen":"Youkari","items_purchased":["Line_surface_state_purple","Fantasy_PerpetualMotionMachine_purple","Know_ledgeAbilityRealm_purple","OmniscientAndOmnipotent_Monster_purple"],"campfire_rested":3,"item_purchase_floors":[7,7,7,14],"current_hp_per_floor":[70,68,50,50,50,50,50,54,54,54,54,36,36,36,57,55,55,42,70,56,58,58,58,58,28,31,31,38,40,23,46,25,21,44,0,0],"gold":167,"neow_bonus":"","is_daily":false,"chose_seed":false,"campfire_upgraded":2,"win_rate":0.0,"timestamp":1611839323,"path_taken":["M","M","?","?","PTL","PTL","$","M","R","$","T","E","?","$","R","M","R","BOSS","M","?","?","?","?","E","?","?","T","M","?","R","M","M","R","BOSS"],"items_purchased_type":["Card","Card","Card","Card"],"build_version":"2020-12-22","purchased_purges":1,"victory":false,"max_hp_per_floor":[70,70,70,70,70,70,70,70,70,70,70,70,70,70,70,70,70,70,70,72,72,72,72,72,72,72,72,79,79,79,79,79,79,79,79,79],"card_choices":[{"not_picked":["ExistenceContinue_purple","Photoelasticity_Doppler_Effect_purple"],"picked":"Mirror_FormAndEmptin_purple","floor":1},{"not_picked":["Extrememeaning_purpleEX","RealityDreamConfluencek_purple"],"picked":"Boundary_DreamRealityDamnation_purple","floor":2},{"not_picked":["ExistenceContinue_purple","Boundary_ObjectiveBoundary_purple"],"picked":"MonsterNeedle_purple","floor":8},{"not_picked":["Boundary_ObjectiveBoundary_purple","MeetDecomposer_purple"],"picked":"AdvanceAttack_purple","floor":12},{"not_picked":["PurpleNeedle_purple","ExistenceContinue_purple"],"picked":"Bait_HighSpeedFlying_purple","floor":16},{"not_picked":["WangLiang_LineAndCurveDreams_purple","Fancifulhole_purple"],"picked":"Price_of_realm_purpleEX","floor":18},{"not_picked":["Mirror_FormAndEmptin_purple","RuleDissolution_purple"],"picked":"PositiveMatter_Antimatter_Universe_purple","floor":20},{"not_picked":["ExistenceContinue_purple","Boundary_DynamicStaticEquilibrium_purple"],"picked":"MetroBOOM_purple+1","floor":21},{"not_picked":["Know_ledgeAbilityRealm_purple","Mirror_Drifter_purple"],"picked":"Human_Monster_Realm_purple","floor":25},{"not_picked":["PositiveMatter_Antimatter_Universe_purple","Realm_recovery_purpleEX+1"],"picked":"DimensionStaggered_purple","floor":26},{"not_picked":["Line_surface_state_purple","SharpContractionReality_purple"],"picked":"RealityDreamConfluencek_purple","floor":29},{"not_picked":["SharpContractionReality_purple","MeetDecomposer_purple"],"picked":"WorldDissolvedintheRealm_purple","floor":30},{"not_picked":["RealityDreamConfluencek_purple+1","Computing_the_future_purpleEX"],"picked":"Umbrella_purple","floor":32},{"not_picked":["StateDuplicate_purple+1","Charmbait_purple"],"picked":"OpenedBox_purple+1","floor":33}],"player_experience":0,"relics_obtained":[{"floor":11,"key":"Simple Rune"},{"floor":12,"key":"ReplayFunnel"},{"floor":25,"key":"Potion Belt"},{"floor":28,"key":"Strawberry"}],"event_choices":[{"damage_healed":0,"gold_gain":0,"player_choice":"Success","damage_taken":18,"relics_obtained":["Nunchaku"],"max_hp_gain":0,"max_hp_loss":0,"event_name":"Scrap Ooze","floor":3,"gold_loss":0},{"damage_healed":0,"gold_gain":175,"player_choice":"AGREE","damage_taken":0,"max_hp_gain":0,"max_hp_loss":0,"event_name":"Liars Game","floor":4,"gold_loss":0,"cards_obtained":["Doubt"]},{"damage_healed":0,"gold_gain":0,"player_choice":"Upgraded","damage_taken":0,"max_hp_gain":0,"max_hp_loss":0,"event_name":"Upgrade Shrine","floor":13,"gold_loss":0,"cards_upgraded":["Know_ledgeAbilityRealm_purple"]}],"is_beta":false,"boss_relics":[{"not_picked":["Kintsugi","ChewingGum"],"picked":"Seventeenyearold_girl_Forever"}],"items_purged_floors":[14],"is_endless":false,"potions_floor_spawned":[8,18,26,29,30,33],"killed_by":"Gensokyo:Eternal_Rivals","ascension_level":0}}