{"host":"qrt7o4dq2qslzw13","time":1611861041,"event":{"mods":["BaseMod","Colored Map","Colored Powertips","Minty Spire (QoL Compilation)","Quick Restart","Replay The Spire","Shop Mod","StSLib","SuperFastMode"],"gold_per_floor":[159,175,191,211,229,229,256,256,304,318,338,338,8,8,8,106,106,119,119,119,46,46,46,58,58,58,12,12,12,31,31,31,31,31],"floor_reached":33,"language":"ENG","playtime":578,"items_purged":[],"score":380,"play_id":"09dd0518-a116-475f-9b3c-1d7ea1c7fc96","local_time":"20210128141041","is_ascension_mode":true,"campfire_choices":[{"floor":6.0,"key":"REST"},{"floor":15.0,"key":"REST"},{"data":"Finisher","floor":23.0,"key":"SMITH"},{"floor":25.0,"key":"REST"},{"data":"Accuracy","floor":28.0,"key":"SMITH"},{"floor":32.0,"key":"REST"}],"circlet_count":0,"master_deck":["AscendersBane","Strike_G","Strike_G","Strike_G+1","Strike_G","Defend_G+1","Defend_G+1","Defend_G","Defend_G","Defend_G","Survivor","Neutralize","Finisher+1","Riddle With Holes+1","ReplayTheSpireMod:Scrap Shanks","Outmaneuver","Noxious Fumes","Slice","Caltrops","Crippling Poison","Hidden Blade","Replay:Sssssssssshield","Burst","CurseOfTheBell","Blade Dance","Prepared","Accuracy+1","Sickly","Slice+1","Cloak And Dagger+1"],"relics":["Tiny House","Juzu Bracelet","Mummified Hand","Art of War","Replay:Mystery Machine","Matryoshka","Calling Bell","Gremlin Food","Replay:WaspNest","Du-Vu Doll","Simple Rune","Pantograph","Oddly Smooth Stone","Bag of Marbles","CeramicFish"],"acts_visited":["Exordium","TheCity"],"potions_floor_usage":[33],"damage_taken":[{"damage":0.0,"enemies":"2 Louse","floor":1.0,"turns":3.0},{"damage":5.0,"enemies":"Cultist","floor":2.0,"turns":4.0},{"damage":7.0,"enemies":"Jaw Worm","floor":3.0,"turns":4.0},{"damage":8.0,"enemies":"Exordium Wildlife","floor":4.0,"turns":4.0},{"damage":13.0,"enemies":"Lots of Slimes","floor":5.0,"turns":5.0},{"damage":5.0,"enemies":"Gremlin Nob","floor":7.0,"turns":4.0},{"damage":14.0,"enemies":"Red Slaver","floor":10.0,"turns":5.0},{"damage":5.0,"enemies":"Large Slime","floor":11.0,"turns":6.0},{"damage":53.0,"enemies":"Hexaghost","floor":16.0,"turns":13.0},{"damage":4.0,"enemies":"3 Byrds","floor":18.0,"turns":3.0},{"damage":19.0,"enemies":"Spheric Guardian","floor":24.0,"turns":4.0},{"damage":5.0,"enemies":"Shelled Parasite and Fungi","floor":30.0,"turns":3.0},{"damage":78,"enemies":"Collector","floor":33,"turns":7}],"seed_played":"-8025338835320236114","potions_obtained":[{"floor":0.0,"key":"Cursed Concoction"},{"floor":3.0,"key":"SkillPotion"},{"floor":5.0,"key":"Block Potion"},{"floor":7.0,"key":"PowerPotion"},{"floor":10.0,"key":"Explosive Potion"},{"floor":16.0,"key":"Adrenaline Potion"},{"floor":20.0,"key":"Strength Potion"},{"floor":20.0,"key":"Energy Potion"}],"is_trial":false,"path_per_floor":["M","M","M","M","M","R","E","?","T","M","M","?","$","?","R","B",null,"M","?","?","$","?","R","M","R","T","$","R","T","M","$","R_BF","B"],"character_chosen":"THE_SILENT","items_purchased":["Replay:Sssssssssshield","Matryoshka","Accuracy","Cloak And Dagger"],"campfire_rested":4,"item_purchase_floors":[13,13,21,27],"current_hp_per_floor":[68,63,56,48,35,57,52,52,52,38,33,26,26,51,73,20,61,57,57,57,57,57,57,38,60,60,60,60,60,55,55,75,0,0],"gold":31,"neow_bonus":"BOSS_RELIC","is_daily":false,"chose_seed":false,"campfire_upgraded":2,"win_rate":0.0,"timestamp":1611861041,"path_taken":["M","M","M","M","M","R","E","?","T","M","M","?","$","?","R","BOSS","M","?","?","$","?","R","M","R","T","$","R","?","M","$","R_BF","BOSS"],"items_purchased_type":["Card","Relic","Card","Card"],"build_version":"2020-12-22","purchased_purges":0,"victory":false,"max_hp_per_floor":[75,75,75,75,75,75,75,75,75,75,75,75,75,75,75,75,75,75,75,75,75,75,75,75,75,75,75,75,75,75,75,75,75,75],"card_choices":[{"not_picked":["Cloak And Dagger","ReplayTheSpireMod:Tripwire"],"picked":"Finisher","floor":0.0},{"not_picked":["Dodge and Roll","Flying Knee"],"picked":"Riddle With Holes","floor":1.0},{"not_picked":["Bane","ReplayTheSpireMod:Exploit Weakness"],"picked":"ReplayTheSpireMod:Scrap Shanks","floor":2.0},{"not_picked":["Flying Knee","Backflip"],"picked":"Outmaneuver","floor":3.0},{"not_picked":["Outmaneuver","PiercingWail"],"picked":"Noxious Fumes","floor":4.0},{"not_picked":["Deadly Poison","Acrobatics"],"picked":"Slice","floor":5.0},{"not_picked":["Expertise","Corpse Explosion"],"picked":"Caltrops","floor":7.0},{"not_picked":["Deadly Poison","Outmaneuver"],"picked":"Crippling Poison","floor":10.0},{"not_picked":["Sucker Punch","Backflip"],"picked":"Hidden Blade","floor":11.0},{"not_picked":["Malaise","Adrenaline"],"picked":"Burst","floor":16.0},{"not_picked":["Deflect","ReplayTheSpireMod:Tripwire+1"],"picked":"Blade Dance","floor":18.0},{"not_picked":["Reflex","Poisoned Stab"],"picked":"Slice+1","floor":24.0},{"not_picked":["Underhanded Strike","Quick Slash","Bouncing Flask+1"],"picked":"SKIP","floor":30.0}],"player_experience":604095,"relics_obtained":[{"floor":7.0,"key":"Juzu Bracelet"},{"floor":9.0,"key":"Art of War"},{"floor":17.0,"key":"Gremlin Food"},{"floor":17.0,"key":"Replay:WaspNest"},{"floor":17.0,"key":"Du-Vu Doll"},{"floor":26.0,"key":"Pantograph"},{"floor":26.0,"key":"Oddly Smooth Stone"},{"floor":29.0,"key":"Bag of Marbles"},{"floor":29.0,"key":"CeramicFish"}],"event_choices":[{"damage_healed":0.0,"max_hp_gain":0.0,"max_hp_loss":0.0,"gold_gain":0.0,"event_name":"WeMeetAgain","player_choice":"Gave Potion","floor":8.0,"gold_loss":0.0,"damage_taken":0.0,"relics_obtained":["Mummified Hand"]},{"damage_healed":0.0,"max_hp_gain":0.0,"max_hp_loss":0.0,"gold_gain":0.0,"event_name":"Scrap Ooze","player_choice":"Success","floor":12.0,"gold_loss":0.0,"damage_taken":7.0,"relics_obtained":["Replay:Mystery Machine"]},{"damage_healed":25.0,"max_hp_gain":0.0,"max_hp_loss":0.0,"gold_gain":0.0,"event_name":"Big Fish","player_choice":"Banana","floor":14.0,"gold_loss":0.0,"damage_taken":0.0},{"damage_healed":0.0,"max_hp_gain":0.0,"max_hp_loss":0.0,"gold_gain":0.0,"cards_transformed":["Strike_G"],"event_name":"Transmorgrifier","player_choice":"Transformed","floor":19.0,"gold_loss":0.0,"damage_taken":0.0,"cards_obtained":["Prepared"]},{"damage_healed":0.0,"max_hp_gain":0.0,"max_hp_loss":0.0,"gold_gain":0.0,"event_name":"Lab","player_choice":"Got Potions","floor":20.0,"gold_loss":0.0,"damage_taken":0.0}],"is_beta":false,"boss_relics":[{"not_picked":["Replay:Bronze Core","Velvet Choker"],"picked":"Calling Bell"}],"items_purged_floors":[],"is_endless":false,"potions_floor_spawned":[3,5,7,10,16,24],"killed_by":"Collector","ascension_level":11}}