{"host":"6jrd8fn9k88n08be","time":1611864155,"event":{"mods":["BaseMod","Minty Spire (QoL Compilation)","StSLib"],"gold_per_floor":[116,134,149,167,167,167,200,214,240,267,267,267,280,311,311,411,411,427,439,457,457,468,468,468,468],"floor_reached":24,"language":"ENG","playtime":2041,"items_purged":[],"score":253,"play_id":"6702cc4e-960f-4aae-a258-99c34694aef0","local_time":"20210128150235","is_ascension_mode":true,"campfire_choices":[{"data":"Carnage","floor":6.0,"key":"SMITH"},{"data":"Bash","floor":11.0,"key":"SMITH"},{"floor":15.0,"key":"REST"},{"floor":23,"key":"REST"}],"circlet_count":0,"master_deck":["Strike_R","Strike_R","Defend_R","Defend_R","Defend_R","Bash+1","Warcry","Metallicize","Carnage+1","Twin Strike","Disarm","Hemokinesis","Pommel Strike","Feed","Ghostly Armor","Uppercut"],"relics":["Burning Blood","NeowsBlessing","Juzu Bracelet","Oddly Smooth Stone","Bag of Preparation","Potion Belt","Empty Cage"],"acts_visited":["Exordium","TheCity"],"potions_floor_usage":[22,22],"damage_taken":[{"damage":0.0,"enemies":"Cultist","floor":1.0,"turns":1.0},{"damage":0.0,"enemies":"Small Slimes","floor":2.0,"turns":1.0},{"damage":0.0,"enemies":"2 Louse","floor":3.0,"turns":1.0},{"damage":31.0,"enemies":"Gremlin Gang","floor":4.0,"turns":12.0},{"damage":10.0,"enemies":"Gremlin Nob","floor":7.0,"turns":3.0},{"damage":0.0,"enemies":"2 Fungi Beasts","floor":8.0,"turns":2.0},{"damage":21.0,"enemies":"Lagavulin","floor":10.0,"turns":9.0},{"damage":23.0,"enemies":"Lots of Slimes","floor":13.0,"turns":5.0},{"damage":14.0,"enemies":"3 Sentries","floor":14.0,"turns":6.0},{"damage":15.0,"enemies":"Hexaghost","floor":16.0,"turns":11.0},{"damage":41.0,"enemies":"3 Byrds","floor":18.0,"turns":10.0},{"damage":16.0,"enemies":"2 Thieves","floor":19.0,"turns":3.0},{"damage":19.0,"enemies":"Snake Plant","floor":20.0,"turns":6.0},{"damage":23,"enemies":"Sentry and Sphere","floor":22,"turns":16},{"damage":42,"enemies":"Book of Stabbing","floor":24,"turns":6}],"seed_played":"-304943919411590799","potions_obtained":[{"floor":7.0,"key":"SpeedPotion"},{"floor":8.0,"key":"Dexterity Potion"},{"floor":10.0,"key":"LiquidMemories"},{"floor":14.0,"key":"Weak Potion"},{"floor":16.0,"key":"Fire Potion"},{"floor":18.0,"key":"Dexterity Potion"},{"floor":20.0,"key":"SkillPotion"}],"is_trial":false,"path_per_floor":["M","M","M","M","?","R","E","M","T","E","R","?","M","E","R","B",null,"M","M","M","?","M","R","E"],"character_chosen":"IRONCLAD","items_purchased":[],"campfire_rested":2,"item_purchase_floors":[],"current_hp_per_floor":[80,80,80,55,48,48,44,50,50,35,35,35,18,10,34,25,80,48,41,28,28,14,40,0,0],"gold":468,"neow_bonus":"THREE_ENEMY_KILL","is_daily":false,"chose_seed":false,"campfire_upgraded":2,"win_rate":0.0,"timestamp":1611864155,"path_taken":["M","?","?","M","?","R","E","M","T","E","R","?","M","E","R","BOSS","M","M","M","?","M","R","E"],"items_purchased_type":[],"build_version":"2020-12-22","purchased_purges":0,"victory":false,"max_hp_per_floor":[80,80,80,80,80,80,80,80,80,80,80,80,80,80,80,80,80,83,86,86,86,89,89,89,89],"card_choices":[{"not_picked":["Iron Wave","Power Through"],"picked":"Warcry","floor":1.0},{"not_picked":["Cleave","Combust"],"picked":"Metallicize","floor":2.0},{"not_picked":["Dark Embrace","Headbutt","Burning Pact"],"picked":"SKIP","floor":3.0},{"not_picked":["Twin Strike","Infernal Blade"],"picked":"Carnage","floor":4.0},{"not_picked":["Heavy Blade","Clash"],"picked":"Twin Strike","floor":7.0},{"not_picked":["Cleave","Thunderclap"],"picked":"Disarm","floor":8.0},{"not_picked":["Sword Boomerang","Anger","Burning Pact"],"picked":"SKIP","floor":10.0},{"not_picked":["Heavy Blade","Twin Strike"],"picked":"Pommel Strike","floor":13.0},{"not_picked":["Armaments","Heavy Blade","Clash"],"picked":"SKIP","floor":14.0},{"not_picked":["Exhume","Offering"],"picked":"Feed","floor":16.0},{"not_picked":["Heavy Blade","Twin Strike"],"picked":"Ghostly Armor","floor":18.0},{"not_picked":["Twin Strike","Havoc"],"picked":"Uppercut","floor":19.0},{"not_picked":["Intimidate+1","Evolve","Cleave"],"picked":"SKIP","floor":20.0},{"not_picked":["Shockwave","Whirlwind","Havoc"],"picked":"SKIP","floor":22}],"player_experience":128915,"relics_obtained":[{"floor":7.0,"key":"Juzu Bracelet"},{"floor":9.0,"key":"Oddly Smooth Stone"},{"floor":10.0,"key":"Bag of Preparation"},{"floor":14.0,"key":"Potion Belt"}],"event_choices":[{"cards_removed":["Strike_R"],"damage_healed":0.0,"max_hp_gain":0.0,"max_hp_loss":0.0,"gold_gain":0.0,"event_name":"Golden Wing","player_choice":"Card Removal","floor":5.0,"gold_loss":0.0,"damage_taken":7.0},{"damage_healed":0.0,"max_hp_gain":0.0,"max_hp_loss":0.0,"gold_gain":0.0,"cards_transformed":["Strike_R"],"event_name":"Transmorgrifier","player_choice":"Transformed","floor":12.0,"gold_loss":0.0,"damage_taken":0.0,"cards_obtained":["Hemokinesis"]},{"damage_healed":0.0,"max_hp_gain":0.0,"max_hp_loss":0.0,"gold_gain":0.0,"event_name":"Vampires","player_choice":"Ignored","floor":21.0,"gold_loss":0.0,"damage_taken":0.0}],"is_beta":false,"boss_relics":[{"not_picked":["Runic Pyramid","Tiny House"],"picked":"Empty Cage"}],"items_purged_floors":[],"is_endless":false,"potions_floor_spawned":[7,8,10,14,16,18,20],"killed_by":"Book of Stabbing","ascension_level":3}}