{"host":"2d0rd30cigwncx1y","time":1611853254,"event":{"mods":["BaseMod","Colored Map","Colored Powertips","Downfall","MarisaÅiñ∂âJÅ@ñÇóùçπÅj","Minty Spire (QoL Compilation)","Replay The Spire","StSLib","The Alterego","The Marked","The Servant 0.9.4"],"gold_per_floor":[99,99,99,199,199,199,199,199,199,211,236,247,247,247,269,281,281,281],"floor_reached":16,"language":"ENG","playtime":730,"items_purged":[],"score":96,"play_id":"40d9792e-7c02-495a-8dbe-f2ab3576567f","local_time":"20210128180054","is_ascension_mode":false,"campfire_choices":[{"data":"bronze:Goto","floor":1,"key":"SMITH"},{"data":"bronze:BugBarrage","floor":6,"key":"SMITH"},{"data":"bronze:BugBarrage","floor":13,"key":"SMITH"}],"circlet_count":0,"master_deck":["bronze:Strike","bronze:Strike","bronze:Strike","bronze:Strike","bronze:Defend","bronze:Defend+1","bronze:Defend","bronze:Defend","bronze:Replicate","bronze:Goto+1","bronze:WildBeam","bronze:BugBarrage+1","bronze:BronzeOrb","bronze:BugBarrage+1","bronze:Flail"],"relics":["bronze:BronzeCore","downfall:HeartsMalice","bronze:BottledCode","Quantum Egg","Du-Vu Doll","MawBank"],"acts_visited":["Exordium"],"potions_floor_usage":[],"damage_taken":[{"damage":0,"enemies":"Small Slimes","floor":3,"turns":1},{"damage":0,"enemies":"2 Louse","floor":5,"turns":1},{"damage":0,"enemies":"Cultist","floor":9,"turns":1},{"damage":12,"enemies":"2 Fungi Beasts","floor":10,"turns":2},{"damage":4,"enemies":"3 Sentries","floor":11,"turns":8},{"damage":5,"enemies":"Large Slime","floor":12,"turns":2},{"damage":6,"enemies":"Gremlin Gang","floor":15,"turns":4},{"damage":20,"enemies":"IC_STATUS_ARCHETYPE","floor":16,"turns":6}],"seed_played":"-3824331834951980321","potions_obtained":[{"floor":10,"key":"FairyPotion"}],"is_trial":false,"path_per_floor":["R","?","M","?","M","R","T","?","M","M","E","M","R","?","M","B"],"character_chosen":"THE_AUTOMATON","items_purchased":[],"campfire_rested":0,"item_purchase_floors":[],"current_hp_per_floor":[70,60,60,60,60,60,60,60,60,48,44,39,39,6,18,0,0,0],"gold":281,"neow_bonus":"THREE_ENEMY_KILL","is_daily":false,"chose_seed":false,"campfire_upgraded":3,"win_rate":0.0,"timestamp":1611853254,"path_taken":["R","?","M","?","M","R","T","?","M","M","E","M","R","?","M","BOSS"],"items_purchased_type":[],"build_version":"2020-12-22","purchased_purges":0,"victory":false,"max_hp_per_floor":[70,60,60,60,60,60,60,60,60,60,60,60,60,60,60,60,60,60],"card_choices":[{"not_picked":["bronze:Overheat","bronze:Turbo"],"picked":"bronze:WildBeam","floor":3},{"not_picked":["bronze:Frontload","bronze:Turbo"],"picked":"bronze:BugBarrage","floor":5},{"not_picked":["bronze:Frontload","bronze:ClassDefault","bronze:DelayedGuard"],"picked":"SKIP","floor":9},{"not_picked":["bronze:Invalidate","bronze:BitShift"],"picked":"bronze:BronzeOrb","floor":10},{"not_picked":["bronze:MaxOutput","bronze:BitShift"],"picked":"bronze:BugBarrage","floor":11},{"not_picked":["bronze:Overheat","bronze:CutThrough","bronze:Iterate"],"picked":"SKIP","floor":12},{"not_picked":["bronze:Verify","bronze:CutThrough"],"picked":"bronze:Flail","floor":15}],"player_experience":101142,"relics_obtained":[{"floor":7,"key":"Quantum Egg"},{"floor":11,"key":"Du-Vu Doll"}],"event_choices":[{"damage_healed":0,"gold_gain":0,"player_choice":"Success","damage_taken":33,"relics_obtained":["MawBank"],"max_hp_gain":0,"max_hp_loss":0,"event_name":"Scrap Ooze","floor":14,"gold_loss":0}],"is_beta":false,"boss_relics":[],"items_purged_floors":[],"is_endless":false,"potions_floor_spawned":[10],"killed_by":"IC_STATUS_ARCHETYPE","ascension_level":0}}