{"host":"4duaicl1ekzuzyk8","time":1611809023,"event":{"mods":["2.2 Compatiblity","BaseMod","Challenge The Spire","Downfall","Minty Spire (QoL Compilation)","Quick Restart","Random Character Button","StSLib","Unceasing Turn Reminder"],"gold_per_floor":[99,99,50,50,50,66,145,320,320,420,420,430,440,440,440,440],"floor_reached":14,"language":"ENG","playtime":589,"items_purged":[],"score":176,"play_id":"2dfc4ff0-ac90-4a5d-9c6a-3ffce9608d2e","local_time":"20210128174343","is_ascension_mode":false,"campfire_choices":[{"floor":1,"key":"RECALL"},{"data":"bronze:BugBarrage","floor":11,"key":"SMITH"}],"circlet_count":0,"master_deck":["bronze:Strike","bronze:Strike","bronze:Strike","bronze:Defend","bronze:Defend","bronze:Defend","bronze:Defend","bronze:Replicate","bronze:Goto","bronze:Allocate","bronze:Verify","bronze:BuggyMess","bronze:WildBeam","bronze:CloningBeam","bronze:BugBarrage+1","Doubt","Regret","Regret","bronze:RecursiveStrike","Doubt","Injury","bronze:BugBarrage","bronze:WhirlingStrike"],"relics":["bronze:BronzeCore","downfall:HeartsMalice","Bottled Lightning","Akabeko","downfall:ExtraCursedKey"],"acts_visited":["Exordium"],"potions_floor_usage":[14],"damage_taken":[{"damage":0,"enemies":"Cultist","floor":2,"turns":1},{"damage":0,"enemies":"downfall:FleeingMerchant","floor":3,"turns":1},{"damage":0,"enemies":"Jaw Worm","floor":4,"turns":1},{"damage":19,"enemies":"Small Slimes","floor":6,"turns":4},{"damage":15,"enemies":"3 Louse","floor":12,"turns":3},{"damage":0,"enemies":"2 Fungi Beasts","floor":13,"turns":1},{"damage":49,"enemies":"Gremlin Nob","floor":14,"turns":4}],"seed_played":"8795137217488052920","potions_obtained":[{"floor":6,"key":"SkillPotion"},{"floor":12,"key":"SteroidPotion"},{"floor":13,"key":"Strength Potion"}],"is_trial":false,"path_per_floor":["R","M","$","M","?","M","T","?","?","?","R","M","M","E"],"character_chosen":"THE_AUTOMATON","items_purchased":["bronze:BuggyMess"],"campfire_rested":0,"item_purchase_floors":[3],"current_hp_per_floor":[70,70,70,70,70,51,51,51,51,56,56,41,41,0,0,0],"gold":440,"neow_bonus":"THREE_ENEMY_KILL","is_daily":false,"chose_seed":false,"campfire_upgraded":1,"win_rate":0.0,"timestamp":1611809023,"path_taken":["R","M","?","M","?","M","T","?","?","?","R","?","M","E"],"items_purchased_type":["Card"],"build_version":"2020-12-22","purchased_purges":0,"victory":false,"max_hp_per_floor":[70,70,70,70,70,70,70,70,70,75,75,75,75,75,75,75],"card_choices":[{"not_picked":["bronze:CloningBeam","bronze:Overheat"],"picked":"bronze:Allocate","floor":2},{"not_picked":["bronze:Repulsor","bronze:Backtrace"],"picked":"bronze:Verify","floor":3},{"not_picked":["bronze:Invalidate","bronze:Deprecate"],"picked":"bronze:WildBeam","floor":4},{"not_picked":["bronze:WildBeam","bronze:BronzeOrb"],"picked":"bronze:BugBarrage","floor":6},{"not_picked":["bronze:Flail","bronze:Overheat"],"picked":"bronze:BugBarrage","floor":12},{"not_picked":["bronze:Fortify","bronze:Frontload"],"picked":"bronze:WhirlingStrike","floor":13}],"player_experience":556075,"relics_obtained":[{"floor":7,"key":"Bottled Lightning"}],"event_choices":[{"damage_healed":0,"gold_gain":0,"cards_transformed":["bronze:Strike"],"player_choice":"Change","damage_taken":0,"max_hp_gain":0,"max_hp_loss":0,"event_name":"Living Wall","floor":5,"gold_loss":0,"cards_obtained":["bronze:CloningBeam"]},{"damage_healed":0,"gold_gain":0,"player_choice":"Box","damage_taken":0,"relics_obtained":["Akabeko"],"max_hp_gain":0,"max_hp_loss":0,"event_name":"Big Fish","floor":9,"gold_loss":0,"cards_obtained":["Regret"]}],"is_beta":false,"boss_relics":[],"items_purged_floors":[],"is_endless":false,"potions_floor_spawned":[6,12,13],"killed_by":"Gremlin Nob","ascension_level":0}}