{"host":"4nqeo0vu1vuav7gg","time":1611857801,"event":{"mods":["AchievementEnabler","BaseMod","Block Reminder","Colored Map","Colored Powertips","Highlight Path","Minty Spire (QoL Compilation)","Quick Restart","Rare Cards Sparkle","Relic Relevance Reorder","StSLib"],"gold_per_floor":[109,109,109,126,126,155,155,183,248,98,110,23,41,57,57,134,134,144,60,3,3,16,16,16,16,16],"floor_reached":25,"language":"ENG","playtime":870,"items_purged":[],"score":456,"play_id":"2e38e4a3-b152-4bce-b535-9c66ea0f1518","local_time":"20210128191641","is_ascension_mode":true,"campfire_choices":[{"data":"Fission","floor":7.0,"key":"SMITH"},{"data":"Dualcast","floor":15.0,"key":"SMITH"},{"floor":23.0,"key":"REST"}],"circlet_count":0,"master_deck":["AscendersBane","Strike_B","Strike_B","Strike_B","Strike_B","Defend_B","Defend_B","Defend_B","Zap+1","Dualcast+1","Glacier","Capacitor","Fission+1","Streamline","Fusion","Undo","Chill","Multi-Cast","Tempest","Defragment"],"relics":["Cracked Core","Necronomicon","Centennial Puzzle","Happy Flower","Sozu","NeowsBlessing","MawBank","Omamori","Lee\u0027s Waffle"],"acts_visited":["Exordium","TheCity"],"potions_floor_usage":[],"damage_taken":[{"damage":0.0,"enemies":"2 Louse","floor":1.0,"turns":1.0},{"damage":0.0,"enemies":"Jaw Worm","floor":4.0,"turns":1.0},{"damage":0.0,"enemies":"3 Sentries","floor":6.0,"turns":1.0},{"damage":42.0,"enemies":"Gremlin Nob","floor":8.0,"turns":5.0},{"damage":12.0,"enemies":"Small Slimes","floor":11.0,"turns":3.0},{"damage":1.0,"enemies":"Exordium Thugs","floor":13.0,"turns":4.0},{"damage":0.0,"enemies":"3 Louse","floor":14.0,"turns":4.0},{"damage":45.0,"enemies":"The Guardian","floor":16.0,"turns":13.0},{"damage":12.0,"enemies":"3 Byrds","floor":18.0,"turns":4.0},{"damage":22.0,"enemies":"2 Thieves","floor":22.0,"turns":4.0},{"damage":48,"enemies":"Slavers","floor":25,"turns":4}],"seed_played":"5390692160646837290","potions_obtained":[{"floor":4.0,"key":"PowerPotion"},{"floor":8.0,"key":"FocusPotion"},{"floor":11.0,"key":"Fire Potion"},{"floor":13.0,"key":"BlessingOfTheForge"}],"is_trial":false,"path_per_floor":["M","?","?","M","?","E","R","E","T","$","M","$","M","M","R","B",null,"M","$","?","$","M","R","?","E"],"character_chosen":"DEFECT","items_purchased":["Lee\u0027s Waffle","Fusion","Defragment"],"campfire_rested":1,"item_purchase_floors":[10,12,19],"current_hp_per_floor":[64,57,57,57,57,57,57,15,15,78,66,66,65,65,65,20,64,52,52,52,52,30,53,32,0,0],"gold":16,"neow_bonus":"THREE_ENEMY_KILL","is_daily":false,"chose_seed":false,"campfire_upgraded":2,"win_rate":0.0,"timestamp":1611857801,"path_taken":["M","?","?","M","?","E","R","E","T","$","M","$","M","M","R","BOSS","M","$","?","?","M","R","?","E"],"items_purchased_type":["Relic","Card","Card"],"build_version":"2020-12-22","purchased_purges":0,"victory":false,"max_hp_per_floor":[71,71,71,71,71,71,71,71,71,78,78,78,78,78,78,78,78,78,78,78,78,78,78,78,78,78],"card_choices":[{"not_picked":["Ball Lightning","Stack"],"picked":"Glacier","floor":1.0},{"not_picked":["Conserve Battery","Stack"],"picked":"Capacitor","floor":4.0},{"not_picked":["Conserve Battery","Reboot"],"picked":"Fission","floor":6.0},{"not_picked":["Hello World","Heatsinks","Turbo"],"picked":"SKIP","floor":8.0},{"not_picked":["FTL","Gash"],"picked":"Streamline","floor":11.0},{"not_picked":["Reprogram","Rip and Tear"],"picked":"Undo","floor":13.0},{"not_picked":["Barrage","Rebound"],"picked":"Chill","floor":14.0},{"not_picked":["Thunder Strike","Meteor Strike"],"picked":"Multi-Cast","floor":16.0},{"not_picked":["Redo","Ball Lightning"],"picked":"Tempest","floor":18.0},{"not_picked":["Leap","Gash","Heatsinks"],"picked":"SKIP","floor":22.0}],"player_experience":1081125,"relics_obtained":[{"floor":6.0,"key":"Happy Flower"},{"floor":8.0,"key":"MawBank"},{"floor":9.0,"key":"Omamori"},{"floor":24.0,"key":"Necronomicon"}],"event_choices":[{"cards_removed":["Defend_B"],"damage_healed":0.0,"max_hp_gain":0.0,"max_hp_loss":0.0,"gold_gain":0.0,"event_name":"Golden Wing","player_choice":"Card Removal","floor":2.0,"gold_loss":0.0,"damage_taken":7.0},{"damage_healed":0.0,"max_hp_gain":0.0,"max_hp_loss":0.0,"gold_gain":0.0,"event_name":"The Cleric","player_choice":"Leave","floor":3.0,"gold_loss":0.0,"damage_taken":0.0},{"damage_healed":0.0,"max_hp_gain":0.0,"max_hp_loss":0.0,"gold_gain":0.0,"event_name":"Living Wall","player_choice":"Grow","floor":5.0,"gold_loss":0.0,"damage_taken":0.0,"cards_upgraded":["Zap"]},{"damage_healed":0.0,"max_hp_gain":0.0,"max_hp_loss":0.0,"gold_gain":0.0,"event_name":"WeMeetAgain","player_choice":"Paid Gold","floor":20.0,"gold_loss":57.0,"damage_taken":0.0,"relics_obtained":["Centennial Puzzle"]},{"damage_healed":0.0,"max_hp_gain":0.0,"max_hp_loss":0.0,"gold_gain":0.0,"event_name":"Cursed Tome","player_choice":"Obtained Book","floor":24.0,"gold_loss":0.0,"damage_taken":21.0}],"is_beta":false,"boss_relics":[{"not_picked":["Cursed Key","SacredBark"],"picked":"Sozu"}],"items_purged_floors":[],"is_endless":false,"potions_floor_spawned":[4,8,11,13,18],"killed_by":"Slavers","ascension_level":19}}