{"host":"6ayekdpky30mcb5q","time":1611806329,"event":{"mods":["Act Like it!","BaseMod","Colored Map","Downfall","GifTheSpireLib","Highlight Path","Minty Spire (QoL Compilation)","StSLib","WoW Paladin Mod"],"gold_per_floor":[111,111,122,142,152,152,152,152,152,182,10,29,29,46,46,149,149,135,152,162,50,63,63,74,74,74,92,92,19,19,118,118,218,218,232,68,68,83,93,118,134,154,154,154,169,200,200,213,213,213,213,213,2,30,30],"floor_reached":56,"language":"ENG","playtime":5279,"items_purged":["WoWPaladin:StrikePaladin","WoWPaladin:StrikePaladin","WoWPaladin:StrikePaladin"],"score":1228,"play_id":"73a49258-25d6-45cf-8a0a-5d4941764dc9","local_time":"20210127215849","is_ascension_mode":false,"campfire_choices":[{"data":"WoWPaladin:EqualizingSwath","floor":6,"key":"SMITH"},{"data":"WoWPaladin:HolySmite","floor":8,"key":"SMITH"},{"data":"WoWPaladin:BlindingLight","floor":15,"key":"SMITH"},{"data":"WoWPaladin:ResistanceAura","floor":23,"key":"SMITH"},{"data":"WoWPaladin:FaithInTheLight","floor":25,"key":"SMITH"},{"data":"WoWPaladin:Repentance","floor":32,"key":"SMITH"},{"floor":44,"key":"RECALL"},{"data":"WoWPaladin:OathOfChains","floor":49,"key":"SMITH"},{"data":"WoWPaladin:CondemnHeresy","floor":52,"key":"SMITH"}],"circlet_count":0,"master_deck":["WoWPaladin:StrikePaladin","WoWPaladin:StrikePaladin","WoWPaladin:DefendPaladin","WoWPaladin:DefendPaladin+1","WoWPaladin:DefendPaladin+1","WoWPaladin:DefendPaladin","WoWPaladin:DefendPaladin","WoWPaladin:HolySmite+1","Flash of Steel","WoWPaladin:RapturousCharge","WoWPaladin:BlessedBreastplate","WoWPaladin:EqualizingSwath+1","WoWPaladin:BlindingLight+1","WoWPaladin:FaithInTheLight+1","WoWPaladin:CondemnHeresy+1","WoWPaladin:ResistanceAura+1","WoWPaladin:Resolve+1","WoWPaladin:Thorns+1","WoWPaladin:BlessedBreastplate","WoWPaladin:Repentance+1","WoWPaladin:SeraphStrike","J.A.X.","WoWPaladin:ResistanceAura+1","WoWPaladin:OathOfPiety","WoWPaladin:Repentance+1","WoWPaladin:OathOfChains+1","WoWPaladin:CondemnHeresy","WoWPaladin:SentinelStance"],"relics":["WoWPaladin:AshbringerRelic","Pantograph","CaptainsWheel","Membership Card","Velvet Choker","Vajra","Dead Branch","Blood Vial","Chemical X","Frozen Egg 2","Meat on the Bone","Bronze Scales","War Paint","Thread and Needle"],"acts_visited":["Exordium","TheCity","TheBeyond","TheEnding"],"potions_floor_usage":[22,22,54,55],"damage_taken":[{"damage":2,"enemies":"Jaw Worm","floor":1,"turns":5},{"damage":0,"enemies":"Cultist","floor":3,"turns":3},{"damage":0,"enemies":"Small Slimes","floor":4,"turns":4},{"damage":0,"enemies":"3 Louse","floor":5,"turns":5},{"damage":5,"enemies":"Looter","floor":12,"turns":3},{"damage":2,"enemies":"Large Slime","floor":14,"turns":6},{"damage":0,"enemies":"Slime Boss","floor":16,"turns":5},{"damage":18,"enemies":"2 Thieves","floor":18,"turns":4},{"damage":2,"enemies":"Spheric Guardian","floor":19,"turns":23},{"damage":26,"enemies":"Cultist and Chosen","floor":20,"turns":12},{"damage":2,"enemies":"Snecko","floor":22,"turns":3},{"damage":21,"enemies":"Snake Plant","floor":24,"turns":6},{"damage":17,"enemies":"Sentry and Sphere","floor":27,"turns":16},{"damage":12,"enemies":"Champ","floor":33,"turns":12},{"damage":21,"enemies":"Orb Walker","floor":35,"turns":5},{"damage":5,"enemies":"3 Shapes","floor":38,"turns":11},{"damage":9,"enemies":"3 Darklings","floor":39,"turns":7},{"damage":29,"enemies":"Giant Head","floor":40,"turns":12},{"damage":23,"enemies":"Spire Growth","floor":41,"turns":11},{"damage":3,"enemies":"Sphere and 2 Shapes","floor":42,"turns":10},{"damage":18,"enemies":"Writhing Mass","floor":45,"turns":12},{"damage":13,"enemies":"Reptomancer","floor":46,"turns":9},{"damage":7,"enemies":"Maw","floor":48,"turns":12},{"damage":28,"enemies":"Awakened One","floor":50,"turns":15},{"damage":31,"enemies":"Shield and Spear","floor":54,"turns":9},{"damage":82,"enemies":"The Heart","floor":55,"turns":14}],"seed_played":"-268040316506378529","potions_obtained":[{"floor":4,"key":"Regen Potion"},{"floor":12,"key":"hexamod:SoulburnPotion"},{"floor":16,"key":"hexamod:SoulburnPotion"},{"floor":22,"key":"AttackPotion"},{"floor":24,"key":"sneckomod:MuddlingPotion"},{"floor":40,"key":"Swift Potion"},{"floor":54,"key":"Fruit Juice"}],"is_trial":false,"path_per_floor":["M","?","M","M","M","R","T","R","T","?","$","M","?","M","R","B",null,"M","M","M","$","M","R","M","R","T","M","?","$","?","?","R","B",null,"M","$","?","M","M","E","M","M","T","R","M","E","?","M","R","B",null,"R","$","E","B",null],"character_chosen":"THE_PALADIN","items_purchased":["Membership Card","WoWPaladin:BlindingLight","Vajra","Blood Vial","WoWPaladin:OathOfPiety","Chemical X","Bronze Scales","War Paint"],"campfire_rested":0,"item_purchase_floors":[11,11,21,29,36,36,53,53],"current_hp_per_floor":[78,78,78,78,78,78,78,78,78,78,78,73,73,75,75,80,80,64,80,64,64,62,62,46,46,46,80,80,80,80,80,80,80,80,65,65,65,80,73,80,80,79,79,79,80,80,80,80,80,80,80,80,80,81,80],"gold":30,"neow_bonus":"RANDOM_COLORLESS","is_daily":false,"chose_seed":false,"campfire_upgraded":8,"win_rate":0.0,"timestamp":1611806329,"path_taken":["M","?","M","M","?","R","?","R","T","?","$","M","?","M","R","BOSS","M","M","M","$","M","R","?","R","T","M","?","$","?","?","R","BOSS","M","$","?","M","?","E","M","M","T","R","M","E","?","M","R","BOSS","R","$","E","BOSS"],"items_purchased_type":["Relic","Card","Relic","Relic","Card","Relic","Relic","Relic"],"build_version":"2020-12-22","purchased_purges":3,"victory":true,"max_hp_per_floor":[80,80,80,80,80,80,80,80,80,80,80,80,80,80,80,80,80,80,80,80,80,80,80,80,80,80,80,80,80,80,80,80,80,80,80,80,80,80,80,80,80,80,80,80,80,80,80,80,80,80,80,80,80,85,85],"card_choices":[{"not_picked":["Dramatic Entrance","Deep Breath"],"picked":"Flash of Steel","floor":0},{"not_picked":["WoWPaladin:GuidingStrike","WoWPaladin:RighteousExpulsion"],"picked":"WoWPaladin:RapturousCharge","floor":1},{"not_picked":["WoWPaladin:FistOfTheHeavens","WoWPaladin:ValiantCharge","WoWPaladin:CondemnHeresy"],"picked":"SKIP","floor":3},{"not_picked":["WoWPaladin:Brace","WoWPaladin:Judgement"],"picked":"WoWPaladin:BlessedBreastplate","floor":4},{"not_picked":["WoWPaladin:ArdentDefense","WoWPaladin:Prayer"],"picked":"WoWPaladin:EqualizingSwath","floor":5},{"not_picked":["WoWPaladin:OathOfVigilance","WoWPaladin:FistOfTheHeavens"],"picked":"WoWPaladin:FaithInTheLight","floor":12},{"not_picked":["WoWPaladin:HammerOfWrath","WoWPaladin:CrusaderStrike"],"picked":"WoWPaladin:CondemnHeresy","floor":14},{"not_picked":["WoWPaladin:Purge","WoWPaladin:EstablishmentPaladin"],"picked":"WoWPaladin:ResistanceAura","floor":16},{"not_picked":["WoWPaladin:SentinelStance","WoWPaladin:CrusaderStrike","WoWPaladin:Prayer"],"picked":"SKIP","floor":18},{"not_picked":["WoWPaladin:SeraphStrike","WoWPaladin:RighteousExpulsion"],"picked":"WoWPaladin:Resolve+1","floor":19},{"not_picked":["WoWPaladin:EqualizingSwath","WoWPaladin:RapturousCharge","WoWPaladin:OathOfVigilance"],"picked":"SKIP","floor":20},{"not_picked":["WoWPaladin:EqualizingSwath","WoWPaladin:RighteousDuty"],"picked":"WoWPaladin:Thorns+1","floor":22},{"not_picked":["WoWPaladin:JusticeForAll+1","WoWPaladin:HandOfReckoning"],"picked":"WoWPaladin:BlessedBreastplate","floor":24},{"not_picked":["WoWPaladin:RighteousAnger","WoWPaladin:OathOfPiety"],"picked":"WoWPaladin:Repentance","floor":27},{"not_picked":["WoWPaladin:EstablishmentPaladin","WoWPaladin:ZealousPersecution"],"picked":"WoWPaladin:ResistanceAura","floor":33},{"not_picked":["WoWPaladin:BlindingLight","WoWPaladin:Resolve+1","WoWPaladin:CondemnHeresy"],"picked":"SKIP","floor":35},{"not_picked":["WoWPaladin:CondemnHeresy","WoWPaladin:Prayer+1","WoWPaladin:HammerOfWrath"],"picked":"SKIP","floor":38},{"not_picked":["WoWPaladin:ValiantCharge+1","WoWPaladin:RighteousExpulsion","WoWPaladin:CondemnHeresy"],"picked":"SKIP","floor":39},{"not_picked":["WoWPaladin:BlessingOfKings+1","WoWPaladin:GuidingStrike+1","WoWPaladin:OathOfVigilance"],"picked":"SKIP","floor":40},{"not_picked":["WoWPaladin:BlessingOfKings+1","WoWPaladin:GuidingStrike+1","WoWPaladin:OathOfVigilance"],"picked":"SKIP","floor":40},{"not_picked":["WoWPaladin:RighteousExpulsion","WoWPaladin:CrusaderStrike"],"picked":"WoWPaladin:Repentance+1","floor":41},{"not_picked":["WoWPaladin:Judgement","WoWPaladin:CrusadersJudgement+1","WoWPaladin:FistOfTheHeavens"],"picked":"SKIP","floor":42},{"not_picked":["WoWPaladin:CrusadersJudgement","WoWPaladin:CondemnHeresy+1","WoWPaladin:SeraphStrike"],"picked":"SKIP","floor":45},{"not_picked":["WoWPaladin:Vindicate","WoWPaladin:Consecration+1"],"picked":"WoWPaladin:OathOfChains","floor":46},{"not_picked":["WoWPaladin:Repentance","WoWPaladin:Zeal"],"picked":"WoWPaladin:CondemnHeresy","floor":48},{"not_picked":["WoWPaladin:Resolve","WoWPaladin:Brace+1"],"picked":"WoWPaladin:SentinelStance","floor":54}],"player_experience":616698,"relics_obtained":[{"floor":7,"key":"Pantograph"},{"floor":9,"key":"CaptainsWheel"},{"floor":26,"key":"Dead Branch"},{"floor":40,"key":"Frozen Egg 2"},{"floor":46,"key":"Meat on the Bone"},{"floor":54,"key":"Thread and Needle"}],"event_choices":[{"damage_healed":0,"gold_gain":0,"player_choice":"Bought 0 Potions","damage_taken":0,"max_hp_gain":0,"max_hp_loss":0,"event_name":"The Woman in Blue","floor":2,"gold_loss":0},{"damage_healed":0,"gold_gain":30,"player_choice":"Searched \u00271\u0027 times","damage_taken":0,"max_hp_gain":0,"max_hp_loss":0,"event_name":"Dead Adventurer","floor":10,"gold_loss":0},{"cards_removed":["WoWPaladin:TemplarsVerdict"],"damage_healed":0,"gold_gain":0,"player_choice":"Purged","damage_taken":0,"max_hp_gain":0,"max_hp_loss":0,"event_name":"Purifier","floor":13,"gold_loss":0},{"damage_healed":0,"gold_gain":0,"player_choice":"Read","damage_taken":0,"max_hp_gain":0,"max_hp_loss":0,"event_name":"The Library","floor":28,"gold_loss":0,"cards_obtained":["WoWPaladin:SeraphStrike"]},{"damage_healed":0,"gold_gain":0,"player_choice":"Obtain J.A.X.","damage_taken":0,"max_hp_gain":0,"max_hp_loss":0,"event_name":"Drug Dealer","floor":30,"gold_loss":0,"cards_obtained":["J.A.X."]},{"damage_healed":0,"gold_gain":99,"player_choice":"Stole From Cult","damage_taken":0,"max_hp_gain":0,"max_hp_loss":0,"event_name":"Nest","floor":31,"gold_loss":0},{"damage_healed":0,"gold_gain":0,"player_choice":"Upgraded","damage_taken":0,"max_hp_gain":0,"max_hp_loss":0,"event_name":"Upgrade Shrine","floor":37,"gold_loss":0,"cards_upgraded":["WoWPaladin:ResistanceAura"]},{"damage_healed":0,"gold_gain":0,"player_choice":"Ignored","damage_taken":0,"max_hp_gain":0,"max_hp_loss":0,"event_name":"Mysterious Sphere","floor":47,"gold_loss":0}],"is_beta":false,"boss_relics":[{"not_picked":["Calling Bell","Busted Crown"],"picked":"Velvet Choker"},{"not_picked":["Astrolabe","Philosopher\u0027s Stone","Cursed Key"]}],"items_purged_floors":[21,36,53],"is_endless":false,"potions_floor_spawned":[4,12,16,22,24,27,40,42,54],"ascension_level":0}}