{"host":"gbsupkmj5cka9iw4","time":1611848702,"event":{"mods":["BaseMod","Better Note","BetterRewards","Minty Spire (QoL Compilation)","Say the Spire","Shop Mod","StSLib"],"gold_per_floor":[119,194,194,210,210,244,244,279,279,289,322,341,341,341],"floor_reached":13,"language":"ENG","playtime":806,"items_purged":["Strike_B"],"score":152,"play_id":"756c8c20-e1d6-478b-833a-126eca0b03d1","local_time":"20210129004502","is_ascension_mode":true,"campfire_choices":[{"floor":7.0,"key":"REST"}],"circlet_count":0,"master_deck":["AscendersBane","Strike_B","Strike_B","Strike_B+1","Defend_B","Defend_B+1","Defend_B","Defend_B","Zap","Dualcast","Sunder","Defragment","Conserve Battery","Enlightenment","Self Repair","Ball Lightning","Go for the Eyes","Capacitor","Undo","Burning Pact","Steam","WindmillStrike","Riddle With Holes","Protect","Blur","Glass Knife","Jack Of All Trades","Backflip","Thunderclap"],"relics":["Cracked Core","PrismaticShard","Orrery","Ginger","Shovel","Emotion Chip"],"acts_visited":["Exordium"],"potions_floor_usage":[],"damage_taken":[{"damage":12.0,"enemies":"Small Slimes","floor":1.0,"turns":3.0},{"damage":0.0,"enemies":"2 Louse","floor":4.0,"turns":4.0},{"damage":41.0,"enemies":"Gremlin Nob","floor":6.0,"turns":5.0},{"damage":20.0,"enemies":"Lagavulin","floor":8.0,"turns":6.0},{"damage":0.0,"enemies":"Jaw Worm","floor":10.0,"turns":1.0},{"damage":5,"enemies":"Gremlin Gang","floor":11,"turns":3},{"damage":19,"enemies":"Exordium Thugs","floor":12,"turns":8},{"damage":10,"enemies":"3 Sentries","floor":13,"turns":1}],"seed_played":"-4924044936634703149","potions_obtained":[{"floor":4.0,"key":"Regen Potion"},{"floor":6.0,"key":"SkillPotion"},{"floor":12,"key":"Block Potion"}],"is_trial":false,"path_per_floor":["M","?","?","M","?","E","R","E","T","M","M","M","E"],"character_chosen":"DEFECT","items_purchased":["Sunder","Defragment","Conserve Battery","Enlightenment","PrismaticShard","Self Repair","Ball Lightning","Go for the Eyes","Capacitor","Undo","Orrery"],"campfire_rested":1,"item_purchase_floors":[0,0,0,0,0,0,0,0,0,0,0],"current_hp_per_floor":[39,28,13,13,38,18,40,27,27,27,22,10,0,0],"gold":341,"neow_bonus":"","is_daily":false,"chose_seed":false,"campfire_upgraded":0,"win_rate":0.0,"timestamp":1611848702,"path_taken":["M","?","?","M","?","E","R","E","T","M","M","?","E"],"items_purchased_type":["Card","Card","Card","Card","Relic","Card","Card","Card","Card","Card","Relic"],"build_version":"2020-12-22","purchased_purges":1,"victory":false,"max_hp_per_floor":[75,75,75,75,75,75,75,75,75,75,75,75,75,75],"card_choices":[{"not_picked":["InnerPeace","Perfected Strike"],"picked":"Burning Pact","floor":0.0},{"not_picked":["Searing Blow","Clash"],"picked":"Steam","floor":0.0},{"not_picked":["Fasting2","Body Slam"],"picked":"WindmillStrike","floor":0.0},{"not_picked":["Force Field","Sword Boomerang"],"picked":"Riddle With Holes","floor":0.0},{"not_picked":["Beam Cell","Blood for Blood"],"picked":"Protect","floor":1.0},{"not_picked":["Eviscerate","Metallicize"],"picked":"Blur","floor":4.0},{"not_picked":["Cleave","Doom and Gloom"],"picked":"Glass Knife","floor":6.0},{"not_picked":["Prepared","Crippling Poison","Static Discharge"],"picked":"SKIP","floor":8.0},{"not_picked":["Sweeping Beam","Dagger Throw"],"picked":"Jack Of All Trades","floor":10.0},{"not_picked":["Barrage","Deep Breath"],"picked":"Backflip","floor":11},{"not_picked":["Compile Driver","Meteor Strike"],"picked":"Thunderclap","floor":12}],"player_experience":803705,"relics_obtained":[{"floor":6.0,"key":"Ginger"},{"floor":8.0,"key":"Shovel"},{"floor":9.0,"key":"Emotion Chip"}],"event_choices":[{"damage_healed":0.0,"max_hp_gain":0.0,"max_hp_loss":0.0,"gold_gain":75.0,"event_name":"World of Goop","player_choice":"Gather Gold","floor":2.0,"gold_loss":0.0,"damage_taken":11.0},{"damage_healed":0.0,"max_hp_gain":0.0,"max_hp_loss":0.0,"gold_gain":0.0,"event_name":"Shining Light","player_choice":"Entered Light","floor":3.0,"gold_loss":0.0,"damage_taken":15.0,"cards_upgraded":["Defend_B","Strike_B"]},{"damage_healed":25.0,"max_hp_gain":0.0,"max_hp_loss":0.0,"gold_gain":0.0,"event_name":"Big Fish","player_choice":"Banana","floor":5.0,"gold_loss":0.0,"damage_taken":0.0}],"is_beta":false,"boss_relics":[],"items_purged_floors":[0],"is_endless":false,"potions_floor_spawned":[4,6,12],"killed_by":"3 Sentries","ascension_level":12}}