{"host":"vx9g5eyuglzorf3u","time":1611850359,"event":{"mods":["2.2 Compatiblity","BaseMod","DeckTracker","Keyboard Shortcuts","Minty Spire (QoL Compilation)","Relic Stats","StSLib","SuperFastMode","everything is the same but u backflip on backflip"],"gold_per_floor":[113,130,130,130,147,147,72,72,72,84,84,101,120,131,131,205,205,221,121,121,46,64,64,64],"floor_reached":23,"language":"KOR","playtime":647,"items_purged":["Strike_R","Bash"],"score":366,"play_id":"a0533a9b-9cad-4df8-b369-d342caa255f8","local_time":"20210129011239","is_ascension_mode":true,"campfire_choices":[{"data":"Hemokinesis","floor":6,"key":"SMITH"},{"data":"Spot Weakness","floor":8,"key":"SMITH"},{"data":"Battle Trance","floor":11,"key":"SMITH"},{"data":"Pommel Strike","floor":15,"key":"SMITH"}],"circlet_count":0,"master_deck":["AscendersBane","Defend_R+1","Defend_R+1","Battle Trance+1","Pommel Strike+1","Spot Weakness+1","Hemokinesis+1","Reaper","Exhume+1","Feel No Pain+1","Warcry+1","Warcry","Rupture"],"relics":["Burning Blood","Pantograph","Astrolabe"],"acts_visited":["Exordium","TheCity"],"potions_floor_usage":[],"damage_taken":[{"damage":12.0,"enemies":"Jaw Worm","floor":1.0,"turns":3.0},{"damage":0.0,"enemies":"2 Louse","floor":2.0,"turns":4.0},{"damage":10,"enemies":"Small Slimes","floor":5,"turns":3},{"damage":7,"enemies":"2 Fungi Beasts","floor":10,"turns":3},{"damage":5,"enemies":"Blue Slaver","floor":12,"turns":4},{"damage":20,"enemies":"Large Slime","floor":13,"turns":2},{"damage":10,"enemies":"2 Fungi Beasts","floor":14,"turns":3},{"damage":47,"enemies":"Hexaghost","floor":16,"turns":8},{"damage":16,"enemies":"Shell Parasite","floor":18,"turns":15},{"damage":32,"enemies":"2 Thieves","floor":22,"turns":5},{"damage":91,"enemies":"Book of Stabbing","floor":23,"turns":5}],"seed_played":"3969361310128905604","potions_obtained":[{"floor":5,"key":"SpeedPotion"},{"floor":12,"key":"GamblersBrew"},{"floor":16,"key":"Ancient Potion"}],"is_trial":false,"path_per_floor":["M","M","?","?","M","R","$","R","T","M","R","M","M","M","R","B",null,"M","$","?","?","M","E"],"character_chosen":"IRONCLAD","items_purchased":[],"campfire_rested":0,"item_purchase_floors":[],"current_hp_per_floor":[62,68,68,45,41,41,41,41,41,40,40,41,27,23,23,7,58,69,69,69,69,69,0,0],"gold":64,"neow_bonus":"TRANSFORM_CARD","is_daily":false,"chose_seed":false,"campfire_upgraded":4,"win_rate":0.0,"timestamp":1611850359,"path_taken":["M","M","?","?","M","R","$","R","T","M","R","M","M","M","R","BOSS","M","$","?","?","M","E"],"items_purchased_type":[],"build_version":"2020-12-22","purchased_purges":2,"victory":false,"max_hp_per_floor":[75,75,75,75,75,75,75,75,75,75,75,75,75,75,75,75,75,75,75,75,75,75,75,75],"relic_stats":{"counters":[11,55],"Pantograph":25,"Astrolabe":["Exhume","Feel No Pain","Warcry"],"obtain_stats":[{"Pantograph":9,"Astrolabe":17,"Burning Blood":0},{"Pantograph":3,"Astrolabe":8,"Burning Blood":0},{"Pantograph":10,"Astrolabe":30,"Burning Blood":0}],"Burning Blood":60},"card_choices":[{"not_picked":["Havoc","Sword Boomerang"],"picked":"Pommel Strike","floor":1.0},{"not_picked":["Heavy Blade","Thunderclap"],"picked":"Spot Weakness","floor":2.0},{"not_picked":["Heavy Blade","True Grit","Thunderclap"],"picked":"SKIP","floor":5},{"not_picked":["Rampage","Battle Trance","Shrug It Off"],"picked":"SKIP","floor":10},{"not_picked":["Armaments","Clash","Combust"],"picked":"SKIP","floor":12},{"not_picked":["Sentinel","Infernal Blade","Iron Wave"],"picked":"SKIP","floor":13},{"not_picked":["Shrug It Off","Wild Strike","Pommel Strike"],"picked":"SKIP","floor":14},{"not_picked":["Immolate","Barricade"],"picked":"Reaper","floor":16},{"not_picked":["Havoc","Flex","Armaments"],"picked":"SKIP","floor":18},{"not_picked":["Clash","Shrug It Off"],"picked":"Rupture","floor":22}],"player_experience":1493381,"relics_obtained":[{"floor":9,"key":"Pantograph"}],"event_choices":[{"damage_healed":0.0,"max_hp_gain":0.0,"max_hp_loss":0.0,"gold_gain":0.0,"cards_transformed":["Defend_R"],"event_name":"Living Wall","player_choice":"Change","floor":3.0,"gold_loss":0.0,"damage_taken":0.0,"cards_obtained":["Hemokinesis"]},{"damage_healed":0.0,"max_hp_gain":0.0,"max_hp_loss":0.0,"gold_gain":0.0,"event_name":"Shining Light","player_choice":"Entered Light","floor":4.0,"gold_loss":0.0,"damage_taken":23.0,"cards_upgraded":["Defend_R","Defend_R"]},{"damage_healed":0,"gold_gain":0,"player_choice":"Read","damage_taken":0,"max_hp_gain":0,"max_hp_loss":0,"event_name":"The Library","floor":20,"gold_loss":0,"cards_obtained":["Warcry"]},{"cards_removed":["Defend_R"],"damage_healed":0,"gold_gain":0,"player_choice":"Gave Gold","damage_taken":0,"max_hp_gain":0,"max_hp_loss":0,"event_name":"Beggar","floor":21,"gold_loss":75}],"is_beta":false,"boss_relics":[{"not_picked":["Fusion Hammer","Snecko Eye"],"picked":"Astrolabe"}],"items_purged_floors":[7,19],"is_endless":false,"potions_floor_spawned":[5,12,16,22],"killed_by":"Book of Stabbing","ascension_level":20}}