{"host":"q0ahhcf6jhp3yzzb","time":1611864308,"event":{"mods":["BaseMod","Downfall","Minty Spire (QoL Compilation)","Relic Stats","StSLib"],"gold_per_floor":[99,118,118,137,151,177,203,203,234,246,46,72,57,57,68,68,68,68],"floor_reached":16,"language":"ENG","playtime":1009,"items_purged":[],"score":160,"play_id":"57e20eca-3bbe-498a-9d7a-59cd112e9e30","local_time":"20210128130508","is_ascension_mode":true,"campfire_choices":[{"floor":1,"key":"RECALL"},{"data":"bronze:Philosophize","floor":11,"key":"SMITH"}],"circlet_count":0,"master_deck":["bronze:Strike","bronze:Strike","bronze:Strike","bronze:Defend","bronze:Defend","bronze:Defend","bronze:Defend","bronze:Replicate","bronze:Goto","bronze:DigitalCarnage","bronze:Invalidate","bronze:Overheat","bronze:Branch","bronze:FineTuning","bronze:Philosophize+1","bronze:Safeguard","bronze:Overload","bronze:Iterate"],"relics":["bronze:BronzeCore","downfall:BrokenWingStatue","Anchor","Akabeko","FossilizedHelix","Mango","downfall:HeartBlessingRed","downfall:HeartBlessingGreen","Matryoshka"],"acts_visited":["Exordium"],"potions_floor_usage":[2,6,12,13,16,16],"damage_taken":[{"damage":3,"enemies":"2 Louse","floor":2,"turns":3},{"damage":7,"enemies":"Jaw Worm","floor":4,"turns":3},{"damage":2,"enemies":"Small Slimes","floor":5,"turns":3},{"damage":25,"enemies":"3 Sentries","floor":6,"turns":6},{"damage":0,"enemies":"Gremlin Nob","floor":9,"turns":2},{"damage":0,"enemies":"Exordium Thugs","floor":10,"turns":3},{"damage":4,"enemies":"3 Sentries","floor":12,"turns":4},{"damage":0,"enemies":"downfall:FleeingMerchant","floor":13,"turns":4},{"damage":0,"enemies":"Large Slime","floor":15,"turns":2},{"damage":51,"enemies":"SI_SHIV_ARCHETYPE","floor":16,"turns":9}],"seed_played":"-4774677800869480516","potions_obtained":[{"floor":0,"key":"SpeedPotion"},{"floor":0,"key":"Block Potion"},{"floor":0,"key":"Weak Potion"},{"floor":4,"key":"champ:CounterPotion"},{"floor":6,"key":"ColorlessPotion"},{"floor":10,"key":"champ:CounterPotion"},{"floor":12,"key":"ColorlessPotion"}],"is_trial":false,"path_per_floor":["R","M","?","M","M","E","T","T","E","M","R","E","$","?","M","B"],"character_chosen":"THE_AUTOMATON","items_purchased":[],"campfire_rested":0,"item_purchase_floors":[],"current_hp_per_floor":[70,67,67,60,58,33,33,33,47,47,47,43,43,43,43,0,0,0],"gold":68,"neow_bonus":"THREE_SMALL_POTIONS","is_daily":false,"chose_seed":false,"campfire_upgraded":1,"win_rate":0.0,"timestamp":1611864308,"path_taken":["R","M","?","M","M","E","T","?","E","M","R","E","$","?","M","BOSS"],"items_purchased_type":[],"build_version":"2020-12-22","purchased_purges":0,"victory":false,"max_hp_per_floor":[70,70,70,70,70,70,70,70,84,84,84,84,84,84,84,84,84,84],"relic_stats":{"counters":[10,39],"obtain_stats":[{"Anchor":6,"bronze:BronzeCore":0,"downfall:BrokenWingStatue":3,"Matryoshka":12,"downfall:HeartBlessingRed":11,"Mango":9,"downfall:HeartBlessingGreen":11,"Akabeko":7,"FossilizedHelix":8},{"Anchor":4,"bronze:BronzeCore":0,"downfall:BrokenWingStatue":1,"Matryoshka":7,"downfall:HeartBlessingRed":6,"Mango":5,"downfall:HeartBlessingGreen":6,"Akabeko":4,"FossilizedHelix":4},{"Anchor":15,"bronze:BronzeCore":0,"downfall:BrokenWingStatue":3,"Matryoshka":24,"downfall:HeartBlessingRed":20,"Mango":17,"downfall:HeartBlessingGreen":20,"Akabeko":15,"FossilizedHelix":15}]},"card_choices":[{"not_picked":["bronze:BuggyMess","bronze:ForceShield"],"picked":"bronze:DigitalCarnage","floor":2},{"not_picked":["bronze:Return","bronze:Iterate"],"picked":"bronze:Invalidate","floor":4},{"not_picked":["bronze:Repair","bronze:CutThrough"],"picked":"bronze:Overheat","floor":5},{"not_picked":["bronze:Deprecate","bronze:DelayedSlice"],"picked":"bronze:Branch","floor":6},{"not_picked":["bronze:WildBeam","bronze:Refactor"],"picked":"bronze:FineTuning","floor":9},{"not_picked":["bronze:ChildClass","bronze:Iterate"],"picked":"bronze:Philosophize","floor":10},{"not_picked":["bronze:Flail","bronze:Shell"],"picked":"bronze:Safeguard","floor":12},{"not_picked":["bronze:Return","bronze:DarkDash"],"picked":"bronze:Overload","floor":13},{"not_picked":["bronze:Allocate","bronze:ShipIt"],"picked":"bronze:Iterate","floor":15}],"player_experience":853573,"relics_obtained":[{"floor":6,"key":"Anchor"},{"floor":7,"key":"Akabeko"},{"floor":8,"key":"FossilizedHelix"},{"floor":9,"key":"Mango"},{"floor":12,"key":"Matryoshka"}],"event_choices":[],"is_beta":false,"boss_relics":[],"items_purged_floors":[],"is_endless":false,"potions_floor_spawned":[4,6,10,12],"killed_by":"SI_SHIV_ARCHETYPE","ascension_level":2}}