{"host":"f0gpob8hq9vgebej","time":1611851536,"event":{"mods":["AchievementEnabler","BaseMod","Minty Spire (QoL Compilation)","Quick Restart","SuperFastMode"],"gold_per_floor":[260,216,62,78,78,98,98,131,131,131,56,131,164,175,210,210,292,292,316,334,172,201,216,216,245,245,271,271,306,333,333,70,70,153,153,167,192,67,89,113,113,113,113,113,127,127,146,160,10,10,10],"floor_reached":51,"language":"KOR","playtime":874,"items_purged":["Defend_R","Strike_R","Strike_R","Perfected Strike"],"score":1136,"play_id":"89fd8934-7f40-4c98-8025-0b1887c69ff0","local_time":"20210129013216","is_ascension_mode":true,"campfire_choices":[{"data":"Reckless Charge","floor":6.0,"key":"SMITH"},{"data":"Whirlwind","floor":8.0,"key":"SMITH"},{"floor":15.0,"key":"REST"},{"data":"Fire Breathing","floor":23.0,"key":"SMITH"},{"data":"Shockwave","floor":25.0,"key":"SMITH"},{"floor":27.0,"key":"REST"},{"data":"Fire Breathing","floor":32.0,"key":"SMITH"},{"floor":40,"key":"REST"},{"data":"Sadistic Nature","floor":42,"key":"SMITH"},{"floor":45,"key":"REST"},{"floor":49,"key":"REST"}],"circlet_count":0,"master_deck":["AscendersBane","Strike_R","Strike_R","Strike_R","Defend_R","Defend_R","Defend_R","Bash","Whirlwind+1","Impervious","Reckless Charge+1","Thunderclap","Dropkick","Wild Strike","Offering","Intimidate","Fire Breathing+1","Uppercut+1","Shockwave+1","Power Through+1","Battle Trance","Sadistic Nature+1","Fire Breathing+1","Shrug It Off","Juggernaut","Warcry+1","Disarm","Burning Pact","Demon Form"],"relics":["Burning Blood","Champion Belt","Lizard Tail","Paper Frog","Du-Vu Doll","CeramicFish","Sozu","Juzu Bracelet","Vajra","Mark of Pain","Bag of Marbles"],"acts_visited":["Exordium","TheCity","TheBeyond"],"potions_floor_usage":[],"damage_taken":[{"damage":6.0,"enemies":"2 Louse","floor":1.0,"turns":3.0},{"damage":5.0,"enemies":"Cultist","floor":3.0,"turns":5.0},{"damage":0.0,"enemies":"Small Slimes","floor":5.0,"turns":2.0},{"damage":27.0,"enemies":"3 Sentries","floor":7.0,"turns":5.0},{"damage":30.0,"enemies":"Lagavulin","floor":12.0,"turns":5.0},{"damage":9.0,"enemies":"Looter","floor":13.0,"turns":3.0},{"damage":15.0,"enemies":"3 Sentries","floor":14.0,"turns":5.0},{"damage":68.0,"enemies":"The Guardian","floor":16.0,"turns":9.0},{"damage":12.0,"enemies":"Spheric Guardian","floor":18.0,"turns":3.0},{"damage":3.0,"enemies":"3 Byrds","floor":19.0,"turns":3.0},{"damage":9.0,"enemies":"Snecko","floor":21.0,"turns":3.0},{"damage":20.0,"enemies":"3 Cultists","floor":22.0,"turns":4.0},{"damage":20.0,"enemies":"Centurion and Healer","floor":24.0,"turns":5.0},{"damage":17.0,"enemies":"Slavers","floor":28.0,"turns":2.0},{"damage":8.0,"enemies":"Snecko","floor":29.0,"turns":3.0},{"damage":28.0,"enemies":"Collector","floor":33.0,"turns":8.0},{"damage":11.0,"enemies":"Orb Walker","floor":35.0,"turns":2.0},{"damage":1,"enemies":"3 Darklings","floor":36,"turns":3},{"damage":44,"enemies":"4 Shapes","floor":38,"turns":3},{"damage":23,"enemies":"Transient","floor":39,"turns":5},{"damage":15,"enemies":"Maw","floor":44,"turns":6},{"damage":0,"enemies":"3 Darklings","floor":46,"turns":1},{"damage":7,"enemies":"4 Shapes","floor":47,"turns":3},{"damage":41,"enemies":"Donu and Deca","floor":50,"turns":5}],"seed_played":"7407087648182666426","potions_obtained":[{"floor":1.0,"key":"Weak Potion"},{"floor":3.0,"key":"Strength Potion"},{"floor":7.0,"key":"Ancient Potion"},{"floor":13.0,"key":"Weak Potion"}],"is_trial":false,"path_per_floor":["M","$","M","?","M","R","E","R","T","$","?","E","M","E","R","B",null,"M","M","$","M","M","R","M","R","T","R","E","M","?","$","R","B",null,"M","M","$","M","M","R","?","R","T","M","R","M","M","$","R","B",null],"character_chosen":"IRONCLAD","items_purchased":["Impervious","Fire Breathing","Sadistic Nature","Fire Breathing","Shrug It Off"],"campfire_rested":5,"item_purchase_floors":[2,20,31,31,31],"current_hp_per_floor":[7,68,68,69,69,75,75,54,54,54,54,43,19,16,7,29,7,58,52,55,55,52,38,38,24,24,24,46,35,33,58,58,58,36,65,60,65,65,27,10,32,32,32,32,23,45,51,50,50,72,37],"gold":10,"neow_bonus":"HUNDRED_GOLD","is_daily":false,"chose_seed":false,"campfire_upgraded":6,"win_rate":0.0,"timestamp":1611851536,"path_taken":["M","$","M","?","M","R","E","R","T","?","?","E","M","E","R","BOSS","M","M","$","M","M","R","M","R","T","R","E","M","?","$","R","BOSS","M","M","$","M","M","R","?","R","T","M","R","M","M","$","R","BOSS"],"items_purchased_type":["Card","Card","Card","Card","Card"],"build_version":"2020-12-22","purchased_purges":4,"victory":true,"max_hp_per_floor":[87,75,75,75,75,75,75,75,75,75,75,75,75,75,75,75,75,75,75,75,75,75,75,75,75,75,75,75,75,75,75,75,75,75,75,75,75,75,75,75,75,75,75,75,75,75,75,75,75,75,75],"card_choices":[{"not_picked":["Havoc","Flex"],"picked":"Whirlwind","floor":1.0},{"not_picked":["Flex","Iron Wave"],"picked":"Reckless Charge","floor":3.0},{"not_picked":["Rage","Havoc"],"picked":"Thunderclap","floor":5.0},{"not_picked":["Flex","Blood for Blood"],"picked":"Perfected Strike","floor":7.0},{"not_picked":["Iron Wave","Clothesline"],"picked":"Dropkick","floor":12.0},{"not_picked":["Rampage","Clothesline"],"picked":"Wild Strike","floor":13.0},{"not_picked":["Iron Wave","Heavy Blade","Corruption"],"picked":"SKIP","floor":14.0},{"not_picked":["Immolate","Limit Break"],"picked":"Offering","floor":16.0},{"not_picked":["Heavy Blade","Warcry+1"],"picked":"Intimidate","floor":18.0},{"not_picked":["Twin Strike","Dark Embrace+1","Iron Wave"],"picked":"SKIP","floor":19.0},{"not_picked":["Iron Wave","Seeing Red+1"],"picked":"Uppercut+1","floor":21.0},{"not_picked":["Pommel Strike","Feel No Pain","Clothesline"],"picked":"SKIP","floor":22.0},{"not_picked":["Dark Embrace","Berserk"],"picked":"Shockwave","floor":24.0},{"not_picked":["Armaments+1","Bloodletting"],"picked":"Power Through+1","floor":28.0},{"not_picked":["Combust+1","Uppercut"],"picked":"Battle Trance","floor":29.0},{"not_picked":["Berserk","Demon Form"],"picked":"Juggernaut","floor":33.0},{"not_picked":["Clash","Heavy Blade","True Grit"],"picked":"SKIP","floor":35.0},{"not_picked":["Hemokinesis","Clothesline"],"picked":"Warcry+1","floor":36},{"not_picked":["Heavy Blade+1","Cleave"],"picked":"Disarm","floor":38},{"not_picked":["Thunderclap","Pommel Strike"],"picked":"Burning Pact","floor":39},{"not_picked":["Clash","Pommel Strike","Blood for Blood"],"picked":"SKIP","floor":44},{"not_picked":["Flex+1","Uppercut"],"picked":"Demon Form","floor":46},{"not_picked":["Anger","Metallicize+1","Heavy Blade"],"picked":"SKIP","floor":47}],"player_experience":283573,"relics_obtained":[{"floor":7.0,"key":"Lizard Tail"},{"floor":9.0,"key":"Paper Frog"},{"floor":12.0,"key":"Du-Vu Doll"},{"floor":14.0,"key":"CeramicFish"},{"floor":26.0,"key":"Juzu Bracelet"},{"floor":28.0,"key":"Vajra"},{"floor":43,"key":"Bag of Marbles"}],"event_choices":[{"damage_healed":0.0,"max_hp_gain":0.0,"max_hp_loss":0.0,"gold_gain":0.0,"event_name":"WeMeetAgain","player_choice":"Gave Potion","floor":4.0,"gold_loss":0.0,"damage_taken":0.0,"relics_obtained":["Champion Belt"]},{"damage_healed":0.0,"max_hp_gain":0.0,"max_hp_loss":0.0,"gold_gain":75.0,"event_name":"World of Goop","player_choice":"Gather Gold","floor":11.0,"gold_loss":0.0,"damage_taken":11.0},{"damage_healed":25.0,"max_hp_gain":0.0,"max_hp_loss":0.0,"gold_gain":0.0,"event_name":"The Library","player_choice":"Heal","floor":30.0,"gold_loss":0.0,"damage_taken":0.0},{"damage_healed":0,"gold_gain":0,"player_choice":"Ignored","damage_taken":0,"max_hp_gain":0,"max_hp_loss":0,"event_name":"Mysterious Sphere","floor":41,"gold_loss":0}],"is_beta":false,"boss_relics":[{"not_picked":["Pandora\u0027s Box","Velvet Choker"],"picked":"Sozu"},{"not_picked":["Astrolabe","Runic Dome"],"picked":"Mark of Pain"}],"items_purged_floors":[10,20,37,48],"is_endless":false,"potions_floor_spawned":[1,3,7,13,19,22,28,33,35,38,44,47],"ascension_level":14}}