{"host":"ht9iioopw3yi2xz6","time":1611838393,"event":{"mods":["AchievementEnabler","BaseMod","Colored Map","Downfall","Infinite Spire","Minty Spire (QoL Compilation)","Replay The Spire","Shop Mod","StSLib","The Jungle"],"gold_per_floor":[111,111,121,137,137,165,180,105,105,120,133,147,160,195,195,293,293,313,40,40,54,74,108,108,140,140,140,156,106,122,141,141,240,290,325,11,26,48,70,107,107,107,162,191,219,262,291,329,329,450,450,485,521,562,606,650,715,715,480,505,505,542,542,586,630,630,741,741,774,824,409,409,437,466,466,51,104,104,120,122,122,140,140,219,219,233,233,269,269,2,2,35,35,82,92,118,124,124,127,127,190,190,211,161,161,171,31,31,52,62,62,62,77,81,92,112,112,200,200,217,219,106,106,106,135,148,192,286,336,348,164,164,29,29,128,128,132,172,26,35,26,26,33,50,50,70,67,67,136,136,136,152,152,152,152,178,252],"floor_reached":158,"language":"ENG","playtime":11420,"items_purged":["Defend_R","Strike_R","Strike_R","Defend_R","Defend_R","Dropkick","Ghostly Armor","Dropkick+1","Bash+1","Uppercut+1","ReplayTheSpireMod:Muscle Training"],"score":4622,"play_id":"412ea4e4-995e-4958-9f9b-8a2ad21e0c35","local_time":"20210128225313","is_ascension_mode":false,"campfire_choices":[{"data":"Armaments","floor":15,"key":"SMITH"},{"data":"Body Slam","floor":24,"key":"SMITH"},{"data":"Bash","floor":27,"key":"SMITH"},{"data":"infinitespire:OneForAll","floor":32,"key":"SMITH"},{"data":"Barricade","floor":49,"key":"SMITH"},{"data":"Entrench","floor":58,"key":"SMITH"},{"data":"Flex","floor":66,"key":"PURGE"},{"data":"ReplayTheSpireMod:Chaos Vortex","floor":75,"key":"SMITH"},{"data":"Juggernaut","floor":81,"key":"SMITH"},{"data":"Berserk","floor":83,"key":"SMITH"},{"data":"Entrench","floor":91,"key":"SMITH"},{"data":"Feed","floor":98,"key":"SMITH"},{"data":"Juggernaut","floor":100,"key":"SMITH"},{"data":"infinitespire:Fortify","floor":108,"key":"SMITH"},{"data":"ReplayTheSpireMod:Stacked","floor":112,"key":"PURGE"},{"data":"Armaments+1","floor":117,"key":"PURGE"},{"data":"Impervious","floor":130,"key":"SMITH"},{"data":"theJungle:Gourd","floor":134,"key":"PURGE"},{"data":"theJungle:Gourd","floor":142,"key":"PURGE"},{"data":"Berserk+1","floor":148,"key":"PURGE"},{"data":"theJungle:Gourd","floor":151,"key":"PURGE"},{"data":"Metallicize","floor":154,"key":"PURGE"}],"circlet_count":0,"master_deck":["infinitespire:OneForAll+1","Iron Wave","Body Slam+1","Feed+1","Shrug It Off","infinitespire:SevenWalls","Flame Barrier+1","Entrench+1","Juggernaut+1","Barricade+1","Offering","Body Slam+1","ReplayReversal+1","infinitespire:Gouge","Impervious+1","Impervious+1","infinitespire:Fortify+1","ReplayTheSpireMod:Chaos Vortex+1","Juggernaut+1","Entrench+1","infinitespire:SealOfDarkness+","Impervious+1","infinitespire:Gouge","theJungle:Gourd","theJungle:Gourd","Impervious+1","Shrug It Off+1","Juggernaut+1"],"relics":["Burning Blood","ReplayTheSpireMod:Shallot","Divine Protection","Sundial","SacredBark","MerchantsRug","Anchor","Ornamental Fan","Snack Pack","infinitespire:EvilPickle","Tiny House","Bottled Tornado","Ooze Armor","Charon\u0027s Ashes","Lantern","Replay:Baseball","Replay:Drink Me","Replay:WaspNest","Oddly Smooth Stone","Juzu Bracelet","Peace Pipe","Magic Flower","Onion Ring","Toy Ornithopter","Pen Nib","Coffee Dripper","Counterbalance","infinitespire:Satchel","Shuriken","Philosopher\u0027s Stone","ChewingGum","Black Star","Bronze Scales","StoneCalendar","Replay:Bottled Steam","ReplayTheSpireMod:Ninjato","infinitespire:PuzzleCube","Golden Egg","Blue Doll","infinitespire:Cupcake","Replay:Wax Seal","Thread and Needle","Orichalcum","PreservedInsect","Happy Flower","infinitespire:FocusingShard","King of Hearts","ReplayTheSpireMod:Lightbulb","theJungle:Flamango","Ice Cream","Strange Spoon","Replay:Rubber Ducky","MealTicket","Vajra","infinitespire:CheckeredPen","OrangePellets","Runic Cube","infinitespire:Beetle Shell","ReplayFunnel"],"acts_visited":["Exordium","TheCity","TheBeyond","Exordium","Exordium","TheBeyond","Exordium","Exordium","TheBeyond","TheEnding"],"potions_floor_usage":[10,14,18,21,23,28,38,45,50,50],"damage_taken":[{"damage":2,"enemies":"Small Slimes","floor":1,"turns":4},{"damage":12,"enemies":"Jaw Worm","floor":3,"turns":5},{"damage":1,"enemies":"Cultist","floor":4,"turns":3},{"damage":28,"enemies":"Gremlin Nob","floor":6,"turns":4},{"damage":0,"enemies":"2 Fungi Beasts","floor":7,"turns":3},{"damage":0,"enemies":"Lots of Slimes","floor":10,"turns":2},{"damage":0,"enemies":"Large Slime","floor":11,"turns":3},{"damage":0,"enemies":"Looter","floor":12,"turns":3},{"damage":0,"enemies":"Blue Slaver","floor":13,"turns":3},{"damage":3,"enemies":"Lagavulin","floor":14,"turns":5},{"damage":20,"enemies":"Fading Forest","floor":16,"turns":11},{"damage":0,"enemies":"Shell Parasite","floor":18,"turns":3},{"damage":0,"enemies":"3 Byrds","floor":21,"turns":2},{"damage":2,"enemies":"Snake Plant","floor":22,"turns":4},{"damage":0,"enemies":"Slavers","floor":23,"turns":9},{"damage":33,"enemies":"Nightmare","floor":25,"turns":14},{"damage":1,"enemies":"Sentry and Sphere","floor":28,"turns":7},{"damage":0,"enemies":"Snecko","floor":30,"turns":4},{"damage":3,"enemies":"Chosen and Byrds","floor":31,"turns":5},{"damage":61,"enemies":"Pondfish","floor":33,"turns":13},{"damage":0,"enemies":"3 Shapes","floor":35,"turns":7},{"damage":5,"enemies":"3 Darklings","floor":37,"turns":9},{"damage":42,"enemies":"Transient","floor":38,"turns":5},{"damage":9,"enemies":"Spire Growth","floor":39,"turns":6},{"damage":28,"enemies":"Nemesis","floor":40,"turns":6},{"damage":0,"enemies":"3 Darklings","floor":44,"turns":4},{"damage":0,"enemies":"4 Shapes","floor":45,"turns":4},{"damage":0,"enemies":"Reptomancer","floor":46,"turns":5},{"damage":0,"enemies":"Jaw Worm Horde","floor":47,"turns":5},{"damage":0,"enemies":"3 Darklings","floor":48,"turns":5},{"damage":19,"enemies":"Awakened One","floor":50,"turns":7},{"damage":0,"enemies":"Cultist","floor":52,"turns":2},{"damage":0,"enemies":"Small Slimes","floor":53,"turns":3},{"damage":0,"enemies":"2 Louse","floor":54,"turns":1},{"damage":0,"enemies":"2 Fungi Beasts","floor":55,"turns":2},{"damage":0,"enemies":"3 Louse","floor":56,"turns":2},{"damage":0,"enemies":"Gremlin Nob","floor":57,"turns":2},{"damage":0,"enemies":"Nightmare","floor":62,"turns":5},{"damage":0,"enemies":"Gremlin Gang","floor":64,"turns":2},{"damage":0,"enemies":"Blue Slaver","floor":65,"turns":2},{"damage":0,"enemies":"Fading Forest","floor":67,"turns":6},{"damage":0,"enemies":"theJungle:5_Spyders","floor":69,"turns":5},{"damage":0,"enemies":"theJungle:Flameango_and_Byrd","floor":70,"turns":3},{"damage":0,"enemies":"theJungle:2_Snecko_Cultists","floor":73,"turns":3},{"damage":0,"enemies":"theJungle:Lyon","floor":74,"turns":3},{"damage":0,"enemies":"theJungle:Cassacara","floor":79,"turns":4},{"damage":0,"enemies":"theJungle:2_Flameangoes","floor":80,"turns":3},{"damage":0,"enemies":"theJungle:2_Phrogs","floor":82,"turns":4},{"damage":0,"enemies":"theJungle:QueenSpyder","floor":84,"turns":4},{"damage":0,"enemies":"3 Darklings","floor":86,"turns":3},{"damage":0,"enemies":"Mind Bloom Boss Battle","floor":88,"turns":3},{"damage":20,"enemies":"Giant Head","floor":92,"turns":4},{"damage":0,"enemies":"R_Hoarder","floor":95,"turns":4},{"damage":0,"enemies":"3 Shapes","floor":97,"turns":3},{"damage":0,"enemies":"Jaw Worm Horde","floor":99,"turns":2},{"damage":0,"enemies":"Donu and Deca","floor":101,"turns":6},{"damage":0,"enemies":"2 Louse","floor":103,"turns":2},{"damage":0,"enemies":"Jaw Worm","floor":106,"turns":2},{"damage":0,"enemies":"3 Sentries","floor":109,"turns":3},{"damage":0,"enemies":"Small Slimes","floor":110,"turns":1},{"damage":0,"enemies":"Blue Slaver","floor":113,"turns":1},{"damage":0,"enemies":"Lots of Slimes","floor":114,"turns":2},{"damage":0,"enemies":"Looter","floor":115,"turns":1},{"damage":0,"enemies":"Lagavulin","floor":116,"turns":2},{"damage":0,"enemies":"Slime Boss","floor":118,"turns":2},{"damage":0,"enemies":"Shell Parasite","floor":120,"turns":2},{"damage":0,"enemies":"theJungle:5_Spyders","floor":121,"turns":3},{"damage":0,"enemies":"theJungle:Cassacara","floor":125,"turns":2},{"damage":0,"enemies":"theJungle:2_Snecko_Cultists","floor":126,"turns":3},{"damage":0,"enemies":"theJungle:MamaSnecko","floor":127,"turns":2},{"damage":0,"enemies":"Nightmare","floor":129,"turns":2},{"damage":0,"enemies":"infinitespire:LordOfFortification","floor":135,"turns":1},{"damage":0,"enemies":"3 Darklings","floor":137,"turns":2},{"damage":0,"enemies":"2 Orb Walkers","floor":138,"turns":2},{"damage":0,"enemies":"Orb Walker","floor":140,"turns":2},{"damage":0,"enemies":"Jaw Worm Horde","floor":141,"turns":3},{"damage":0,"enemies":"Sphere and 2 Shapes","floor":143,"turns":2},{"damage":0,"enemies":"Nemesis","floor":144,"turns":3},{"damage":0,"enemies":"Giant Head","floor":146,"turns":2},{"damage":0,"enemies":"Maw","floor":147,"turns":3},{"damage":0,"enemies":"infinitespire:LordOfFortification","floor":152,"turns":11},{"damage":0,"enemies":"Shield and Spear","floor":156,"turns":2},{"damage":0,"enemies":"The Heart","floor":157,"turns":6}],"seed_played":"-1095875645348414943","potions_obtained":[{"floor":4,"key":"Explosive Potion"},{"floor":10,"key":"Venom Potion"},{"floor":11,"key":"PowerPotion"},{"floor":14,"key":"bronze:BurnAndBuffPotion"},{"floor":16,"key":"Explosive Potion"},{"floor":21,"key":"Adrenaline Potion"},{"floor":25,"key":"champ:CounterPotion"},{"floor":34,"key":"FairyPotion"},{"floor":37,"key":"Explosive Potion"},{"floor":38,"key":"Explosive Potion"},{"floor":44,"key":"Guardian:BlockOnCardUsePotion"},{"floor":47,"key":"Cursed Concoction"},{"floor":48,"key":"Regen Potion"},{"floor":52,"key":"SteroidPotion"},{"floor":53,"key":"LifebloodPotion"},{"floor":65,"key":"Energy Potion"},{"floor":69,"key":"SkillPotion"},{"floor":73,"key":"hexamod:SoulburnPotion"},{"floor":82,"key":"champ:CounterPotion"},{"floor":86,"key":"BloodPotion"},{"floor":95,"key":"champ:CounterPotion"},{"floor":106,"key":"SmokeBomb"},{"floor":109,"key":"BlessingOfTheForge"},{"floor":110,"key":"ColorlessPotion"},{"floor":114,"key":"Ancient Potion"},{"floor":129,"key":"sneckomod:MuddlingPotion"},{"floor":135,"key":"Toxic Potion"},{"floor":137,"key":"BlessingOfTheForge"},{"floor":141,"key":"Guardian:BlockOnCardUsePotion"},{"floor":143,"key":"PowerPotion"},{"floor":157,"key":"LifebloodPotion"}],"is_trial":false,"path_per_floor":["M","?","M","M","?","E","M","$","T","M","M","M","M","E","R","B",null,"M","$","?","M","M","E","R","NM","T","R","M","?","M","M","R","B",null,"M","$","M","M","M","E","?","AVR","T","M","M","E","M","M","R","B",null,"M","M","M","M","M","E","R","$","T","?","NM","AVR","M","M","R","B",null,"M","M","$","?","M","M","R","$","T","$","E","M","R","E","R","B",null,"M","?","?","?","$","R","E","?","T","E","$","M","R","M","R","B",null,"M","?","?","M","$","R","E","M","T","R","M","M","M","E","R","B",null,"M","M","$","?","AVR","E","M","E","T","NM","R","$","?","?","R","B",null,"M","?","$","M","M","R","M","E","T","E","M","R","$","?","R","B",null,"R","$","E","B",null],"character_chosen":"IRONCLAD","items_purchased":["MerchantsRug","Shrug It Off","Barricade","Offering","Oddly Smooth Stone","Magic Flower","Onion Ring","BargainBundle","Entrench","Metallicize","Bronze Scales","Replay:Wax Seal","Thread and Needle","Strange Spoon","OrangePellets"],"campfire_rested":0,"item_purchase_floors":[19,19,36,36,59,71,76,90,90,90,107,122,122,139,149],"current_hp_per_floor":[80,73,67,72,72,50,56,56,56,62,68,74,80,80,80,66,80,80,80,61,70,74,83,83,56,56,56,63,63,71,81,81,34,94,97,97,97,63,62,44,44,44,44,55,63,73,84,92,92,106,80,80,80,80,80,83,83,83,83,83,88,88,88,91,91,91,91,91,91,91,91,91,91,91,91,91,91,91,91,91,91,91,91,94,94,94,94,94,94,97,97,92,92,92,100,100,103,103,103,103,111,111,111,111,111,111,111,111,115,115,115,115,115,119,119,123,123,123,123,123,127,127,127,127,127,127,127,127,127,127,127,127,127,127,127,127,127,127,127,131,135,135,135,135,135,135,135,135,135,128,128,128,128,128,128,128,128],"gold":252,"neow_bonus":"THREE_CARDS","is_daily":false,"chose_seed":false,"campfire_upgraded":14,"win_rate":0.0,"timestamp":1611838393,"path_taken":["M","?","M","M","?","E","M","$","T","M","M","M","M","E","R","BOSS","M","$","?","M","M","E","R","NM","T","R","M","?","M","M","R","BOSS","M","$","?","M","M","E","?","AVR","T","M","M","E","M","M","R","BOSS","M","M","M","M","M","E","R","$","T","?","NM","AVR","M","M","R","BOSS","M","M","$","?","M","M","R","$","T","?","E","M","R","E","R","BOSS","M","?","?","?","$","R","E","?","T","E","?","M","R","M","R","BOSS","M","?","?","M","$","R","E","M","T","R","M","M","M","E","R","BOSS","M","M","$","?","AVR","E","M","E","T","NM","R","$","?","?","R","BOSS","M","?","$","M","M","R","M","E","T","E","M","R","$","?","R","BOSS","R","$","E","BOSS"],"items_purchased_type":["Relic","Card","Card","Card","Relic","Relic","Relic","Relic","Card","Card","Relic","Relic","Relic","Relic","Relic"],"build_version":"2020-12-22","purchased_purges":11,"victory":true,"max_hp_per_floor":[80,80,80,80,80,80,80,80,80,80,80,80,80,80,80,80,80,80,80,80,83,83,86,86,86,86,86,86,86,86,89,89,89,94,97,97,97,97,97,97,97,97,97,100,100,100,103,103,103,106,80,80,80,80,80,83,83,83,83,83,88,88,88,91,91,91,91,91,91,91,91,91,91,91,91,91,91,91,91,91,91,91,91,94,94,94,94,94,94,97,97,97,97,97,100,100,103,103,103,103,111,111,111,111,111,111,111,111,115,115,115,115,115,119,119,123,123,123,123,123,127,127,127,127,127,127,127,127,127,127,127,127,127,127,127,127,127,127,127,131,135,135,135,135,135,135,135,135,135,128,128,128,128,128,128,128,128],"card_choices":[{"not_picked":["Clothesline","Sword Boomerang"],"picked":"Flex","floor":0},{"not_picked":["Ghostly Armor","Flex"],"picked":"infinitespire:OneForAll","floor":1},{"not_picked":["Infernal Blade","Sword Boomerang"],"picked":"Pommel Strike","floor":3},{"not_picked":["Ghostly Armor","Fire Breathing"],"picked":"Dropkick","floor":4},{"not_picked":["Pummel","Clash"],"picked":"Iron Wave","floor":6},{"not_picked":["Iron Wave","Cleave"],"picked":"Ghostly Armor","floor":7},{"not_picked":["Defy Death","Pummel"],"picked":"Thunderclap","floor":10},{"not_picked":["Thunderclap","Hemogenesis","Burning Pact"],"picked":"SKIP","floor":11},{"not_picked":["Armaments","Clothesline","Replay:Undeath\u0027s Touch"],"picked":"SKIP","floor":12},{"not_picked":["Clothesline","Replay:Undeath\u0027s Touch"],"picked":"Armaments","floor":12},{"not_picked":["Thunderclap","Life Link"],"picked":"Body Slam","floor":13},{"not_picked":["Body Slam","Whirlwind"],"picked":"Feed","floor":14},{"not_picked":["Pommel Strike","Thunderclap","Massacre+1"],"picked":"SKIP","floor":18},{"not_picked":["infinitespire:Gouge","ReplayTheSpireMod:Chaos Vortex"],"picked":"infinitespire:SevenWalls","floor":20},{"not_picked":["Flex+1","Sever Soul"],"picked":"ReplayTheSpireMod:Stacked","floor":21},{"not_picked":["Sword Boomerang+1","True Grit"],"picked":"ReplayTheSpireMod:Stacked","floor":22},{"not_picked":["Reckless Charge+1","Ghostly Armor"],"picked":"Flame Barrier+1","floor":23},{"not_picked":["Clash","Armaments","Warcry+1"],"picked":"SKIP","floor":25},{"not_picked":["Warcry","Armaments"],"picked":"Entrench","floor":28},{"not_picked":["Pummel","True Grit"],"picked":"Dropkick+1","floor":30},{"not_picked":["Rupture","Life Link"],"picked":"Cleave+1","floor":31},{"not_picked":["Eclipse","Fiend Fire"],"picked":"Juggernaut","floor":33},{"not_picked":["Sword Boomerang","Perfected Strike+1"],"picked":"Metallicize","floor":34},{"not_picked":["Sword Boomerang+1","Cleave+1","Thunderclap"],"picked":"SKIP","floor":35},{"not_picked":["ReplayTheSpireMod:Strike From Hell+1","Flex+1","Seeing Red+1"],"picked":"SKIP","floor":37},{"not_picked":["Ghostly Armor+1","Thunderclap"],"picked":"Body Slam+1","floor":38},{"not_picked":["Warcry","Clothesline+1","Blood for Blood"],"picked":"SKIP","floor":39},{"not_picked":["Body Slam","Iron Wave"],"picked":"ReplayReversal+1","floor":40},{"not_picked":["Headbutt+1","Perfected Strike","Uppercut+1"],"picked":"SKIP","floor":44},{"not_picked":["Rage","Clash"],"picked":"Uppercut+1","floor":45},{"not_picked":["Run Through","Clothesline+1","Flex"],"picked":"SKIP","floor":46},{"not_picked":["Power Through+1","Cleave","Clothesline"],"picked":"SKIP","floor":47},{"not_picked":["ReplayTheSpireMod:Stacked+1","Armaments+1","Body Slam"],"picked":"SKIP","floor":48},{"not_picked":["ReplayTheSpireMod:Stacked+1","Armaments+1","Body Slam"],"picked":"SKIP","floor":48},{"not_picked":["Eclipse","Brutality"],"picked":"Impervious","floor":50},{"not_picked":["Run Through","Flex","Warcry"],"picked":"SKIP","floor":52},{"not_picked":["Pommel Strike","Battle Trance"],"picked":"Impervious","floor":53},{"not_picked":["Dropkick","Life Link","Sword Boomerang"],"picked":"SKIP","floor":54},{"not_picked":["Searing Blow","Sword Boomerang"],"picked":"ReplayTheSpireMod:Muscle Training","floor":55},{"not_picked":["Feed","Armaments","Carnage"],"picked":"SKIP","floor":56},{"not_picked":["ReplayTheSpireMod:LeadingStrike","Seeing Red","Iron Wave"],"picked":"SKIP","floor":57},{"not_picked":["Flame Barrier","Sword Boomerang","Pommel Strike"],"picked":"SKIP","floor":62},{"not_picked":["Thunderclap","Perfected Strike","Carnage"],"picked":"SKIP","floor":64},{"not_picked":["Sever Soul","ReplayTheSpireMod:Stacked","Perfected Strike"],"picked":"SKIP","floor":65},{"not_picked":["infinitespire:Starlight","infinitespire:Punishment"],"picked":"ReplayTheSpireMod:Chaos Vortex","floor":67},{"not_picked":["Impervious","Hemogenesis"],"picked":"Berserk","floor":67},{"not_picked":["ReplayTheSpireMod:Stacked","Anger+1","Body Slam+1"],"picked":"SKIP","floor":69},{"not_picked":["Run Through","Body Slam","Replay:Undeath\u0027s Touch"],"picked":"SKIP","floor":70},{"not_picked":["ReplayTheSpireMod:Strike From Hell","Massacre","Body Slam+1"],"picked":"SKIP","floor":73},{"not_picked":["Cleave+1","Dropkick","Defy Death"],"picked":"SKIP","floor":74},{"not_picked":["Battle Trance","Cleave","Clash+1"],"picked":"SKIP","floor":79},{"not_picked":["Run Through+1","Flex+1","Replay:Undeath\u0027s Touch"],"picked":"SKIP","floor":80},{"not_picked":["Clash+1","Flex","Berserk"],"picked":"SKIP","floor":82},{"not_picked":["Demon Form","Berserk"],"picked":"Juggernaut","floor":84},{"not_picked":["Headbutt","Cleave+1","Anger+1"],"picked":"SKIP","floor":86},{"not_picked":["Anger+1","Reckless Charge+1","Twin Strike"],"picked":"SKIP","floor":92},{"not_picked":["Shrug It Off","Infernal Blade","Clash+1"],"picked":"SKIP","floor":95},{"not_picked":["Replay:Undeath\u0027s Touch","Pommel Strike+1","Headbutt+1"],"picked":"SKIP","floor":97},{"not_picked":["Thunderclap","Armaments","Anger"],"picked":"SKIP","floor":99},{"not_picked":["Warcry","Dropkick","Clash"],"picked":"SKIP","floor":103},{"not_picked":["Body Slam","Demonic Infusion","Perfected Strike"],"picked":"SKIP","floor":106},{"not_picked":["Iron Wave","Sword Boomerang","Headbutt"],"picked":"SKIP","floor":109},{"not_picked":["Cleave","Shockwave","Dual Wield"],"picked":"SKIP","floor":110},{"not_picked":["Seeing Red","Combust","Warcry"],"picked":"SKIP","floor":113},{"not_picked":["Flex","Clothesline","Replay:Undeath\u0027s Touch"],"picked":"SKIP","floor":114},{"not_picked":["Replay:Undeath\u0027s Touch","Clash","Cleave"],"picked":"SKIP","floor":115},{"not_picked":["Replay:Undeath\u0027s Touch","Ghostly Armor","Offering"],"picked":"SKIP","floor":116},{"not_picked":["Pommel Strike","Replay:Undeath\u0027s Touch","Clash"],"picked":"SKIP","floor":120},{"not_picked":["True Grit","Sword Boomerang","Run Through"],"picked":"SKIP","floor":121},{"not_picked":["Reckless Charge+1","Shockwave+1"],"picked":"Impervious","floor":125},{"not_picked":["Pommel Strike","Twin Strike","Flame Barrier+1"],"picked":"SKIP","floor":126},{"not_picked":["Rage+1","ReplayTheSpireMod:Muscle Training+1","Double Tap"],"picked":"SKIP","floor":127},{"not_picked":["infinitespire:Menacing","infinitespire:Starlight"],"picked":"infinitespire:Gouge","floor":129},{"not_picked":["ReplayReversal","Searing Blow+1","Power Through"],"picked":"SKIP","floor":129},{"not_picked":["Offering","Eclipse"],"picked":"Impervious","floor":135},{"not_picked":["Thunderclap","Blood for Blood+1","Flame Barrier"],"picked":"SKIP","floor":137},{"not_picked":["Shockwave+1","Uppercut","ReplayTheSpireMod:Strike From Hell+1"],"picked":"SKIP","floor":140},{"not_picked":["Feel No Pain","Cleave","Sever Soul"],"picked":"SKIP","floor":141},{"not_picked":["Warcry+1","ReplayTheSpireMod:Muscle Training","Perfected Strike+1"],"picked":"SKIP","floor":143},{"not_picked":["Whirlwind","Cleave+1","Perfected Strike"],"picked":"SKIP","floor":144},{"not_picked":["Flame Barrier+1","Perfected Strike","ReplayTheSpireMod:Strike From Hell"],"picked":"SKIP","floor":146},{"not_picked":["Thunderclap","Cleave"],"picked":"Shrug It Off+1","floor":147},{"not_picked":["Reaper","Replay:Many Hands"],"picked":"Juggernaut","floor":152},{"not_picked":["Inflame+1","Searing Blow","Second Wind"],"picked":"SKIP","floor":156}],"player_experience":1494,"relics_obtained":[{"floor":6,"key":"ReplayTheSpireMod:Shallot"},{"floor":9,"key":"Divine Protection"},{"floor":14,"key":"Sundial"},{"floor":23,"key":"Anchor"},{"floor":25,"key":"Ornamental Fan"},{"floor":26,"key":"Snack Pack"},{"floor":40,"key":"Bottled Tornado"},{"floor":43,"key":"Lantern"},{"floor":46,"key":"Replay:Baseball"},{"floor":57,"key":"Replay:WaspNest"},{"floor":60,"key":"Juzu Bracelet"},{"floor":62,"key":"Peace Pipe"},{"floor":77,"key":"Toy Ornithopter"},{"floor":79,"key":"Pen Nib"},{"floor":82,"key":"Replay:Ringing Soul"},{"floor":88,"key":"Counterbalance"},{"floor":92,"key":"Matryoshka"},{"floor":94,"key":"infinitespire:Satchel"},{"floor":94,"key":"Potion Belt"},{"floor":95,"key":"Shuriken"},{"floor":109,"key":"StoneCalendar"},{"floor":109,"key":"Replay:Bottled Steam"},{"floor":111,"key":"ReplayTheSpireMod:Ninjato"},{"floor":111,"key":"infinitespire:PuzzleCube"},{"floor":116,"key":"Golden Egg"},{"floor":116,"key":"Blue Doll"},{"floor":125,"key":"MawBank"},{"floor":125,"key":"Orichalcum"},{"floor":127,"key":"PreservedInsect"},{"floor":127,"key":"Happy Flower"},{"floor":128,"key":"infinitespire:FocusingShard"},{"floor":129,"key":"King of Hearts"},{"floor":129,"key":"ReplayTheSpireMod:Lightbulb"},{"floor":138,"key":"Ice Cream"},{"floor":144,"key":"Red Skull"},{"floor":144,"key":"Replay:Rubber Ducky"},{"floor":145,"key":"MealTicket"},{"floor":146,"key":"Vajra"},{"floor":146,"key":"infinitespire:CheckeredPen"},{"floor":156,"key":"infinitespire:Beetle Shell"},{"floor":156,"key":"ReplayFunnel"}],"event_choices":[{"cards_removed":["Strike_R"],"damage_healed":0,"gold_gain":0,"player_choice":"Card Removal","damage_taken":7,"max_hp_gain":0,"max_hp_loss":0,"event_name":"Golden Wing","floor":2,"gold_loss":0},{"damage_healed":0,"gold_gain":0,"player_choice":"Bought 0 Potions","damage_taken":0,"max_hp_gain":0,"max_hp_loss":0,"event_name":"The Woman in Blue","floor":5,"gold_loss":0},{"damage_healed":0,"gold_gain":0,"player_choice":"Bet on Murderer","damage_taken":0,"max_hp_gain":0,"max_hp_loss":0,"event_name":"The Joust","floor":29,"gold_loss":50},{"damage_healed":0,"gold_gain":0,"player_choice":"Donut","damage_taken":0,"max_hp_gain":5,"max_hp_loss":0,"event_name":"Big Fish","floor":61,"gold_loss":0},{"cards_removed":["Metallicize"],"damage_healed":0,"gold_gain":0,"player_choice":"Removed Power","damage_taken":0,"max_hp_gain":0,"max_hp_loss":0,"event_name":"Falling","floor":87,"gold_loss":0},{"damage_healed":0,"gold_gain":0,"player_choice":"Fight","damage_taken":0,"max_hp_gain":0,"max_hp_loss":0,"event_name":"MindBloom","floor":88,"gold_loss":0},{"damage_healed":0,"gold_gain":0,"player_choice":"Memory 1","damage_taken":0,"max_hp_gain":0,"max_hp_loss":0,"event_name":"SensoryStone","floor":89,"gold_loss":0},{"damage_healed":0,"gold_gain":0,"player_choice":"Ignored","damage_taken":0,"max_hp_gain":0,"max_hp_loss":0,"event_name":"SecretPortal","floor":93,"gold_loss":0},{"cards_removed":["Cleave"],"damage_healed":0,"gold_gain":0,"player_choice":"Card Removal","damage_taken":0,"max_hp_gain":0,"max_hp_loss":0,"event_name":"The Cleric","floor":104,"gold_loss":50},{"cards_removed":["Thunderclap"],"damage_healed":0,"gold_gain":0,"player_choice":"Forget","damage_taken":0,"max_hp_gain":0,"max_hp_loss":0,"event_name":"Living Wall","floor":105,"gold_loss":0},{"damage_healed":0,"gold_gain":0,"player_choice":"Upgraded","damage_taken":0,"max_hp_gain":0,"max_hp_loss":0,"event_name":"Upgrade Shrine","floor":123,"gold_loss":0,"cards_upgraded":["Impervious"]},{"damage_healed":0,"gold_gain":0,"player_choice":"Fight","damage_taken":0,"max_hp_gain":0,"max_hp_loss":0,"event_name":"Mysterious Sphere","floor":138,"gold_loss":0},{"damage_healed":0,"gold_gain":0,"player_choice":"Max HP","damage_taken":0,"max_hp_gain":0,"max_hp_loss":7,"event_name":"Winding Halls","floor":150,"gold_loss":0}],"is_beta":false,"boss_relics":[{"not_picked":["Calling Bell","Abe\u0027s Treasure"],"picked":"SacredBark"},{"not_picked":["Replay:Fungal Core","infinitespire:Burning Sword"],"picked":"Tiny House"},{"not_picked":["Replay:Wanted Poster","Black Blood"],"picked":"Replay:Drink Me"},{"not_picked":["SlaversCollar","Empty Cage"],"picked":"Replay:Fungal Core"},{"not_picked":["Abe\u0027s Treasure","Electric Blood"],"picked":"Coffee Dripper"},{"not_picked":["Runic Cube","Snecko Eye"],"picked":"Replay:Grab Bag"},{"not_picked":["Runic Dome","Painkiller Herb"],"picked":"Philosopher\u0027s Stone"},{"not_picked":["Fusion Hammer","Replay:Wanted Poster"],"picked":"ChewingGum"},{"not_picked":["Runic Pyramid","Black Blood"],"picked":"Black Star"},{"not_picked":["Astrolabe","Mark of Pain"],"picked":"infinitespire:Cupcake"},{"not_picked":["ReplayTheSpireMod:SealedPack","Velvet Choker","ReplayTheSpireMod:DimensionalGlitch"]},{"not_picked":["Electric Blood","Replay:Wanted Poster"],"picked":"Runic Cube"}],"items_purged_floors":[8,19,42,59,63,71,76,90,107,124,131],"is_endless":true,"potions_floor_spawned":[4,10,11,14,16,21,25,37,38,44,47,48,52,53,54,56,65,69,73,82,86,88,95,106,109,110,114,120,129,135,137,141,143,144,146,157],"ascension_level":0}}