{"host":"07hijahnzjd8voao","time":1611802746,"event":{"mods":["BaseMod","Better Third Choice","Colored Map","Colored Powertips","Hermit","Mimic Mod","Minty Spire (QoL Compilation)","Random Character Button","Replay The Spire","StSLib","The Cursed","The Jungle","The Runesmith","slay the spire mod where everything is the same but ironclad has a cowboy hat"],"gold_per_floor":[116,135,155,170,170,170,198,198,222,233,233,250,265,298,298,400,400,375,389,69,69,84,115,127,127,205,234,245,276,201,231,231,231,231],"floor_reached":33,"language":"ENG","playtime":3643,"items_purged":[],"score":458,"play_id":"41feb1ac-ca25-427d-97bd-059d31a40f29","local_time":"20210127215906","is_ascension_mode":true,"campfire_choices":[{"data":"Runesmith:FieryHammer","floor":6,"key":"SMITH"},{"data":"Runesmith:FieryHammer+1","floor":11,"key":"SMITH"},{"floor":25,"key":"REST"},{"floor":32,"key":"REST"}],"circlet_count":0,"master_deck":["Runesmith:Strike_RS","Runesmith:Strike_RS","Runesmith:Strike_RS","Runesmith:Defend_RS","Runesmith:Defend_RS","Runesmith:Defend_RS","Runesmith:Defend_RS+1","Runesmith:CraftFirestone","Runesmith:Fortify","Runesmith:Supernova","Runesmith:EnergizedChisel+1","Runesmith:Grindstone","Runesmith:FieryHammer+2","Runesmith:Refine+1","Runesmith:CraftProtectio","Runesmith:Permafrost","Runesmith:DoubleUp+1","Runesmith:EarthShield","Runesmith:Duplicate","Runesmith:ArcReactor","Writhe","Clumsy","Injury","Runesmith:HammerThrow+1","Runesmith:GrandSlam","Runesmith:LithiumIon","Insight","Runesmith:ChiselStab+1","Runesmith:ShiftingStrike","Runesmith:CraftIncendium+1","Runesmith:Terraform+1","Runesmith:RuneHurl","Runesmith:DuctTape","Runesmith:Superposition+1"],"relics":["Runesmith:BrokenRuby","FaceOfCleric","Juzu Bracelet","Replay:Mystery Machine","Bronze Scales","Replay:Ancient Bell","Anchor","Snack Pack","Durian","Pear","War Paint","Matryoshka","Pocketwatch","Vajra","Molten Egg 2"],"acts_visited":["Exordium","TheCity"],"potions_floor_usage":[7,16,16,16,18,18,18,23,24,24,29,29,31],"damage_taken":[{"damage":5,"enemies":"Small Slimes","floor":1,"turns":4},{"damage":0,"enemies":"Cultist","floor":2,"turns":4},{"damage":0,"enemies":"2 Louse","floor":3,"turns":3},{"damage":1,"enemies":"Blue Slaver","floor":4,"turns":4},{"damage":12,"enemies":"Lagavulin","floor":7,"turns":8},{"damage":14,"enemies":"Lots of Slimes","floor":10,"turns":4},{"damage":10,"enemies":"Exordium Thugs","floor":12,"turns":6},{"damage":12,"enemies":"2 Fungi Beasts","floor":13,"turns":3},{"damage":8,"enemies":"3 Sentries","floor":14,"turns":8},{"damage":0,"enemies":"Hexaghost","floor":16,"turns":12},{"damage":8,"enemies":"2 Thieves","floor":18,"turns":5},{"damage":0,"enemies":"3 Byrds","floor":19,"turns":3},{"damage":11,"enemies":"3 Cultists","floor":22,"turns":3},{"damage":44,"enemies":"Book of Stabbing","floor":23,"turns":7},{"damage":0,"enemies":"Chosen and Byrds","floor":24,"turns":8},{"damage":21,"enemies":"Slavers","floor":27,"turns":4},{"damage":13,"enemies":"Snake Plant","floor":28,"turns":5},{"damage":16,"enemies":"Gremlin Leader","floor":29,"turns":8},{"damage":21,"enemies":"Book of Stabbing","floor":31,"turns":8},{"damage":38,"enemies":"Collector","floor":33,"turns":3}],"seed_played":"-1099425875669220501","potions_obtained":[{"floor":3,"key":"Weak Potion"},{"floor":7,"key":"GamblersBrew"},{"floor":10,"key":"LifebloodPotion"},{"floor":14,"key":"SkillPotion"},{"floor":16,"key":"EntropicBrew"},{"floor":19,"key":"SkillPotion"},{"floor":23,"key":"Fire Potion"},{"floor":27,"key":"FearPotion"},{"floor":28,"key":"EssenceOfSteel"},{"floor":29,"key":"Weak Potion"}],"is_trial":false,"path_per_floor":["M","M","M","M","?","R","E","?","T","M","R","M","M","E","R_BF","B",null,"M","M","$","?","M","E","M","R","T","E","M","E","?","E","R","B"],"character_chosen":"RUNESMITH_CLASS","items_purchased":["Pear","Runesmith:LithiumIon"],"campfire_rested":2,"item_purchase_floors":[20,20],"current_hp_per_floor":[65,65,65,64,64,64,53,53,53,40,40,31,20,13,35,36,81,74,75,85,85,75,32,35,63,63,43,33,20,20,2,32,0,0],"gold":231,"neow_bonus":"ONE_RANDOM_RARE_CARD","is_daily":false,"chose_seed":false,"campfire_upgraded":2,"win_rate":0.0,"timestamp":1611802746,"path_taken":["M","M","M","M","?","R","E","?","T","M","R","M","M","E","R_BF","BOSS","M","M","$","?","M","E","M","R","T","E","M","E","?","E","R","BOSS"],"items_purchased_type":["Relic","Card"],"build_version":"2020-12-22","purchased_purges":0,"victory":false,"max_hp_per_floor":[70,70,70,70,70,70,71,71,71,72,72,73,74,75,75,76,81,82,83,93,93,94,95,96,96,96,97,98,99,99,100,100,100,100],"card_choices":[{"not_picked":["Runesmith:ShiftingStrike","Runesmith:StaticCage"],"picked":"Runesmith:EnergizedChisel","floor":1},{"not_picked":["Runesmith:ShiftingStrike","Runesmith:Overpower"],"picked":"Runesmith:Grindstone","floor":2},{"not_picked":["Runesmith:HammerTime","Runesmith:CraftProtectio"],"picked":"Runesmith:FieryHammer","floor":3},{"not_picked":["Runesmith:NanitesCloud","Runesmith:ChaoticBlast"],"picked":"Runesmith:Refine","floor":4},{"not_picked":["Runesmith:ShiftingStrike","Runesmith:Electrocute"],"picked":"Runesmith:CraftProtectio","floor":7},{"not_picked":["Runesmith:MakeshiftArmor","Runesmith:Duplicate"],"picked":"Runesmith:Permafrost","floor":10},{"not_picked":["Runesmith:UnstableHammer","Runesmith:StaticCage"],"picked":"Runesmith:DoubleUp","floor":12},{"not_picked":["Runesmith:OneForEveryone","Runesmith:Permafrost"],"picked":"Runesmith:EarthShield","floor":13},{"not_picked":["Runesmith:ChiselStab","Runesmith:Refine"],"picked":"Runesmith:Duplicate","floor":14},{"not_picked":["Runesmith:GrandSlam","Runesmith:LastStand"],"picked":"Runesmith:ArcReactor","floor":16},{"not_picked":["Normality","Replay:Hysterical Blindness"],"picked":"Writhe","floor":17},{"not_picked":["Decay","Replay:Hysterical Blindness"],"picked":"Clumsy","floor":17},{"not_picked":["CurseOfTheBell","Spreading Infection"],"picked":"Injury","floor":17},{"not_picked":["Runesmith:ChiselStab","Runesmith:StaticCage+1"],"picked":"Runesmith:HammerThrow+1","floor":18},{"not_picked":["Runesmith:EnergizedChisel","Runesmith:UnstableHammer"],"picked":"Runesmith:GrandSlam","floor":19},{"not_picked":["Runesmith:MakeshiftArmor","Runesmith:Overpower+1"],"picked":"Runesmith:ChiselStab+1","floor":22},{"not_picked":["Runesmith:Accelerate","Runesmith:ElementalConversion"],"picked":"Runesmith:ShiftingStrike","floor":23},{"not_picked":["Runesmith:ShiftingStrike","Runesmith:FieryHammer"],"picked":"Runesmith:CraftIncendium+1","floor":24},{"not_picked":["Runesmith:HeatedChisel+1","Runesmith:NegativeSpace"],"picked":"Runesmith:Terraform+1","floor":27},{"not_picked":["Runesmith:StaticCage","Runesmith:HeatedChisel"],"picked":"Runesmith:RuneHurl","floor":28},{"not_picked":["Runesmith:BackupBattery","Runesmith:CraftProtectio+1"],"picked":"Runesmith:DuctTape","floor":29},{"not_picked":["Runesmith:Reinforce","Runesmith:CraftMagma"],"picked":"Runesmith:Superposition+1","floor":31}],"player_experience":820676,"relics_obtained":[{"floor":7,"key":"Juzu Bracelet"},{"floor":9,"key":"Replay:Mystery Machine"},{"floor":14,"key":"Bronze Scales"},{"floor":23,"key":"War Paint"},{"floor":26,"key":"Matryoshka"},{"floor":27,"key":"Pocketwatch"},{"floor":29,"key":"Vajra"},{"floor":31,"key":"Molten Egg 2"}],"event_choices":[{"damage_healed":0,"gold_gain":0,"player_choice":"Trade","damage_taken":0,"relics_obtained":["FaceOfCleric"],"max_hp_gain":0,"max_hp_loss":0,"event_name":"FaceTrader","floor":5,"gold_loss":0},{"damage_healed":0,"gold_gain":0,"player_choice":"Insight","damage_taken":0,"max_hp_gain":0,"max_hp_loss":0,"event_name":"betterThird:BetterWriting","floor":21,"gold_loss":0,"cards_obtained":["Insight"]},{"cards_removed":["Runesmith:Strike_RS"],"damage_healed":0,"gold_gain":0,"player_choice":"Gave Gold","damage_taken":0,"max_hp_gain":0,"max_hp_loss":0,"event_name":"Beggar","floor":30,"gold_loss":75}],"is_beta":false,"boss_relics":[{"not_picked":["ChewingGum","Snecko Eye"],"picked":"Replay:Ancient Bell"},{"not_picked":["Potion Belt","ReplayFunnel"],"picked":"Anchor"},{"not_picked":["Replay:Ringing Soul","Singing Bowl"],"picked":"Snack Pack"},{"not_picked":["Turnip","Replay:Kaleidoscope"],"picked":"Durian"}],"items_purged_floors":[],"is_endless":false,"potions_floor_spawned":[3,7,10,14,16,19,23,27,28,29],"killed_by":"Collector","ascension_level":1}}