{"host":"08z5bj28eube4vug","time":1611812363,"event":{"mods":["2.2 Compatiblity","Abigail Mod","Act Like it!","BaseMod","Beaked The Cultist","Bestiary","Friendly Minions","Gensokyo","GungeonMod","Hallownest","Kiyohime????","Koishi","Lobotomy","Marisa????????","Minty Spire (QoL Compilation)","Prisma Mod","Remilia??????","Replay The Spire","StSLib","Td1madao Mod","The Alterego","The Bug Knight","The Jungle","The Sage","The Senshi","The Servant 0.9.4","Waifu the Spire","WarShipGirlsR/????R mod","Yuri Mod"],"gold_per_floor":[109,119,119,119,119,149,149,178,178,178,209,226,226,244,244,348,448,459,384,404,434,434,434,464,434,434,434,468,468,495,515,515,619,619,636,636,655,673,489,489,505,532,579,599,599,599,599,613,613,613],"floor_reached":51,"language":"ENG","playtime":2205,"items_purged":[],"score":1346,"play_id":"9a8a1139-ede5-4672-8dab-7ebbb90f97f7","local_time":"20210128083923","is_ascension_mode":true,"campfire_choices":[{"floor":7,"key":"REST"},{"floor":10,"key":"REST"},{"data":"Twin Teeth","floor":13,"key":"SMITH"},{"data":"Black Execution","floor":15,"key":"SMITH"},{"data":"Revenge","floor":23,"key":"SMITH"},{"data":"Black Warm Hole","floor":27,"key":"SMITH"},{"data":"Black Warm Hole","floor":29,"key":"SMITH"},{"data":"Knight Kick","floor":32,"key":"SMITH"},{"data":"Im Angry","floor":40,"key":"SMITH"},{"data":"Fixing","floor":45,"key":"SMITH"},{"floor":47,"key":"REST"},{"floor":49,"key":"DIG"}],"circlet_count":0,"master_deck":["Strike_C","Strike_C+1","Strike_C","Strike_C","Defend_C+1","Defend_C","Defend_C","Defend_C","Knight Kick+1","Chip","Afterwards+1","Fixing+1","Twin Teeth+1","Black Execution+1","Black Warm Hole+1","Black Warm Hole+1","Revenge+1","Paralysis+1","Preparedness+1","Gravity Defend+1","Black Dance+1","Lunge+1","Im Angry+1","Floating Swing Kick+1","Fixing+1","Revenge+1","Chip+1","Retrieval Recycling","Moon Tear+1"],"relics":["Foreshadowing","yuri:PortableGlitches","Cola","sagemod:Red_Beast_Statue","Art of War","Replay:Wanted Poster","Red Mask","DemoMod:MemoryAlloy","StoneCalendar","Quantum Egg","theSenshi:SailorFukuRelic","SlaversCollar","Toxic Egg 2","Frozen Eye","Kunai","ReplayTheSpireMod:Lightbulb","DemoMod:PoisonVial"],"acts_visited":["Exordium","TheCity","TheBeyond"],"potions_floor_usage":[12,16,24,33,41,44,48,50],"damage_taken":[{"damage":4,"enemies":"2 Louse","floor":1,"turns":3},{"damage":2,"enemies":"Jaw Worm","floor":2,"turns":3},{"damage":28,"enemies":"Lagavulin","floor":6,"turns":9},{"damage":9,"enemies":"3 Sentries","floor":8,"turns":9},{"damage":14,"enemies":"Lagavulin","floor":11,"turns":6},{"damage":0,"enemies":"Small Slimes","floor":12,"turns":5},{"damage":2,"enemies":"Red Slaver","floor":14,"turns":2},{"damage":0,"enemies":"Hexaghost","floor":16,"turns":8},{"damage":0,"enemies":"3 Byrds","floor":18,"turns":2},{"damage":0,"enemies":"Chosen","floor":20,"turns":3},{"damage":2,"enemies":"Masked Bandits","floor":21,"turns":2},{"damage":12,"enemies":"Book of Stabbing","floor":24,"turns":3},{"damage":0,"enemies":"Gremlin Leader","floor":28,"turns":3},{"damage":1,"enemies":"Slavers","floor":30,"turns":3},{"damage":0,"enemies":"Snake Plant","floor":31,"turns":3},{"damage":3,"enemies":"Pondfish","floor":33,"turns":8},{"damage":0,"enemies":"3 Darklings","floor":35,"turns":2},{"damage":1,"enemies":"Orb Walker","floor":37,"turns":3},{"damage":0,"enemies":"4 Shapes","floor":38,"turns":4},{"damage":25,"enemies":"Spire Growth","floor":41,"turns":3},{"damage":9,"enemies":"Giant Head","floor":42,"turns":6},{"damage":0,"enemies":"HollowMod:SlobberingHusk","floor":44,"turns":4},{"damage":0,"enemies":"Transient","floor":48,"turns":5},{"damage":24,"enemies":"Replay:Hell Engine","floor":50,"turns":4}],"seed_played":"4528288181233496419","potions_obtained":[{"floor":8,"key":"Venom Potion"},{"floor":11,"key":"Regen Potion"},{"floor":12,"key":"LiquidMemories"},{"floor":14,"key":"SmokeBomb"},{"floor":16,"key":"Reflective Coating"},{"floor":20,"key":"Fire Potion"},{"floor":25,"key":"DemoMod:LeadSkinPotion"},{"floor":28,"key":"ColorlessPotion"},{"floor":35,"key":"SneckoOil"},{"floor":44,"key":"PowerPotion"}],"is_trial":false,"path_per_floor":["M","M","?","?","?","E","R","E","T","R","E","M","R","M","R","B",null,"M","$","M","?","?","R","E","?","T","R","E","R","E","M","R","B",null,"M","T","M","M","$","R","M","E","T","M","R","?","R","M","R","B",null],"character_chosen":"TD1MADAO_CLASS","items_purchased":["Revenge","Fixing+1","Frozen Eye"],"campfire_rested":3,"item_purchase_floors":[19,39,39],"current_hp_per_floor":[59,57,57,43,48,20,42,33,33,55,41,56,56,54,54,54,70,70,70,70,68,68,68,56,56,56,56,56,56,55,55,55,52,69,69,69,68,68,68,68,43,34,34,34,34,34,56,56,56,32],"gold":613,"neow_bonus":"BOSS_RELIC","is_daily":false,"chose_seed":false,"campfire_upgraded":8,"win_rate":0.0,"timestamp":1611812363,"path_taken":["M","M","?","?","?","E","R","E","T","R","E","M","R","M","R","BOSS","M","$","M","?","?","R","E","?","T","R","E","R","E","M","R","BOSS","M","?","M","M","$","R","M","E","T","?","R","?","R","M","R","BOSS"],"items_purchased_type":["Card","Card","Relic"],"build_version":"2020-12-22","purchased_purges":0,"victory":true,"max_hp_per_floor":[70,70,70,70,75,75,75,75,75,75,75,75,75,75,75,75,75,75,75,75,75,75,75,75,75,75,75,75,75,75,75,75,75,75,75,75,75,75,75,75,75,75,75,75,75,75,75,75,75,75],"card_choices":[{"not_picked":["Machining","Cursed Blade","Black Shadow"],"picked":"SKIP","floor":1},{"not_picked":["Preloading","Lunge"],"picked":"Afterwards","floor":2},{"not_picked":["Cooling Song","Resistance"],"picked":"Fixing","floor":6},{"not_picked":["Here Defend Chip","Lore","Reflection Mechanism"],"picked":"SKIP","floor":8},{"not_picked":["Lunge","Cursed Blade"],"picked":"Twin Teeth","floor":11},{"not_picked":["Lunge","Cursed Blade"],"picked":"Black Execution","floor":12},{"not_picked":["Black Execution","Energy Supply"],"picked":"Black Warm Hole","floor":14},{"not_picked":["Format All Data","Backup"],"picked":"Black Warm Hole","floor":16},{"not_picked":["Here Defend Chip","White Contract+1","Energy Supply+1"],"picked":"SKIP","floor":18},{"not_picked":["Revenge","Black Shadow"],"picked":"Paralysis+1","floor":20},{"not_picked":["Retrieval Recycling","Fire Up+1"],"picked":"Preparedness+1","floor":24},{"not_picked":["Energy Supply","Trader"],"picked":"Gravity Defend+1","floor":28},{"not_picked":["Resistance","Black Execution"],"picked":"Black Dance+1","floor":30},{"not_picked":["Machining+1","Fire Blade"],"picked":"Lunge+1","floor":31},{"not_picked":["Backup","Moon Tear"],"picked":"Im Angry","floor":33},{"not_picked":["Provocative+1","Cursed Blade","Sudden Beat"],"picked":"SKIP","floor":35},{"not_picked":["Energy Supply+1","Black Execution","Lunge"],"picked":"SKIP","floor":37},{"not_picked":["Machining+1","Awareness+1"],"picked":"Floating Swing Kick+1","floor":38},{"not_picked":["Twin Teeth","Transfer Energy","Here Defend Chip"],"picked":"SKIP","floor":41},{"not_picked":["Weapon Shift+1","Transfer Energy","Three Hit+1"],"picked":"SKIP","floor":42},{"not_picked":["Ruin Defend+1","Coercion+1"],"picked":"Revenge+1","floor":44},{"not_picked":["Twin Teeth","Lore"],"picked":"Moon Tear+1","floor":48}],"player_experience":858128,"relics_obtained":[{"floor":6,"key":"yuri:PortableGlitches"},{"floor":8,"key":"Cola"},{"floor":9,"key":"sagemod:Red_Beast_Statue"},{"floor":11,"key":"Art of War"},{"floor":21,"key":"Red Mask"},{"floor":24,"key":"DemoMod:MemoryAlloy"},{"floor":26,"key":"StoneCalendar"},{"floor":28,"key":"Quantum Egg"},{"floor":30,"key":"theSenshi:SailorFukuRelic"},{"floor":36,"key":"Toxic Egg 2"},{"floor":42,"key":"Kunai"},{"floor":43,"key":"ReplayTheSpireMod:Lightbulb"},{"floor":49,"key":"DemoMod:PoisonVial"}],"event_choices":[{"damage_healed":0,"gold_gain":0,"player_choice":"Grow","damage_taken":0,"max_hp_gain":0,"max_hp_loss":0,"event_name":"Living Wall","floor":3,"gold_loss":0,"cards_upgraded":["Afterwards"]},{"damage_healed":0,"gold_gain":0,"player_choice":"Entered Light","damage_taken":14,"max_hp_gain":0,"max_hp_loss":0,"event_name":"Shining Light","floor":4,"gold_loss":0,"cards_upgraded":["Defend_C","Strike_C"]},{"damage_healed":0,"gold_gain":0,"player_choice":"Donut","damage_taken":0,"max_hp_gain":5,"max_hp_loss":0,"event_name":"Big Fish","floor":5,"gold_loss":0},{"damage_healed":0,"gold_gain":0,"player_choice":"Fought Bandits","damage_taken":0,"max_hp_gain":0,"max_hp_loss":0,"event_name":"Masked Bandits","floor":21,"gold_loss":0},{"damage_healed":0,"gold_gain":0,"player_choice":"Ignored","damage_taken":0,"max_hp_gain":0,"max_hp_loss":0,"event_name":"Ghosts","floor":22,"gold_loss":0},{"damage_healed":0,"gold_gain":0,"player_choice":"Bought 2 Potions","damage_taken":0,"max_hp_gain":0,"max_hp_loss":0,"event_name":"The Woman in Blue","floor":25,"gold_loss":0},{"damage_healed":0,"gold_gain":0,"player_choice":"2 cards matched","damage_taken":0,"max_hp_gain":0,"max_hp_loss":0,"event_name":"Match and Keep!","floor":46,"gold_loss":0,"cards_obtained":["Chip","Retrieval Recycling"]},{"damage_healed":0,"gold_gain":0,"player_choice":"2 cards matched","damage_taken":0,"max_hp_gain":0,"max_hp_loss":0,"event_name":"Match and Keep!","floor":46,"gold_loss":0,"cards_obtained":["Chip","Retrieval Recycling"]}],"is_beta":false,"boss_relics":[{"not_picked":["Astrolabe","Cursed Key"],"picked":"Replay:Wanted Poster"},{"not_picked":["Kintsugi","Runic Pyramid"],"picked":"SlaversCollar"}],"items_purged_floors":[],"is_endless":false,"potions_floor_spawned":[8,11,12,14,16,20,28,35,38,44],"ascension_level":8}}