{"host":"uvmuduost5bzvojs","time":1611803056,"event":{"mods":["Aspiration","Bard","BaseMod","Better Match","Block Reminder","Conspire","Hermit","Highlight Path","Hubris","Infinite Spire","Jorbs\u0027s Wanderer Trilogy","Mad Scientist","Marisa????????","Mimic Mod","Minty Spire (QoL Compilation)","Potionbrewer","Replay The Spire","Robot Space Explorer","StSLib","The Blackbeard","The Construct","The Cursed","The Disciple","The Hayseed","The Hierophant","The Juggle","The Jungle","The Poker Player","The Runesmith","The Servant 0.9.4","The Spell Scribe","The Valiant","TheBandit"],"gold_per_floor":[111,125,4,14,25,52,64,76,88,100,112,124,162,174,186,213,225,335,347,377,73,100,100,100,100,106,106],"floor_reached":26,"language":"ENG","playtime":1265,"items_purged":["bard:Strike"],"score":214,"play_id":"d7bbf669-7727-4e60-8908-171c7d1dae41","local_time":"20210127220416","is_ascension_mode":false,"campfire_choices":[{"floor":7,"key":"REST"},{"floor":15,"key":"REST"},{"data":"bard:Sift","floor":17,"key":"SMITH"},{"data":"bard:Sonata","floor":25,"key":"SMITH"}],"circlet_count":0,"master_deck":["bard:Strike+1","bard:Strike","bard:Strike","bard:Defend+1","bard:Defend","bard:Defend","bard:Defend","bard:Riposte","bard:Inspire+1","bard:HideousLaughter","bard:BestowCurse","bard:SixFourTime","bard:Sift","bard:Aphasia","bard:Sift+1","bard:Balestra","bard:Balestra","bard:Sonata+1","bard:SixFourTime","bard:DiscordantVoice","bard:LingeringEcho","bard:InspiringSong"],"relics":["bard:PitchPipe","bard:BagPipes","MawBank","conspire:DeflatedDodgeball","Nunchaku","hubris:Backtick","bard:ConductorsBaton","Replay:Bandana"],"acts_visited":["Exordium","TheCity"],"potions_floor_usage":[6,13,18,26],"damage_taken":[{"damage":0,"enemies":"Cultist","floor":1,"turns":3},{"damage":1,"enemies":"2 Louse","floor":2,"turns":2},{"damage":8,"enemies":"Jaw Worm","floor":4,"turns":4},{"damage":1,"enemies":"Looter","floor":5,"turns":3},{"damage":32,"enemies":"3 Sentries","floor":6,"turns":7},{"damage":23,"enemies":"Gremlin Nob","floor":13,"turns":4},{"damage":1,"enemies":"Exordium Wildlife","floor":16,"turns":5},{"damage":21,"enemies":"Hexaghost","floor":18,"turns":9},{"damage":27,"enemies":"Spheric Guardian","floor":20,"turns":4},{"damage":23,"enemies":"Shell Parasite","floor":22,"turns":7},{"damage":29,"enemies":"Slavers","floor":26,"turns":4}],"seed_played":"-7267654953469379340","potions_obtained":[{"floor":2,"key":"DuplicationPotion"},{"floor":5,"key":"PowerPotion"},{"floor":13,"key":"Block Potion"},{"floor":18,"key":"Flashbang"}],"is_trial":false,"path_per_floor":["M","M","$","M","M","E","R","$","T","PTL","PTL","?","E","$","R","M","R","B",null,"M","$","M","?","?","R","E"],"character_chosen":"BARD","items_purchased":["bard:SixFourTime","bard:Sift","Replay:Bandana","bard:DiscordantVoice","bard:LingeringEcho"],"campfire_rested":2,"item_purchase_floors":[3,3,21,21,21],"current_hp_per_floor":[70,69,69,61,60,28,49,49,49,49,49,35,12,12,33,32,32,11,70,43,43,20,20,20,20,0,0],"gold":106,"neow_bonus":"UPGRADE_CARD","is_daily":false,"chose_seed":false,"campfire_upgraded":2,"win_rate":0.0,"timestamp":1611803056,"path_taken":["M","?","?","M","M","E","R","$","T","PTL","PTL","?","E","$","R","M","R","BOSS","M","$","M","?","?","R","E"],"items_purchased_type":["Card","Card","Relic","Card","Card"],"build_version":"2020-12-22","purchased_purges":1,"victory":false,"max_hp_per_floor":[70,70,70,70,70,70,70,70,70,70,70,70,70,70,70,70,70,70,70,70,70,70,70,70,70,70,70],"card_choices":[{"not_picked":["bard:Balestra","bard:Fermata"],"picked":"bard:HideousLaughter","floor":1},{"not_picked":["bard:QuickSong","bard:ThickOfTheFight"],"picked":"bard:BestowCurse","floor":2},{"not_picked":["bard:PrismaticSpray","bard:OffKey"],"picked":"bard:Aphasia","floor":4},{"not_picked":["bard:SongBolt","bard:EchoEcho"],"picked":"bard:Sift","floor":5},{"not_picked":["bard:ViciousMockery","bard:SongBolt","bard:FirstStrike"],"picked":"SKIP","floor":6},{"not_picked":["bard:GuardPoint","bard:Gamble"],"picked":"bard:Balestra","floor":13},{"not_picked":["bard:DiscordantVoice","bard:Blink"],"picked":"bard:Balestra","floor":16},{"not_picked":["bard:MagnumOpus","bard:CovetousAura"],"picked":"bard:Sonata","floor":18},{"not_picked":["bard:PhantasmalForce","bard:Rest+1"],"picked":"bard:SixFourTime","floor":20},{"not_picked":["bard:MantleOfInspiration","bard:QuickSong"],"picked":"bard:InspiringSong","floor":22}],"player_experience":1869583,"relics_obtained":[{"floor":6,"key":"MawBank"},{"floor":9,"key":"conspire:DeflatedDodgeball"},{"floor":13,"key":"Nunchaku"}],"event_choices":[{"damage_healed":0,"gold_gain":0,"player_choice":"Entered Light","damage_taken":14,"max_hp_gain":0,"max_hp_loss":0,"event_name":"Shining Light","floor":12,"gold_loss":0,"cards_upgraded":["bard:Strike","bard:Defend"]},{"damage_healed":0,"gold_gain":0,"player_choice":"Ignored","damage_taken":0,"max_hp_gain":0,"max_hp_loss":0,"event_name":"Vampires","floor":23,"gold_loss":0},{"damage_healed":0,"gold_gain":0,"player_choice":"Ignored","damage_taken":0,"max_hp_gain":0,"max_hp_loss":0,"event_name":"blackbeard:ShipwreckEvent","floor":24,"gold_loss":0}],"is_beta":false,"boss_relics":[{"not_picked":["Honey Jar","bard:SelfPlayingFlute"],"picked":"hubris:Backtick"}],"items_purged_floors":[21],"is_endless":false,"potions_floor_spawned":[2,5,13,18],"killed_by":"Slavers","ascension_level":0}}