{"host":"jrmqsbok61y7b34d","time":1611840821,"event":{"mods":["BaseMod","Better Skull","Colored Map","Colored Powertips","Downfall","Emptier Cage","Minty Spire (QoL Compilation)","Permanent Neow","Quick Restart","Relic Stats","StSLib","Unceasing Turn Reminder"],"gold_per_floor":[99,109,129,0,0,33,56,71,17,17,17,17,117,132,151,253,253,153,169,179,199,225,243,243,258,278,20,20,34,34,62,76,176,176,176,327,342,48,64,84,84,184,84,109,128,139,139,157,172,172],"floor_reached":51,"language":"ENG","playtime":9538,"items_purged":["Shame","champ:Defend","champ:Defend"],"score":830,"play_id":"233a1f3a-689e-49b8-a2c4-4ca2a35b4866","local_time":"20210128133341","is_ascension_mode":false,"campfire_choices":[{"data":"champ:SwordThrow","floor":1.0,"key":"SMITH"},{"data":"champ:Endure","floor":10.0,"key":"SMITH"},{"floor":12.0,"key":"REST"},{"data":"champ:ShieldThrow","floor":18,"key":"SMITH"},{"data":"champ:ShieldWall","floor":28,"key":"SMITH"},{"data":"champ:VampiricStrike","floor":30,"key":"SMITH"},{"floor":35,"key":"RECALL"},{"data":"champ:IronFortress","floor":43,"key":"SMITH"},{"data":"champ:PreciseThrust","floor":47,"key":"SMITH"}],"circlet_count":0,"master_deck":["champ:Defend","champ:Execute","champ:Taunt","champ:Haymaker","champ:SwordThrow+1","champ:Shatter","champ:DeathBlow","champ:Endure+1","champ:IronFortress+1","champ:Duel+1","champ:FocusedBerserking+1","champ:CrookedStrike","champ:ShieldWall","champ:PreciseThrust+1","champ:Lariat+1","champ:ShieldThrow+1","champ:VampiricStrike+1","champ:Backstep+1","champ:SkillfulDodge+1","champ:Backstep+1","champ:EnGarde+1","champ:ShieldWall+1","champ:Circumvent+1","champ:DefensiveShout+1","champ:Endure+1","champ:VampiricStrike+1","champ:Endure+1","champ:IgnorePain+1","champ:FancyFootwork+1","champ:EnragedBash+1","champ:FocusedDefense+1","champ:HoldFirm+1","champ:CalledShot+1","expansioncontent:PrepareCrush+1","champ:ArenaPreparation+1","champ:DeathBlow+1","champ:ShieldWall","champ:StanceDance+1"],"relics":["champ:ChampionCrown","Toxic Egg 2","Tiny Chest","downfall:ShatteredFragment","Coffee Dripper","downfall:HeartBlessingGreen","Akabeko","Letter Opener","Molten Egg 2","Busted Crown","downfall:HeartBlessingRed","Prayer Wheel"],"acts_visited":["Exordium","TheCity","TheBeyond"],"potions_floor_usage":[16,16,16,27,33],"damage_taken":[{"damage":10.0,"enemies":"Small Slimes","floor":2.0,"turns":2.0},{"damage":10.0,"enemies":"Cultist","floor":3.0,"turns":2.0},{"damage":20.0,"enemies":"downfall:FleeingMerchant","floor":4.0,"turns":4.0},{"damage":56.0,"enemies":"3 Sentries","floor":6.0,"turns":7.0},{"damage":0.0,"enemies":"Jaw Worm","floor":8.0,"turns":3.0},{"damage":25.0,"enemies":"downfall:FleeingMerchant","floor":9.0,"turns":4.0},{"damage":57.0,"enemies":"downfall:Heads","floor":13.0,"turns":6.0},{"damage":16.0,"enemies":"Lots of Slimes","floor":14.0,"turns":3.0},{"damage":15.0,"enemies":"Exordium Thugs","floor":15.0,"turns":4.0},{"damage":44,"enemies":"IC_STATUS_ARCHETYPE","floor":16,"turns":7},{"damage":41,"enemies":"Shell Parasite","floor":19,"turns":4},{"damage":45,"enemies":"Cultist and Chosen","floor":20,"turns":6},{"damage":20,"enemies":"3 Cultists","floor":21,"turns":3},{"damage":25,"enemies":"Snecko","floor":23,"turns":4},{"damage":10,"enemies":"Sentry and Sphere","floor":25,"turns":3},{"damage":20,"enemies":"Cultist and Chosen","floor":26,"turns":4},{"damage":43,"enemies":"downfall:FleeingMerchant","floor":27,"turns":4},{"damage":25,"enemies":"Snecko","floor":29,"turns":3},{"damage":14,"enemies":"Slavers","floor":31,"turns":4},{"damage":15,"enemies":"3 Cultists","floor":32,"turns":4},{"damage":35,"enemies":"WA_ARCHETYPE_CALM","floor":33,"turns":7},{"damage":5,"enemies":"downfall:FleeingMerchant","floor":36,"turns":4},{"damage":40,"enemies":"3 Darklings","floor":37,"turns":4},{"damage":10,"enemies":"3 Shapes","floor":39,"turns":3},{"damage":5,"enemies":"Sphere and 2 Shapes","floor":40,"turns":4},{"damage":40,"enemies":"Giant Head","floor":44,"turns":6},{"damage":35,"enemies":"Transient","floor":45,"turns":5},{"damage":0,"enemies":"3 Darklings","floor":46,"turns":3},{"damage":0,"enemies":"4 Shapes","floor":48,"turns":3},{"damage":55,"enemies":"Maw","floor":49,"turns":5},{"damage":86,"enemies":"SI_POISON_ARCHETYPE","floor":50,"turns":8}],"seed_played":"-540323413885595148","potions_obtained":[{"floor":6.0,"key":"Guardian:BlockOnCardUsePotion"},{"floor":8.0,"key":"Dexterity Potion"},{"floor":13.0,"key":"SteroidPotion"},{"floor":21,"key":"champ:CounterPotion"},{"floor":25,"key":"SneckoOil"},{"floor":31,"key":"FearPotion"},{"floor":32,"key":"Ancient Potion"},{"floor":33,"key":"Ancient Potion"},{"floor":37,"key":"DistilledChaos"}],"is_trial":false,"path_per_floor":["R","M","M","$","?","E","T","M","$","R","?","R","?","M","M","B",null,"R","M","M","M","T","M","T","M","M","$","R","M","R","E","M","B",null,"R","$","M","$","M","M","T","?","R","E","M","M","R","M","M","B",null],"character_chosen":"THE_CHAMP","items_purchased":["champ:IronFortress","champ:ShieldWall","champ:ShieldWall","champ:Circumvent+1","champ:DefensiveShout+1","champ:EnragedBash+1","champ:HoldFirm+1","champ:CalledShot+1","expansioncontent:PrepareCrush"],"campfire_rested":1,"item_purchase_floors":[4,9,27,27,27,36,38,38,38],"current_hp_per_floor":[90,90,90,90,90,64,64,64,64,64,37,64,42,36,31,17,90,90,84,84,84,84,84,84,84,84,76,76,61,61,57,57,57,90,90,90,90,90,90,90,90,90,90,90,90,90,90,90,90,84],"gold":172,"neow_bonus":"TRANSFORM_TWO_CARDS","is_daily":false,"chose_seed":false,"campfire_upgraded":7,"win_rate":0.0,"timestamp":1611840821,"path_taken":["R","M","M","$","?","E","T","?","$","R","?","R","?","M","M","BOSS","R","M","M","M","?","?","T","M","M","$","R","M","R","E","M","BOSS","R","$","M","$","M","M","T","?","R","E","M","M","R","M","M","BOSS"],"items_purchased_type":["Card","Card","Card","Card","Card","Card","Card","Card","Card"],"build_version":"2020-12-22","purchased_purges":3,"victory":true,"max_hp_per_floor":[90,90,90,90,90,90,90,90,90,90,90,90,90,90,90,90,90,90,90,90,90,90,90,90,90,90,90,90,90,90,90,90,90,90,90,90,90,90,90,90,90,90,90,90,90,90,90,90,90,90],"relic_stats":{"Busted Crown":26,"counters":[31,133],"Tiny Chest":1,"Prayer Wheel":4,"Letter Opener":[203],"obtain_stats":[{"downfall:ShatteredFragment":11,"Busted Crown":34,"downfall:HeartBlessingRed":43,"champ:ChampionCrown":0,"Tiny Chest":7,"downfall:HeartBlessingGreen":18,"Molten Egg 2":31,"Prayer Wheel":44,"Coffee Dripper":17,"Letter Opener":24,"Toxic Egg 2":6,"Akabeko":22},{"downfall:ShatteredFragment":6,"Busted Crown":21,"downfall:HeartBlessingRed":25,"champ:ChampionCrown":0,"Tiny Chest":4,"downfall:HeartBlessingGreen":10,"Molten Egg 2":19,"Prayer Wheel":26,"Coffee Dripper":10,"Letter Opener":14,"Toxic Egg 2":4,"Akabeko":13},{"downfall:ShatteredFragment":22,"Busted Crown":88,"downfall:HeartBlessingRed":103,"champ:ChampionCrown":0,"Tiny Chest":15,"downfall:HeartBlessingGreen":42,"Molten Egg 2":77,"Prayer Wheel":109,"Coffee Dripper":42,"Letter Opener":59,"Toxic Egg 2":15,"Akabeko":55}]},"card_choices":[{"not_picked":["champ:RisingSlash","champ:BladeFlurry"],"picked":"champ:Shatter","floor":2.0},{"not_picked":["champ:CrownThrow","champ:TornadoPunch"],"picked":"champ:DeathBlow","floor":3.0},{"not_picked":["champ:FlashCut","champ:Duel"],"picked":"champ:Endure","floor":4.0},{"not_picked":["champ:BladeFlurry","champ:RecklessLeap"],"picked":"champ:Duel","floor":6.0},{"not_picked":["champ:Circumvent+1","champ:BladeFlurry"],"picked":"champ:FocusedBerserking+1","floor":8.0},{"not_picked":["champ:RecklessLeap","champ:Haymaker"],"picked":"champ:CrookedStrike","floor":9.0},{"not_picked":["champ:SwordThrow","champ:Circumvent+1"],"picked":"champ:Lariat+1","floor":13.0},{"not_picked":["champ:BringItOn+1","champ:FanOfKnives","champ:GutPunch"],"picked":"SKIP","floor":14.0},{"not_picked":["champ:BringItOn+1","champ:FocusedBerserking+1"],"picked":"champ:ShieldThrow","floor":15.0},{"not_picked":["champ:GladiatorForm","champ:SteelEdge"],"picked":"champ:VampiricStrike","floor":16},{"not_picked":["champ:Shatter","champ:BladeFlurry"],"picked":"champ:Backstep+1","floor":19},{"not_picked":["champ:PerfectedStrike","champ:BringItOn+1"],"picked":"champ:SkillfulDodge+1","floor":20},{"not_picked":["champ:BringItOn+1","champ:GutPunch+1"],"picked":"champ:Backstep+1","floor":21},{"not_picked":["champ:FalseCounter+1","champ:Haymaker","champ:CrownThrow"],"picked":"SKIP","floor":23},{"not_picked":["champ:EndlessRage","champ:CrookedStrike","champ:SteelEdge"],"picked":"SKIP","floor":25},{"not_picked":["champ:DefensiveShout+1","champ:StanceDance+1"],"picked":"champ:EnGarde+1","floor":26},{"not_picked":["champ:EnGarde+1","champ:BladeFlurry","champ:TornadoPunch+1"],"picked":"SKIP","floor":27},{"not_picked":["champ:PreciseThrust","champ:Haymaker"],"picked":"champ:Endure+1","floor":29},{"not_picked":["champ:BringItOn+1","champ:PreemptiveStrike+1"],"picked":"champ:VampiricStrike+1","floor":31},{"not_picked":["champ:FaceSlap+1","champ:PreciseThrust+1"],"picked":"champ:Endure+1","floor":32},{"not_picked":["champ:Devastate+1","champ:DancingMaster"],"picked":"champ:IgnorePain+1","floor":33},{"not_picked":[],"picked":"champ:FancyFootwork+1","floor":36},{"not_picked":[],"picked":"champ:FocusedDefense+1","floor":37},{"not_picked":["champ:EndlessRage+1"],"picked":"SKIP","floor":39},{"not_picked":[],"picked":"champ:ArenaPreparation+1","floor":40},{"not_picked":["champ:PreciseThrust+1"],"picked":"SKIP","floor":44},{"not_picked":["champ:Duel+1"],"picked":"SKIP","floor":45},{"not_picked":["champ:FlashCut+1"],"picked":"SKIP","floor":45},{"not_picked":[],"picked":"champ:DeathBlow+1","floor":46},{"not_picked":[],"picked":"champ:ShieldWall","floor":46},{"not_picked":[],"picked":"champ:StanceDance+1","floor":48},{"not_picked":["champ:PerfectedStrike+1"],"picked":"SKIP","floor":48},{"not_picked":["champ:HeartStrike+1"],"picked":"SKIP","floor":49},{"not_picked":["champ:PreciseThrust+1"],"picked":"SKIP","floor":49}],"player_experience":1162637,"relics_obtained":[{"floor":6.0,"key":"Toxic Egg 2"},{"floor":7.0,"key":"Tiny Chest"},{"floor":22,"key":"Akabeko"},{"floor":24,"key":"Letter Opener"},{"floor":31,"key":"Molten Egg 2"},{"floor":44,"key":"Prayer Wheel"}],"event_choices":[{"cards_removed":["champ:Defend"],"damage_healed":0.0,"max_hp_gain":0.0,"max_hp_loss":0.0,"gold_gain":0.0,"event_name":"Bonfire Elementals","player_choice":"Offered Basic","floor":5.0,"gold_loss":0.0,"damage_taken":0.0}],"is_beta":false,"boss_relics":[{"not_picked":["SacredBark","Black Star"],"picked":"Coffee Dripper"},{"not_picked":["Velvet Choker","Philosopher\u0027s Stone"],"picked":"Busted Crown"}],"items_purged_floors":[4,27,36],"is_endless":false,"potions_floor_spawned":[6,8,13,21,25,31,32,33,37,44,45,49],"ascension_level":0}}