{"host":"p7j7o00jacnw7qzt","time":1611875956,"event":{"mods":["BaseMod","Colored Map","Colored Powertips","DeckTracker","Highlight Path","Minty Spire (QoL Compilation)","Relic Stats"],"gold_per_floor":[113,113,125,125,50,50,83,83,83,83,100,128,141,200,200,277,277,289,289,302,202,202,202,219,219,219],"floor_reached":25,"language":"ZHS","playtime":754,"items_purged":["Strike_R","Strike_R"],"score":472,"play_id":"a376ff47-b92a-410a-b482-e0c3c87ee048","local_time":"20210128181916","is_ascension_mode":true,"campfire_choices":[{"floor":6.0,"key":"RECALL"},{"data":"Demon Form","floor":8.0,"key":"SMITH"},{"data":"Bash","floor":10.0,"key":"SMITH"},{"data":"Sword Boomerang","floor":15.0,"key":"SMITH"},{"data":"Battle Trance","floor":23.0,"key":"SMITH"}],"circlet_count":0,"master_deck":["AscendersBane","Strike_R","Defend_R","Defend_R","Defend_R","Defend_R","Bash+1","Demon Form+1","Sword Boomerang+1","Shrug It Off","Second Wind","Power Through","Limit Break","Battle Trance+1"],"relics":["Burning Blood","NeowsBlessing","Question Card","Gremlin Horn","Sundial","Letter Opener","Juzu Bracelet","Empty Cage"],"acts_visited":["Exordium","TheCity"],"potions_floor_usage":[],"damage_taken":[{"damage":0.0,"enemies":"Small Slimes","floor":1.0,"turns":1.0},{"damage":0.0,"enemies":"Jaw Worm","floor":3.0,"turns":1.0},{"damage":0.0,"enemies":"Lagavulin","floor":7.0,"turns":1.0},{"damage":5.0,"enemies":"2 Louse","floor":11.0,"turns":3.0},{"damage":30.0,"enemies":"3 Sentries","floor":12.0,"turns":5.0},{"damage":8.0,"enemies":"Large Slime","floor":13.0,"turns":6.0},{"damage":31.0,"enemies":"Lagavulin Event","floor":14.0,"turns":5.0},{"damage":36.0,"enemies":"The Guardian","floor":16.0,"turns":7.0},{"damage":27.0,"enemies":"Shell Parasite","floor":18.0,"turns":4.0},{"damage":21.0,"enemies":"3 Byrds","floor":20.0,"turns":5.0},{"damage":0.0,"enemies":"Snecko","floor":22.0,"turns":1.0},{"damage":17.0,"enemies":"Centurion and Healer","floor":24.0,"turns":4.0},{"damage":37,"enemies":"Gremlin Leader","floor":25,"turns":2}],"seed_played":"7548538638271328241","potions_obtained":[{"floor":3.0,"key":"Energy Potion"},{"floor":11.0,"key":"Regen Potion"},{"floor":13.0,"key":"Energy Potion"},{"floor":14.0,"key":"BloodPotion"},{"floor":19.0,"key":"Fruit Juice"},{"floor":19.0,"key":"SmokeBomb"}],"is_trial":false,"path_per_floor":["M","?","M","T","$","R","E","R","T","R","M","E","M","?","R","B",null,"M","?","M","$","M","R","M","E"],"character_chosen":"IRONCLAD","items_purchased":[],"campfire_rested":0,"item_purchase_floors":[],"current_hp_per_floor":[74,74,75,75,75,75,75,75,75,75,75,51,64,39,39,9,59,38,43,28,28,34,34,23,0,0],"gold":219,"neow_bonus":"THREE_ENEMY_KILL","is_daily":false,"chose_seed":false,"campfire_upgraded":4,"win_rate":0.0,"timestamp":1611875956,"path_taken":["M","?","M","?","?","R","E","R","T","R","M","E","M","?","R","BOSS","M","?","M","$","M","R","M","E"],"items_purchased_type":[],"build_version":"2020-12-22","purchased_purges":2,"victory":false,"max_hp_per_floor":[75,75,75,75,75,75,75,75,75,75,75,75,75,75,75,75,75,75,80,80,80,80,80,80,80,80],"relic_stats":{"Gremlin Horn":[5,5],"counters":[13,45],"Sundial":[10],"Juzu Bracelet":0,"Letter Opener":[35],"Question Card":10,"obtain_stats":[{"NeowsBlessing":0,"Gremlin Horn":7,"Sundial":9,"Juzu Bracelet":14,"Letter Opener":12,"Question Card":4,"Empty Cage":17,"Burning Blood":0},{"NeowsBlessing":0,"Gremlin Horn":3,"Sundial":3,"Juzu Bracelet":7,"Letter Opener":5,"Question Card":2,"Empty Cage":8,"Burning Blood":0},{"NeowsBlessing":0,"Gremlin Horn":3,"Sundial":3,"Juzu Bracelet":22,"Letter Opener":11,"Question Card":2,"Empty Cage":29,"Burning Blood":0}],"Burning Blood":60},"card_choices":[{"not_picked":["Iron Wave","Combust","Warcry"],"picked":"SKIP","floor":1.0},{"not_picked":["Clash","Headbutt","Clothesline"],"picked":"SKIP","floor":3.0},{"not_picked":["Body Slam","Reaper","Shrug It Off"],"picked":"Demon Form","floor":7.0},{"not_picked":["Searing Blow","Warcry","Dark Embrace"],"picked":"Sword Boomerang","floor":11.0},{"not_picked":["Carnage","Reckless Charge","Corruption"],"picked":"Shrug It Off","floor":12.0},{"not_picked":["Headbutt","Sword Boomerang","Wild Strike"],"picked":"Second Wind","floor":13.0},{"not_picked":["Shrug It Off","Searing Blow","Pommel Strike"],"picked":"Power Through","floor":14.0},{"not_picked":["Demon Form","Brutality","Juggernaut"],"picked":"Limit Break","floor":16.0},{"not_picked":["Combust+1","Ghostly Armor","Armaments","Shrug It Off"],"picked":"SKIP","floor":18.0},{"not_picked":["Rampage","Sword Boomerang","Clothesline"],"picked":"Battle Trance","floor":20.0},{"not_picked":["Heavy Blade","Sword Boomerang+1","Twin Strike","Thunderclap"],"picked":"SKIP","floor":24.0},{"not_picked":["Heavy Blade","Sword Boomerang+1","Twin Strike","Thunderclap"],"picked":"SKIP","floor":24.0}],"player_experience":1058970,"relics_obtained":[{"floor":4.0,"key":"Question Card"},{"floor":7.0,"key":"Gremlin Horn"},{"floor":9.0,"key":"Sundial"},{"floor":12.0,"key":"Letter Opener"},{"floor":14.0,"key":"Juzu Bracelet"}],"event_choices":[{"damage_healed":0.0,"max_hp_gain":0.0,"max_hp_loss":0.0,"gold_gain":0.0,"event_name":"Liars Game","player_choice":"Ignored","floor":2.0,"gold_loss":0.0,"damage_taken":0.0},{"damage_healed":0.0,"max_hp_gain":0.0,"max_hp_loss":0.0,"gold_gain":0.0,"event_name":"Dead Adventurer","player_choice":"Searched \u00271\u0027 times","floor":14.0,"gold_loss":0.0,"damage_taken":0.0},{"damage_healed":0.0,"max_hp_gain":0.0,"max_hp_loss":0.0,"gold_gain":0.0,"event_name":"Lab","player_choice":"Got Potions","floor":19.0,"gold_loss":0.0,"damage_taken":0.0}],"is_beta":false,"boss_relics":[{"not_picked":["Busted Crown","Black Star"],"picked":"Empty Cage"}],"items_purged_floors":[5,21],"is_endless":false,"potions_floor_spawned":[3,11,12,13,14,22],"killed_by":"Gremlin Leader","ascension_level":20}}