{"host":"1ecbliur7lfoj0sl","time":1611818615,"event":{"mods":["Act Like it!","BaseMod","Gensokyo","Minty Spire (QoL Compilation)","StSLib","Waifu the Spire","Yakumo Yukari mod"],"gold_per_floor":[387,402,332,346,94,94,94,94,163,173,98,112,112,329,329,426,426,442,455,469,479,143,143,177,177,177,196,207,107,107,124,124,229,229,243,243,262,64,78,78,106,323,323,198,198,224,74,85,85,85],"floor_reached":51,"language":"ZHS","playtime":3727,"items_purged":["Defend_purpleEX","AT_purpleEX","AT_purpleEX","Defend_purpleEX"],"score":954,"play_id":"01b35597-38a0-4ae2-be9e-dfc736ae0346","local_time":"20210128152335","is_ascension_mode":true,"campfire_choices":[{"data":"Observe_purple_2","floor":6.0,"key":"SMITH"},{"data":"RuleDissolution_purple","floor":8.0,"key":"SMITH"},{"data":"GluttonyofRealm_purpleEX","floor":13.0,"key":"SMITH"},{"data":"Observe_purple_1","floor":15.0,"key":"SMITH"},{"data":"D_absorption_purple","floor":23.0,"key":"SMITH"},{"data":"Gensokyo:ManorOfTheDishes","floor":25.0,"key":"SMITH"},{"data":"Gensokyo:ManorOfTheDishes","floor":32,"key":"SMITH"},{"data":"RuleDissolution_purple","floor":40,"key":"SMITH"},{"floor":49,"key":"RECALL"}],"circlet_count":0,"master_deck":["AT_purpleEX","AT_purpleEX","Defend_purpleEX","Defend_purpleEX","Observe_purple_1+1","Observe_purple_2+1","RuleDissolution_purple+1","Line_surface_state_purple","GluttonyofRealm_purpleEX+1","D_absorption_purple+1","CommonSense_AntiCommonSense_purple","Bait_HighSpeedFlying_purple+1","PositiveMatter_Antimatter_Universe_purple+1","ContainerChange_purple","Gensokyo:ManorOfTheDishes+1","WangLiang_LineAndCurveDreams_purple","Gensokyo:LifeSpringInfinity+1","RuleDissolution_purple+1","Line_surface_state_purple"],"relics":["Boundary_crack","Memoryfragments_purpleEX","Oddly Smooth Stone","Sling","InkBottle","Runic Pyramid","Incense Burner","Molten Egg 2","Meat on the Bone","Ice Cream","Sozu","MealTicket","Letter Opener","Ornamental Fan","Orichalcum","Calipers","Mercury Hourglass"],"acts_visited":["Exordium","Gensokyo:Gensokyo","Gensokyo:Gensokyoer"],"potions_floor_usage":[33],"damage_taken":[{"damage":3.0,"enemies":"Gensokyo:2_Kodama","floor":1.0,"turns":4.0},{"damage":5.0,"enemies":"Gensokyo:3_Fairies","floor":2.0,"turns":5.0},{"damage":1.0,"enemies":"Gensokyo:Gryphon","floor":4.0,"turns":4.0},{"damage":23.0,"enemies":"Gensokyo:LivingMonolith","floor":10.0,"turns":4.0},{"damage":10.0,"enemies":"Gensokyo:5_Fairies","floor":12.0,"turns":7.0},{"damage":22.0,"enemies":"Gensokyo:Gryphon_and_Rabbit","floor":14.0,"turns":6.0},{"damage":2.0,"enemies":"Gensokyo:Reimu","floor":16.0,"turns":9.0},{"damage":5.0,"enemies":"Gensokyo:CosmicMonolith","floor":18.0,"turns":6.0},{"damage":2.0,"enemies":"Gensokyo:AngelMirror","floor":19.0,"turns":4.0},{"damage":20.0,"enemies":"Gensokyo:Swordslinger","floor":20.0,"turns":5.0},{"damage":0.0,"enemies":"Gensokyo:3_Gloops","floor":21.0,"turns":4.0},{"damage":24.0,"enemies":"Gensokyo:Tenshi","floor":24.0,"turns":5.0},{"damage":12.0,"enemies":"Gensokyo:Mirror_and_Dog","floor":27.0,"turns":6.0},{"damage":12.0,"enemies":"Gensokyo:Slime_Group","floor":28.0,"turns":6.0},{"damage":1,"enemies":"Gensokyo:Chomper_and_Gloop","floor":31,"turns":7},{"damage":38,"enemies":"Gensokyo:Eternal_Rivals","floor":33,"turns":11},{"damage":0,"enemies":"Gensokyo:3_Boulders","floor":35,"turns":9},{"damage":15,"enemies":"Gensokyo:3_Boulders","floor":36,"turns":7},{"damage":0,"enemies":"Gensokyo:AncientGuardian","floor":37,"turns":6},{"damage":32,"enemies":"Gensokyo:Sharpion","floor":39,"turns":9},{"damage":22,"enemies":"Gensokyo:Kasen","floor":41,"turns":7},{"damage":0,"enemies":"Gensokyo:3_Boulders","floor":42,"turns":5},{"damage":0,"enemies":"Gensokyo:Doremy","floor":46,"turns":5},{"damage":0,"enemies":"Gensokyo:4_Bats","floor":48,"turns":3},{"damage":0,"enemies":"Gensokyo:Scarlet_Devils","floor":50,"turns":6}],"seed_played":"-3058464847539816092","potions_obtained":[{"floor":2.0,"key":"Block Potion"},{"floor":12.0,"key":"SkillPotion"},{"floor":14.0,"key":"Strength Potion"},{"floor":16.0,"key":"Strength Potion"},{"floor":20.0,"key":"Weak Potion"},{"floor":24.0,"key":"CultistPotion"},{"floor":33,"key":"Ancient Potion"}],"is_trial":false,"path_per_floor":["M","M","?","M","COS","R","?","R","T","M","$","M","R","M","R","B",null,"M","M","M","M","COS","R","E","R","T","M","M","$","?","M","R","B",null,"M","?","M","COS","M","R","E","M","T","$","?","E","$","M","R","B",null],"character_chosen":"Youkari","items_purchased":[],"campfire_rested":0,"item_purchase_floors":[],"current_hp_per_floor":[62,62,62,63,63,63,69,69,69,48,48,43,43,30,30,28,73,77,81,70,79,79,79,64,64,64,61,58,58,58,66,66,45,95,95,95,99,99,76,76,59,68,68,83,83,88,103,111,111,111],"gold":85,"neow_bonus":"TWO_FIFTY_GOLD","is_daily":false,"chose_seed":false,"campfire_upgraded":8,"win_rate":0.0,"timestamp":1611818615,"path_taken":["M","M","?","M","COS","R","?","R","T","M","$","M","R","M","R","BOSS","M","M","?","M","COS","R","E","R","T","M","M","$","?","M","R","BOSS","M","?","M","COS","M","R","E","?","T","$","?","E","?","?","R","BOSS"],"items_purchased_type":[],"build_version":"2020-12-22","purchased_purges":4,"victory":true,"max_hp_per_floor":[63,63,63,63,63,63,69,69,69,69,69,69,69,73,73,73,73,77,81,85,89,89,89,93,93,93,97,101,101,91,95,95,95,95,95,95,99,99,103,103,103,107,107,107,107,107,107,111,111,111],"card_choices":[{"not_picked":["Line_surface_state_purple","StateErode_purple"],"picked":"RuleDissolution_purple","floor":1.0},{"not_picked":["MNeedle_purple","StateErode_purple"],"picked":"Line_surface_state_purple","floor":2.0},{"not_picked":["Realm_recovery_purpleEX","WingOfChimera_purple","PurpleNeedle_purple"],"picked":"SKIP","floor":4.0},{"not_picked":["MNeedle_purple","SharpContractionReality_purple","Mirror_FormAndEmptin_purple"],"picked":"SKIP","floor":10.0},{"not_picked":["SharpContractionReality_purple","SfantasyHide_purple"],"picked":"GluttonyofRealm_purpleEX","floor":12.0},{"not_picked":["ExternalForce_HighSpeedFlying_purple","StateErode_purple","Yakumo_Ran_purple"],"picked":"SKIP","floor":14.0},{"not_picked":["Human_Monster_Realm_purple","WangLiang_OokamiKakushi_purple"],"picked":"D_absorption_purple","floor":16.0},{"not_picked":["Shallow_ocean_purpleEX","MNeedle_purple"],"picked":"CommonSense_AntiCommonSense_purple","floor":18.0},{"not_picked":["Mirror_FourBoundary_purple","StateDuplicate_purple"],"picked":"Bait_HighSpeedFlying_purple+1","floor":19.0},{"not_picked":["WatchEChange_purple","StretchesForeverDream_purple"],"picked":"PositiveMatter_Antimatter_Universe_purple+1","floor":20.0},{"not_picked":["Charmbait_purple","StretchesForeverDream_purple+1","Extrememeaning_purpleEX+1"],"picked":"SKIP","floor":21.0},{"not_picked":["AdvanceAttack_purple+1","WeekHit_purple+1"],"picked":"ContainerChange_purple","floor":24.0},{"not_picked":["Worldmountain_purple+1","Mirror_FourBoundary_purple","Nest_LightFlightworm_purple+1"],"picked":"SKIP","floor":27.0},{"not_picked":["MNeedle_purple+1","SfantasyHide_purple+1","RealityDreamConfluencek_purple"],"picked":"SKIP","floor":28.0},{"not_picked":["Gensokyo:LochNessMonster+1","Gensokyo:LittleGreenMen"],"picked":"Gensokyo:ManorOfTheDishes","floor":30},{"not_picked":["Worldmountain_purple+1","Shallow_ocean_purpleEX+1","MonsterNeedle_purple+1"],"picked":"SKIP","floor":31},{"not_picked":["ContainerChange_purple","WangLiang_OokamiKakushi_purple+1"],"picked":"WangLiang_LineAndCurveDreams_purple","floor":33},{"not_picked":["Extrememeaning_purpleEX","MeetDecomposer_purple","ExistenceContinue_purple+1"],"picked":"SKIP","floor":35},{"not_picked":["Gensokyo:RisingWorld+1","Gensokyo:UnlikelyAid+1"],"picked":"Gensokyo:LifeSpringInfinity+1","floor":36},{"not_picked":["DimensionStaggered_purple+1","OmniscientAndOmnipotent_Monster_purple+1","OpenedBox_purple+1"],"picked":"SKIP","floor":37},{"not_picked":["DimensionStaggered_purple","DarkRealmRedLine_purple+1"],"picked":"RuleDissolution_purple","floor":39},{"not_picked":["OmniscientAndOmnipotent_Monster_purple+1","Monsters_DoubleDeathButterfly_purple","ExistenceContinue_purple+1"],"picked":"SKIP","floor":41},{"not_picked":["Mirror_FormAndEmptin_purple+1","Umbrella_purple+1","ExistenceContinue_purple+1"],"picked":"SKIP","floor":42},{"not_picked":["MonsterNeedle_purple+1","RealityDreamConfluencek_purple","Mirror_FormAndEmptin_purple+1"],"picked":"SKIP","floor":46},{"not_picked":["StateErode_purple+1","Worldmountain_purple+1"],"picked":"Line_surface_state_purple","floor":48}],"player_experience":21173,"relics_obtained":[{"floor":9.0,"key":"InkBottle"},{"floor":24.0,"key":"Molten Egg 2"},{"floor":41,"key":"Letter Opener"},{"floor":43,"key":"Orichalcum"},{"floor":46,"key":"Mercury Hourglass"}],"event_choices":[],"is_beta":false,"boss_relics":[{"not_picked":["Fusion Hammer","Busted Crown"],"picked":"Runic Pyramid"},{"not_picked":["Tiny House","Philosopher\u0027s Stone"],"picked":"Sozu"}],"items_purged_floors":[11,29,44,47],"is_endless":false,"potions_floor_spawned":[2,12,14,16,18,20,24,27,33,37,42,48],"ascension_level":4}}