{"host":"c97twqu0op5dg8i4","time":1611806310,"event":{"mods":["AchievementEnabler","BaseMod","Colored Map","Minty Spire (QoL Compilation)","Permanent Neow"],"gold_per_floor":[118,193,7,21,21,51,1,1,1,25,25,25,25,38,56,56,56,158,158,175,175,190,190,190],"floor_reached":23,"language":"ENG","playtime":491,"items_purged":[],"score":271,"play_id":"859429e5-91cb-422b-9f2d-f1f12c6d061b","local_time":"20210127225830","is_ascension_mode":true,"campfire_choices":[{"data":"Ball Lightning","floor":8,"key":"SMITH"},{"floor":11,"key":"REST"},{"data":"Coolheaded","floor":12,"key":"SMITH"},{"data":"Zap","floor":13,"key":"SMITH"},{"data":"Seek","floor":16,"key":"SMITH"},{"data":"Capacitor","floor":17,"key":"SMITH"}],"circlet_count":0,"master_deck":["Strike_B","Strike_B","Defend_B","Defend_B","Defend_B","Defend_B","Zap+1","Dualcast","Electrodynamics+1","Coolheaded+1","Capacitor+1","Seek+1","Ball Lightning+1","Turbo","Coolheaded","Fission","Machine Learning+1","Doom and Gloom+1","Blizzard+1","Consume"],"relics":["Cracked Core","WingedGreaves","Vajra","Bronze Scales","Pen Nib","Astrolabe","Letter Opener"],"acts_visited":["Exordium","TheCity"],"potions_floor_usage":[22],"damage_taken":[{"damage":1,"enemies":"Cultist","floor":1,"turns":4},{"damage":0,"enemies":"2 Louse","floor":4,"turns":2},{"damage":34,"enemies":"Lagavulin","floor":6,"turns":8},{"damage":0,"enemies":"Jaw Worm","floor":14,"turns":3},{"damage":9,"enemies":"Red Slaver","floor":15,"turns":2},{"damage":8,"enemies":"Slime Boss","floor":18,"turns":6},{"damage":26,"enemies":"Spheric Guardian","floor":20,"turns":3},{"damage":22,"enemies":"2 Thieves","floor":22,"turns":2},{"damage":14,"enemies":"Snake Plant","floor":23,"turns":1}],"seed_played":"-7017359708279841512","potions_obtained":[{"floor":15,"key":"LiquidBronze"},{"floor":18,"key":"PowerPotion"},{"floor":22,"key":"GamblersBrew"}],"is_trial":false,"path_per_floor":["M","?","$","M","?","E","$","R","T","T","R","R","R","M","M","R","R","B",null,"M","T","M","M"],"character_chosen":"DEFECT","items_purchased":["Electrodynamics","Coolheaded","Ball Lightning"],"campfire_rested":1,"item_purchase_floors":[3,3,7],"current_hp_per_floor":[67,61,61,61,61,27,27,27,27,27,47,47,47,47,38,38,38,30,59,33,33,11,0,0],"gold":190,"neow_bonus":"ONE_RARE_RELIC","is_daily":false,"chose_seed":false,"campfire_upgraded":5,"win_rate":0.0,"timestamp":1611806310,"path_taken":["M","?","$","?","?","E","?","R","T","T","R","R","R","M","M","R","R","BOSS","M","?","M","M"],"items_purchased_type":["Card","Card","Card"],"build_version":"2020-12-22","purchased_purges":0,"victory":false,"max_hp_per_floor":[68,68,68,68,68,68,68,68,68,68,68,68,68,68,68,68,68,68,68,68,68,68,68,68],"card_choices":[{"not_picked":["Streamline","Steam"],"picked":"Gash","floor":1},{"not_picked":["Force Field","Lockon"],"picked":"Capacitor","floor":4},{"not_picked":["Blizzard","Compile Driver"],"picked":"Seek","floor":6},{"not_picked":["Go for the Eyes","Rebound"],"picked":"Turbo","floor":14},{"not_picked":["Turbo","Beam Cell"],"picked":"Coolheaded","floor":15},{"not_picked":["Multi-Cast","All For One"],"picked":"Fission","floor":18},{"not_picked":["Go for the Eyes","Reinforced Body","Rip and Tear"],"picked":"SKIP","floor":20},{"not_picked":["Steam","Barrage"],"picked":"Consume","floor":22}],"player_experience":321412,"relics_obtained":[{"floor":6,"key":"Vajra"},{"floor":9,"key":"Bronze Scales"},{"floor":10,"key":"Pen Nib"},{"floor":21,"key":"Letter Opener"}],"event_choices":[{"damage_healed":0,"gold_gain":75,"player_choice":"Touch","damage_taken":6,"max_hp_gain":0,"max_hp_loss":0,"event_name":"FaceTrader","floor":2,"gold_loss":0},{"damage_healed":0,"gold_gain":0,"player_choice":"Grow","damage_taken":0,"max_hp_gain":0,"max_hp_loss":0,"event_name":"Living Wall","floor":5,"gold_loss":0,"cards_upgraded":["Electrodynamics"]}],"is_beta":false,"boss_relics":[{"not_picked":["SacredBark","Tiny House"],"picked":"Astrolabe"}],"items_purged_floors":[],"is_endless":false,"potions_floor_spawned":[15,18,22],"killed_by":"Snake Plant","ascension_level":9}}