{"host":"y7357sx8ps3jkgoj","time":1611822104,"event":{"mods":["BaseMod","Friendly Minions","Minty Spire (QoL Compilation)","Permanent Neow","Relic Stats","Shop Mod","StSLib","The Alterego","Uncapped","Unceasing Turn Reminder"],"gold_per_floor":[363,382,41,41,57,91,106,106,106,117,117,148,158,177,177,282,282,298,315,315,42,53,79,79,107,107,107,107,123,123,136,136,241,241,259,259,13,32,51,51,71,1,1,14,46,46,81,127,127,127,127,127,102,134,134],"floor_reached":56,"language":"ENG","playtime":4832,"items_purged":["alterego_mod:Defend","Pain"],"score":1428,"play_id":"7892c247-9c4a-47d8-84e3-ee48e515decb","local_time":"20210128022144","is_ascension_mode":true,"campfire_choices":[{"data":"alterego_mod:BusterCard","floor":8,"key":"SMITH"},{"data":"alterego_mod:Table","floor":15,"key":"SMITH"},{"data":"alterego_mod:BrynhildrRomantia","floor":24,"key":"SMITH"},{"data":"alterego_mod:Belts","floor":27,"key":"SMITH"},{"floor":32,"key":"RECALL"},{"data":"alterego_mod:Clones","floor":40,"key":"SMITH"},{"data":"alterego_mod:Clones","floor":46,"key":"SMITH"},{"data":"alterego_mod:Venus","floor":49,"key":"SMITH"},{"data":"alterego_mod:RidiculouslyBig","floor":52,"key":"SMITH"}],"circlet_count":0,"master_deck":["alterego_mod:Strike","alterego_mod:Strike","alterego_mod:Strike","alterego_mod:Strike","alterego_mod:Defend","alterego_mod:Defend","alterego_mod:Defend","alterego_mod:Impale","alterego_mod:BigMeatyClaws","alterego_mod:BrynhildrsRune","alterego_mod:RidiculouslyBig+1","alterego_mod:Undulate","alterego_mod:Clones+1","alterego_mod:BusterCard+1","alterego_mod:GachaTicket","alterego_mod:Belts+1","alterego_mod:Table+1","alterego_mod:Schoolgirl","alterego_mod:BrynhildrRomantia+1","alterego_mod:SakuraLabyrinth","Chrysalis","alterego_mod:Clones+1","J.A.X.+1","alterego_mod:Birthday+1","alterego_mod:SakuraFive","alterego_mod:Venus+1","CurseOfTheBell","alterego_mod:Belts+1","alterego_mod:Pet+1","alterego_mod:SakuraLabyrinth+1","alterego_mod:RidiculouslyBig+1","alterego_mod:PerceptionDisorder+1","alterego_mod:Birthday+1","alterego_mod:ClassAdvantage+1","alterego_mod:Mirror+1"],"relics":["alterego_mod:MasochisticConstitution","Sling","WarpedTongs","Mango","Meat on the Bone","HornCleat","Ornamental Fan","Runic Dome","alterego_mod:SomeoneToFightFor","MealTicket","Toxic Egg 2","Calling Bell","Ancient Tea Set","White Beast Statue","FossilizedHelix","Shuriken","Frozen Egg 2","InkBottle","Pear","Dead Branch","Boot"],"acts_visited":["Exordium","TheCity","TheBeyond","TheEnding"],"potions_floor_usage":[6,13,55,55,55],"damage_taken":[{"damage":15,"enemies":"Small Slimes","floor":1,"turns":7},{"damage":16,"enemies":"Cultist","floor":2,"turns":7},{"damage":17,"enemies":"2 Louse","floor":5,"turns":5},{"damage":24,"enemies":"Gremlin Nob","floor":6,"turns":5},{"damage":14,"enemies":"2 Fungi Beasts","floor":7,"turns":5},{"damage":6,"enemies":"3 Louse","floor":10,"turns":7},{"damage":4,"enemies":"3 Sentries","floor":12,"turns":11},{"damage":0,"enemies":"Large Slime","floor":13,"turns":8},{"damage":1,"enemies":"Blue Slaver","floor":14,"turns":5},{"damage":20,"enemies":"The Guardian","floor":16,"turns":9},{"damage":8,"enemies":"Chosen","floor":18,"turns":8},{"damage":29,"enemies":"Spheric Guardian","floor":19,"turns":6},{"damage":40,"enemies":"Snake Plant","floor":22,"turns":4},{"damage":26,"enemies":"Slavers","floor":23,"turns":6},{"damage":20,"enemies":"Book of Stabbing","floor":25,"turns":9},{"damage":15,"enemies":"Centurion and Healer","floor":29,"turns":6},{"damage":37,"enemies":"Shelled Parasite and Fungi","floor":31,"turns":6},{"damage":52,"enemies":"Collector","floor":33,"turns":9},{"damage":0,"enemies":"Orb Walker","floor":35,"turns":5},{"damage":72,"enemies":"3 Darklings","floor":38,"turns":6},{"damage":0,"enemies":"Sphere and 2 Shapes","floor":39,"turns":8},{"damage":0,"enemies":"Jaw Worm Horde","floor":41,"turns":6},{"damage":3,"enemies":"Transient","floor":44,"turns":5},{"damage":0,"enemies":"Giant Head","floor":45,"turns":6},{"damage":1,"enemies":"Reptomancer","floor":47,"turns":5},{"damage":8,"enemies":"2 Orb Walkers","floor":48,"turns":5},{"damage":43,"enemies":"Time Eater","floor":50,"turns":7},{"damage":33,"enemies":"Shield and Spear","floor":54,"turns":5},{"damage":79,"enemies":"The Heart","floor":55,"turns":8}],"seed_played":"-3498332475385527404","potions_obtained":[{"floor":1,"key":"Energy Potion"},{"floor":5,"key":"Block Potion"},{"floor":10,"key":"SpeedPotion"},{"floor":13,"key":"Swift Potion"},{"floor":16,"key":"SkillPotion"},{"floor":22,"key":"Strength Potion"},{"floor":23,"key":"PowerPotion"},{"floor":31,"key":"LiquidMemories"},{"floor":35,"key":"CultistPotion"},{"floor":45,"key":"CultistPotion"},{"floor":54,"key":"DuplicationPotion"}],"is_trial":false,"path_per_floor":["M","M","$","?","M","E","M","R","T","M","T","E","M","M","R","B",null,"M","M","?","$","M","E","R","E","T","R","?","M","?","M","R","B",null,"M","?","$","M","M","R","M","$","T","M","E","R","E","?","R","B",null,"R","$","E","B",null],"character_chosen":"The_Alterego","items_purchased":["alterego_mod:Clones","alterego_mod:BusterCard","Sling","Chrysalis","Shuriken","alterego_mod:RidiculouslyBig+1","alterego_mod:Mirror+1"],"campfire_rested":0,"item_purchase_floors":[3,3,3,21,37,42,53],"current_hp_per_floor":[56,48,48,48,46,37,31,31,31,52,52,63,84,85,85,73,86,86,69,69,69,54,53,53,57,57,57,57,57,92,88,88,86,120,120,120,120,64,89,89,117,132,132,131,134,134,149,148,148,108,151,151,151,128,68],"gold":134,"neow_bonus":"TWO_FIFTY_GOLD","is_daily":false,"chose_seed":false,"campfire_upgraded":8,"win_rate":0.0,"timestamp":1611822104,"path_taken":["M","M","$","?","?","E","M","R","T","M","?","E","M","M","R","BOSS","M","M","?","$","M","E","R","E","T","R","?","M","?","M","R","BOSS","M","?","$","M","M","R","M","$","T","M","E","R","E","?","R","BOSS","R","$","E","BOSS"],"items_purchased_type":["Card","Card","Relic","Card","Relic","Card","Card"],"build_version":"2020-12-22","purchased_purges":2,"victory":true,"max_hp_per_floor":[64,65,65,65,66,81,82,82,82,83,83,84,84,85,85,86,86,87,92,92,92,96,100,100,105,105,105,105,106,106,115,115,120,120,120,120,120,121,129,129,133,133,133,134,134,134,149,150,150,151,151,151,151,152,153],"relic_stats":{"counters":[29,189],"Ornamental Fan":[184],"Shuriken":[21],"Dead Branch":[22],"MealTicket":15,"Boot":[15],"obtain_stats":[{"alterego_mod:MasochisticConstitution":0,"Pear":47,"Dead Branch":48,"Mango":6,"alterego_mod:SomeoneToFightFor":20,"Frozen Egg 2":43,"Sling":3,"Ancient Tea Set":34,"Boot":54,"White Beast Statue":34,"WarpedTongs":4,"Calling Bell":34,"Runic Dome":17,"HornCleat":11,"Ornamental Fan":12,"Shuriken":37,"MealTicket":23,"Toxic Egg 2":25,"FossilizedHelix":34,"InkBottle":45,"Meat on the Bone":9},{"alterego_mod:MasochisticConstitution":0,"Pear":25,"Dead Branch":26,"Mango":4,"alterego_mod:SomeoneToFightFor":12,"Frozen Egg 2":22,"Sling":2,"Ancient Tea Set":18,"Boot":28,"White Beast Statue":18,"WarpedTongs":2,"Calling Bell":18,"Runic Dome":10,"HornCleat":6,"Ornamental Fan":7,"Shuriken":19,"MealTicket":14,"Toxic Egg 2":15,"FossilizedHelix":18,"InkBottle":24,"Meat on the Bone":5},{"alterego_mod:MasochisticConstitution":0,"Pear":164,"Dead Branch":169,"Mango":24,"alterego_mod:SomeoneToFightFor":83,"Frozen Egg 2":148,"Sling":14,"Ancient Tea Set":123,"Boot":181,"White Beast Statue":123,"WarpedTongs":14,"Calling Bell":123,"Runic Dome":69,"HornCleat":36,"Ornamental Fan":47,"Shuriken":128,"MealTicket":93,"Toxic Egg 2":102,"FossilizedHelix":123,"InkBottle":159,"Meat on the Bone":29}],"InkBottle":[13],"WarpedTongs":[170],"Meat on the Bone":60},"card_choices":[{"not_picked":["alterego_mod:Pet","alterego_mod:Valentines"],"picked":"alterego_mod:RidiculouslyBig","floor":1},{"not_picked":["alterego_mod:Swimsuit","alterego_mod:TrashNCrash"],"picked":"alterego_mod:Undulate","floor":2},{"not_picked":["alterego_mod:Valentines","alterego_mod:PurpleHair","alterego_mod:BiFurious"],"picked":"SKIP","floor":5},{"not_picked":["alterego_mod:BiFurious","alterego_mod:Undulate"],"picked":"alterego_mod:GachaTicket","floor":6},{"not_picked":["alterego_mod:Skirt","alterego_mod:BiFurious","alterego_mod:Pet"],"picked":"SKIP","floor":7},{"not_picked":["alterego_mod:Weigh","alterego_mod:IndependentAction"],"picked":"alterego_mod:Belts","floor":10},{"not_picked":["alterego_mod:Cycle","alterego_mod:1TonWallop","alterego_mod:SuperDuperMasochism"],"picked":"SKIP","floor":12},{"not_picked":["alterego_mod:Birthday","alterego_mod:DiscoLights"],"picked":"alterego_mod:Table","floor":13},{"not_picked":["alterego_mod:Clap","alterego_mod:Undulate"],"picked":"alterego_mod:Schoolgirl","floor":14},{"not_picked":["alterego_mod:TrickOrTreatment","alterego_mod:Weigh"],"picked":"alterego_mod:BrynhildrRomantia","floor":16},{"not_picked":["alterego_mod:DiscoLights","alterego_mod:Undulate","alterego_mod:BiFurious"],"picked":"SKIP","floor":18},{"not_picked":["alterego_mod:Valentines","alterego_mod:DestructionOfProperty"],"picked":"alterego_mod:SakuraLabyrinth","floor":19},{"not_picked":["alterego_mod:TrashNCrash","alterego_mod:Complex"],"picked":"alterego_mod:Clones","floor":22},{"not_picked":["alterego_mod:Rip","alterego_mod:DeftHands","alterego_mod:Bounce"],"picked":"SKIP","floor":23},{"not_picked":["alterego_mod:Bloomers+1","alterego_mod:PresenceConcealment","alterego_mod:Vow+1"],"picked":"SKIP","floor":25},{"not_picked":["alterego_mod:GachaTicket+1","alterego_mod:Support"],"picked":"alterego_mod:Birthday+1","floor":29},{"not_picked":["alterego_mod:BreastValley","alterego_mod:Rip"],"picked":"alterego_mod:SakuraFive","floor":31},{"not_picked":["alterego_mod:STier+1","alterego_mod:IdEs+1"],"picked":"alterego_mod:Venus","floor":33},{"not_picked":["alterego_mod:TrashNCrash+1","alterego_mod:Pet+1"],"picked":"alterego_mod:Belts+1","floor":35},{"not_picked":["alterego_mod:PerceptionDisorder","alterego_mod:Skirt+1"],"picked":"alterego_mod:Pet+1","floor":38},{"not_picked":["alterego_mod:BusterCard+1","alterego_mod:InsideBaseball"],"picked":"alterego_mod:SakuraLabyrinth+1","floor":39},{"not_picked":["alterego_mod:Punishment+1","alterego_mod:Schoolgirl+1","alterego_mod:Maid+1"],"picked":"SKIP","floor":41},{"not_picked":["alterego_mod:Schoolgirl+1","alterego_mod:Undulate+1"],"picked":"alterego_mod:PerceptionDisorder+1","floor":44},{"not_picked":["alterego_mod:Mirror+1","alterego_mod:Bunnysuit+1"],"picked":"alterego_mod:Birthday+1","floor":45},{"not_picked":["alterego_mod:Bounce+1","alterego_mod:GoddessCore","alterego_mod:Skirt"],"picked":"SKIP","floor":47},{"not_picked":["alterego_mod:Cycle+1","alterego_mod:Bloomers+1"],"picked":"alterego_mod:ClassAdvantage+1","floor":48},{"not_picked":["alterego_mod:DeftHands+1","alterego_mod:Bunnysuit+1","alterego_mod:Punishment+1"],"picked":"SKIP","floor":54}],"player_experience":316156,"relics_obtained":[{"floor":6,"key":"Mango"},{"floor":9,"key":"Meat on the Bone"},{"floor":11,"key":"HornCleat"},{"floor":12,"key":"Ornamental Fan"},{"floor":23,"key":"MealTicket"},{"floor":25,"key":"Toxic Egg 2"},{"floor":34,"key":"Ancient Tea Set"},{"floor":34,"key":"White Beast Statue"},{"floor":34,"key":"FossilizedHelix"},{"floor":43,"key":"Frozen Egg 2"},{"floor":45,"key":"InkBottle"},{"floor":47,"key":"Pear"},{"floor":48,"key":"Dead Branch"},{"floor":54,"key":"Boot"}],"event_choices":[{"damage_healed":0,"gold_gain":0,"player_choice":"Rummage","damage_taken":0,"relics_obtained":["WarpedTongs"],"max_hp_gain":0,"max_hp_loss":0,"event_name":"Accursed Blacksmith","floor":4,"gold_loss":0,"cards_obtained":["Pain"]},{"damage_healed":0,"gold_gain":0,"player_choice":"Choice 2","damage_taken":0,"relics_obtained":["alterego_mod:SomeoneToFightFor"],"max_hp_gain":0,"max_hp_loss":0,"event_name":"Secret Garden","floor":20,"gold_loss":0},{"damage_healed":0,"gold_gain":0,"player_choice":"Obtain J.A.X.","damage_taken":0,"max_hp_gain":0,"max_hp_loss":0,"event_name":"Drug Dealer","floor":28,"gold_loss":0,"cards_obtained":["J.A.X."]},{"damage_healed":35,"gold_gain":0,"player_choice":"Heal","damage_taken":0,"max_hp_gain":0,"max_hp_loss":0,"event_name":"The Library","floor":30,"gold_loss":0},{"damage_healed":0,"gold_gain":0,"player_choice":"Ignored","damage_taken":0,"max_hp_gain":0,"max_hp_loss":0,"event_name":"Tomb of Lord Red Mask","floor":36,"gold_loss":0},{"damage_healed":0,"gold_gain":0,"player_choice":"Fight","damage_taken":0,"max_hp_gain":0,"max_hp_loss":0,"event_name":"Mysterious Sphere","floor":48,"gold_loss":0}],"is_beta":false,"boss_relics":[{"not_picked":["Busted Crown","Pandora\u0027s Box"],"picked":"Runic Dome"},{"not_picked":["Velvet Choker","Snecko Eye"],"picked":"Calling Bell"}],"items_purged_floors":[3,21],"is_endless":false,"potions_floor_spawned":[1,5,10,13,16,18,22,23,31,35,38,39,41,44,45,47,48,54],"ascension_level":3}}