{"host":"vpcwwncyo54nsck6","time":1611828464,"event":{"mods":["BaseMod","Downfall","Minty Spire (QoL Compilation)","StSLib"],"gold_per_floor":[0,15,34,52,52,79,106,106,16,42,56,56,85,102,118,221,221,21,36,311,45,62,62,117,117,150,150,167,201,147,321,332,435,435,335,349,377,477,527,558,628,688,788,788,838,888,931,610,626,626,626,652,33,33,33,33],"floor_reached":57,"language":"ENG","playtime":10946,"items_purged":["sneckomod:Defend","Regret","sneckomod:Strike"],"score":1551,"play_id":"3aeb51ae-5f5f-4612-beb5-94163b1a2bb8","local_time":"20210128020744","is_ascension_mode":true,"campfire_choices":[{"data":"sneckomod:TailWhip","floor":1.0,"key":"SMITH"},{"floor":8.0,"key":"RECALL"},{"data":"sneckomod:Restock","floor":12.0,"key":"SMITH"},{"floor":27.0,"key":"REST"},{"floor":54,"key":"REST"}],"circlet_count":0,"master_deck":["sneckomod:Defend+1","sneckomod:Defend","sneckomod:TailWhip+1","sneckomod:SnekBite+1","sneckomod:Unknown+1","sneckomod:UnknownClassHEXA_GHOST_PURPLE","sneckomod:UnknownStrike","sneckomod:SerpentMind","sneckomod:Restock+1","sneckomod:UnknownWeak","sneckomod:ImprovisedGuard","hexamod:Toasty","sneckomod:UnknownBlock+1","sneckomod:Unknown1Cost","sneckomod:UnknownExhaust","Apotheosis","sneckomod:UnknownRareSkill","sneckomod:Restock","Limit Break","sneckomod:SlitherStrike","sneckomod:QuickBite+1","sneckomod:CheapStock+1","sneckomod:Rotation+1","sneckomod:QuickBite+1","Vault","expansioncontent:StudyTheSpire+1","expansioncontent:YouAreMine","expansioncontent:LastStand+1","expansioncontent:DashGenerateEvil","sneckomod:UnknownRareSkill","champ:Lariat","sneckomod:CheapStock+1","sneckomod:UnknownUncommonAttack+1","sneckomod:Rotation+1"],"relics":["sneckomod:SneckoSoul","Strawberry","Vajra","Juzu Bracelet","Whetstone","Philosopher\u0027s Stone","downfall:HeartBlessingRed","downfall:HeartBlessingGreen","Guardian:PocketSentry","Frozen Egg 2","Nunchaku","sneckomod:ConfusingCodex","Medical Kit","downfall:CloakOfManyFaces","CultistMask","FaceOfCleric","NlothsMask","GremlinMask","SsserpentHead","Meat on the Bone","Snecko Eye","downfall:HeartBlessingBlue","Unceasing Top","Lizard Tail","Gremlin Horn","Pear","Gambling Chip","Sundial","Toolbox","bronze:DecasWashers","Letter Opener","DollysMirror"],"acts_visited":["Exordium","TheCity","TheBeyond","TheEnding"],"potions_floor_usage":[52,56,56],"damage_taken":[{"damage":10.0,"enemies":"Small Slimes","floor":2.0,"turns":3.0},{"damage":6.0,"enemies":"Jaw Worm","floor":3.0,"turns":2.0},{"damage":0.0,"enemies":"Cultist","floor":4.0,"turns":3.0},{"damage":13.0,"enemies":"Gremlin Nob","floor":6.0,"turns":4.0},{"damage":7.0,"enemies":"downfall:FleeingMerchant","floor":9.0,"turns":4.0},{"damage":37.0,"enemies":"3 Sentries","floor":10.0,"turns":6.0},{"damage":17.0,"enemies":"3 Louse","floor":11.0,"turns":4.0},{"damage":23.0,"enemies":"Lagavulin","floor":13.0,"turns":5.0},{"damage":12.0,"enemies":"Exordium Thugs","floor":14.0,"turns":5.0},{"damage":0.0,"enemies":"Large Slime","floor":15.0,"turns":3.0},{"damage":10.0,"enemies":"SI_SHIV_ARCHETYPE","floor":16.0,"turns":5.0},{"damage":12.0,"enemies":"Shell Parasite","floor":19.0,"turns":4.0},{"damage":13.0,"enemies":"downfall:FleeingMerchant","floor":21.0,"turns":4.0},{"damage":0.0,"enemies":"Chosen","floor":22.0,"turns":6.0},{"damage":24.0,"enemies":"Book of Stabbing","floor":26.0,"turns":6.0},{"damage":6.0,"enemies":"Sentry and Sphere","floor":28.0,"turns":4.0},{"damage":0.0,"enemies":"Gremlin Leader","floor":29.0,"turns":5.0},{"damage":0.0,"enemies":"downfall:FleeingMerchant","floor":30.0,"turns":4.0},{"damage":11.0,"enemies":"downfall:FaceTrader","floor":31.0,"turns":8.0},{"damage":0.0,"enemies":"3 Cultists","floor":32.0,"turns":3.0},{"damage":40.0,"enemies":"IC_MUSHROOM_ARCHETYPE","floor":33.0,"turns":7.0},{"damage":0.0,"enemies":"Orb Walker","floor":36.0,"turns":3.0},{"damage":7.0,"enemies":"3 Darklings","floor":37.0,"turns":4.0},{"damage":22.0,"enemies":"2 Orb Walkers","floor":38.0,"turns":3.0},{"damage":1.0,"enemies":"Giant Head","floor":40.0,"turns":4.0},{"damage":0,"enemies":"Reptomancer","floor":42,"turns":3},{"damage":0,"enemies":"Reptomancer","floor":43,"turns":3},{"damage":0,"enemies":"Nemesis","floor":47,"turns":2},{"damage":0,"enemies":"Spire Growth","floor":49,"turns":5},{"damage":87,"enemies":"DF_ARCHETYPE_ORBS","floor":50,"turns":9},{"damage":44,"enemies":"downfall:CharBossMerchant","floor":52,"turns":6},{"damage":66,"enemies":"downfall:NeowBoss","floor":55,"turns":15},{"damage":60,"enemies":"downfall:NeowBossFinal","floor":56,"turns":5}],"seed_played":"-4026049227887415926","potions_obtained":[{"floor":2.0,"key":"BlessingOfTheForge"},{"floor":4.0,"key":"AttackPotion"},{"floor":11.0,"key":"CultistPotion"},{"floor":16.0,"key":"Swift Potion"},{"floor":26.0,"key":"FearPotion"},{"floor":26.0,"key":"Block Potion"},{"floor":29.0,"key":"ColorlessPotion"},{"floor":36.0,"key":"Fire Potion"}],"is_trial":false,"path_per_floor":["R","M","M","M","?","E","T","R","$","E","M","R","E","M","M","B",null,"R","M","?","$","M","?","T","R","E","R","M","E","$","?","M","B",null,"R","M","M","?","?","E","T","E","?","R","?","?","E","$","M","B",null,"E","$","R","B","B",null],"character_chosen":"THE_SNECKO","items_purchased":["Guardian:PocketSentry","sneckomod:ConfusingCodex","Medical Kit","expansioncontent:DashGenerateEvil","Toolbox","SneckoOil","Letter Opener","DollysMirror"],"campfire_rested":2,"item_purchase_floors":[21,30,30,48,48,53,53,53],"current_hp_per_floor":[108,98,92,92,92,86,86,86,79,52,35,35,27,15,15,5,115,115,103,103,90,90,90,90,90,66,100,94,94,94,83,102,67,121,131,132,126,105,105,105,105,116,117,117,107,107,108,108,109,45,150,107,107,151,86,49],"gold":33,"neow_bonus":"TWENTY_PERCENT_HP_BONUS","is_daily":false,"chose_seed":false,"campfire_upgraded":2,"win_rate":0.0,"timestamp":1611828464,"path_taken":["R","M","M","M","?","E","T","R","$","E","M","R","E","M","M","BOSS","R","M","?","$","M","?","T","R","E","R","M","E","$","?","M","BOSS","R","M","M","?","?","E","T","E","?","R","?","?","E","$","M","BOSS","E","$","R","BOSS","BOSS"],"items_purchased_type":["Relic","Relic","Relic","Card","Relic","Potion","Relic","Relic"],"build_version":"2020-12-22","purchased_purges":3,"victory":true,"max_hp_per_floor":[108,108,108,108,108,115,115,115,115,115,115,115,115,115,115,115,115,115,115,115,115,115,115,115,115,115,115,115,115,115,115,116,121,121,131,132,133,134,134,135,135,146,147,147,147,147,148,148,149,150,150,151,151,151,152,153],"card_choices":[{"not_picked":["sneckomod:UnknownCommonSkill","sneckomod:UnendingSupply"],"picked":"sneckomod:UnknownClassHEXA_GHOST_PURPLE","floor":2.0},{"not_picked":["sneckomod:UnknownClassGREEN","sneckomod:SoulRoll"],"picked":"sneckomod:UnknownStrength","floor":3.0},{"not_picked":["sneckomod:UnknownClassTHE_BRONZE_AUTOMATON","sneckomod:UnknownClassHEXA_GHOST_PURPLE"],"picked":"sneckomod:UnknownClassPURPLE","floor":4.0},{"not_picked":["sneckomod:RainOfDice","sneckomod:DiceBoulder"],"picked":"sneckomod:UnknownStrike","floor":6.0},{"not_picked":["sneckomod:Rotation","sneckomod:RainOfDice"],"picked":"sneckomod:SerpentMind","floor":9.0},{"not_picked":["sneckomod:UnknownClassPURPLE","sneckomod:Memorize"],"picked":"sneckomod:Restock","floor":10.0},{"not_picked":["sneckomod:SoulRoll","sneckomod:UnknownClassGREEN"],"picked":"sneckomod:UnknownX","floor":11.0},{"not_picked":["sneckomod:UnknownUncommonSkill","sneckomod:UnknownCommonAttack"],"picked":"sneckomod:UnknownWeak","floor":13.0},{"not_picked":["sneckomod:QuickMove","sneckomod:QuickBite"],"picked":"sneckomod:ImprovisedGuard","floor":14.0},{"not_picked":["sneckomod:UnknownClassTHE_CHAMP_GRAY","sneckomod:DiceBlock","sneckomod:DiceCrush"],"picked":"SKIP","floor":15.0},{"not_picked":["sneckomod:Cheat","sneckomod:Transmogrify"],"picked":"sneckomod:UnknownRareSkill","floor":16.0},{"not_picked":["sneckomod:QuickBite+1","sneckomod:DiceBlock"],"picked":"sneckomod:UnknownBlock+1","floor":19.0},{"not_picked":["sneckomod:IronFang","sneckomod:DiceCrush+1"],"picked":"sneckomod:Unknown1Cost","floor":21.0},{"not_picked":["sneckomod:UnknownClassGUARDIAN","sneckomod:UnknownStrike"],"picked":"sneckomod:UnknownExhaust","floor":22.0},{"not_picked":["sneckomod:Nope","sneckomod:UnknownClassBLUE+1","sneckomod:UnknownCommonAttack"],"picked":"SKIP","floor":26.0},{"not_picked":["sneckomod:UnknownUncommonAttack","sneckomod:SoulCleanse+1","sneckomod:DiceCrush"],"picked":"SKIP","floor":28.0},{"not_picked":["sneckomod:QuickMove","sneckomod:UnknownCommonSkill","sneckomod:UnknownClassTHE_BRONZE_AUTOMATON"],"picked":"SKIP","floor":29.0},{"not_picked":["sneckomod:CheapStock+1","sneckomod:UnknownClassRED"],"picked":"sneckomod:UnknownRareSkill","floor":30.0},{"not_picked":["sneckomod:SoulRoll","sneckomod:UnknownClassTHE_CHAMP_GRAY","sneckomod:SnakeSap"],"picked":"SKIP","floor":32.0},{"not_picked":["sneckomod:SoulExchange","sneckomod:UnknownRareAttack"],"picked":"sneckomod:Restock","floor":33.0},{"not_picked":["sneckomod:IronFang+1","sneckomod:UnknownClassSLIMEBOUND"],"picked":"sneckomod:SlitherStrike","floor":36.0},{"not_picked":["sneckomod:UnknownClassRED","sneckomod:SoulDraw+1"],"picked":"sneckomod:QuickBite+1","floor":37.0},{"not_picked":["sneckomod:ImprovisedGuard+1","sneckomod:Memorize+1"],"picked":"sneckomod:CheapStock+1","floor":38.0},{"not_picked":["sneckomod:ImprovisedAttack","sneckomod:UnknownClassTHE_BRONZE_AUTOMATON"],"picked":"sneckomod:Rotation+1","floor":40.0},{"not_picked":["sneckomod:UnknownWeak+1","sneckomod:UnknownStrength+1","sneckomod:PureSnecko"],"picked":"SKIP","floor":42},{"not_picked":["sneckomod:ImprovisedGuard","sneckomod:UnknownClassTHE_BRONZE_AUTOMATON"],"picked":"sneckomod:QuickBite+1","floor":43},{"not_picked":["expansioncontent:GuardianWhirl","expansioncontent:YouAreMine"],"picked":"expansioncontent:StudyTheSpire","floor":45},{"not_picked":["expansioncontent:Chronoboost","expansioncontent:PrepareCrush"],"picked":"expansioncontent:YouAreMine","floor":45},{"not_picked":["expansioncontent:PolyBeam","expansioncontent:Chronoboost"],"picked":"expansioncontent:LastStand","floor":45},{"not_picked":["sneckomod:DiceCrush+1","sneckomod:Unknown1Cost"],"picked":"sneckomod:Memorize","floor":47},{"not_picked":["sneckomod:Memorize","sneckomod:UnknownCommonSkill"],"picked":"sneckomod:UnknownRareSkill","floor":49},{"not_picked":["sneckomod:UnknownUncommonSkill+1","sneckomod:Nope"],"picked":"sneckomod:CheapStock+1","floor":52},{"not_picked":["sneckomod:Unknown1Cost","sneckomod:Unknown0Cost"],"picked":"sneckomod:UnknownUncommonAttack+1","floor":52}],"player_experience":2539381,"relics_obtained":[{"floor":6.0,"key":"Strawberry"},{"floor":7.0,"key":"Vajra"},{"floor":10.0,"key":"Juzu Bracelet"},{"floor":13.0,"key":"Whetstone"},{"floor":26.0,"key":"Frozen Egg 2"},{"floor":29.0,"key":"Nunchaku"},{"floor":31.0,"key":"downfall:CloakOfManyFaces"},{"floor":31.0,"key":"Meat on the Bone"},{"floor":38.0,"key":"Unceasing Top"},{"floor":40.0,"key":"Lizard Tail"},{"floor":41.0,"key":"Gremlin Horn"},{"floor":42,"key":"Pear"},{"floor":43,"key":"Gambling Chip"},{"floor":47,"key":"Sundial"},{"floor":52,"key":"bronze:DecasWashers"}],"event_choices":[{"cards_removed":["sneckomod:Strike"],"damage_healed":0.0,"max_hp_gain":0.0,"max_hp_loss":0.0,"gold_gain":0.0,"event_name":"The Cleric","player_choice":"Card Removal","floor":5.0,"gold_loss":0.0,"damage_taken":0.0},{"damage_healed":0.0,"max_hp_gain":0.0,"max_hp_loss":0.0,"gold_gain":0.0,"event_name":"Ghosts","player_choice":"Ignored","floor":23.0,"gold_loss":0.0,"damage_taken":0.0},{"damage_healed":0.0,"max_hp_gain":0.0,"max_hp_loss":0.0,"gold_gain":0.0,"event_name":"Mysterious Sphere","player_choice":"Fight","floor":38.0,"gold_loss":0.0,"damage_taken":0.0},{"cards_removed":["sneckomod:Strike"],"damage_healed":0,"gold_gain":0,"player_choice":"Removed Attack","damage_taken":0,"max_hp_gain":0,"max_hp_loss":0,"event_name":"Falling","floor":46,"gold_loss":0}],"is_beta":false,"boss_relics":[{"not_picked":["Cursed Key","SacredBark"],"picked":"Philosopher\u0027s Stone"},{"not_picked":["Astrolabe","Coffee Dripper"],"picked":"Snecko Eye"}],"items_purged_floors":[9,21,53],"is_endless":false,"potions_floor_spawned":[2,4,11,15,16,26,29,31,33,36,40,47],"ascension_level":1}}