{"host":"g1wmg2w41xhsnw8g","time":1611804683,"event":{"mods":["2.2 Compatiblity","Act Like it!","Aspiration","BaseMod","Better Altar","Better Match","Better Note","Better Sensory Stone","Better Skull","Better Third Choice","BetterRewards","Booster Modes","CapriCore","Colored Map","Colored Powertips","Defuse TimeMaze Blight","Displayed Cursed Tome","Evolution","Fox Events","Friendly Minions","GifTheSpireLib","Good Game Mod","Googly Eyes","Infinite Spire","Minty Spire (QoL Compilation)","Monster B Gone","Red Circlet Mod","Relic Filter Mod","Relic Sorter","Reliquary","SCP261 Mod","Shop Mod","Smile Girya","Spicy Shops","Spikes Relics","StSLib","Stuff the Spire","The Runesmith","The Sage","Trackpad","Transform Curses","Wandering Minibosses","Weighted Paths","????"],"gold_per_floor":[119,119,119,133,55,83,83,121,121,130,130,130],"floor_reached":11,"language":"ENG","playtime":841,"items_purged":[],"score":133,"play_id":"e31c2958-a6b5-4b65-9928-9016cc46adc3","local_time":"20210127223123","daily_mods":["Specialized","Heirloom","Elite Swarm"],"is_ascension_mode":true,"campfire_choices":[{"data":"Runesmith:CraftFirestone","floor":7,"key":"SMITH"}],"circlet_count":0,"master_deck":["Runesmith:HeatExchange","Runesmith:HeatedChisel","Runesmith:ShiftingStrike","Runesmith:HammerThrow","Runesmith:StaticCage","Runesmith:EarthShield","Runesmith:Grindstone","Runesmith:MakeshiftArmor","Runesmith:CraftFirestone+1","Runesmith:Fortify","Runesmith:Malloc","Runesmith:Malloc","Runesmith:Malloc","Runesmith:Malloc","aspiration:UnbridledHammer","sagemod:Blurry","Injury","Runesmith:Repurpose+1","Runesmith:LightningRod+1","Runesmith:CraftMedicinae+1","Burn"],"relics":["Runesmith:BrokenRuby","EVO:Axolotl","REME:ComplimentaryCards","Incense Burner","Toxic Egg 2","reliquary:BrokenClock","BrokenLever","CeramicFish","StuffTheSpire:PointBlank"],"acts_visited":["Exordium"],"potions_floor_usage":[11],"damage_taken":[{"damage":11,"enemies":"Jaw Worm","floor":1,"turns":5},{"damage":0,"enemies":"Small Slimes","floor":4,"turns":3},{"damage":26,"enemies":"3 Sentries","floor":6,"turns":9},{"damage":10,"enemies":"Lagavulin","floor":8,"turns":7},{"damage":32,"enemies":"3 Sentries","floor":11,"turns":9}],"seed_played":"-403635994100833417","potions_obtained":[{"floor":8,"key":"SCP261:AppleJuicePotion"}],"is_trial":true,"path_per_floor":["M","?","?","M","$","E","R","E","T","?","E"],"character_chosen":"RUNESMITH_CLASS","items_purchased":["reliquary:BrokenClock"],"campfire_rested":0,"item_purchase_floors":[5],"current_hp_per_floor":[66,66,59,59,59,33,33,23,23,23,0,0],"gold":130,"neow_bonus":"","is_daily":false,"chose_seed":false,"campfire_upgraded":1,"win_rate":0.0,"timestamp":1611804683,"path_taken":["M","?","?","M","?","E","R","E","T","?","E"],"items_purchased_type":["Relic"],"build_version":"2020-12-22","purchased_purges":0,"victory":false,"max_hp_per_floor":[77,77,77,77,77,77,77,77,77,77,85,85],"card_choices":[{"not_picked":["Runesmith:Retool","Runesmith:GoWithTheFlow"],"picked":"aspiration:UnbridledHammer","floor":1},{"not_picked":["Runesmith:RuneHurl","Runesmith:EarthShield+1"],"picked":"Runesmith:Repurpose+1","floor":4},{"not_picked":["Runesmith:GrandSlam","Runesmith:Supernova+1"],"picked":"Runesmith:LightningRod+1","floor":6},{"not_picked":["Runesmith:CraftIndustria+1","Runesmith:FissionHammer"],"picked":"Runesmith:CraftMedicinae+1","floor":8}],"player_experience":893118,"relics_obtained":[{"floor":6,"key":"BrokenLever"},{"floor":8,"key":"CeramicFish"},{"floor":9,"key":"StuffTheSpire:PointBlank"}],"event_choices":[{"cards_removed":["Runesmith:Malloc"],"damage_healed":0,"gold_gain":0,"player_choice":"Card Removal","damage_taken":7,"max_hp_gain":0,"max_hp_loss":0,"event_name":"Golden Wing","floor":3,"gold_loss":0},{"damage_healed":23,"gold_gain":0,"player_choice":"Embrace Burn","damage_taken":0,"max_hp_gain":0,"max_hp_loss":77,"event_name":"betterThird:BetterShining","floor":10,"gold_loss":0}],"is_beta":false,"boss_relics":[],"items_purged_floors":[],"is_endless":false,"potions_floor_spawned":[8],"killed_by":"3 Sentries","ascension_level":1}}