{"host":"y3h3n3f7seyagppx","time":1611850607,"event":{"mods":["AlwaysNeverKeys","BaseMod","Better Vampires","Colored Powertips","DeckTracker","Emptier Cage","Minty Spire (QoL Compilation)","Permanent Neow","Quick Restart","Rare Cards Sparkle","Relic Sorter","Relic Stats","StSLib","Transform Curses"],"gold_per_floor":[10,25,25,25,39,39,64,64,64,94,109,125,160,176,176,254,254,274,274,164,176,199,231,244,255,255,255,255,275,62,93,93,170,170,181,181,181,191,202,202,202],"floor_reached":40,"language":"ENG","playtime":3109,"items_purged":["Strike_R"],"score":921,"play_id":"1bff4ae4-e0e8-479f-89f3-1c1a86653b30","local_time":"20210128111647","is_ascension_mode":true,"campfire_choices":[{"data":"Bash","floor":6.0,"key":"SMITH"},{"data":"Shockwave","floor":15.0,"key":"SMITH"},{"floor":27.0,"key":"REST"},{"floor":32,"key":"REST"}],"circlet_count":0,"master_deck":["AscendersBane","Strike_R+1","Strike_R","Defend_R","Defend_R","Defend_R","Defend_R","Bash+1","Twin Strike","Pommel Strike","Thunderclap+1","Shockwave+1","Fiend Fire+1","Pommel Strike+1","RitualDagger+1","Offering","Evolve","Limit Break","Reaper+1","Disarm","Dark Shackles","Flash of Steel+1","Dropkick+1","Sword Boomerang+1"],"relics":["Burning Blood","Molten Egg 2","Blue Candle","Blood Vial","Strawberry","Fusion Hammer","Happy Flower","Smiling Mask","InkBottle","Orichalcum","Red Skull","Coffee Dripper","Akabeko"],"acts_visited":["Exordium","TheCity","TheBeyond"],"potions_floor_usage":[],"damage_taken":[{"damage":3.0,"enemies":"2 Louse","floor":1.0,"turns":4.0},{"damage":1.0,"enemies":"Cultist","floor":2.0,"turns":3.0},{"damage":4.0,"enemies":"Jaw Worm","floor":5.0,"turns":4.0},{"damage":32.0,"enemies":"Gremlin Nob","floor":7.0,"turns":4.0},{"damage":25.0,"enemies":"Lagavulin","floor":10.0,"turns":6.0},{"damage":28.0,"enemies":"Large Slime","floor":11.0,"turns":6.0},{"damage":5.0,"enemies":"Blue Slaver","floor":12.0,"turns":4.0},{"damage":24.0,"enemies":"3 Sentries","floor":13.0,"turns":6.0},{"damage":27.0,"enemies":"Gremlin Gang","floor":14.0,"turns":4.0},{"damage":28.0,"enemies":"Hexaghost","floor":16.0,"turns":8.0},{"damage":28.0,"enemies":"Shell Parasite","floor":18.0,"turns":4.0},{"damage":15.0,"enemies":"3 Byrds","floor":21.0,"turns":6.0},{"damage":43.0,"enemies":"Book of Stabbing","floor":23.0,"turns":4.0},{"damage":0.0,"enemies":"Shelled Parasite and Fungi","floor":24.0,"turns":1.0},{"damage":12.0,"enemies":"Centurion and Healer","floor":25.0,"turns":5.0},{"damage":9,"enemies":"Snake Plant","floor":29,"turns":2},{"damage":24,"enemies":"Gremlin Leader","floor":31,"turns":5},{"damage":42,"enemies":"Automaton","floor":33,"turns":5},{"damage":6,"enemies":"Orb Walker","floor":35,"turns":2},{"damage":18,"enemies":"3 Darklings","floor":38,"turns":4},{"damage":26,"enemies":"Writhing Mass","floor":39,"turns":5},{"damage":96,"enemies":"Giant Head","floor":40,"turns":6}],"seed_played":"-6258099111907236083","potions_obtained":[{"floor":2.0,"key":"LiquidBronze"},{"floor":7.0,"key":"Fire Potion"},{"floor":10.0,"key":"Explosive Potion"},{"floor":12.0,"key":"Strength Potion"},{"floor":16.0,"key":"EntropicBrew"},{"floor":18.0,"key":"SkillPotion"},{"floor":23.0,"key":"AttackPotion"}],"is_trial":false,"path_per_floor":["M","M","?","?","M","R","E","?","T","E","M","M","E","M","R","B",null,"M","?","?","M","T","E","M","M","T","R","?","M","$","E","R","B",null,"M","?","?","M","M","E"],"character_chosen":"IRONCLAD","items_purchased":["Orichalcum"],"campfire_rested":2,"item_purchase_floors":[30],"current_hp_per_floor":[85,89,89,94,94,94,68,94,94,75,55,58,49,30,30,10,78,58,52,52,45,45,10,18,14,14,44,44,43,43,27,57,23,82,84,74,74,85,74,0,0],"gold":202,"neow_bonus":"TWENTY_PERCENT_HP_BONUS","is_daily":false,"chose_seed":false,"campfire_upgraded":2,"win_rate":0.0,"timestamp":1611850607,"path_taken":["M","M","?","?","M","R","E","?","T","E","?","M","E","M","R","BOSS","M","?","?","?","?","E","M","M","T","R","?","M","$","E","R","BOSS","M","?","?","M","M","E"],"items_purchased_type":["Relic"],"build_version":"2020-12-22","purchased_purges":1,"victory":false,"max_hp_per_floor":[89,89,89,94,94,94,94,94,94,94,94,94,101,101,101,101,101,101,101,101,101,101,101,101,101,101,101,101,101,101,101,101,101,101,101,101,101,101,101,101,101],"relic_stats":{"Blood Vial":34,"Happy Flower":[13],"counters":[22,98],"Blue Candle":[0],"Orichalcum":[102],"Smiling Mask":25,"obtain_stats":[{"Happy Flower":22,"Blue Candle":9,"Orichalcum":30,"Smiling Mask":23,"Burning Blood":0,"Akabeko":37,"Blood Vial":10,"Strawberry":13,"Molten Egg 2":7,"Fusion Hammer":17,"Coffee Dripper":34,"InkBottle":26,"Red Skull":31},{"Happy Flower":12,"Blue Candle":4,"Orichalcum":16,"Smiling Mask":13,"Burning Blood":0,"Akabeko":19,"Blood Vial":5,"Strawberry":8,"Molten Egg 2":4,"Fusion Hammer":10,"Coffee Dripper":18,"InkBottle":15,"Red Skull":17},{"Happy Flower":59,"Blue Candle":15,"Orichalcum":71,"Smiling Mask":63,"Burning Blood":0,"Akabeko":83,"Blood Vial":21,"Strawberry":37,"Molten Egg 2":15,"Fusion Hammer":49,"Coffee Dripper":81,"InkBottle":69,"Red Skull":76}],"Burning Blood":123,"InkBottle":[12]},"card_choices":[{"not_picked":["Flex","Thunderclap"],"picked":"Twin Strike","floor":1.0},{"not_picked":["Ghostly Armor","Seeing Red"],"picked":"Pommel Strike","floor":2.0},{"not_picked":["Pommel Strike","Thunderclap"],"picked":"Ghostly Armor","floor":5.0},{"not_picked":["Thunderclap+1","Flex","Warcry"],"picked":"SKIP","floor":7.0},{"not_picked":["Flex","Warcry"],"picked":"Thunderclap+1","floor":7.0},{"not_picked":["Twin Strike+1","Clothesline+1","Searing Blow+1"],"picked":"SKIP","floor":10.0},{"not_picked":["Clash+1","Dual Wield"],"picked":"Shockwave","floor":11.0},{"not_picked":["Pommel Strike+1","Flex","Wild Strike+1"],"picked":"SKIP","floor":12.0},{"not_picked":["Uppercut+1","Heavy Blade+1","Body Slam+1"],"picked":"SKIP","floor":13.0},{"not_picked":["Clothesline+1","Sword Boomerang+1","Clash+1"],"picked":"SKIP","floor":14.0},{"not_picked":["Bludgeon+1","Reaper+1"],"picked":"Fiend Fire+1","floor":16.0},{"not_picked":["Armaments","Seeing Red"],"picked":"Pommel Strike+1","floor":18.0},{"not_picked":["Fire Breathing","Sentinel","Cleave+1"],"picked":"SKIP","floor":21.0},{"not_picked":["Perfected Strike+1","Double Tap","Cleave+1"],"picked":"SKIP","floor":23.0},{"not_picked":["Heavy Blade+1","Iron Wave+1","Flex"],"picked":"SKIP","floor":24.0},{"not_picked":["Flex+1","Iron Wave+1","Havoc"],"picked":"SKIP","floor":25.0},{"not_picked":["Burning Pact","Warcry"],"picked":"Evolve","floor":29},{"not_picked":["Uppercut+1","Second Wind"],"picked":"Limit Break","floor":31},{"not_picked":["Exhume","Limit Break"],"picked":"Reaper+1","floor":33},{"not_picked":["Flex+1","Anger+1"],"picked":"Disarm","floor":35},{"not_picked":["Jack Of All Trades","Enlightenment"],"picked":"Dark Shackles","floor":36},{"not_picked":["Purity","Finesse"],"picked":"Flash of Steel+1","floor":36},{"not_picked":["Body Slam+1","Anger+1"],"picked":"Dropkick+1","floor":38},{"not_picked":["True Grit","Feed+1"],"picked":"Sword Boomerang+1","floor":39}],"player_experience":21706392,"relics_obtained":[{"floor":7.0,"key":"Molten Egg 2"},{"floor":9.0,"key":"Blue Candle"},{"floor":10.0,"key":"Blood Vial"},{"floor":13.0,"key":"Strawberry"},{"floor":22.0,"key":"Happy Flower"},{"floor":23.0,"key":"Smiling Mask"},{"floor":26.0,"key":"InkBottle"},{"floor":31,"key":"Red Skull"}],"event_choices":[{"damage_healed":0.0,"max_hp_gain":0.0,"max_hp_loss":0.0,"gold_gain":0.0,"cards_transformed":["Strike_R"],"event_name":"Living Wall","player_choice":"Change","floor":3.0,"gold_loss":0.0,"damage_taken":0.0,"cards_obtained":["Anger"]},{"damage_healed":0.0,"max_hp_gain":5.0,"max_hp_loss":0.0,"gold_gain":0.0,"event_name":"Big Fish","player_choice":"Donut","floor":4.0,"gold_loss":0.0,"damage_taken":0.0},{"cards_removed":["Ghostly Armor"],"damage_healed":26.0,"max_hp_gain":0.0,"max_hp_loss":0.0,"gold_gain":0.0,"event_name":"Bonfire Elementals","player_choice":"Offered Uncommon","floor":8.0,"gold_loss":0.0,"damage_taken":0.0},{"damage_healed":0.0,"max_hp_gain":0.0,"max_hp_loss":0.0,"gold_gain":0.0,"event_name":"Nest","player_choice":"Joined the Cult","floor":19.0,"gold_loss":0.0,"damage_taken":6.0,"cards_obtained":["RitualDagger"]},{"cards_removed":["Strike_R"],"damage_healed":0.0,"max_hp_gain":0.0,"max_hp_loss":0.0,"gold_gain":0.0,"event_name":"Designer","player_choice":"Upgrade and Remove","floor":20.0,"gold_loss":110.0,"damage_taken":0.0,"cards_upgraded":["Strike_R"]},{"damage_healed":0.0,"max_hp_gain":0.0,"max_hp_loss":0.0,"gold_gain":0.0,"event_name":"The Library","player_choice":"Read","floor":28.0,"gold_loss":0.0,"damage_taken":0.0,"cards_obtained":["Offering"]},{"damage_healed":0,"gold_gain":0,"player_choice":"Memory 3","damage_taken":10,"max_hp_gain":0,"max_hp_loss":0,"event_name":"SensoryStone","floor":36,"gold_loss":0},{"cards_removed":["Anger"],"damage_healed":0,"gold_gain":0,"player_choice":"Gave Card","damage_taken":0,"relics_obtained":["Akabeko"],"max_hp_gain":0,"max_hp_loss":0,"event_name":"WeMeetAgain","floor":37,"gold_loss":0}],"is_beta":false,"boss_relics":[{"not_picked":["Astrolabe","SacredBark"],"picked":"Fusion Hammer"},{"not_picked":["Empty Cage","Pandora\u0027s Box"],"picked":"Coffee Dripper"}],"items_purged_floors":[30],"is_endless":false,"potions_floor_spawned":[2,7,10,12,16,18,23],"killed_by":"Giant Head","ascension_level":20}}