{"host":"nx6t4q2fc0vdue7l","time":1611849683,"event":{"mods":["2.2 Compatiblity","BaseMod","Minty Spire (QoL Compilation)"],"gold_per_floor":[119,119,136,61,78,110,120,120,120,149,149,183,67,84,84,84,84],"floor_reached":16,"language":"ENG","playtime":564,"items_purged":["Strike_G"],"score":138,"play_id":"bad8ec4a-2b62-4e52-a7ab-ac5ff3f4b689","local_time":"20210128170123","is_ascension_mode":true,"campfire_choices":[{"data":"A Thousand Cuts","floor":8,"key":"SMITH"},{"floor":11,"key":"REST"},{"floor":15,"key":"REST"}],"circlet_count":0,"master_deck":["Strike_G","Strike_G","Strike_G","Defend_G","Defend_G","Defend_G","Defend_G","Defend_G","Survivor","Neutralize","A Thousand Cuts+1","Blur","Crippling Poison","Finisher","Flying Knee","Blade Dance","Deflect","Calculated Gamble","Dodge and Roll","Accuracy"],"relics":["Ring of the Snake","Meat on the Bone","Shuriken","Bottled Flame","The Courier"],"acts_visited":["Exordium"],"potions_floor_usage":[6,6,16],"damage_taken":[{"damage":7,"enemies":"2 Louse","floor":1,"turns":3},{"damage":0,"enemies":"Cultist","floor":3,"turns":5},{"damage":1,"enemies":"Jaw Worm","floor":5,"turns":4},{"damage":21,"enemies":"Gremlin Nob","floor":6,"turns":5},{"damage":19,"enemies":"Looter","floor":7,"turns":4},{"damage":15,"enemies":"Lagavulin","floor":10,"turns":6},{"damage":27,"enemies":"Gremlin Nob","floor":12,"turns":4},{"damage":14,"enemies":"3 Louse","floor":14,"turns":2},{"damage":57,"enemies":"The Guardian","floor":16,"turns":11}],"seed_played":"8751305432737173331","potions_obtained":[{"floor":3,"key":"Fire Potion"},{"floor":5,"key":"SkillPotion"},{"floor":12,"key":"Strength Potion"}],"is_trial":false,"path_per_floor":["M","?","M","$","M","E","M","R","T","E","R","E","$","M","R","B"],"character_chosen":"THE_SILENT","items_purchased":["Finisher","Accuracy"],"campfire_rested":2,"item_purchase_floors":[4,13],"current_hp_per_floor":[63,63,63,63,62,41,34,34,34,31,52,37,37,35,56,0,0],"gold":84,"neow_bonus":"ONE_RANDOM_RARE_CARD","is_daily":false,"chose_seed":false,"campfire_upgraded":1,"win_rate":0.0,"timestamp":1611849683,"path_taken":["M","?","M","$","M","E","M","R","T","E","R","E","$","?","R","BOSS"],"items_purchased_type":["Card","Card"],"build_version":"2020-12-22","purchased_purges":1,"victory":false,"max_hp_per_floor":[70,70,70,70,70,70,70,70,70,70,70,70,70,70,70,70,70],"card_choices":[{"not_picked":["Sucker Punch","Distraction"],"picked":"Blur","floor":1},{"not_picked":["Dodge and Roll","Flying Knee"],"picked":"Crippling Poison","floor":3},{"not_picked":["Dagger Spray","Leg Sweep"],"picked":"Flying Knee","floor":5},{"not_picked":["Backstab","PiercingWail"],"picked":"Blade Dance","floor":6},{"not_picked":["Quick Slash","Outmaneuver"],"picked":"Deflect","floor":7},{"not_picked":["Blur","Setup"],"picked":"Calculated Gamble","floor":10},{"not_picked":["Quick Slash","Predator"],"picked":"Dodge and Roll","floor":12},{"not_picked":["Well Laid Plans","Predator","Quick Slash"],"picked":"SKIP","floor":14}],"player_experience":322531,"relics_obtained":[{"floor":6,"key":"Meat on the Bone"},{"floor":9,"key":"Shuriken"},{"floor":10,"key":"Bottled Flame"},{"floor":12,"key":"The Courier"}],"event_choices":[{"cards_removed":["Strike_G"],"damage_healed":0,"gold_gain":0,"player_choice":"Offered Basic","damage_taken":0,"max_hp_gain":0,"max_hp_loss":0,"event_name":"Bonfire Elementals","floor":2,"gold_loss":0}],"is_beta":false,"boss_relics":[],"items_purged_floors":[13],"is_endless":false,"potions_floor_spawned":[3,5,12],"killed_by":"The Guardian","ascension_level":3}}