{"host":"a1eatafr7pisesky","time":1611823238,"event":{"mods":["AchievementEnabler","BaseMod","Colored Map","Keyboard Shortcuts","Minty Spire (QoL Compilation)","Say the Spire","StSLib","SuperFastMode","everything is the same but u backflip on backflip"],"gold_per_floor":[116,41,60,60,60,60,76,76,76,76,101,101,119,135,135,135,135],"floor_reached":16,"language":"KOR","playtime":236,"items_purged":["Strike_R"],"score":170,"play_id":"477e9a9c-ae06-486b-b5cd-ce451e6dcb54","local_time":"20210128174038","is_ascension_mode":true,"campfire_choices":[{"data":"Pommel Strike","floor":6,"key":"SMITH"},{"floor":12,"key":"REST"},{"data":"Corruption","floor":15,"key":"SMITH"}],"circlet_count":0,"master_deck":["AscendersBane","Strike_R","Strike_R","Strike_R+1","Strike_R","Defend_R","Defend_R","Defend_R","Defend_R","Bash+1","Pommel Strike+1","Sword Boomerang","Battle Trance","Shrug It Off","Corruption+1"],"relics":["Burning Blood","NeowsBlessing","Incense Burner","Turnip","Juzu Bracelet"],"acts_visited":["Exordium"],"potions_floor_usage":[16],"damage_taken":[{"damage":0,"enemies":"Cultist","floor":1,"turns":1},{"damage":0,"enemies":"2 Louse","floor":3,"turns":1},{"damage":0,"enemies":"Small Slimes","floor":7,"turns":1},{"damage":45,"enemies":"3 Sentries","floor":11,"turns":10},{"damage":2,"enemies":"3 Louse","floor":13,"turns":3},{"damage":18,"enemies":"Red Slaver","floor":14,"turns":3},{"damage":23,"enemies":"Hexaghost","floor":16,"turns":7}],"seed_played":"93912752152983855","potions_obtained":[{"floor":1,"key":"SpeedPotion"},{"floor":13,"key":"EssenceOfSteel"}],"is_trial":false,"path_per_floor":["M","$","M","$","?","R","M","?","T","?","E","R","M","M","R","B"],"character_chosen":"IRONCLAD","items_purchased":[],"campfire_rested":1,"item_purchase_floors":[],"current_hp_per_floor":[74,74,75,75,60,60,66,66,66,48,9,31,35,23,23,0,0],"gold":135,"neow_bonus":"THREE_ENEMY_KILL","is_daily":false,"chose_seed":false,"campfire_upgraded":2,"win_rate":0.0,"timestamp":1611823238,"path_taken":["M","$","?","$","?","R","M","?","T","?","E","R","M","M","R","BOSS"],"items_purchased_type":[],"build_version":"2020-12-22","purchased_purges":1,"victory":false,"max_hp_per_floor":[75,75,75,75,75,75,75,75,75,75,75,75,75,75,75,75,75],"card_choices":[{"not_picked":["Dropkick","Heavy Blade"],"picked":"Pommel Strike","floor":1},{"not_picked":["Body Slam","Twin Strike"],"picked":"Sword Boomerang","floor":3},{"not_picked":["Clothesline","Headbutt","Havoc"],"picked":"SKIP","floor":7},{"not_picked":["Clothesline","Pummel"],"picked":"Battle Trance","floor":11},{"not_picked":["Pummel","Flex"],"picked":"Shrug It Off","floor":13},{"not_picked":["Clash","Anger"],"picked":"Corruption","floor":14}],"player_experience":374748,"relics_obtained":[{"floor":9,"key":"Incense Burner"},{"floor":11,"key":"Juzu Bracelet"}],"event_choices":[{"damage_healed":0,"gold_gain":0,"player_choice":"Entered Light","damage_taken":15,"max_hp_gain":0,"max_hp_loss":0,"event_name":"Shining Light","floor":5,"gold_loss":0,"cards_upgraded":["Bash","Strike_R"]},{"damage_healed":0,"gold_gain":0,"player_choice":"Ignored","damage_taken":0,"max_hp_gain":0,"max_hp_loss":0,"event_name":"Liars Game","floor":8,"gold_loss":0},{"damage_healed":0,"gold_gain":0,"player_choice":"Success","damage_taken":18,"relics_obtained":["Turnip"],"max_hp_gain":0,"max_hp_loss":0,"event_name":"Scrap Ooze","floor":10,"gold_loss":0}],"is_beta":false,"boss_relics":[],"items_purged_floors":[2],"is_endless":false,"potions_floor_spawned":[1,13],"killed_by":"Hexaghost","ascension_level":14}}