{"host":"d9m9v0h6vo0edadb","time":1611804104,"event":{"mods":["BaseMod","Hermit","Keyboard Shortcuts","Minty Spire (QoL Compilation)","StSLib","SuperFastMode","The Cursed"],"gold_per_floor":[119,44,119,133,58,85,85,118,143,143,143,157,167,194,194,194,194],"floor_reached":16,"language":"KOR","playtime":155,"items_purged":["Strike_G"],"score":286,"play_id":"1c05e529-a0a3-4e69-a957-8991e2826768","local_time":"20210128122144","is_ascension_mode":true,"campfire_choices":[{"floor":10.0,"key":"REST"},{"data":"Reflex","floor":15.0,"key":"SMITH"}],"circlet_count":0,"master_deck":["AscendersBane","Strike_G","Strike_G","Defend_G","Defend_G","Defend_G","Defend_G","Defend_G","Survivor","Neutralize","Poisoned Stab","Dagger Throw","Grand Finale","Reflex+1","PiercingWail"],"relics":["Ring of the Snake","NeowsBlessing","Snake Skull","Bird Faced Urn","Potion Belt","Lantern"],"acts_visited":["Exordium"],"potions_floor_usage":[],"damage_taken":[{"damage":0.0,"enemies":"Small Slimes","floor":1.0,"turns":1.0},{"damage":0.0,"enemies":"2 Louse","floor":4.0,"turns":1.0},{"damage":0.0,"enemies":"Lagavulin","floor":6.0,"turns":1.0},{"damage":32.0,"enemies":"Gremlin Nob","floor":8.0,"turns":5.0},{"damage":0.0,"enemies":"Jaw Worm","floor":12.0,"turns":2.0},{"damage":0.0,"enemies":"Red Slaver","floor":13.0,"turns":2.0},{"damage":12.0,"enemies":"Lagavulin","floor":14.0,"turns":6.0},{"damage":34,"enemies":"Slime Boss","floor":16,"turns":7}],"seed_played":"-4259807128200743891","potions_obtained":[{"floor":1.0,"key":"Ancient Potion"},{"floor":6.0,"key":"LiquidMemories"},{"floor":8.0,"key":"PowerPotion"}],"is_trial":false,"path_per_floor":["M","?","?","M","$","E","$","E","T","R","?","M","M","E","R","B"],"character_chosen":"THE_SILENT","items_purchased":[],"campfire_rested":1,"item_purchase_floors":[],"current_hp_per_floor":[59,59,48,48,48,48,48,16,16,35,35,35,35,25,25,0,0],"gold":194,"neow_bonus":"THREE_ENEMY_KILL","is_daily":false,"chose_seed":false,"campfire_upgraded":1,"win_rate":0.0,"timestamp":1611804104,"path_taken":["M","?","?","?","$","E","?","E","T","R","?","M","M","E","R","BOSS"],"items_purchased_type":[],"build_version":"2020-12-22","purchased_purges":1,"victory":false,"max_hp_per_floor":[66,66,66,66,66,66,66,66,66,66,66,66,66,66,66,66,66],"card_choices":[{"not_picked":["Skewer","Dodge and Roll"],"picked":"Poisoned Stab","floor":1.0},{"not_picked":["Dagger Spray","Poisoned Stab"],"picked":"Dagger Throw","floor":4.0},{"not_picked":["Blade Dance","Glass Knife"],"picked":"Grand Finale","floor":6.0},{"not_picked":["Deadly Poison","Venomology"],"picked":"Reflex","floor":8.0},{"not_picked":["Reflex","Dodge and Roll"],"picked":"PiercingWail","floor":12.0},{"not_picked":["Dodge and Roll","Catalyst","Flying Knee"],"picked":"SKIP","floor":13.0},{"not_picked":["Sucker Punch","PiercingWail","Dagger Throw"],"picked":"SKIP","floor":14.0}],"player_experience":994492,"relics_obtained":[{"floor":6.0,"key":"Snake Skull"},{"floor":8.0,"key":"Bird Faced Urn"},{"floor":9.0,"key":"Potion Belt"},{"floor":14.0,"key":"Lantern"}],"event_choices":[{"cards_removed":["Strike_G"],"damage_healed":0.0,"max_hp_gain":0.0,"max_hp_loss":0.0,"gold_gain":0.0,"event_name":"The Cleric","player_choice":"Card Removal","floor":2.0,"gold_loss":75.0,"damage_taken":0.0},{"damage_healed":0.0,"max_hp_gain":0.0,"max_hp_loss":0.0,"gold_gain":75.0,"event_name":"World of Goop","player_choice":"Gather Gold","floor":3.0,"gold_loss":0.0,"damage_taken":11.0},{"cards_removed":["Strike_G"],"damage_healed":0.0,"max_hp_gain":0.0,"max_hp_loss":0.0,"gold_gain":0.0,"event_name":"Purifier","player_choice":"Purged","floor":11.0,"gold_loss":0.0,"damage_taken":0.0}],"is_beta":false,"boss_relics":[],"items_purged_floors":[5],"is_endless":false,"potions_floor_spawned":[1,6,8],"killed_by":"Slime Boss","ascension_level":20}}