{"host":"g01l53quoe6lrer0","time":1611803647,"event":{"mods":["2.2 Compatiblity","AchievementEnabler","BaseMod","Colored Map","Highlight Path","Keyboard Shortcuts","Minty Spire (QoL Compilation)","Permanent Neow","StSLib","SuperFastMode","everything is the same but u backflip on backflip"],"gold_per_floor":[112,123,123,148,169,169,205,205,253,253,268,151,151,151,151,244,244,267,267,294,317,242,242,257,282,282,332,332,332],"floor_reached":28,"language":"KOR","playtime":527,"items_purged":["Strike_G"],"score":425,"play_id":"57c0decf-c366-43d7-a419-6b4f64068035","local_time":"20210128121407","is_ascension_mode":true,"campfire_choices":[{"data":"Bouncing Flask","floor":6,"key":"SMITH"},{"data":"Deadly Poison","floor":10,"key":"SMITH"},{"data":"Noxious Fumes","floor":13,"key":"SMITH"},{"data":"Noxious Fumes","floor":15,"key":"SMITH"},{"floor":23,"key":"REST"}],"circlet_count":0,"master_deck":["AscendersBane","Strike_G","Strike_G+1","Strike_G","Defend_G","Defend_G","Defend_G","Defend_G","Defend_G","Survivor","Neutralize","Bouncing Flask+1","Dagger Spray","Adrenaline","PiercingWail","Deadly Poison+1","Noxious Fumes+1","Noxious Fumes+1","Parasite","Malaise","Bane+1","Backflip","Deflect"],"relics":["Ring of the Snake","Golden Idol","InkBottle","Tiny Chest","Black Star","Whetstone","Kunai"],"acts_visited":["Exordium","TheCity"],"potions_floor_usage":[16,16,28],"damage_taken":[{"damage":0,"enemies":"2 Louse","floor":1,"turns":4},{"damage":0,"enemies":"Small Slimes","floor":2,"turns":3},{"damage":0,"enemies":"Cultist","floor":4,"turns":3},{"damage":0,"enemies":"2 Fungi Beasts","floor":5,"turns":3},{"damage":14,"enemies":"Lagavulin","floor":7,"turns":7},{"damage":23,"enemies":"Large Slime","floor":11,"turns":6},{"damage":14,"enemies":"Slime Boss","floor":16,"turns":6},{"damage":27,"enemies":"3 Byrds","floor":18,"turns":5},{"damage":14,"enemies":"Spheric Guardian","floor":21,"turns":4},{"damage":6,"enemies":"Centurion and Healer","floor":24,"turns":5},{"damage":9,"enemies":"Snake Plant","floor":25,"turns":4},{"damage":34,"enemies":"Book of Stabbing","floor":28,"turns":5}],"seed_played":"1849349292118902158","potions_obtained":[{"floor":7,"key":"LiquidMemories"},{"floor":11,"key":"Block Potion"},{"floor":25,"key":"SpeedPotion"}],"is_trial":false,"path_per_floor":["M","M","?","M","M","R","E","?","T","R","M","$","R","?","R","B",null,"M","?","T","M","?","R","M","M","T","?","E"],"character_chosen":"THE_SILENT","items_purchased":["Noxious Fumes"],"campfire_rested":1,"item_purchase_floors":[12],"current_hp_per_floor":[59,59,59,59,59,59,45,70,70,70,47,47,47,64,64,50,65,38,38,38,24,24,45,39,30,30,30,0,0],"gold":332,"neow_bonus":"ONE_RANDOM_RARE_CARD","is_daily":false,"chose_seed":false,"campfire_upgraded":4,"win_rate":0.0,"timestamp":1611803647,"path_taken":["M","M","?","M","M","R","E","?","T","R","?","$","R","?","R","BOSS","M","?","?","M","?","R","?","M","T","?","E"],"items_purchased_type":["Card"],"build_version":"2020-12-22","purchased_purges":1,"victory":false,"max_hp_per_floor":[66,66,60,60,60,60,60,70,70,70,70,70,70,70,70,70,70,70,70,70,70,70,70,70,70,70,70,70,70],"card_choices":[{"not_picked":["Cloak And Dagger","Sucker Punch"],"picked":"Bouncing Flask","floor":1},{"not_picked":["Slice","Poisoned Stab"],"picked":"Dagger Spray","floor":2},{"not_picked":["Blade Dance","Underhanded Strike"],"picked":"Adrenaline","floor":4},{"not_picked":["Dagger Spray","Dodge and Roll"],"picked":"PiercingWail","floor":5},{"not_picked":["Calculated Gamble","PiercingWail"],"picked":"Deadly Poison","floor":7},{"not_picked":["Concentrate","Dagger Throw"],"picked":"Noxious Fumes","floor":11},{"not_picked":["Grand Finale","Tools of the Trade"],"picked":"Malaise","floor":16},{"not_picked":["Predator","Underhanded Strike"],"picked":"Bane","floor":18},{"not_picked":["Cloak And Dagger","Deadly Poison"],"picked":"Backflip","floor":21},{"not_picked":["All Out Attack","Expertise","Tactician"],"picked":"SKIP","floor":24},{"not_picked":["All Out Attack+1","Bane"],"picked":"Deflect","floor":25}],"player_experience":312890,"relics_obtained":[{"floor":7,"key":"InkBottle"},{"floor":9,"key":"Tiny Chest"},{"floor":20,"key":"Whetstone"},{"floor":26,"key":"Kunai"}],"event_choices":[{"damage_healed":0,"gold_gain":0,"player_choice":"Lose Max HP","damage_taken":0,"relics_obtained":["Golden Idol"],"max_hp_gain":0,"max_hp_loss":6,"event_name":"Golden Idol","floor":3,"gold_loss":0},{"cards_removed":["Adrenaline"],"damage_healed":15,"gold_gain":0,"player_choice":"Offered Rare","damage_taken":0,"max_hp_gain":10,"max_hp_loss":0,"event_name":"Bonfire Elementals","floor":8,"gold_loss":0},{"damage_healed":17,"gold_gain":0,"player_choice":"Healed and dodged fight","damage_taken":0,"max_hp_gain":0,"max_hp_loss":0,"event_name":"Mushrooms","floor":14,"gold_loss":0,"cards_obtained":["Parasite"]},{"damage_healed":0,"gold_gain":0,"player_choice":"Ignored","damage_taken":0,"max_hp_gain":0,"max_hp_loss":0,"event_name":"Cursed Tome","floor":19,"gold_loss":0},{"cards_removed":["Strike_G"],"damage_healed":0,"gold_gain":0,"player_choice":"Gave Gold","damage_taken":0,"max_hp_gain":0,"max_hp_loss":0,"event_name":"Beggar","floor":22,"gold_loss":75},{"damage_healed":0,"gold_gain":50,"player_choice":"Stole From Cult","damage_taken":0,"max_hp_gain":0,"max_hp_loss":0,"event_name":"Nest","floor":27,"gold_loss":0}],"is_beta":false,"boss_relics":[{"not_picked":["SacredBark","Runic Dome"],"picked":"Black Star"}],"items_purged_floors":[12],"is_endless":false,"potions_floor_spawned":[7,11,25],"killed_by":"Book of Stabbing","ascension_level":19}}