{"host":"pi8b3ffzwvxqztac","time":1611869360,"event":{"mods":["BaseMod","Colored Map","Downfall","Minty Spire (QoL Compilation)","StSLib"],"gold_per_floor":[99,116,129,141,161,61,61,61,71,71,91,91,156,170,181,283,283,183,193,28,47,47,65,111,140,40,57,57,133,133,150,169,264,314,314,333,346,346,366,132,159,170,54,54,54,104,104,115,126,126,126,151,51,51,51,51],"floor_reached":57,"language":"ENG","playtime":3972,"items_purged":["downfall:Bewildered","bronze:Strike"],"score":1413,"play_id":"ca6a1bc9-537c-49e5-9e35-d7336e62879b","local_time":"20210129102920","is_ascension_mode":true,"campfire_choices":[{"floor":1,"key":"RECALL"},{"data":"bronze:DelayedSlice","floor":6,"key":"SMITH"},{"data":"bronze:DelayedSlice","floor":8,"key":"SMITH"},{"data":"bronze:Iterate","floor":12,"key":"SMITH"},{"data":"bronze:Library","floor":18,"key":"SMITH"},{"data":"bronze:InfiniteLoop","floor":26,"key":"SMITH"},{"data":"bronze:Replicate","floor":28,"key":"SMITH"},{"data":"bronze:DelayedGuard","floor":30,"key":"SMITH"},{"data":"bronze:FollowUp","floor":35,"key":"SMITH"},{"data":"bronze:Constructor","floor":45,"key":"SMITH"},{"data":"Jack Of All Trades","floor":47,"key":"SMITH"},{"data":"bronze:Iterate","floor":54,"key":"SMITH"}],"circlet_count":0,"master_deck":["bronze:Defend","bronze:Defend","bronze:Defend","bronze:Defend+1","bronze:Replicate+1","bronze:Goto","bronze:DelayedSlice+1","bronze:DelayedGuard+1","bronze:DelayedSlice+1","bronze:Iterate+1","bronze:Repair","bronze:BitShift","bronze:Constructor+1","bronze:Library+1","bronze:DelayedGuard","bronze:Branch+1","bronze:InfiniteLoop+1","bronze:Terminator+1","bronze:FineTuning+1","bronze:BronzeOrb","bronze:FollowUp+1","bronze:Terminator+1","Jack Of All Trades+1","bronze:Optimize","bronze:Branch+1","bronze:FollowUp+1","bronze:ClassDefault+1","bronze:Iterate+1"],"relics":["bronze:BronzeCore","downfall:HeartBlessingRed","Pear","sneckomod:SneckoTalon","downfall:HeartBlessingBlue","Vajra","Eternal Feather","downfall:HeartBlessingGreen","InkBottle","Tiny House","Oddly Smooth Stone","Bag of Preparation","Calipers","Happy Flower","Guardian:GemstoneGun","Centennial Puzzle"],"acts_visited":["Exordium","TheCity","TheBeyond","TheEnding"],"potions_floor_usage":[14,16,16,23,25,25,31,33,46,52,56],"damage_taken":[{"damage":5,"enemies":"2 Louse","floor":2,"turns":3},{"damage":0,"enemies":"Cultist","floor":3,"turns":2},{"damage":0,"enemies":"Small Slimes","floor":4,"turns":3},{"damage":0,"enemies":"3 Louse","floor":5,"turns":1},{"damage":7,"enemies":"Exordium Wildlife","floor":9,"turns":3},{"damage":4,"enemies":"Red Slaver","floor":11,"turns":2},{"damage":0,"enemies":"Gremlin Nob","floor":13,"turns":3},{"damage":13,"enemies":"Blue Slaver","floor":14,"turns":2},{"damage":0,"enemies":"Large Slime","floor":15,"turns":3},{"damage":35,"enemies":"DF_ARCHETYPE_STREAMLINE","floor":16,"turns":8},{"damage":1,"enemies":"3 Byrds","floor":19,"turns":4},{"damage":0,"enemies":"downfall:FleeingMerchant","floor":20,"turns":4},{"damage":0,"enemies":"Chosen","floor":21,"turns":3},{"damage":4,"enemies":"Snake Plant","floor":23,"turns":4},{"damage":7,"enemies":"Book of Stabbing","floor":25,"turns":4},{"damage":53,"enemies":"Snecko","floor":27,"turns":8},{"damage":0,"enemies":"Centurion and Healer","floor":31,"turns":3},{"damage":0,"enemies":"Cultist and Chosen","floor":32,"turns":4},{"damage":10,"enemies":"WA_ARCHETYPE_CALM","floor":33,"turns":7},{"damage":2,"enemies":"Orb Walker","floor":36,"turns":3},{"damage":2,"enemies":"3 Shapes","floor":37,"turns":3},{"damage":7,"enemies":"Spire Growth","floor":39,"turns":5},{"damage":0,"enemies":"downfall:FleeingMerchant","floor":40,"turns":4},{"damage":21,"enemies":"Maw","floor":42,"turns":6},{"damage":0,"enemies":"downfall:FleeingMerchant","floor":43,"turns":3},{"damage":0,"enemies":"downfall:FleeingMerchant","floor":46,"turns":4},{"damage":0,"enemies":"Jaw Worm Horde","floor":48,"turns":3},{"damage":0,"enemies":"Writhing Mass","floor":49,"turns":5},{"damage":34,"enemies":"IC_BLOCK_ARCHETYPE","floor":50,"turns":9},{"damage":0,"enemies":"downfall:CharBossMerchant","floor":52,"turns":6},{"damage":4,"enemies":"downfall:NeowBoss","floor":55,"turns":19},{"damage":69,"enemies":"downfall:NeowBossFinal","floor":56,"turns":15}],"seed_played":"560261323277927659","potions_obtained":[{"floor":2,"key":"ColorlessPotion"},{"floor":11,"key":"EntropicBrew"},{"floor":15,"key":"Strength Potion"},{"floor":23,"key":"Dexterity Potion"},{"floor":25,"key":"PowerPotion"},{"floor":27,"key":"Dexterity Potion"},{"floor":33,"key":"Fire Potion"},{"floor":34,"key":"FairyPotion"},{"floor":46,"key":"Block Potion"}],"is_trial":false,"path_per_floor":["R","M","M","M","M","R","T","R","M","?","M","R","?","M","M","B",null,"R","M","$","M","?","M","T","E","R","M","R","T","R","M","M","B",null,"R","M","M","?","M","$","T","M","?","?","R","?","R","M","M","B",null,"E","$","R","B","B",null],"character_chosen":"THE_AUTOMATON","items_purchased":["bronze:InfiniteLoop","bronze:Optimize","Oddly Smooth Stone","Calipers","Happy Flower"],"campfire_rested":0,"item_purchase_floors":[20,40,40,43,43],"current_hp_per_floor":[77,72,72,72,72,72,72,72,65,65,61,61,78,65,72,44,76,86,92,97,97,97,93,93,86,97,44,56,56,68,75,83,80,98,102,100,100,100,93,100,100,89,89,89,102,102,102,102,102,78,96,102,102,102,98,33],"gold":51,"neow_bonus":"TEN_PERCENT_HP_BONUS","is_daily":false,"chose_seed":false,"campfire_upgraded":11,"win_rate":0.0,"timestamp":1611869360,"path_taken":["R","M","M","M","M","R","T","R","M","?","?","R","?","M","M","BOSS","R","M","$","M","?","M","T","E","R","M","R","?","R","M","M","BOSS","R","M","M","?","?","$","T","M","?","?","R","?","R","M","M","BOSS","E","$","R","BOSS","BOSS"],"items_purchased_type":["Card","Card","Relic","Relic","Relic"],"build_version":"2020-12-22","purchased_purges":2,"victory":true,"max_hp_per_floor":[77,77,77,77,77,77,77,77,77,77,77,77,87,87,87,87,87,97,97,97,97,97,97,97,97,97,97,97,97,97,97,97,97,102,102,102,102,102,102,102,102,102,102,102,102,102,102,102,102,102,102,102,102,102,102,102],"card_choices":[{"not_picked":["bronze:Branch","bronze:DelayedGuard"],"picked":"bronze:DelayedSlice","floor":2},{"not_picked":["bronze:DigitalCarnage","bronze:Turbo"],"picked":"bronze:DelayedGuard","floor":3},{"not_picked":["bronze:DigitalCarnage","bronze:Refactor"],"picked":"bronze:DelayedSlice","floor":4},{"not_picked":["bronze:NullPointer","bronze:MaxOutput","bronze:WildBeam"],"picked":"SKIP","floor":5},{"not_picked":["bronze:Overload","bronze:Terminator"],"picked":"bronze:Iterate","floor":9},{"not_picked":["bronze:Deprecate","bronze:Constructor"],"picked":"bronze:Repair","floor":11},{"not_picked":["bronze:Overheat","bronze:OilSpill"],"picked":"bronze:BitShift","floor":13},{"not_picked":["bronze:Deprecate","bronze:AlphaBuild","bronze:WildBeam"],"picked":"SKIP","floor":14},{"not_picked":["bronze:Repulsor","bronze:Shield"],"picked":"bronze:Constructor","floor":15},{"not_picked":["bronze:Mutator","bronze:BurnOut"],"picked":"bronze:Library","floor":16},{"not_picked":["bronze:Repulsor","bronze:CutThrough"],"picked":"bronze:DelayedGuard","floor":19},{"not_picked":["bronze:DarkDash+1","bronze:MaxOutput"],"picked":"bronze:Branch+1","floor":20},{"not_picked":["bronze:DelayedGuard+1","bronze:Flail","bronze:Branch"],"picked":"SKIP","floor":21},{"not_picked":["bronze:DigitalCarnage","bronze:Frontload"],"picked":"bronze:Terminator+1","floor":23},{"not_picked":["bronze:Fortify","bronze:SpaghettiCode"],"picked":"bronze:FineTuning+1","floor":25},{"not_picked":["bronze:BitShift","bronze:Turbo"],"picked":"bronze:BronzeOrb","floor":27},{"not_picked":["bronze:BuggyMess+1","bronze:CutThrough","bronze:Invalidate+1"],"picked":"SKIP","floor":31},{"not_picked":["bronze:Refactor+1","bronze:ChildClass","bronze:OilSpill"],"picked":"SKIP","floor":32},{"not_picked":["bronze:DelayedSlice","bronze:Invalidate"],"picked":"bronze:FollowUp","floor":34},{"not_picked":["bronze:DelayedSlice+1","bronze:Repair"],"picked":"bronze:Terminator+1","floor":36},{"not_picked":["bronze:Frontload","bronze:OilSpill+1","bronze:DelayedGuard"],"picked":"SKIP","floor":37},{"not_picked":["bronze:BronzeOrb+1","bronze:DelayedGuard+1","bronze:BugBarrage"],"picked":"SKIP","floor":39},{"not_picked":["bronze:BuggyMess+1","bronze:AlphaBuild","bronze:WhirlingStrike"],"picked":"SKIP","floor":40},{"not_picked":["bronze:Frontload+1","bronze:Shield+1"],"picked":"bronze:Branch+1","floor":42},{"not_picked":["bronze:ClassDefault+1","bronze:Separator","bronze:Hardcode"],"picked":"SKIP","floor":43},{"not_picked":["bronze:WildBeam","bronze:Deprecate"],"picked":"bronze:FollowUp+1","floor":48},{"not_picked":["bronze:OilSpill+1","bronze:Fortify+1"],"picked":"bronze:ClassDefault+1","floor":49},{"not_picked":["bronze:CloningBeam+1","bronze:InfiniteLoop"],"picked":"bronze:Iterate","floor":52}],"player_experience":654181,"relics_obtained":[{"floor":13,"key":"Pear"},{"floor":24,"key":"Vajra"},{"floor":25,"key":"Eternal Feather"},{"floor":29,"key":"InkBottle"},{"floor":41,"key":"Bag of Preparation"},{"floor":46,"key":"Guardian:GemstoneGun"},{"floor":52,"key":"Centennial Puzzle"}],"event_choices":[],"is_beta":false,"boss_relics":[{"not_picked":["Sozu","expansioncontent:StudyCardRelic"],"picked":"sneckomod:SneckoTalon"},{"not_picked":["Cursed Key","Velvet Choker"],"picked":"Tiny House"}],"items_purged_floors":[20,53],"is_endless":false,"potions_floor_spawned":[2,11,15,16,23,25,27,33,39,42,46,48,49],"ascension_level":5}}