{"host":"n9lc5i44t98l6pio","time":1611817868,"event":{"mods":["BaseMod","Curses Come First","Downfall","Minty Spire (QoL Compilation)","Replay The Spire","Say the Spire","StSLib"],"gold_per_floor":[111,111,186,211,225,269,249,289,314,327,345,366,406,422,422,553,553,573,447,463,562,562,562,595,595,595,630,630,644,644,644,644,768,768,791,846,861,861,861],"floor_reached":38,"language":"ENG","playtime":1479,"items_purged":[],"score":667,"play_id":"b78f2fb0-a2bf-45ae-addc-3711c1d687fb","local_time":"20210128081108","is_ascension_mode":true,"campfire_choices":[{"floor":15,"key":"REST"},{"floor":23,"key":"RECALL"},{"floor":25,"key":"REST"},{"floor":28,"key":"REST"},{"data":"Armaments","floor":32,"key":"SMITH"}],"circlet_count":0,"master_deck":["Strike_R","Strike_R","Strike_R","Strike_R","Strike_R","Defend_R","Defend_R","Defend_R","Defend_R","Bash","sneckomod:Defend","Strike_P","Infernal Blade","Injury","Rupture","Hemokinesis","ReplayReversal","Demon Form","Bludgeon","Rupture","Shockwave","Bludgeon","Disarm","Demon Form","Armaments+1","Rupture","Heavy Blade+1","Shrug It Off","Shrug It Off","Rampage","Clash+1","Sword Boomerang","Exhume","Demon Form","Barricade","CurseOfTheBell","Ghostly Armor+1","Combust+1"],"relics":["Burning Blood","Counterbalance","Golden Idol","Blue Doll","Strawberry","Red Skull","ReplayTheSpireMod:TigerMarble","Replay:Bronze Core","Oddly Smooth Stone","Peace Pipe","Calling Bell","Blood Vial","Frozen Egg 2","Another Sword","Bronze Scales"],"acts_visited":["Exordium","TheCity","TheBeyond"],"potions_floor_usage":[13,16,16,24,29,30,33],"damage_taken":[{"damage":6.0,"enemies":"Jaw Worm","floor":1.0,"turns":5.0},{"damage":1.0,"enemies":"2 Louse","floor":4.0,"turns":2.0},{"damage":2.0,"enemies":"Small Slimes","floor":5.0,"turns":4.0},{"damage":36.0,"enemies":"3 Sentries","floor":6.0,"turns":8.0},{"damage":13.0,"enemies":"Gremlin Nob","floor":8.0,"turns":3.0},{"damage":12.0,"enemies":"Looter","floor":10.0,"turns":2.0},{"damage":5.0,"enemies":"3 Louse","floor":11.0,"turns":2.0},{"damage":14.0,"enemies":"Gremlin Gang","floor":12.0,"turns":4.0},{"damage":15,"enemies":"3 Sentries","floor":13,"turns":6},{"damage":10,"enemies":"Looter","floor":14,"turns":2},{"damage":38,"enemies":"Hexaghost","floor":16,"turns":7},{"damage":2,"enemies":"Chosen","floor":18,"turns":3},{"damage":30,"enemies":"3 Byrds","floor":20,"turns":7},{"damage":28,"enemies":"Slavers","floor":24,"turns":3},{"damage":35,"enemies":"Gremlin Leader","floor":27,"turns":7},{"damage":19,"enemies":"Snake Plant","floor":29,"turns":4},{"damage":0,"enemies":"Centurion and Healer","floor":30,"turns":1},{"damage":55,"enemies":"Pondfish","floor":33,"turns":11},{"damage":25,"enemies":"Orb Walker","floor":35,"turns":5},{"damage":31,"enemies":"3 Shapes","floor":37,"turns":5},{"damage":66,"enemies":"Transient","floor":38,"turns":4}],"seed_played":"7800482928611974714","potions_obtained":[{"floor":5.0,"key":"EntropicBrew"},{"floor":6.0,"key":"FearPotion"},{"floor":7.0,"key":"sneckomod:MuddlingPotion"},{"floor":8.0,"key":"LiquidBronze"},{"floor":12.0,"key":"Elixir"},{"floor":13,"key":"SneckoOil"},{"floor":18,"key":"Strength Potion"},{"floor":20,"key":"SneckoOil"},{"floor":22,"key":"PowerPotion"},{"floor":22,"key":"FearPotion"},{"floor":27,"key":"SmokeBomb"}],"is_trial":false,"path_per_floor":["M","?","?","M","M","E","?","E","T","M","M","M","E","M","R","B",null,"M","$","M","?","?","R","E","R","T","E","R","M","M","?","R","B",null,"M","T","M","M"],"character_chosen":"IRONCLAD","items_purchased":["Rupture","Heavy Blade+1","Shrug It Off"],"campfire_rested":3,"item_purchase_floors":[19,19,19],"current_hp_per_floor":[80,80,69,74,78,48,48,48,48,42,43,35,26,22,48,16,87,87,87,63,63,63,63,41,67,67,38,64,51,57,57,57,8,87,68,68,45,0,0],"gold":861,"neow_bonus":"ONE_RARE_RELIC","is_daily":false,"chose_seed":false,"campfire_upgraded":1,"win_rate":0.0,"timestamp":1611817868,"path_taken":["M","?","?","M","M","E","?","E","T","?","M","M","E","M","R","BOSS","M","$","M","?","?","R","E","R","T","E","R","M","?","?","R","BOSS","M","?","M","M"],"items_purchased_type":["Card","Card","Card"],"build_version":"2020-12-22","purchased_purges":0,"victory":false,"max_hp_per_floor":[80,80,80,80,80,80,80,87,87,87,87,87,87,87,87,87,87,87,87,87,87,87,87,87,87,87,87,87,87,87,87,87,87,87,87,87,87,87,87],"card_choices":[{"not_picked":["Warcry","Wild Strike"],"picked":"Infernal Blade","floor":1.0},{"not_picked":["Run Through","Second Wind"],"picked":"Rupture","floor":4.0},{"not_picked":["Carnage","ReplayTheSpireMod:Strike From Hell"],"picked":"Hemokinesis","floor":5.0},{"not_picked":["Warcry","Reckless Charge"],"picked":"ReplayReversal","floor":6.0},{"not_picked":["Blood for Blood","Havoc"],"picked":"Demon Form","floor":8.0},{"not_picked":["Clash","True Grit"],"picked":"Bludgeon","floor":10.0},{"not_picked":["Warcry","Entrench"],"picked":"Rupture","floor":11.0},{"not_picked":["Clothesline","Clash"],"picked":"Shockwave","floor":12.0},{"not_picked":["Thunderclap","Offering"],"picked":"Bludgeon","floor":13},{"not_picked":["Headbutt","Wild Strike"],"picked":"Disarm","floor":14},{"not_picked":["Feed","Corruption"],"picked":"Demon Form","floor":16},{"not_picked":["Run Through","Iron Wave+1"],"picked":"Armaments","floor":18},{"not_picked":["Burning Pact+1","Clash"],"picked":"Rampage","floor":20},{"not_picked":["Feel No Pain","Body Slam"],"picked":"Clash+1","floor":24},{"not_picked":["Shrug It Off+1","Headbutt"],"picked":"Sword Boomerang","floor":27},{"not_picked":["Infernal Blade","Run Through"],"picked":"Exhume","floor":29},{"not_picked":["Impervious","Fiend Fire"],"picked":"Barricade","floor":33},{"not_picked":["Clash+1","Shrug It Off"],"picked":"Ghostly Armor+1","floor":35},{"not_picked":["Iron Wave","Rampage"],"picked":"Combust+1","floor":37}],"player_experience":217279,"relics_obtained":[{"floor":6.0,"key":"Blue Doll"},{"floor":8.0,"key":"Strawberry"},{"floor":9.0,"key":"Red Skull"},{"floor":13,"key":"ReplayTheSpireMod:TigerMarble"},{"floor":24,"key":"Oddly Smooth Stone"},{"floor":27,"key":"Peace Pipe"},{"floor":34,"key":"Blood Vial"},{"floor":34,"key":"Frozen Egg 2"},{"floor":34,"key":"Another Sword"},{"floor":36,"key":"Bronze Scales"}],"event_choices":[{"damage_healed":0.0,"max_hp_gain":0.0,"max_hp_loss":0.0,"gold_gain":0.0,"event_name":"Golden Idol","player_choice":"Take Wound","floor":2.0,"gold_loss":0.0,"damage_taken":0.0,"relics_obtained":["Golden Idol"],"cards_obtained":["Injury"]},{"damage_healed":0.0,"max_hp_gain":0.0,"max_hp_loss":0.0,"gold_gain":75.0,"event_name":"World of Goop","player_choice":"Gather Gold","floor":3.0,"gold_loss":0.0,"damage_taken":11.0},{"damage_healed":0.0,"max_hp_gain":0.0,"max_hp_loss":0.0,"gold_gain":0.0,"event_name":"The Woman in Blue","player_choice":"Bought 1 Potion","floor":7.0,"gold_loss":0.0,"damage_taken":0.0},{"damage_healed":0,"gold_gain":99,"player_choice":"Stole From Cult","damage_taken":0,"max_hp_gain":0,"max_hp_loss":0,"event_name":"Nest","floor":21,"gold_loss":0},{"damage_healed":0,"gold_gain":0,"player_choice":"Got Potions","damage_taken":0,"max_hp_gain":0,"max_hp_loss":0,"event_name":"Lab","floor":22,"gold_loss":0},{"damage_healed":0,"gold_gain":0,"player_choice":"Copied","damage_taken":0,"max_hp_gain":0,"max_hp_loss":0,"event_name":"Duplicator","floor":31,"gold_loss":0,"cards_obtained":["Demon Form"]}],"is_beta":false,"boss_relics":[{"not_picked":["Coffee Dripper","Runic Cube"],"picked":"Replay:Bronze Core"},{"not_picked":["ReplayTheSpireMod:DimensionalGlitch","Honey Jar"],"picked":"Calling Bell"}],"items_purged_floors":[],"is_endless":false,"potions_floor_spawned":[5,6,8,12,13,18,20,27,30],"killed_by":"Transient","ascension_level":1}}