{"host":"nh70f3bv2bgakzh3","time":1611859655,"event":{"mods":["BaseMod","Downfall","Minty Spire (QoL Compilation)","StSLib","The Construct","The Mystic"],"gold_per_floor":[99,99,99,99,148,148,221,221,255,271,271,304,304,304,320,422,422,422,435,435,455,473,504,504,522,522,533,13,23,23,35,54,54,54,54],"floor_reached":33,"language":"ENG","playtime":1790,"items_purged":["sneckomod:Unknown"],"score":300,"play_id":"51bdafab-8a36-4e0e-940d-4b4d5e8d6f6c","local_time":"20210128134735","is_ascension_mode":false,"campfire_choices":[{"data":"sneckomod:Unknown","floor":1,"key":"SMITH"},{"data":"sneckomod:DiceBoulder","floor":11,"key":"SMITH"},{"data":"sneckomod:DiceBoulder+1","floor":13,"key":"SMITH"},{"data":"sneckomod:DiceBoulder+2","floor":18,"key":"SMITH"},{"data":"sneckomod:DiceBoulder+3","floor":26,"key":"SMITH"},{"data":"sneckomod:DiceBoulder+4","floor":30,"key":"SMITH"}],"circlet_count":0,"master_deck":["sneckomod:Strike+1","sneckomod:Strike+1","sneckomod:Defend","sneckomod:Defend","sneckomod:Defend","sneckomod:TailWhip","sneckomod:SnekBite","sneckomod:Unknown+1","sneckomod:QuickBite","sneckomod:ImprovisedAttack","sneckomod:UnknownX","sneckomod:ImprovisedAttack","sneckomod:DiceBoulder+5","sneckomod:SoulDraw","sneckomod:UnknownBoss","sneckomod:UnknownBlock+1","sneckomod:SoulRoll","sneckomod:MasterEye","sneckomod:SoulDraw","sneckomod:UnknownClassBLUE+1","sneckomod:SnakeSap"],"relics":["sneckomod:SneckoSoul","downfall:HeartsMalice","StoneCalendar","Whetstone","Shuriken","Potion Belt","Matryoshka","bronze:MakeshiftBattery","Nloth\u0027s Gift","sneckomod:LoadedDie","Nunchaku","HornCleat","Chemical X","Omamori"],"acts_visited":["Exordium","TheCity"],"potions_floor_usage":[12,16,16,29],"damage_taken":[{"damage":0,"enemies":"Small Slimes","floor":2,"turns":1},{"damage":0,"enemies":"Jaw Worm","floor":6,"turns":1},{"damage":0,"enemies":"Cultist","floor":8,"turns":1},{"damage":32,"enemies":"Gremlin Nob","floor":9,"turns":4},{"damage":15,"enemies":"Lots of Slimes","floor":10,"turns":3},{"damage":0,"enemies":"Lagavulin","floor":12,"turns":3},{"damage":0,"enemies":"Blue Slaver","floor":15,"turns":2},{"damage":17,"enemies":"WA_ARCHETYPE_RETAIN","floor":16,"turns":5},{"damage":0,"enemies":"3 Byrds","floor":19,"turns":4},{"damage":3,"enemies":"Chosen","floor":21,"turns":3},{"damage":19,"enemies":"Shelled Parasite and Fungi","floor":22,"turns":4},{"damage":46,"enemies":"Slavers","floor":23,"turns":5},{"damage":1,"enemies":"Snecko","floor":25,"turns":3},{"damage":4,"enemies":"3 Cultists","floor":27,"turns":4},{"damage":0,"enemies":"downfall:FleeingMerchant","floor":28,"turns":4},{"damage":0,"enemies":"Snake Plant","floor":29,"turns":1},{"damage":10,"enemies":"Cultist and Chosen","floor":31,"turns":4},{"damage":0,"enemies":"Snecko","floor":32,"turns":3},{"damage":10,"enemies":"SI_MIRROR_ARCHETYPE","floor":33,"turns":1}],"seed_played":"346921263496424449","potions_obtained":[{"floor":10,"key":"Slimebound:ThreeZeroPotion"},{"floor":12,"key":"Block Potion"},{"floor":15,"key":"Weak Potion"},{"floor":22,"key":"Weak Potion"},{"floor":23,"key":"AttackPotion"},{"floor":29,"key":"EssenceOfSteel"},{"floor":31,"key":"LiquidBronze"}],"is_trial":false,"path_per_floor":["R","M","?","?","T","M","T","M","E","M","R","E","R","?","M","B",null,"R","M","?","M","M","E","T","M","R","M","$","M","R","M","M","B"],"character_chosen":"THE_SNECKO","items_purchased":["Chemical X","Omamori","FearPotion","GamblersBrew"],"campfire_rested":0,"item_purchase_floors":[28,28,28,28],"current_hp_per_floor":[90,90,65,65,65,65,65,65,33,18,18,18,18,18,18,1,90,90,90,90,87,68,22,22,21,21,17,17,17,17,7,7,0,0,0],"gold":54,"neow_bonus":"THREE_ENEMY_KILL","is_daily":false,"chose_seed":false,"campfire_upgraded":6,"win_rate":0.0,"timestamp":1611859655,"path_taken":["R","M","?","?","?","?","T","M","E","M","R","E","R","?","M","BOSS","R","M","?","M","M","E","T","M","R","M","$","?","R","?","M","BOSS"],"items_purchased_type":["Relic","Relic","Potion","Potion"],"build_version":"2020-12-22","purchased_purges":1,"victory":false,"max_hp_per_floor":[90,90,90,90,90,90,90,90,90,90,90,90,90,90,90,90,90,90,90,90,90,90,90,90,90,90,90,90,90,90,90,90,90,90,90],"card_choices":[{"not_picked":["sneckomod:UnknownDraw","sneckomod:DiceCrush"],"picked":"sneckomod:QuickBite","floor":2},{"not_picked":["sneckomod:SoulRoll","sneckomod:UnknownUncommonPower"],"picked":"sneckomod:ImprovisedAttack","floor":6},{"not_picked":["sneckomod:UnknownUncommonSkill","sneckomod:DiceBlock"],"picked":"sneckomod:UnknownX","floor":8},{"not_picked":["sneckomod:DefensiveFlair","sneckomod:UnknownBlock"],"picked":"sneckomod:ImprovisedAttack","floor":9},{"not_picked":["sneckomod:SoulDraw","sneckomod:UnknownStrike"],"picked":"sneckomod:DiceBoulder","floor":10},{"not_picked":["sneckomod:UnknownBlock","sneckomod:SoulRoll","sneckomod:SerpentMind"],"picked":"SKIP","floor":12},{"not_picked":["sneckomod:UnknownCommonSkill","sneckomod:QuickBite"],"picked":"sneckomod:SoulDraw","floor":15},{"not_picked":["sneckomod:DangerNoodle","sneckomod:Unknown3Cost"],"picked":"sneckomod:UnknownBoss","floor":16},{"not_picked":["sneckomod:QuickBite+1","sneckomod:SoulDraw"],"picked":"sneckomod:UnknownBlock+1","floor":19},{"not_picked":["sneckomod:QuickMove","sneckomod:SlitherStrike+1"],"picked":"sneckomod:SoulRoll","floor":21},{"not_picked":["sneckomod:SerpentIdol","sneckomod:UnknownUncommonAttack+1"],"picked":"sneckomod:MasterEye","floor":22},{"not_picked":["sneckomod:TrashToTreasure","sneckomod:SerpentIdol"],"picked":"sneckomod:SoulDraw","floor":23},{"not_picked":["sneckomod:RainOfDice","sneckomod:Unknown0Cost"],"picked":"sneckomod:UnknownClassBLUE+1","floor":25},{"not_picked":["sneckomod:UnknownExhaust","sneckomod:UnknownRarePower","sneckomod:SoulRoll"],"picked":"SKIP","floor":27},{"not_picked":["sneckomod:UnknownBlock+1","sneckomod:DiceCrush+1"],"picked":"sneckomod:SnakeSap","floor":28},{"not_picked":["sneckomod:UnknownClassSLIMEBOUND","sneckomod:WideSting","sneckomod:UnknownClassBLUE"],"picked":"SKIP","floor":29},{"not_picked":["sneckomod:UnknownUncommonPower","sneckomod:SoulDraw","sneckomod:ImprovisedGuard"],"picked":"SKIP","floor":31},{"not_picked":["sneckomod:SerpentMind","sneckomod:UnknownUncommonPower+1","sneckomod:QuickMove"],"picked":"SKIP","floor":32}],"player_experience":87976,"relics_obtained":[{"floor":5,"key":"Whetstone"},{"floor":7,"key":"Shuriken"},{"floor":9,"key":"Potion Belt"},{"floor":12,"key":"Anchor"},{"floor":23,"key":"sneckomod:LoadedDie"},{"floor":24,"key":"Nunchaku"},{"floor":24,"key":"HornCleat"}],"event_choices":[{"damage_healed":0,"gold_gain":0,"player_choice":"Success","damage_taken":25,"relics_obtained":["StoneCalendar"],"max_hp_gain":0,"max_hp_loss":0,"event_name":"Scrap Ooze","floor":3,"gold_loss":0},{"cards_removed":["sneckomod:Strike"],"damage_healed":0,"gold_gain":0,"player_choice":"Card Removal","damage_taken":0,"max_hp_gain":0,"max_hp_loss":0,"event_name":"The Cleric","floor":4,"gold_loss":0}],"is_beta":false,"boss_relics":[{"not_picked":["Black Star","Runic Pyramid"],"picked":"bronze:MakeshiftBattery"}],"items_purged_floors":[28],"is_endless":false,"potions_floor_spawned":[10,12,15,22,23,29,31],"killed_by":"SI_MIRROR_ARCHETYPE","ascension_level":0}}