{"host":"g1wmg2w41xhsnw8g","time":1611856327,"event":{"mods":["100% Spire Juice","2.2 Compatiblity","Act Like it!","Aspiration","BaseMod","Better Altar","Better Match","Better Note","Better Sensory Stone","Better Skull","Better Third Choice","BetterRewards","Booster Modes","CapriCore","Colored Map","Colored Powertips","Defuse TimeMaze Blight","Displayed Cursed Tome","Evolution","Fox Events","Friendly Minions","GifTheSpireLib","Good Game Mod","Googly Eyes","Infinite Spire","Minty Spire (QoL Compilation)","Monster B Gone","Red Circlet Mod","Relic Filter Mod","Relic Sorter","Reliquary","SCP261 Mod","Shop Mod","Smile Girya","Spicy Shops","Spikes Relics","StSLib","Strawberry Spire","Stuff the Spire","The Runesmith","The Sage","Trackpad","Transform Curses","Wandering Minibosses","Weighted Paths","????"],"gold_per_floor":[109,59,71,71,71,104,29,29,54,54,54],"floor_reached":10,"language":"ENG","playtime":528,"items_purged":["Moonworks:Assault"],"score":92,"play_id":"f129ba19-f4db-4a42-9c29-048a2db268b8","local_time":"20210128125207","daily_mods":["Specialized","Heirloom","Elite Swarm"],"is_ascension_mode":true,"campfire_choices":[],"circlet_count":0,"master_deck":["Moonworks:CloudOfSeagulls","Moonworks:Assault","Moonworks:CloudOfSeagulls","Moonworks:LulusLuckyEgg","Moonworks:LulusLuckyEgg","Moonworks:Defend","Moonworks:Ambush","Moonworks:LongDistanceShot","Moonworks:ReflectiveShell","Moonworks:ReflectiveShell","Moonworks:ReflectiveShell","Moonworks:ReflectiveShell","Moonworks:ReflectiveShell","Moonworks:SakisCookie","strawberrySpire:Conflagrate","Moonworks:AwakeningOfTalent","Regret","Moonworks:ShieldCounter"],"relics":["Moonworks:BrokenBomb","Moonworks:Homemark","EVO:Axolotl","REME:ComplimentaryCards","CherryCoatedStake","strawberrySpire:Flakhammer","WingedGreaves","MiniBlackHole","StuffTheSpire:HeavyRock"],"acts_visited":["Exordium"],"potions_floor_usage":[],"damage_taken":[{"damage":0,"enemies":"Small Slimes","floor":1,"turns":4},{"damage":7,"enemies":"Cultist","floor":3,"turns":5},{"damage":45,"enemies":"strawberrySpire:EnergyPylons","floor":6,"turns":5},{"damage":22,"enemies":"Lagavulin","floor":10,"turns":4}],"seed_played":"-5337449185756703583","potions_obtained":[],"is_trial":true,"path_per_floor":["M","?","M","T","?","E","R","?","T","E"],"character_chosen":"THE_STARBREAKER","items_purchased":[],"campfire_rested":0,"item_purchase_floors":[],"current_hp_per_floor":[60,60,53,53,53,12,12,12,12,0,0],"gold":54,"neow_bonus":"","is_daily":false,"chose_seed":false,"campfire_upgraded":0,"win_rate":0.0,"timestamp":1611856327,"path_taken":["M","?","M","?","?","E","R","?","T","E"],"items_purchased_type":[],"build_version":"2020-12-22","purchased_purges":1,"victory":false,"max_hp_per_floor":[60,60,60,60,60,60,60,60,60,60,60],"card_choices":[{"not_picked":["Moonworks:IndiscriminateFireSupport","Moonworks:Assault"],"picked":"Moonworks:SakisCookie","floor":1},{"not_picked":["Moonworks:LulusLuckyEgg","Moonworks:ImOnFire"],"picked":"Moonworks:AwakeningOfTalent","floor":3},{"not_picked":["Moonworks:ReflectiveShell","Moonworks:SubspaceTunnel"],"picked":"Moonworks:ShieldCounter","floor":6}],"player_experience":917509,"relics_obtained":[{"floor":4,"key":"strawberrySpire:Flakhammer"},{"floor":6,"key":"MiniBlackHole"},{"floor":9,"key":"StuffTheSpire:HeavyRock"}],"event_choices":[{"cards_removed":["Moonworks:LulusLuckyEgg"],"damage_healed":0,"gold_gain":0,"player_choice":"Card Removal","damage_taken":0,"max_hp_gain":0,"max_hp_loss":0,"event_name":"The Cleric","floor":2,"gold_loss":50},{"damage_healed":0,"gold_gain":0,"player_choice":"Box","damage_taken":0,"relics_obtained":["WingedGreaves"],"max_hp_gain":0,"max_hp_loss":0,"event_name":"Big Fish","floor":5,"gold_loss":0,"cards_obtained":["Regret"]}],"is_beta":false,"boss_relics":[],"items_purged_floors":[7],"is_endless":false,"potions_floor_spawned":[],"killed_by":"Lagavulin","ascension_level":1}}