{"host":"dlqyscxstsnu98l1","time":1611795328,"event":{"mods":["AchievementEnabler","BaseMod","Bestiary","Colored Map","Colored Powertips","Conspire","Downfall","GifTheSpireLib","Highlight Path","Minty Spire (QoL Compilation)","Random Character Button","Replay The Spire","SacredBarkPlus","StSLib","everything is the same but u backflip on backflip"],"gold_per_floor":[212,287,301,33,33,61,61,61,85,85,97,27,27,38,38,38,38],"floor_reached":16,"language":"ENG","playtime":1488,"items_purged":["Strike_P"],"score":108,"play_id":"a41c4633-f10c-49d0-8179-a3c226e3a9e4","local_time":"20210127185528","is_ascension_mode":true,"campfire_choices":[{"data":"Eruption","floor":7,"key":"SMITH"},{"data":"ThirdEye","floor":10,"key":"SMITH"},{"data":"EmptyBody","floor":15,"key":"SMITH"}],"circlet_count":0,"master_deck":["Strike_P","Strike_P","Defend_P","Defend_P","Defend_P","Defend_P","Eruption+1","Vigilance","CutThroughFate","ThirdEye+1","Ragnarok+1","Weave","LessonLearned","Wireheading","EmptyBody+1"],"relics":["PureWater","Oddly Smooth Stone"],"acts_visited":["Exordium"],"potions_floor_usage":[16,16,16],"damage_taken":[{"damage":2,"enemies":"2 Louse","floor":1,"turns":4},{"damage":9,"enemies":"Small Slimes","floor":3,"turns":4},{"damage":16,"enemies":"3 Sentries","floor":6,"turns":8},{"damage":0,"enemies":"Jaw Worm","floor":11,"turns":4},{"damage":0,"enemies":"Exordium Thugs","floor":14,"turns":2},{"damage":27,"enemies":"Hexaghost","floor":16,"turns":4}],"seed_played":"7434371385979001961","potions_obtained":[{"floor":6,"key":"EssenceOfSteel"},{"floor":11,"key":"Toxic Potion"},{"floor":14,"key":"bronze:BurnAndBuffPotion"}],"is_trial":false,"path_per_floor":["M","?","M","$","?","E","R","?","T","R","M","$","$","M","R","B"],"character_chosen":"WATCHER","items_purchased":["Ragnarok+1","Weave","Wireheading"],"campfire_rested":0,"item_purchase_floors":[4,4,12],"current_hp_per_floor":[70,59,50,50,50,34,34,27,27,27,27,27,27,27,27,0,0],"gold":38,"neow_bonus":"HUNDRED_GOLD","is_daily":false,"chose_seed":false,"campfire_upgraded":3,"win_rate":0.0,"timestamp":1611795328,"path_taken":["M","?","M","$","?","E","R","?","T","R","?","?","$","M","R","BOSS"],"items_purchased_type":["Card","Card","Card"],"build_version":"2020-12-22","purchased_purges":1,"victory":false,"max_hp_per_floor":[72,72,72,72,72,72,72,72,72,72,72,72,72,72,72,72,72],"card_choices":[{"not_picked":["BowlingBash","EmptyFist"],"picked":"CutThroughFate","floor":1},{"not_picked":["JustLucky","Replay:Cycle"],"picked":"ThirdEye","floor":3},{"not_picked":["Consecrate","Replay:Anticipation","Study"],"picked":"SKIP","floor":6},{"not_picked":["BowlingBash","MentalFortress"],"picked":"LessonLearned","floor":11},{"not_picked":["ClearTheMind","LikeWater"],"picked":"EmptyBody","floor":14}],"player_experience":126187,"relics_obtained":[{"floor":6,"key":"Oddly Smooth Stone"}],"event_choices":[{"damage_healed":0,"gold_gain":75,"player_choice":"Gather Gold","damage_taken":11,"max_hp_gain":0,"max_hp_loss":0,"event_name":"World of Goop","floor":2,"gold_loss":0},{"damage_healed":0,"gold_gain":0,"player_choice":"Leave","damage_taken":0,"max_hp_gain":0,"max_hp_loss":0,"event_name":"conspire:Investor","floor":5,"gold_loss":0},{"cards_removed":["Strike_P"],"damage_healed":0,"gold_gain":0,"player_choice":"Card Removal","damage_taken":7,"max_hp_gain":0,"max_hp_loss":0,"event_name":"Golden Wing","floor":8,"gold_loss":0}],"is_beta":false,"boss_relics":[],"items_purged_floors":[4],"is_endless":false,"potions_floor_spawned":[6,11,14],"killed_by":"Hexaghost","ascension_level":2}}