{"host":"a49aoqbkajnlmy9c","time":1611812074,"event":{"mods":["100% Spire Juice","2.2 Compatiblity","AchievementEnabler","Act Like it!","AlwaysNeverKeys","Arknights The Spire","BaseMod","Better Match","BetterRewards","Block Reminder","Colored Map","Colored Powertips","Downfall","Emptier Cage","Friendly Minions","Gensokyo","GifTheSpireLib","Gremlin Skip","Halation","HololiveMod","Hubris","Hyrulean Relics","Infinite Spire","Ironclad Rager","Marisa????????","Minty Spire (QoL Compilation)","Prisma Mod","Quarter Circle Forward PUNCH!","Quick Restart","Random Character Button","Reimu??????","Relic Filter","Reorder Act Four","StSLib","The Alterego","The Animator","Transform Curses","Treasure Hunter","Unceasing Turn Reminder","Useless Jewels Mod","Virulent Crown","Waifu the Spire","WarShipGirlsR/????R mod","Yakumo Yukari mod","Yuyuko"],"gold_per_floor":[87,57,69,169,189,189,189,189,189,214,214,277,132,143,143,247,247,263,280,298,298,314,343,343,343],"floor_reached":24,"language":"ENG","playtime":1413,"items_purged":["Hololive_RevenueBasedLive"],"score":341,"play_id":"f7a59c07-2211-4774-ba0c-589cd3f0212e","local_time":"20210128003434","is_ascension_mode":false,"campfire_choices":[{"data":"Hololive_LuckPotion","floor":6,"key":"SMITH"},{"data":"Hololive_CocoNews","floor":8,"key":"SMITH"},{"data":"Hololive_Trident","floor":11,"key":"SMITH"},{"data":"Hololive_Spy","floor":15,"key":"SMITH"}],"circlet_count":0,"master_deck":["Hololive_Strike","Hololive_Strike","Hololive_Strike","Hololive_Strike","Hololive_Defend","Hololive_Defend","Hololive_Defend","Hololive_Defend","Hololive_LuckPotion+1","Hololive_Trident+1","Hololive_LuckPotion","Hololive_LuckPotion","Hololive_CocoNews+1","Hololive_Psychosis","Hololive_IdolExercise","Hololive_DiamondStrike","Hololive_Rebound","Hololive_CallAmaneKanata+1","Hololive_Spy+1","Intuition:ReiMu","Hololive_DurableLive","Hololive_CocoNews","SpringWay:ReiMu","Hololive_AWSL","Hololive_CocoNews","UniversalSpiritual:ReiMu+1"],"relics":["Hololive_TheStar","Hololive_Peko","NeowsBlessing","Matryoshka","hubris:DisguiseKit","Frozen Egg 2","SacredBark","hubris:BottledHeart","Orichalcum"],"acts_visited":["Exordium","TheCity"],"potions_floor_usage":[23],"damage_taken":[{"damage":0,"enemies":"2 Louse","floor":1,"turns":1},{"damage":0,"enemies":"Jaw Worm","floor":3,"turns":1},{"damage":0,"enemies":"Small Slimes","floor":5,"turns":1},{"damage":7,"enemies":"3 Sentries","floor":10,"turns":9},{"damage":16,"enemies":"Gremlin Nob","floor":12,"turns":4},{"damage":0,"enemies":"Exordium Thugs","floor":14,"turns":4},{"damage":0,"enemies":"The Guardian","floor":16,"turns":6},{"damage":0,"enemies":"Chosen","floor":18,"turns":4},{"damage":0,"enemies":"Spheric Guardian","floor":19,"turns":3},{"damage":0,"enemies":"Centurion and Healer","floor":20,"turns":7},{"damage":0,"enemies":"Snecko","floor":22,"turns":5},{"damage":0,"enemies":"Nightmare","floor":23,"turns":6},{"damage":5,"enemies":"Sentry and Sphere","floor":24,"turns":5}],"seed_played":"-2077801525830202447","potions_obtained":[{"floor":10,"key":"ColorlessPotion"},{"floor":14,"key":"SpeedPotion"},{"floor":18,"key":"SkillPotion"},{"floor":19,"key":"Block Potion"}],"is_trial":false,"path_per_floor":["M","?","M","?","M","R","?","R","T","E","R","?","$","M","R","B",null,"M","M","M","?","M","NM","M"],"character_chosen":"Hololive_HololiveCharacter","items_purchased":["Hololive_Spy"],"campfire_rested":0,"item_purchase_floors":[13],"current_hp_per_floor":[35,35,35,35,35,35,40,40,40,33,33,17,17,17,17,17,40,40,40,40,1,1,1,0,0],"gold":343,"neow_bonus":"THREE_ENEMY_KILL","is_daily":false,"chose_seed":false,"campfire_upgraded":4,"win_rate":0.0,"timestamp":1611812074,"path_taken":["M","?","M","?","?","R","?","R","T","E","R","?","?","M","R","BOSS","M","M","M","?","M","NM","M"],"items_purchased_type":["Card"],"build_version":"2020-12-22","purchased_purges":1,"victory":false,"max_hp_per_floor":[35,35,35,35,35,35,40,40,40,40,40,40,40,40,40,40,40,40,40,40,1,1,1,1,1],"card_choices":[{"not_picked":["Hololive_CallTokinoSora","Hololive_OvertimeWork","Hololive_CallKiryuuCoco"],"picked":"Hololive_LuckPotion","floor":1},{"not_picked":[],"picked":"Hololive_LuckPotion","floor":2},{"not_picked":[],"picked":"Hololive_CocoNews","floor":2},{"not_picked":[],"picked":"Hololive_Psychosis","floor":2},{"not_picked":[],"picked":"Hololive_IdolExercise","floor":2},{"not_picked":["Hololive_RevenueBasedLive","Hololive_Rebound","Hololive_FlyingPonyTail"],"picked":"Hololive_DiamondStrike","floor":3},{"not_picked":["Hololive_HuntDinosaur","Hololive_Sequa","Hololive_CallRoboco"],"picked":"Hololive_RevenueBasedLive","floor":5},{"not_picked":["TH:ElvenBoots","TH:Mimic","TH:TreasureMap"],"picked":"SKIP","floor":9},{"not_picked":["Hololive_CallShirakamiFubuki","Hololive_CallMurasakiShion","Hololive_RevenueBasedLive"],"picked":"Hololive_Rebound","floor":10},{"not_picked":["TH:CursedSword","TH:EnergyPotion","TH:ArmorSpikes"],"picked":"SKIP","floor":10},{"not_picked":["Hololive_CallYuzukiChoco+1","Hololive_HuntDinosaur","Hololive_LuckPotion","Intuition:ReiMu"],"picked":"Hololive_CallAmaneKanata+1","floor":12},{"not_picked":["Hololive_CallShirakamiFubuki+1","Hololive_BeCareful","Hololive_RevenueBasedLive","Hololive_CallHoushouMarine+1"],"picked":"Intuition:ReiMu","floor":14},{"not_picked":["Hololive_Thief","Hololive_IdolExercise","Hololive_HighAtkLowDef","HakureiPhantom:ReiMu"],"picked":"Hololive_DurableLive","floor":16},{"not_picked":["Hololive_RevenueBasedLive","Hololive_OvertimeWork+1","Hololive_Drill","EmergencyTakeOff:ReiMu"],"picked":"Hololive_CocoNews","floor":18},{"not_picked":["Hololive_OvertimeWork","Hololive_CallAyundaRisu+1","Hololive_CallArtia+1","Hololive_CallUsadaPekora+1"],"picked":"SpringWay:ReiMu","floor":19},{"not_picked":["Hololive_CocoNews","Hololive_Breathe+1","Hololive_BringToTrial","Conquer:ReiMu"],"picked":"Hololive_AWSL","floor":20},{"not_picked":["Hololive_Rebound+1","Hololive_Psychosis+1","Hololive_CallInugamiKorone+1","TightArray:ReiMu"],"picked":"Hololive_CocoNews","floor":22},{"not_picked":["Hololive_Rebound","Hololive_BeCareful","Hololive_CallUruhaRushia+1","Hololive_CallAmaneKanata+1"],"picked":"UniversalSpiritual:ReiMu","floor":23},{"not_picked":["TH:ArmorSpikes","TH:ElvenBoots","TH:EnergyPotion"],"picked":"SKIP","floor":23}],"player_experience":613162,"relics_obtained":[{"floor":9,"key":"Matryoshka"},{"floor":10,"key":"hubris:DisguiseKit"},{"floor":12,"key":"Frozen Egg 2"},{"floor":23,"key":"Orichalcum"}],"event_choices":[{"damage_healed":0,"gold_gain":100,"player_choice":"Pray","damage_taken":0,"max_hp_gain":0,"max_hp_loss":0,"event_name":"Golden Shrine","floor":4,"gold_loss":0},{"damage_healed":0,"gold_gain":0,"player_choice":"Donut","damage_taken":0,"max_hp_gain":5,"max_hp_loss":0,"event_name":"Big Fish","floor":7,"gold_loss":0},{"damage_healed":0,"gold_gain":0,"player_choice":"Searched \u00271\u0027 times","damage_taken":0,"max_hp_gain":0,"max_hp_loss":0,"event_name":"Dead Adventurer","floor":12,"gold_loss":0}],"is_beta":false,"boss_relics":[{"not_picked":["Cursed Key","hubris:VirtuousBlindfold"],"picked":"SacredBark"}],"items_purged_floors":[13],"is_endless":true,"potions_floor_spawned":[3,10,14,18,19],"killed_by":"Sentry and Sphere","ascension_level":0}}