{"host":"s9znsjs818tlhh47","time":1611813004,"event":{"mods":["2.2 Compatiblity","AchievementEnabler","Act Like it!","BaseMod","Bestiary","Better Note","Better Skull","Better Third Choice","Better Vampires","Card Forge","Colored Powertips","Force Act Four","Gensokyo","Marked Mod","Minty Spire (QoL Compilation)","Permanent Neow","Quick Restart","RumiaBox-露米娅的神秘盒子","StSLib","The Invoker Mod","【功能Mod】混沌之环修复补丁","【遗物卡牌】REMEMod","残留之物"],"gold_per_floor":[119,132,132,149,149,149,149,149,221,253,272,347,361,53,53,153,153,164,164,182,182,198,226,226,241,241,241,179,196,196,221,221,320,320,340,340,389,269,269,299,299,299,299,314,314,326,353,353,353,353],"floor_reached":51,"language":"ZHS","playtime":611,"items_purged":[],"score":961,"play_id":"87b1da49-6fc3-4561-a375-8612a912849f","local_time":"20210128005004","is_ascension_mode":false,"campfire_choices":[{"floor":6,"key":"RECALL"},{"floor":8,"key":"REST"},{"floor":15,"key":"REST"},{"floor":27,"key":"REST"},{"floor":32,"key":"REST"},{"floor":41,"key":"REST"},{"floor":49,"key":"REST"}],"circlet_count":0,"master_deck":["Flex+1","Flex+1","Flex+1","Whirlwind+1","Limit Break+1"],"relics":["Hammer of Thor","Seething Fire","Anvil of the Gods","REME_ComplimentaryCards","SlaversCollar","Orichalcum","Matryoshka","Boot","Membership Card","Incense Burner","Fusion Hammer","Toxic Egg 2","SSSystem","The Courier","Chemical X","StoneCalendar","Busted Crown","Magic Flower","Anchor","ClockworkSouvenir","Calipers","REME_LimitBreaker","Blue Candle","Blood Vial"],"acts_visited":["Exordium","TheCity","TheBeyond"],"potions_floor_usage":[],"damage_taken":[{"damage":0,"enemies":"Cultist","floor":1,"turns":2},{"damage":0,"enemies":"2 Louse","floor":2,"turns":1},{"damage":0,"enemies":"Jaw Worm","floor":4,"turns":1},{"damage":0,"enemies":"Lagavulin","floor":10,"turns":2},{"damage":0,"enemies":"Exordium Thugs","floor":11,"turns":1},{"damage":0,"enemies":"Looter","floor":13,"turns":1},{"damage":0,"enemies":"Slime Boss","floor":16,"turns":2},{"damage":0,"enemies":"3 Byrds","floor":18,"turns":1},{"damage":4,"enemies":"Chosen","floor":20,"turns":2},{"damage":0,"enemies":"Centurion and Healer","floor":22,"turns":1},{"damage":0,"enemies":"REME_1_Revenger","floor":23,"turns":2},{"damage":0,"enemies":"Cultist and Chosen","floor":25,"turns":1},{"damage":0,"enemies":"Snake Plant","floor":29,"turns":1},{"damage":0,"enemies":"Slavers","floor":31,"turns":1},{"damage":0,"enemies":"Champ","floor":33,"turns":3},{"damage":0,"enemies":"3 Darklings","floor":35,"turns":1},{"damage":0,"enemies":"2 Orb Walkers","floor":37,"turns":1},{"damage":0,"enemies":"Reptomancer","floor":40,"turns":1},{"damage":0,"enemies":"3 Shapes","floor":44,"turns":1},{"damage":0,"enemies":"Spire Growth","floor":46,"turns":1},{"damage":10,"enemies":"Awakened One","floor":50,"turns":3}],"seed_played":"-3877554672380903","potions_obtained":[{"floor":1,"key":"BlessingOfTheForge"},{"floor":4,"key":"SkillPotion"},{"floor":13,"key":"SkillPotion"}],"is_trial":false,"path_per_floor":["M","M","?","M","$","R","?","R","T","E","M","?","M","$","R","B",null,"M","?","M","?","M","E","?","M","T","R","$","M","$","E","R","B",null,"M","?","?","$","?","E","R","?","T","M","$","M","T","?","R","B",null],"character_chosen":"IRONCLAD","items_purchased":["Membership Card","Incense Burner","Chemical X","Anchor","ClockworkSouvenir"],"campfire_rested":6,"item_purchase_floors":[14,14,28,38,38],"current_hp_per_floor":[80,80,80,80,80,80,80,80,80,80,80,69,69,69,80,80,80,80,72,68,68,68,68,68,68,68,80,80,80,80,80,80,80,80,80,80,80,80,76,76,76,76,76,76,76,76,76,76,76,66],"gold":353,"neow_bonus":"BOSS_RELIC","is_daily":false,"chose_seed":false,"campfire_upgraded":0,"win_rate":0.0,"timestamp":1611813004,"path_taken":["M","?","?","M","$","R","?","R","T","E","?","?","M","?","R","BOSS","M","?","M","?","?","E","?","M","T","R","$","M","$","E","R","BOSS","M","?","?","$","?","E","R","?","T","M","$","M","?","?","R","BOSS"],"items_purchased_type":["Relic","Relic","Relic","Relic","Relic"],"build_version":"2020-12-22","purchased_purges":0,"victory":true,"max_hp_per_floor":[80,80,80,80,80,80,80,80,80,80,80,80,80,80,80,80,80,80,80,80,80,80,80,80,80,80,80,80,80,80,80,80,80,80,80,80,80,80,76,76,76,76,76,76,76,76,76,76,76,76],"card_choices":[{"not_picked":["Rupture","REME_Scribble","Intimidate"],"picked":"SKIP","floor":1},{"not_picked":["Clothesline","Bloodletting","Sword Boomerang"],"picked":"SKIP","floor":2},{"not_picked":["Ghostly Armor","Clothesline","Havoc"],"picked":"SKIP","floor":4},{"not_picked":["Uppercut","Whirlwind","Iron Wave"],"picked":"SKIP","floor":10},{"not_picked":["Flex","Clash","Perfected Strike"],"picked":"SKIP","floor":11},{"not_picked":["Heavy Blade","Body Slam","Sword Boomerang"],"picked":"SKIP","floor":13},{"not_picked":["Seeing Red+1","Battle Trance","Shrug It Off"],"picked":"SKIP","floor":18},{"not_picked":["Pummel","Warcry","Pommel Strike"],"picked":"SKIP","floor":20},{"not_picked":["Hemokinesis","Sever Soul","Rage"],"picked":"SKIP","floor":22},{"not_picked":["Evolve+1","Armaments+1","Double Tap+1"],"picked":"SKIP","floor":23},{"not_picked":["Entrench+1","Cleave+1","Twin Strike"],"picked":"SKIP","floor":25},{"not_picked":["Armaments+1","Clash","Spot Weakness+1"],"picked":"SKIP","floor":29},{"not_picked":["Thunderclap","Heavy Blade","Combust"],"picked":"SKIP","floor":31},{"not_picked":["Flex+1"],"picked":"SKIP","floor":35},{"not_picked":["REME_Scribble+1"],"picked":"SKIP","floor":40},{"not_picked":["True Grit+1"],"picked":"SKIP","floor":44},{"not_picked":["Headbutt+1"],"picked":"SKIP","floor":46}],"player_experience":326162,"relics_obtained":[{"floor":9,"key":"Matryoshka"},{"floor":10,"key":"Boot"},{"floor":23,"key":"Toxic Egg 2"},{"floor":26,"key":"SSSystem"},{"floor":26,"key":"The Courier"},{"floor":31,"key":"StoneCalendar"},{"floor":37,"key":"Magic Flower"},{"floor":40,"key":"Calipers"},{"floor":43,"key":"REME_LimitBreaker"},{"floor":43,"key":"Blue Candle"},{"floor":47,"key":"Blood Vial"}],"event_choices":[{"damage_healed":0,"gold_gain":0,"player_choice":"Ignored","damage_taken":132,"max_hp_gain":0,"max_hp_loss":0,"event_name":"betterThird:BetterSerpent","floor":3,"gold_loss":0},{"damage_healed":0,"gold_gain":0,"player_choice":"Searched \u00272\u0027 times","damage_taken":0,"relics_obtained":["Orichalcum"],"max_hp_gain":0,"max_hp_loss":0,"event_name":"Dead Adventurer","floor":7,"gold_loss":0},{"damage_healed":0,"gold_gain":75,"player_choice":"Gold","damage_taken":11,"max_hp_gain":0,"max_hp_loss":0,"event_name":"betterThird:BetterGoop","floor":12,"gold_loss":0},{"damage_healed":0,"gold_gain":0,"player_choice":"Damaged","damage_taken":8,"max_hp_gain":0,"max_hp_loss":0,"event_name":"Wheel of Change","floor":19,"gold_loss":0},{"damage_healed":0,"gold_gain":0,"player_choice":"Ignored","damage_taken":0,"max_hp_gain":0,"max_hp_loss":0,"event_name":"betterNote:BetterNote","floor":21,"gold_loss":0,"cards_obtained":["Corruption"]},{"damage_healed":0,"gold_gain":0,"player_choice":"Ignored","damage_taken":0,"max_hp_gain":0,"max_hp_loss":0,"event_name":"Beggar","floor":24,"gold_loss":0},{"damage_healed":0,"gold_gain":0,"player_choice":"Memory 1","damage_taken":0,"max_hp_gain":0,"max_hp_loss":0,"event_name":"SensoryStone","floor":36,"gold_loss":0},{"damage_healed":0,"gold_gain":0,"player_choice":"Fight","damage_taken":0,"max_hp_gain":0,"max_hp_loss":0,"event_name":"Mysterious Sphere","floor":37,"gold_loss":0},{"damage_healed":0,"gold_gain":0,"player_choice":"Max HP","damage_taken":0,"max_hp_gain":0,"max_hp_loss":4,"event_name":"Winding Halls","floor":39,"gold_loss":0},{"cards_removed":["Flex"],"damage_healed":0,"gold_gain":0,"player_choice":"Removed Skill","damage_taken":0,"max_hp_gain":0,"max_hp_loss":0,"event_name":"Falling","floor":42,"gold_loss":0},{"damage_healed":0,"gold_gain":0,"player_choice":"Ignored","damage_taken":0,"max_hp_gain":0,"max_hp_loss":0,"event_name":"Tomb of Lord Red Mask","floor":48,"gold_loss":0}],"is_beta":false,"boss_relics":[{"not_picked":["SoulBox","Mark of Pain"],"picked":"Fusion Hammer"},{"not_picked":["Snecko Eye","Runic Pyramid"],"picked":"Busted Crown"}],"items_purged_floors":[],"is_endless":false,"potions_floor_spawned":[1,4,13,16,23,31,33,37],"ascension_level":0}}