{"host":"3azvxbhvx7nk2p5g","time":1611852129,"event":{"mods":["BaseMod","Minty Spire (QoL Compilation)","StSLib","The Dragon Tamer"],"gold_per_floor":[117,292,367,367,94,126,144,144,144,155,165,165,175,194,194,293,293,310,310,19,118,43,43,57,57,57,57,70,88,88,108,108,205,205,224,224,52,152,162,188,199,212,212,240,240,240,46,60,60,60],"floor_reached":51,"language":"ZHS","playtime":3383,"items_purged":["Doubt","DTMod:TargetDefense","DTMod:TargetDefense"],"score":907,"play_id":"a52a517f-855a-42fd-a3c4-9a6bd0ec781c","local_time":"20210129004209","is_ascension_mode":false,"metric_token":279,"campfire_choices":[{"data":"DTMod:Adaptation","floor":8.0,"key":"SMITH"},{"data":"DTMod:WarmUp","floor":12.0,"key":"SMITH"},{"data":"DTMod:Hide","floor":15.0,"key":"SMITH"},{"data":"DTMod:MagiciansMark","floor":23.0,"key":"SMITH"},{"data":"DTMod:RepeatStrike","floor":25.0,"key":"SMITH"},{"data":"DTMod:Astonish","floor":32.0,"key":"SMITH"},{"data":"Mayhem","floor":46,"key":"SMITH"},{"data":"DTMod:Observe","floor":49,"key":"SMITH"}],"dtmod_dragon_data":[1,58,2,0,12,0],"circlet_count":0,"master_deck":["DTMod:DoubleHit","DTMod:TargetDefense","DTMod:SwitchingTactic","DTMod:QuickFly","DTMod:RepeatStrike+1","DTMod:Adaptation+1","DTMod:QuickFly","DTMod:MagicField","DTMod:Feint","DTMod:WarmUp+1","DTMod:Hide+1","DTMod:Astonish+1","DTMod:EchoTactic","DTMod:Threaten","DTMod:MagiciansMark+1","DTMod:DarkBreath","DTMod:BalancedStrike+1","DTMod:ShieldDrain+1","DTMod:GearUp","DTMod:Threaten+1","Dark Shackles","Mayhem+1","DTMod:CalculatedDefense","DTMod:CleansingStrike+1","DTMod:Conduct+1","DTMod:Weaken","DTMod:Weaken+1","DTMod:WarmUp","DTMod:Observe+1","Parasite","DTMod:MagicField+1"],"relics":["DTMod:MagicStone","NeowsBlessing","Incense Burner","Calipers","DTMod:TacticalNote","Oddly Smooth Stone","Pear","Empty Cage","Pantograph","Bottled Flame","Ancient Tea Set"],"acts_visited":["Exordium","TheCity","TheBeyond"],"potions_floor_usage":[48],"damage_taken":[{"damage":0.0,"enemies":"Small Slimes","floor":1.0,"turns":1.0},{"damage":0.0,"enemies":"Gremlin Nob","floor":6.0,"turns":1.0},{"damage":0.0,"enemies":"2 Louse","floor":7.0,"turns":1.0},{"damage":0.0,"enemies":"Jaw Worm","floor":10.0,"turns":3.0},{"damage":0.0,"enemies":"Exordium Thugs","floor":11.0,"turns":4.0},{"damage":0.0,"enemies":"2 Fungi Beasts","floor":13.0,"turns":3.0},{"damage":0.0,"enemies":"3 Louse","floor":14.0,"turns":4.0},{"damage":0.0,"enemies":"The Guardian","floor":16.0,"turns":10.0},{"damage":0.0,"enemies":"3 Byrds","floor":18.0,"turns":7.0},{"damage":0.0,"enemies":"2 Thieves","floor":24.0,"turns":4.0},{"damage":0.0,"enemies":"Chosen and Byrds","floor":28.0,"turns":4.0},{"damage":0.0,"enemies":"3 Cultists","floor":29.0,"turns":4.0},{"damage":2.0,"enemies":"Snake Plant","floor":31.0,"turns":4.0},{"damage":13.0,"enemies":"Automaton","floor":33.0,"turns":11.0},{"damage":28.0,"enemies":"3 Darklings","floor":35.0,"turns":5.0},{"damage":1,"enemies":"Orb Walker","floor":39,"turns":3},{"damage":0,"enemies":"Reptomancer","floor":40,"turns":7},{"damage":0,"enemies":"4 Shapes","floor":41,"turns":4},{"damage":0,"enemies":"Sphere and 2 Shapes","floor":42,"turns":3},{"damage":0,"enemies":"Giant Head","floor":44,"turns":8},{"damage":2,"enemies":"Writhing Mass","floor":48,"turns":8},{"damage":9,"enemies":"Time Eater","floor":50,"turns":18}],"seed_played":"-7752029108282016775","potions_obtained":[{"floor":7.0,"key":"Fire Potion"},{"floor":11.0,"key":"EssenceOfSteel"},{"floor":16.0,"key":"Regen Potion"}],"is_trial":false,"path_per_floor":["M","?","?","?","$","E","M","R","T","M","M","R","M","M","R","B",null,"M","?","$","?","?","R","M","R","T","?","M","M","T","M","R","B",null,"M","?","$","?","M","E","M","M","T","E","?","R","$","M","R","B",null],"character_chosen":"THE_DT","items_purchased":["DTMod:Adaptation","DTMod:QuickFly","DTMod:MagicField","Fire Potion","DTMod:TacticalNote","DTMod:DarkBreath","DTMod:CalculatedDefense","DTMod:Observe"],"campfire_rested":0,"item_purchase_floors":[5,5,5,5,20,20,37,47],"current_hp_per_floor":[45,45,34,34,34,34,34,34,34,34,34,34,34,34,34,34,45,45,45,45,45,45,45,45,45,45,45,45,45,55,53,53,42,55,27,17,17,17,23,30,37,44,44,51,51,51,51,53,53,46],"gold":60,"neow_bonus":"THREE_ENEMY_KILL","is_daily":false,"chose_seed":false,"campfire_upgraded":8,"win_rate":0.0,"timestamp":1611852129,"path_taken":["M","?","?","?","?","E","M","R","T","M","M","R","M","M","R","BOSS","M","?","$","?","?","R","M","R","T","?","M","M","?","M","R","BOSS","M","?","$","?","?","E","M","M","T","E","?","R","?","M","R","BOSS"],"items_purchased_type":["Card","Card","Card","Potion","Relic","Card","Card","Card"],"build_version":"2020-12-22","purchased_purges":3,"victory":true,"max_hp_per_floor":[45,45,45,45,45,45,45,45,45,45,45,45,45,45,45,45,45,45,45,45,45,45,45,45,45,45,45,45,45,55,55,55,55,55,55,55,55,55,55,55,55,55,55,55,55,55,55,55,55,55],"card_choices":[{"not_picked":["DTMod:BlueScale","DTMod:Punisher"],"picked":"DTMod:QuickFly","floor":1.0},{"not_picked":["DTMod:ComboAttack","DTMod:MasterPlan"],"picked":"DTMod:Feint","floor":6.0},{"not_picked":["DTMod:LowKick","DTMod:LastStand","DTMod:TauntingStrike"],"picked":"SKIP","floor":7.0},{"not_picked":["DTMod:Feint","DTMod:Training","DTMod:ComboAttack"],"picked":"SKIP","floor":10.0},{"not_picked":["DTMod:CleansingStrike","DTMod:PurifyingFlame"],"picked":"DTMod:WarmUp","floor":11.0},{"not_picked":["DTMod:WarmUp","DTMod:Cover","DTMod:Hide"],"picked":"SKIP","floor":13.0},{"not_picked":["DTMod:WarmUp","DTMod:Cover"],"picked":"DTMod:Hide","floor":13.0},{"not_picked":["DTMod:Punisher","DTMod:BreakAttack"],"picked":"DTMod:Astonish","floor":14.0},{"not_picked":["DTMod:LightShield","DTMod:ExcessFootwork"],"picked":"DTMod:EchoTactic","floor":16.0},{"not_picked":["DTMod:Punisher+1","DTMod:Weaken"],"picked":"DTMod:Threaten","floor":18.0},{"not_picked":["DTMod:Punisher","DTMod:MagicField"],"picked":"DTMod:BalancedStrike+1","floor":24.0},{"not_picked":["DTMod:Weaken","DTMod:BreakAttack"],"picked":"DTMod:ShieldDrain+1","floor":28.0},{"not_picked":["DTMod:BizarreTactic+1","DTMod:MagicField","DTMod:Weaken"],"picked":"SKIP","floor":29.0},{"not_picked":["DTMod:Punisher","DTMod:BuildUp","DTMod:QuickFly"],"picked":"SKIP","floor":31.0},{"not_picked":["DTMod:Outburst","DTMod:Prediction"],"picked":"DTMod:GearUp","floor":33.0},{"not_picked":["DTMod:Feint+1","DTMod:RecklessFlurry"],"picked":"DTMod:Threaten+1","floor":35},{"not_picked":["Good Instincts","The Bomb"],"picked":"Dark Shackles","floor":36},{"not_picked":["Forethought","Magnetism"],"picked":"Mayhem","floor":36},{"not_picked":["DTMod:FlameSlash","DTMod:Threaten"],"picked":"DTMod:CleansingStrike+1","floor":39},{"not_picked":["DTMod:HeatWave","DTMod:Feint","DTMod:RunningTactic+1"],"picked":"SKIP","floor":40},{"not_picked":["DTMod:HeatWave","DTMod:Feint","DTMod:RunningTactic+1"],"picked":"SKIP","floor":40},{"not_picked":["DTMod:MasterPlan+1","DTMod:SealedStrike"],"picked":"DTMod:Conduct+1","floor":41},{"not_picked":["DTMod:BurningEnergy+1","DTMod:PurifyingFlame+1"],"picked":"DTMod:Weaken","floor":42},{"not_picked":["DTMod:Punisher","DTMod:StarRain"],"picked":"DTMod:Weaken+1","floor":44},{"not_picked":["DTMod:WarmUp","DTMod:FlameSlash"],"picked":"DTMod:MagicField+1","floor":48}],"player_experience":46511,"relics_obtained":[{"floor":6.0,"key":"Incense Burner"},{"floor":9.0,"key":"Calipers"},{"floor":26.0,"key":"Oddly Smooth Stone"},{"floor":30.0,"key":"Pear"},{"floor":40,"key":"Pantograph"},{"floor":43,"key":"Bottled Flame"},{"floor":44,"key":"Ancient Tea Set"}],"event_choices":[{"damage_healed":0.0,"max_hp_gain":0.0,"max_hp_loss":0.0,"gold_gain":175.0,"event_name":"Liars Game","player_choice":"AGREE","floor":2.0,"gold_loss":0.0,"damage_taken":0.0,"cards_obtained":["Doubt"]},{"damage_healed":0.0,"max_hp_gain":0.0,"max_hp_loss":0.0,"gold_gain":75.0,"event_name":"World of Goop","player_choice":"Gather Gold","floor":3.0,"gold_loss":0.0,"damage_taken":11.0},{"damage_healed":0.0,"max_hp_gain":0.0,"max_hp_loss":0.0,"gold_gain":0.0,"cards_transformed":["DTMod:Strike"],"event_name":"Living Wall","player_choice":"Change","floor":4.0,"gold_loss":0.0,"damage_taken":0.0,"cards_obtained":["DTMod:RepeatStrike"]},{"damage_healed":0.0,"max_hp_gain":0.0,"max_hp_loss":0.0,"gold_gain":0.0,"event_name":"The Library","player_choice":"Read","floor":19.0,"gold_loss":0.0,"damage_taken":0.0,"cards_obtained":["DTMod:MagiciansMark"]},{"damage_healed":0.0,"max_hp_gain":0.0,"max_hp_loss":0.0,"gold_gain":99.0,"event_name":"Nest","player_choice":"Stole From Cult","floor":21.0,"gold_loss":0.0,"damage_taken":0.0},{"cards_removed":["DTMod:Strike"],"damage_healed":0.0,"max_hp_gain":0.0,"max_hp_loss":0.0,"gold_gain":0.0,"event_name":"Beggar","player_choice":"Gave Gold","floor":22.0,"gold_loss":75.0,"damage_taken":0.0},{"damage_healed":0.0,"max_hp_gain":0.0,"max_hp_loss":0.0,"gold_gain":0.0,"event_name":"Ghosts","player_choice":"Ignored","floor":27.0,"gold_loss":0.0,"damage_taken":0.0},{"damage_healed":0,"gold_gain":0,"player_choice":"Memory 3","damage_taken":10,"max_hp_gain":0,"max_hp_loss":0,"event_name":"SensoryStone","floor":36,"gold_loss":0},{"damage_healed":0,"gold_gain":100,"player_choice":"Pray","damage_taken":0,"max_hp_gain":0,"max_hp_loss":0,"event_name":"Golden Shrine","floor":38,"gold_loss":0},{"damage_healed":0,"gold_gain":0,"cards_transformed":["DTMod:TargetDefense"],"player_choice":"Transformed","damage_taken":0,"max_hp_gain":0,"max_hp_loss":0,"event_name":"Transmorgrifier","floor":45,"gold_loss":0,"cards_obtained":["DTMod:WarmUp"]}],"is_beta":false,"boss_relics":[{"not_picked":["SlaversCollar","DTMod:TheChair"],"picked":"DTMod:MagicStone"},{"not_picked":["Black Star","Busted Crown"],"picked":"Empty Cage"}],"items_purged_floors":[5,37,47],"is_endless":false,"potions_floor_spawned":[7,11,16,18,29,31,35,39,44],"ascension_level":0}}