{"host":"bxd97rc2ofc6op20","time":1611808031,"event":{"mods":["BaseMod","Colored Map","Colored Powertips","Googly Eyes","Highlight Path","Minty Spire (QoL Compilation)","Quick Restart","Rare Cards Sparkle"],"gold_per_floor":[109,127,127,3,22,58,58,102,102,102,140,140,165,188,188,313,313,326,326,17,32,47,47,83,83,83,106,139,159,178,209,209,329,329,354,354,354,415,18,18,51,51,78,122,194,194,194,194,194,194,194,194,15,54,54,54],"floor_reached":55,"language":"ENG","playtime":7083,"items_purged":["Strike_G","Defend_G"],"score":1129,"play_id":"414638b5-5283-4211-9044-858fdadd61a7","local_time":"20210127202711","is_ascension_mode":true,"campfire_choices":[{"floor":7,"key":"REST"},{"floor":10,"key":"REST"},{"data":"Neutralize","floor":12,"key":"SMITH"},{"data":"Dash","floor":15,"key":"SMITH"},{"data":"Envenom","floor":23,"key":"SMITH"},{"data":"Dagger Spray","floor":25,"key":"SMITH"},{"floor":32,"key":"REST"},{"floor":40,"key":"REST"},{"floor":42,"key":"REST"},{"data":"Footwork","floor":47,"key":"SMITH"},{"floor":49,"key":"RECALL"},{"data":"Backflip","floor":52,"key":"SMITH"}],"circlet_count":0,"master_deck":["Defend_G","Defend_G","Defend_G+1","Defend_G","Survivor","Neutralize+1","Well Laid Plans","Dash+1","Poisoned Stab","Acrobatics","Flying Knee","Poisoned Stab","Blur+1","Backflip+1","Acrobatics","Envenom+1","Leg Sweep+1","Tactician+1","Glass Knife+1","Dodge and Roll","Catalyst","Dagger Throw","Bane","Dagger Spray+1","Tools of the Trade","Eviscerate","Footwork+1","Deadly Poison+1","PiercingWail","Finisher","Bullet Time","All Out Attack+1","Madness","Predator+1","Blur+1","Heel Hook","Secret Technique","Dark Shackles","Swift Strike","Footwork","Expertise+1"],"relics":["Ring of the Snake","Golden Idol","Happy Flower","Bottled Lightning","Anchor","Peace Pipe","Astrolabe","Strawberry","Thread and Needle","The Courier","War Paint","Pocketwatch","HoveringKite","FossilizedHelix","Paper Crane","Mercury Hourglass","Shuriken","Art of War","Ninja Scroll","Bronze Scales","Nunchaku"],"acts_visited":["Exordium","TheCity","TheBeyond","TheEnding"],"potions_floor_usage":[6,21,24,27,29,30,30,50,55],"damage_taken":[{"damage":0,"enemies":"Jaw Worm","floor":1,"turns":5},{"damage":0,"enemies":"Small Slimes","floor":2,"turns":6},{"damage":0,"enemies":"2 Louse","floor":5,"turns":3},{"damage":47,"enemies":"Gremlin Nob","floor":6,"turns":5},{"damage":11,"enemies":"Lagavulin","floor":8,"turns":10},{"damage":11,"enemies":"3 Sentries","floor":11,"turns":9},{"damage":2,"enemies":"Large Slime","floor":13,"turns":8},{"damage":0,"enemies":"Looter","floor":14,"turns":4},{"damage":14,"enemies":"The Guardian","floor":16,"turns":15},{"damage":2,"enemies":"Shell Parasite","floor":18,"turns":7},{"damage":0,"enemies":"3 Byrds","floor":21,"turns":5},{"damage":0,"enemies":"Cultist and Chosen","floor":22,"turns":6},{"damage":33,"enemies":"Book of Stabbing","floor":24,"turns":8},{"damage":0,"enemies":"Centurion and Healer","floor":27,"turns":7},{"damage":0,"enemies":"Gremlin Leader","floor":28,"turns":6},{"damage":0,"enemies":"Chosen and Byrds","floor":29,"turns":5},{"damage":43,"enemies":"3 Cultists","floor":30,"turns":10},{"damage":0,"enemies":"Book of Stabbing","floor":31,"turns":6},{"damage":35,"enemies":"Collector","floor":33,"turns":14},{"damage":0,"enemies":"Orb Walker","floor":35,"turns":4},{"damage":63,"enemies":"2 Orb Walkers","floor":38,"turns":7},{"damage":0,"enemies":"Reptomancer","floor":41,"turns":6},{"damage":0,"enemies":"Giant Head","floor":44,"turns":9},{"damage":0,"enemies":"Time Eater","floor":50,"turns":13},{"damage":6,"enemies":"Shield and Spear","floor":54,"turns":6},{"damage":72,"enemies":"The Heart","floor":55,"turns":11}],"seed_played":"-8879468793241721534","potions_obtained":[{"floor":2,"key":"ColorlessPotion"},{"floor":8,"key":"GamblersBrew"},{"floor":11,"key":"CunningPotion"},{"floor":13,"key":"Regen Potion"},{"floor":22,"key":"DistilledChaos"},{"floor":27,"key":"Fire Potion"},{"floor":28,"key":"Weak Potion"},{"floor":33,"key":"LiquidBronze"},{"floor":41,"key":"Swift Potion"}],"is_trial":false,"path_per_floor":["M","M","?","$","M","E","R","E","T","R","E","R","M","M","R","B",null,"M","?","$","M","M","R","E","R","T","M","E","M","M","E","R","B",null,"M","?","?","?","$","R","E","R","T","E","T","?","R","?","R","B",null,"R","$","E","B"],"character_chosen":"THE_SILENT","items_purchased":["Poisoned Stab","Strawberry","Dagger Throw","Paper Crane","Mercury Hourglass","Bronze Scales","Footwork"],"campfire_rested":5,"item_purchase_floors":[4,20,20,39,39,53,53],"current_hp_per_floor":[70,70,53,53,53,6,27,16,16,37,26,26,24,24,24,10,70,68,68,75,75,75,75,42,42,42,57,57,57,14,14,37,2,77,77,77,67,4,4,27,27,50,50,50,50,40,40,40,40,40,77,77,77,71,0,0],"gold":54,"neow_bonus":"REMOVE_CARD","is_daily":false,"chose_seed":false,"campfire_upgraded":6,"win_rate":0.0,"timestamp":1611808031,"path_taken":["M","M","?","$","M","E","R","E","T","R","E","R","M","M","R","BOSS","M","?","$","M","M","R","E","R","T","M","E","M","M","E","R","BOSS","M","?","?","?","$","R","E","R","T","E","?","?","R","?","R","BOSS","R","$","E","BOSS"],"items_purchased_type":["Card","Relic","Card","Relic","Relic","Relic","Card"],"build_version":"2020-12-22","purchased_purges":2,"victory":false,"max_hp_per_floor":[70,70,70,70,70,70,70,70,70,70,70,70,70,70,70,70,70,70,70,77,77,77,77,77,77,77,77,77,77,77,77,77,77,77,77,77,77,77,77,77,77,77,77,77,77,77,77,77,77,77,77,77,77,77,77,77],"card_choices":[{"not_picked":["Bane","Blade Dance"],"picked":"Well Laid Plans","floor":1},{"not_picked":["Underhanded Strike","Tactician"],"picked":"Dash","floor":2},{"not_picked":["Slice","Blur"],"picked":"Acrobatics","floor":5},{"not_picked":["Distraction","Acrobatics"],"picked":"Flying Knee","floor":6},{"not_picked":["Eviscerate","Night Terror"],"picked":"Poisoned Stab","floor":8},{"not_picked":["Flying Knee","Masterful Stab"],"picked":"Blur","floor":11},{"not_picked":["Blade Dance","Dodge and Roll"],"picked":"Backflip","floor":13},{"not_picked":["Outmaneuver","Underhanded Strike"],"picked":"Acrobatics","floor":14},{"not_picked":["Burst","Doppelganger"],"picked":"Envenom","floor":16},{"not_picked":["Cloak And Dagger","Quick Slash"],"picked":"Dodge and Roll","floor":18},{"not_picked":["Underhanded Strike","Blade Dance"],"picked":"Bane","floor":21},{"not_picked":["Riddle With Holes","Backflip+1"],"picked":"Dagger Spray","floor":22},{"not_picked":["PiercingWail","Well Laid Plans+1"],"picked":"Tools of the Trade","floor":24},{"not_picked":["Backstab","Bane+1"],"picked":"Eviscerate","floor":27},{"not_picked":["Well Laid Plans","Backflip"],"picked":"Footwork","floor":28},{"not_picked":["Acrobatics","Flying Knee"],"picked":"Deadly Poison+1","floor":29},{"not_picked":["Dagger Throw","Prepared"],"picked":"PiercingWail","floor":30},{"not_picked":["Dagger Spray+1","Acrobatics"],"picked":"Finisher","floor":31},{"not_picked":["Tools of the Trade","Night Terror"],"picked":"Bullet Time","floor":33},{"not_picked":["Riddle With Holes","Blade Dance"],"picked":"All Out Attack+1","floor":35},{"not_picked":["Sucker Punch+1","Poisoned Stab"],"picked":"Predator+1","floor":38},{"not_picked":["PiercingWail","Underhanded Strike+1"],"picked":"Blur+1","floor":41},{"not_picked":["Slice+1","Backflip"],"picked":"Heel Hook","floor":44},{"not_picked":["Good Instincts","Dramatic Entrance"],"picked":"Secret Technique","floor":46},{"not_picked":["Good Instincts","Madness"],"picked":"Dark Shackles","floor":46},{"not_picked":["Madness","Deep Breath"],"picked":"Swift Strike","floor":46},{"not_picked":["Dodge and Roll+1","Masterful Stab"],"picked":"Expertise+1","floor":54}],"player_experience":399346,"relics_obtained":[{"floor":6,"key":"Happy Flower"},{"floor":8,"key":"Bottled Lightning"},{"floor":9,"key":"Anchor"},{"floor":11,"key":"Peace Pipe"},{"floor":24,"key":"Thread and Needle"},{"floor":26,"key":"The Courier"},{"floor":28,"key":"War Paint"},{"floor":31,"key":"Pocketwatch"},{"floor":38,"key":"FossilizedHelix"},{"floor":41,"key":"Shuriken"},{"floor":44,"key":"Art of War"},{"floor":45,"key":"Ninja Scroll"},{"floor":54,"key":"Nunchaku"}],"event_choices":[{"damage_healed":0,"gold_gain":0,"player_choice":"Take Damage","damage_taken":17,"relics_obtained":["Golden Idol"],"max_hp_gain":0,"max_hp_loss":0,"event_name":"Golden Idol","floor":3,"gold_loss":0},{"damage_healed":0,"gold_gain":0,"player_choice":"Read","damage_taken":0,"max_hp_gain":0,"max_hp_loss":0,"event_name":"The Library","floor":19,"gold_loss":0,"cards_obtained":["Catalyst"]},{"damage_healed":0,"gold_gain":0,"player_choice":"Ignored","damage_taken":0,"max_hp_gain":0,"max_hp_loss":0,"event_name":"Tomb of Lord Red Mask","floor":36,"gold_loss":0},{"damage_healed":0,"gold_gain":0,"player_choice":"Embrace Madness","damage_taken":10,"max_hp_gain":0,"max_hp_loss":0,"event_name":"Winding Halls","floor":37,"gold_loss":0,"cards_obtained":["Madness","Madness"]},{"damage_healed":0,"gold_gain":0,"player_choice":"Fight","damage_taken":0,"max_hp_gain":0,"max_hp_loss":0,"event_name":"Mysterious Sphere","floor":38,"gold_loss":0},{"damage_healed":0,"gold_gain":0,"player_choice":"Memory 3","damage_taken":10,"max_hp_gain":0,"max_hp_loss":0,"event_name":"SensoryStone","floor":46,"gold_loss":0},{"cards_removed":["Madness"],"damage_healed":0,"gold_gain":0,"player_choice":"Removed Skill","damage_taken":0,"max_hp_gain":0,"max_hp_loss":0,"event_name":"Falling","floor":48,"gold_loss":0}],"is_beta":false,"boss_relics":[{"not_picked":["Pandora\u0027s Box","Coffee Dripper"],"picked":"Astrolabe"},{"not_picked":["Cursed Key","Fusion Hammer"],"picked":"HoveringKite"}],"items_purged_floors":[4,20],"is_endless":false,"potions_floor_spawned":[2,8,11,13,22,27,28,33,41],"killed_by":"The Heart","ascension_level":4}}