{"host":"y56d1fjpgcjsodvy","time":1611849213,"event":{"mods":["2.2 Compatiblity","Arknights The Spire","Astrologer","BaseMod","Colored Powertips","GifTheSpireLib","Hermit","Highlight Path","Keyboard Shortcuts","Marisa£¨Ùöéë¡¡Øª×âÞÞ£©","Minty Spire (QoL Compilation)","Random Character Button","Rare Cards Sparkle","Relic Stats","Replay The Spire","SOS£¨ÞÙ÷é?ñýí­£©","StSLib","SuperFastMode","The Blackbeard","The Blue Laboratory","The Dragon Tamer","The Poker Player","The Runesmith","TheBandit","Wandering Minibosses","everything is the same but u backflip on backflip"],"gold_per_floor":[116,311,311,331,1,31,31,42,90,90,15,30,98,118,118,219,219,230,33,33,33,43,43,43,43,68,68,84,84,111,128,128,230,230,240,240,240,290,306,306,331,349,349,349,363,363,363,363,363,363,363,363,80,106,106],"floor_reached":56,"language":"KOR","playtime":5030,"items_purged":["DTMod:TargetDefense","DTMod:Strike"],"score":1418,"play_id":"4abe6097-2f34-422d-8e38-a0fff64193cc","local_time":"20210129005333","is_ascension_mode":false,"metric_token":1695,"campfire_choices":[{"data":"DTMod:SwitchingTactic","floor":10.0,"key":"SMITH"},{"data":"DTMod:Threaten","floor":23.0,"key":"SMITH"},{"data":"DTMod:BizarreTactic","floor":29.0,"key":"SMITH"},{"floor":32.0,"key":"RECALL"},{"data":"DTMod:Conduct","floor":40.0,"key":"SMITH"},{"data":"DTMod:ResonanceForm","floor":40.0,"key":"SMITH"},{"floor":44.0,"key":"DIG"},{"floor":49.0,"key":"DIG"},{"floor":52.0,"key":"DIG"}],"dtmod_dragon_data":[19,56,0,3,0,10],"circlet_count":0,"master_deck":["DTMod:DoubleHit","DTMod:TargetDefense","DTMod:TargetDefense","DTMod:SwitchingTactic+1","DTMod:Multitask","DTMod:Multitask","DTMod:Multitask","DTMod:BizarreTactic+1","DTMod:Multitask","DTMod:Conduct+1","DTMod:Threaten+1","DTMod:TagTeam","DTMod:ResonanceForm+1","DTMod:Cover+1","DTMod:CleansingStrike+1","DTMod:Threaten+1","Parasite","DTMod:RunningTactic","Sickly","Midas Touch","DTMod:Shift","DTMod:MagicField"],"relics":["DTMod:PactStone","NeowsBlessing","Sundial","Happy Flower","Strawberry","Pear","Empty Cage","Membership Card","Onion Ring","Replay:Wax Seal","Runesmith:Nanobots","Runic Pyramid","Replay:Arrowhead","Shovel","Durian","Ring of Hypnosis","Meat on the Bone","Blue Doll","Replay:Bottled Flurry","DTMod:SwitchButton","Bottled Lightning"],"acts_visited":["Exordium","TheCity","TheBeyond","TheEnding"],"potions_floor_usage":[54,55,55,55],"damage_taken":[{"damage":0.0,"enemies":"2 Louse","floor":1.0,"turns":2.0},{"damage":0.0,"enemies":"Jaw Worm","floor":4.0,"turns":1.0},{"damage":0.0,"enemies":"Lagavulin","floor":6.0,"turns":1.0},{"damage":0.0,"enemies":"Small Slimes","floor":8.0,"turns":5.0},{"damage":0.0,"enemies":"Exordium Thugs","floor":12.0,"turns":5.0},{"damage":3.0,"enemies":"Lots of Slimes","floor":14.0,"turns":4.0},{"damage":11.0,"enemies":"The Guardian","floor":16.0,"turns":17.0},{"damage":25.0,"enemies":"Spheric Guardian","floor":18.0,"turns":8.0},{"damage":10.0,"enemies":"2 Thieves","floor":21.0,"turns":5.0},{"damage":0.0,"enemies":"Snake Plant","floor":22.0,"turns":3.0},{"damage":0.0,"enemies":"Snecko","floor":28.0,"turns":10.0},{"damage":0.0,"enemies":"Gremlin Leader","floor":30.0,"turns":5.0},{"damage":0.0,"enemies":"Centurion and Healer","floor":31.0,"turns":4.0},{"damage":0.0,"enemies":"Collector","floor":33.0,"turns":5.0},{"damage":0.0,"enemies":"Orb Walker","floor":35.0,"turns":7.0},{"damage":0.0,"enemies":"Mind Bloom Boss Battle","floor":38.0,"turns":5.0},{"damage":0.0,"enemies":"3 Darklings","floor":39.0,"turns":3.0},{"damage":2.0,"enemies":"Giant Head","floor":41.0,"turns":3.0},{"damage":0.0,"enemies":"Spire Growth","floor":42.0,"turns":4.0},{"damage":0.0,"enemies":"Writhing Mass","floor":45.0,"turns":9.0},{"damage":19.0,"enemies":"Donu and Deca","floor":50.0,"turns":16.0},{"damage":25,"enemies":"Shield and Spear","floor":54,"turns":7},{"damage":0,"enemies":"The Heart","floor":55,"turns":7}],"seed_played":"-2970254709873070012","potions_obtained":[{"floor":1.0,"key":"blueLaboratory:LouseDecoction"},{"floor":4.0,"key":"EssenceOfSteel"},{"floor":14.0,"key":"blueLaboratory:PhilterOfMotion"},{"floor":18.0,"key":"PowerPotion"},{"floor":28.0,"key":"blueLaboratory:Moonshine"},{"floor":31.0,"key":"Weak Potion"},{"floor":39.0,"key":"Toxic Potion"},{"floor":42.0,"key":"DistilledChaos"},{"floor":54,"key":"blueLaboratory:ImpenetrablePotion"}],"is_trial":false,"path_per_floor":["M","?","?","M","$","E","?","M","T","R","$","M","T","M","R","B",null,"M","$","T","M","M","R","$","?","T","?","M","R","E","M","R","B",null,"M","?","?","?","M","R","E","M","T","R","M","?","T","?","R","B",null,"R","$","E","B",null],"character_chosen":"THE_DT","items_purchased":["Sundial","DTMod:Multitask","Membership Card","DTMod:Conduct","Midas Touch","blueLaboratory:FrostheartPotion","Elixir","DTMod:SwitchButton","DTMod:Shift"],"campfire_rested":0,"item_purchase_floors":[5,5,19,19,53,53,53,53,53],"current_hp_per_floor":[45,34,34,34,34,34,34,34,41,41,41,41,51,48,48,37,62,37,37,37,27,27,27,27,27,27,16,16,16,16,16,16,16,67,67,67,64,64,64,64,62,62,62,67,67,67,67,67,67,48,69,69,69,44,44],"gold":106,"neow_bonus":"THREE_ENEMY_KILL","is_daily":false,"chose_seed":false,"campfire_upgraded":5,"win_rate":0.0,"timestamp":1611849213,"path_taken":["M","?","?","M","?","E","?","?","T","R","$","M","?","M","R","BOSS","M","?","?","?","?","R","$","?","T","?","?","R","E","M","R","BOSS","M","?","?","?","?","R","E","M","T","R","M","?","?","?","R","BOSS","R","$","E","BOSS"],"items_purchased_type":["Relic","Card","Relic","Card","Card","Potion","Potion","Relic","Card"],"build_version":"2020-12-22","purchased_purges":2,"victory":true,"max_hp_per_floor":[45,45,45,45,45,45,45,45,52,52,52,52,62,62,62,62,62,62,62,62,62,62,62,62,62,62,67,67,67,67,67,67,67,67,67,67,64,64,64,64,64,64,64,69,69,69,69,69,69,69,69,69,69,69,69],"relic_stats":{"Shovel":3,"Happy Flower":[44],"counters":[23,136],"Sundial":[442],"obtain_stats":[{"Runesmith:Nanobots":30,"Pear":13,"NeowsBlessing":0,"Happy Flower":6,"Ring of Hypnosis":46,"Blue Doll":49,"Empty Cage":17,"Replay:Arrowhead":38,"DTMod:SwitchButton":53,"Shovel":41,"DTMod:PactStone":0,"Sundial":5,"Strawberry":9,"Onion Ring":20,"Durian":44,"Replay:Bottled Flurry":52,"Membership Card":19,"Bottled Lightning":54,"Replay:Wax Seal":26,"Runic Pyramid":34,"Meat on the Bone":47},{"Runesmith:Nanobots":12,"Pear":5,"NeowsBlessing":0,"Happy Flower":3,"Ring of Hypnosis":20,"Blue Doll":20,"Empty Cage":7,"Replay:Arrowhead":16,"DTMod:SwitchButton":21,"Shovel":18,"DTMod:PactStone":0,"Sundial":2,"Strawberry":4,"Onion Ring":8,"Durian":19,"Replay:Bottled Flurry":21,"Membership Card":8,"Bottled Lightning":22,"Replay:Wax Seal":10,"Runic Pyramid":14,"Meat on the Bone":20},{"Runesmith:Nanobots":66,"Pear":14,"NeowsBlessing":0,"Happy Flower":4,"Ring of Hypnosis":106,"Blue Doll":106,"Empty Cage":35,"Replay:Arrowhead":87,"DTMod:SwitchButton":122,"Shovel":93,"DTMod:PactStone":0,"Sundial":3,"Strawberry":9,"Onion Ring":43,"Durian":97,"Replay:Bottled Flurry":122,"Membership Card":43,"Bottled Lightning":129,"Replay:Wax Seal":51,"Runic Pyramid":75,"Meat on the Bone":106}],"Meat on the Bone":0},"card_choices":[{"not_picked":["DTMod:CalculatedDefense","DTMod:MagicField","DTMod:Threaten"],"picked":"SKIP","floor":1.0},{"not_picked":["DTMod:InvisibleFlame","DTMod:Hide"],"picked":"DTMod:ComboAttack","floor":2.0},{"not_picked":["DTMod:InvisibleFlame","DTMod:SneakAttack","DTMod:Hide"],"picked":"SKIP","floor":4.0},{"not_picked":["DTMod:BlueScale","DTMod:PurifyingFlame","DTMod:MasterPlan"],"picked":"SKIP","floor":6.0},{"not_picked":["DTMod:BlueScale","DTMod:PurifyingFlame","DTMod:MasterPlan"],"picked":"SKIP","floor":6.0},{"not_picked":["DTMod:MasterPlan","DTMod:RunningTactic","DTMod:FlameSlash"],"picked":"SKIP","floor":8.0},{"not_picked":["DTMod:MasterPlan","DTMod:Feint","DTMod:LowKick"],"picked":"SKIP","floor":12.0},{"not_picked":["DTMod:Adaptation","DTMod:BreakAttack"],"picked":"DTMod:Multitask","floor":14.0},{"not_picked":["DTMod:SealedStrike","DTMod:HeadStart"],"picked":"DTMod:Multitask","floor":16.0},{"not_picked":["DTMod:QuickFly","DTMod:FlameSlash","DTMod:StarRain"],"picked":"SKIP","floor":18.0},{"not_picked":["DTMod:PurifyingFlame","DTMod:BlazingStrike+1"],"picked":"DTMod:Threaten","floor":21.0},{"not_picked":["DTMod:BizarreTactic+1","DTMod:QuickFly","DTMod:BurningEnergy+1"],"picked":"SKIP","floor":22.0},{"not_picked":["DTMod:BlueScale","DTMod:Feint","DTMod:Hide"],"picked":"SKIP","floor":28.0},{"not_picked":["DTMod:Feint","DTMod:ComboAttack","DTMod:MagicField"],"picked":"SKIP","floor":30.0},{"not_picked":["DTMod:BurningEnergy","DTMod:Punisher"],"picked":"DTMod:TagTeam","floor":31.0},{"not_picked":["wanderingMiniBosses:FinaleOfPromise"],"picked":"SKIP","floor":31.0},{"not_picked":["DTMod:Harmonize","DTMod:Multitask"],"picked":"DTMod:ResonanceForm","floor":33.0},{"not_picked":["DTMod:TagTeam+1","DTMod:BreakAttack+1"],"picked":"DTMod:Cover+1","floor":35.0},{"not_picked":["DTMod:Dissolve","DTMod:BizarreTactic+1"],"picked":"DTMod:CleansingStrike+1","floor":39.0},{"not_picked":["DTMod:Coolant","DTMod:ShieldDrain","DTMod:BuildUp"],"picked":"SKIP","floor":41.0},{"not_picked":["DTMod:LowKick","DTMod:BreakAttack"],"picked":"DTMod:Threaten+1","floor":42.0},{"not_picked":["DTMod:FlameSlash","DTMod:BizarreTactic"],"picked":"DTMod:RunningTactic","floor":45.0},{"not_picked":["DTMod:InvisibleFlame","DTMod:GearUp"],"picked":"DTMod:MagicField","floor":54}],"player_experience":1278302,"relics_obtained":[{"floor":6.0,"key":"Happy Flower"},{"floor":9.0,"key":"Strawberry"},{"floor":13.0,"key":"Pear"},{"floor":20.0,"key":"Onion Ring"},{"floor":26.0,"key":"Replay:Wax Seal"},{"floor":30.0,"key":"Runesmith:Nanobots"},{"floor":38.0,"key":"Replay:Arrowhead"},{"floor":41.0,"key":"Shovel"},{"floor":44.0,"key":"Durian"},{"floor":46.0,"key":"Ring of Hypnosis"},{"floor":47.0,"key":"Meat on the Bone"},{"floor":49.0,"key":"Blue Doll"},{"floor":52.0,"key":"Replay:Bottled Flurry"},{"floor":54,"key":"Bottled Lightning"}],"event_choices":[{"damage_healed":0.0,"max_hp_gain":0.0,"max_hp_loss":0.0,"gold_gain":0.0,"event_name":"Match and Keep!","player_choice":"1 cards matched","floor":7.0,"gold_loss":0.0,"damage_taken":0.0,"cards_obtained":["DTMod:Multitask"]},{"damage_healed":0.0,"max_hp_gain":0.0,"max_hp_loss":0.0,"gold_gain":0.0,"event_name":"Match and Keep!","player_choice":"1 cards matched","floor":7.0,"gold_loss":0.0,"damage_taken":0.0,"cards_obtained":["DTMod:Multitask"]},{"damage_healed":0.0,"max_hp_gain":5.0,"max_hp_loss":0.0,"gold_gain":0.0,"event_name":"Forgotten Altar","player_choice":"Shed Blood","floor":27.0,"gold_loss":0.0,"damage_taken":16.0},{"cards_removed":["DTMod:ComboAttack"],"damage_healed":0.0,"max_hp_gain":0.0,"max_hp_loss":0.0,"gold_gain":0.0,"event_name":"Falling","player_choice":"Removed Attack","floor":36.0,"gold_loss":0.0,"damage_taken":0.0},{"damage_healed":0.0,"max_hp_gain":0.0,"max_hp_loss":3.0,"gold_gain":0.0,"event_name":"Winding Halls","player_choice":"Max HP","floor":37.0,"gold_loss":0.0,"damage_taken":0.0},{"damage_healed":0.0,"max_hp_gain":0.0,"max_hp_loss":0.0,"gold_gain":0.0,"event_name":"MindBloom","player_choice":"Fight","floor":38.0,"gold_loss":0.0,"damage_taken":0.0},{"damage_healed":0.0,"max_hp_gain":0.0,"max_hp_loss":0.0,"gold_gain":0.0,"event_name":"Tomb of Lord Red Mask","player_choice":"Ignored","floor":48.0,"gold_loss":0.0,"damage_taken":0.0}],"is_beta":false,"boss_relics":[{"not_picked":["Replay:Bronze Core","Busted Crown"],"picked":"Empty Cage"},{"not_picked":["Calling Bell","ChewingGum"],"picked":"Runic Pyramid"}],"items_purged_floors":[11,53],"is_endless":false,"potions_floor_spawned":[1,4,14,18,28,31,39,42,54],"ascension_level":0}}