{"host":"jumrmhf584hajrnz","time":1611855280,"event":{"mods":["BaseMod","Duelist Mod","GifTheSpireLib","Minty Spire (QoL Compilation)","Quick Restart","StSLib"],"gold_per_floor":[144,144,161,173,185,211,230,230,230,250,263,282,293,304,304,380,380,390,29,29,14,14],"floor_reached":21,"language":"ENG","playtime":1776,"items_purged":[],"score":374,"play_id":"0bbf01a8-612c-4162-b8e5-a880ace89dd3","local_time":"20210128183440","is_ascension_mode":true,"campfire_choices":[{"floor":15,"key":"REST"}],"circlet_count":0,"master_deck":["AscendersBane","theDuelist:BabyDragon","theDuelist:CastleWalls","theDuelist:CastleWalls","theDuelist:CaveDragon","theDuelist:CaveDragon","theDuelist:LesserDragon","theDuelist:LesserDragon","theDuelist:Sparks","theDuelist:Sparks","theDuelist:YamataDragon","theDuelist:DoomkaiserDragon","theDuelist:EvilMind","theDuelist:VeilDarkness","theDuelist:BlackBrachios","theDuelist:CyberneticRevolution","theDuelist:CoralDragon","theDuelist:BarrelDragon","theDuelist:CyberValley","theDuelist:MiraculousDescent","theDuelist:Mountain","theDuelist:Lancephorhynchus","theDuelist:MirageDragon","theDuelist:Lancephorhynchus","theDuelist:BusterDrake","theDuelist:BerserkerSoul","theDuelist:CursedBill"],"relics":["theDuelist:MillenniumPuzzle","theDuelist:CardPoolRelic","theDuelist:CardPoolBasicRelic","theDuelist:BoosterPackPoolRelic","theDuelist:CardPoolAddRelic","theDuelist:CardPoolMinusRelic","theDuelist:CardPoolSaveRelic","theDuelist:CardPoolOptionsRelic","Strawberry","Paper Crane","theDuelist:MillenniumKey","Thread and Needle","theDuelist:MillenniumPrayerbook"],"acts_visited":["Exordium","TheCity"],"potions_floor_usage":[6,13,16],"damage_taken":[{"damage":0,"enemies":"Cultist","floor":1,"turns":2},{"damage":0,"enemies":"2 Louse","floor":3,"turns":3},{"damage":2,"enemies":"Jaw Worm","floor":4,"turns":2},{"damage":0,"enemies":"Exordium Wildlife","floor":5,"turns":3},{"damage":21,"enemies":"Lagavulin","floor":6,"turns":7},{"damage":10,"enemies":"Large Slime","floor":7,"turns":5},{"damage":3,"enemies":"Looter","floor":10,"turns":3},{"damage":5,"enemies":"3 Louse","floor":11,"turns":3},{"damage":18,"enemies":"Blue Slaver","floor":12,"turns":4},{"damage":2,"enemies":"Exordium Thugs","floor":13,"turns":4},{"damage":5,"enemies":"Red Slaver","floor":14,"turns":3},{"damage":6,"enemies":"Hexaghost","floor":16,"turns":9},{"damage":0,"enemies":"3 Byrds","floor":18,"turns":4},{"damage":93,"enemies":"3 Byrds","floor":21,"turns":8}],"seed_played":"2899513461975084478","potions_obtained":[{"floor":1,"key":"theDuelist:StunPotion"},{"floor":3,"key":"Explosive Potion"},{"floor":10,"key":"theDuelist:OrbBottle"},{"floor":12,"key":"Energy Potion"},{"floor":14,"key":"DuplicationPotion"},{"floor":16,"key":"Dexterity Potion"}],"is_trial":false,"path_per_floor":["M","?","M","M","M","E","M","?","T","M","M","M","M","M","R","B",null,"M","$","?","?"],"character_chosen":"THE_DUELIST","items_purchased":["Thread and Needle","theDuelist:BerserkerSoul"],"campfire_rested":1,"item_purchase_floors":[19,19],"current_hp_per_floor":[63,63,63,61,61,47,37,37,37,34,29,11,9,4,25,19,57,57,57,57,0,0],"gold":14,"neow_bonus":"THREE_RARE_CARDS","is_daily":false,"chose_seed":false,"campfire_upgraded":0,"win_rate":0.0,"timestamp":1611855280,"path_taken":["M","?","M","M","M","E","M","?","T","M","M","?","M","M","R","BOSS","M","$","?","?"],"items_purchased_type":["Relic","Card"],"build_version":"2020-12-22","purchased_purges":0,"victory":false,"max_hp_per_floor":[63,63,63,63,63,70,70,70,70,70,70,70,70,70,70,70,70,70,70,70,70,70],"card_choices":[{"not_picked":["theDuelist:WaterDragon","theDuelist:Lancephorhynchus"],"picked":"theDuelist:DoomkaiserDragon","floor":0},{"not_picked":["theDuelist:DarkDriceratops","theDuelist:BlackTyranno","theDuelist:BlackBrutdrago","theDuelist:BlackVeloci"],"picked":"theDuelist:EvilMind","floor":1},{"not_picked":["theDuelist:EvilMind","theDuelist:DreadnoughtDreadnoid","theDuelist:DarkDriceratops","theDuelist:BlackVeloci"],"picked":"theDuelist:VeilDarkness","floor":3},{"not_picked":["theDuelist:SauropodBrachion","theDuelist:MadSwordBeast","theDuelist:HazyFlameHydra","theDuelist:GiantRex"],"picked":"theDuelist:BlackBrachios","floor":4},{"not_picked":["theDuelist:BlueEyesUltimate","theDuelist:ExploderDragon","theDuelist:MaskedDragon","theDuelist:BerserkerSoul"],"picked":"theDuelist:CyberneticRevolution","floor":5},{"not_picked":["theDuelist:TwinHeadedFire","theDuelist:AquaDolphin","theDuelist:DefenseZone","theDuelist:AncientPixieDragon"],"picked":"theDuelist:CoralDragon","floor":6},{"not_picked":["theDuelist:TailSwipe","theDuelist:SpiralSpearStrike"],"picked":"theDuelist:BarrelDragon","floor":7},{"not_picked":["theDuelist:MirageDragon","theDuelist:SilverDragon","theDuelist:DefenseZone","theDuelist:MoltenDestruction"],"picked":"theDuelist:CyberValley","floor":10},{"not_picked":["theDuelist:TotemDragon","theDuelist:SystemDown","theDuelist:Berserking"],"picked":"theDuelist:MiraculousDescent","floor":11},{"not_picked":["theDuelist:BlackBrachios","theDuelist:OceanDragonLord","theDuelist:RedEyesZombie","theDuelist:ArmedProtectorDragon"],"picked":"theDuelist:Mountain","floor":12},{"not_picked":["theDuelist:Pyrorex","theDuelist:Hydrogeddon","theDuelist:GiantRex","theDuelist:DarkDriceratops"],"picked":"theDuelist:Lancephorhynchus","floor":13},{"not_picked":["theDuelist:Pyrorex","theDuelist:LordD","theDuelist:MoltenDestruction","theDuelist:SphereChaos"],"picked":"theDuelist:MirageDragon","floor":14},{"not_picked":["theDuelist:WaterDragon","theDuelist:QueenDragunDjinn","theDuelist:DefensiveTactics","theDuelist:BSkullDragon"],"picked":"theDuelist:Lancephorhynchus","floor":16},{"not_picked":["theDuelist:BlackStego","theDuelist:Kabazauls","theDuelist:MaskedDragon","theDuelist:ArmedDragon3"],"picked":"theDuelist:BusterDrake","floor":18}],"player_experience":1618062,"relics_obtained":[{"floor":6,"key":"Strawberry"},{"floor":9,"key":"Paper Crane"}],"event_choices":[{"damage_healed":0,"gold_gain":0,"player_choice":"Leave","duelist":true,"damage_taken":0,"max_hp_gain":0,"max_hp_loss":0,"event_name":"Aknamkanon\u0027s Tomb","floor":2,"gold_loss":0},{"damage_healed":0,"gold_gain":0,"player_choice":"Leave","duelist":true,"damage_taken":0,"max_hp_gain":0,"max_hp_loss":0,"event_name":"Tomb of the Nameless","floor":8,"gold_loss":0},{"damage_healed":0,"gold_gain":0,"player_choice":"Took item - Received: Millennium Prayerbook","duelist":true,"damage_taken":0,"max_hp_gain":0,"max_hp_loss":0,"event_name":"Millennium Items","floor":20,"gold_loss":0},{"damage_healed":0,"gold_gain":0,"player_choice":"Fight","duelist":true,"damage_taken":0,"max_hp_gain":0,"max_hp_loss":0,"event_name":"Battle City","floor":21,"gold_loss":0}],"is_beta":false,"boss_relics":[{"not_picked":["HoveringKite","Ectoplasm"],"picked":"theDuelist:MillenniumKey"}],"items_purged_floors":[],"is_endless":false,"potions_floor_spawned":[1,3,10,12,14,16],"killed_by":"3 Byrds","ascension_level":20}}