{"host":"c9qdigwavhre9ru1","time":1611794975,"event":{"mods":["AlwaysNeverKeys","BaseMod","BetterRewards","Minty Spire (QoL Compilation)","Quick Restart","Rare Cards Sparkle","Shop Mod"],"gold_per_floor":[115,115,130,61,136,136,180,180,180,204,204,229,229,229,229,355,355,369,139,160,173,173,209,209,109,135,153,153,173,186,186,186,309,309,322,45,69,90,90,90,90,134,134,134,134,134,134,153,153,153,153,153,3,41,41,41],"floor_reached":55,"language":"ENG","playtime":2132,"items_purged":["Strike_R","Strike_R","Strike_R","Second Wind"],"score":1215,"play_id":"110fba18-01d2-44fe-8a90-d68f8c3ff55e","local_time":"20210127184935","is_ascension_mode":true,"campfire_choices":[{"data":"Fire Breathing","floor":6,"key":"SMITH"},{"data":"Power Through","floor":15,"key":"SMITH"},{"data":"Warcry","floor":24,"key":"SMITH"},{"data":"Bandage Up","floor":32,"key":"SMITH"},{"data":"Disarm","floor":40,"key":"SMITH"},{"floor":45,"key":"REST"},{"floor":47,"key":"DIG"},{"floor":49,"key":"DIG"},{"floor":52,"key":"DIG"}],"circlet_count":0,"master_deck":["Defend_R","Defend_R","Defend_R","Defend_R","Bash","Warcry+1","Wild Strike","Shrug It Off","Fire Breathing+1","Power Through+1","Berserk+1","Evolve+1","Disarm+1","Bandage Up+1","Warcry+1","Feel No Pain+1","Corruption+1","CurseOfTheBell","Warcry+1","Fire Breathing+1","Ghostly Armor","Disarm","Chrysalis","Battle Trance"],"relics":["Burning Blood","Blood Vial","Golden Idol","Question Card","Orichalcum","Kunai","Frozen Egg 2","SlaversCollar","Gremlin Horn","Centennial Puzzle","Calling Bell","Toy Ornithopter","InkBottle","Incense Burner","Bag of Preparation","Shovel","Eternal Feather","Ancient Tea Set","Bottled Lightning","Mercury Hourglass"],"acts_visited":["Exordium","TheCity","TheBeyond","TheEnding"],"potions_floor_usage":[7,12,16,16,23,39,50,55],"damage_taken":[{"damage":7,"enemies":"Small Slimes","floor":1,"turns":3},{"damage":3,"enemies":"2 Louse","floor":3,"turns":3},{"damage":39,"enemies":"Gremlin Nob","floor":7,"turns":5},{"damage":9,"enemies":"Jaw Worm","floor":10,"turns":4},{"damage":8,"enemies":"Blue Slaver","floor":12,"turns":4},{"damage":23,"enemies":"Slime Boss","floor":16,"turns":7},{"damage":22,"enemies":"Shell Parasite","floor":18,"turns":8},{"damage":22,"enemies":"3 Byrds","floor":20,"turns":5},{"damage":20,"enemies":"3 Cultists","floor":21,"turns":6},{"damage":23,"enemies":"Gremlin Leader","floor":23,"turns":5},{"damage":6,"enemies":"Shelled Parasite and Fungi","floor":27,"turns":5},{"damage":11,"enemies":"Sentry and Sphere","floor":29,"turns":5},{"damage":8,"enemies":"Cultist and Chosen","floor":30,"turns":5},{"damage":22,"enemies":"Champ","floor":33,"turns":8},{"damage":10,"enemies":"3 Shapes","floor":35,"turns":4},{"damage":0,"enemies":"Orb Walker","floor":37,"turns":3},{"damage":0,"enemies":"Sphere and 2 Shapes","floor":38,"turns":3},{"damage":0,"enemies":"Transient","floor":39,"turns":1},{"damage":48,"enemies":"Giant Head","floor":42,"turns":7},{"damage":20,"enemies":"Spire Growth","floor":48,"turns":5},{"damage":0,"enemies":"Donu and Deca","floor":50,"turns":6},{"damage":19,"enemies":"Shield and Spear","floor":54,"turns":3},{"damage":162,"enemies":"The Heart","floor":55,"turns":8}],"seed_played":"-6655551953634074453","potions_obtained":[{"floor":1,"key":"BloodPotion"},{"floor":7,"key":"CultistPotion"},{"floor":10,"key":"Swift Potion"},{"floor":16,"key":"Fruit Juice"},{"floor":21,"key":"SpeedPotion"},{"floor":23,"key":"FairyPotion"},{"floor":27,"key":"SneckoOil"},{"floor":29,"key":"Dexterity Potion"},{"floor":31,"key":"BloodPotion"},{"floor":31,"key":"SmokeBomb"},{"floor":48,"key":"SkillPotion"},{"floor":54,"key":"BlessingOfTheForge"}],"is_trial":false,"path_per_floor":["M","?","M","$","?","R","E","?","T","M","T","M","?","?","R","B",null,"M","$","M","M","?","E","R","$","T","M","?","M","M","?","R","B",null,"M","$","M","M","M","R","?","E","T","$","R","?","R","M","R","B",null,"R","$","E","B"],"character_chosen":"IRONCLAD","items_purchased":["Blood Vial","Warcry","Fire Breathing","Disarm","Bandage Up","Bag of Preparation"],"campfire_rested":1,"item_purchase_floors":[0,0,4,19,19,36],"current_hp_per_floor":[73,73,74,74,63,63,46,43,43,42,42,42,42,35,35,25,66,52,52,42,34,34,23,23,23,23,29,55,56,60,60,60,52,72,75,75,79,79,79,79,79,37,37,37,72,72,79,67,79,79,79,79,79,72,0,0],"gold":41,"neow_bonus":"","is_daily":false,"chose_seed":false,"campfire_upgraded":5,"win_rate":0.0,"timestamp":1611794975,"path_taken":["M","?","M","$","?","R","E","?","T","M","?","?","?","?","R","BOSS","M","$","M","M","?","E","R","$","T","M","?","M","?","?","R","BOSS","M","$","M","M","?","R","?","E","T","?","R","?","R","M","R","BOSS","R","$","E","BOSS"],"items_purchased_type":["Relic","Card","Card","Card","Card","Relic"],"build_version":"2020-12-22","purchased_purges":4,"victory":false,"max_hp_per_floor":[80,74,74,74,74,74,74,74,74,74,74,74,74,74,74,79,79,79,79,79,79,79,79,79,79,79,79,79,79,79,79,79,79,79,79,79,79,79,79,79,79,79,79,79,79,79,79,79,79,79,79,79,79,79,79,79],"card_choices":[{"not_picked":["Flex","Warcry"],"picked":"Wild Strike","floor":1},{"not_picked":["Bloodletting","Pommel Strike"],"picked":"Shrug It Off","floor":3},{"not_picked":["Clothesline","Entrench","Anger"],"picked":"SKIP","floor":7},{"not_picked":["Burning Pact","Entrench","Anger"],"picked":"Second Wind","floor":10},{"not_picked":["Pummel","Anger","Headbutt"],"picked":"Power Through","floor":12},{"not_picked":["Feed","Limit Break","Fiend Fire"],"picked":"Berserk+1","floor":16},{"not_picked":["Twin Strike+1","Pommel Strike+1","Rampage+1"],"picked":"Evolve+1","floor":18},{"not_picked":["Heavy Blade+1","Blood for Blood+1","Iron Wave"],"picked":"Warcry+1","floor":20},{"not_picked":["Clash","Heavy Blade+1","Flex","Anger"],"picked":"SKIP","floor":21},{"not_picked":["Inflame+1","Feed","Armaments"],"picked":"Feel No Pain+1","floor":23},{"not_picked":["Second Wind","Armaments","Wild Strike","Body Slam"],"picked":"SKIP","floor":27},{"not_picked":["Clothesline","Heavy Blade+1","Sword Boomerang","Twin Strike"],"picked":"SKIP","floor":29},{"not_picked":["Armaments+1","Twin Strike","Shrug It Off"],"picked":"Corruption+1","floor":30},{"not_picked":["Iron Wave+1","Bloodletting","Heavy Blade+1"],"picked":"Warcry+1","floor":35},{"not_picked":["Dark Embrace+1","Inflame+1","Sword Boomerang+1"],"picked":"Fire Breathing+1","floor":37},{"not_picked":["Carnage","Havoc","Feed","Iron Wave"],"picked":"SKIP","floor":38},{"not_picked":["Clothesline","Shockwave","Armaments"],"picked":"Disarm","floor":42},{"not_picked":["Blind","Secret Weapon","Madness"],"picked":"Chrysalis","floor":46},{"not_picked":["Evolve+1","Cleave+1","Headbutt"],"picked":"Battle Trance","floor":48},{"not_picked":["Demon Form+1","Perfected Strike","Thunderclap+1","Anger"],"picked":"SKIP","floor":54}],"player_experience":339124,"relics_obtained":[{"floor":7,"key":"Question Card"},{"floor":9,"key":"Kunai"},{"floor":11,"key":"Frozen Egg 2"},{"floor":23,"key":"Gremlin Horn"},{"floor":26,"key":"Centennial Puzzle"},{"floor":34,"key":"Toy Ornithopter"},{"floor":34,"key":"InkBottle"},{"floor":34,"key":"Incense Burner"},{"floor":42,"key":"Shovel"},{"floor":43,"key":"Eternal Feather"},{"floor":47,"key":"Ancient Tea Set"},{"floor":52,"key":"Bottled Lightning"},{"floor":54,"key":"Mercury Hourglass"}],"event_choices":[{"damage_healed":0,"gold_gain":0,"player_choice":"Lose Max HP","damage_taken":0,"relics_obtained":["Golden Idol"],"max_hp_gain":0,"max_hp_loss":6,"event_name":"Golden Idol","floor":2,"gold_loss":0},{"damage_healed":0,"gold_gain":75,"player_choice":"Gather Gold","damage_taken":11,"max_hp_gain":0,"max_hp_loss":0,"event_name":"World of Goop","floor":5,"gold_loss":0},{"damage_healed":0,"gold_gain":0,"player_choice":"Success","damage_taken":3,"relics_obtained":["Orichalcum"],"max_hp_gain":0,"max_hp_loss":0,"event_name":"Scrap Ooze","floor":8,"gold_loss":0},{"cards_removed":["Strike_R"],"damage_healed":0,"gold_gain":0,"player_choice":"Forget","damage_taken":0,"max_hp_gain":0,"max_hp_loss":0,"event_name":"Living Wall","floor":13,"gold_loss":0},{"cards_removed":["Strike_R"],"damage_healed":0,"gold_gain":0,"player_choice":"Card Removal","damage_taken":7,"max_hp_gain":0,"max_hp_loss":0,"event_name":"Golden Wing","floor":14,"gold_loss":0},{"damage_healed":0,"gold_gain":0,"player_choice":"Ignored","damage_taken":0,"max_hp_gain":0,"max_hp_loss":0,"event_name":"Ghosts","floor":22,"gold_loss":0},{"damage_healed":26,"gold_gain":0,"player_choice":"Heal","damage_taken":0,"max_hp_gain":0,"max_hp_loss":0,"event_name":"The Library","floor":28,"gold_loss":0},{"damage_healed":0,"gold_gain":0,"player_choice":"Got Potions","damage_taken":0,"max_hp_gain":0,"max_hp_loss":0,"event_name":"Lab","floor":31,"gold_loss":0},{"damage_healed":0,"gold_gain":0,"player_choice":"1 cards matched","damage_taken":0,"max_hp_gain":0,"max_hp_loss":0,"event_name":"Match and Keep!","floor":41,"gold_loss":0,"cards_obtained":["Ghostly Armor"]},{"damage_healed":0,"gold_gain":0,"player_choice":"Memory 1","damage_taken":0,"max_hp_gain":0,"max_hp_loss":0,"event_name":"SensoryStone","floor":46,"gold_loss":0}],"is_beta":false,"boss_relics":[{"not_picked":["Philosopher\u0027s Stone","SacredBark"],"picked":"SlaversCollar"},{"not_picked":["Astrolabe","Runic Dome"],"picked":"Calling Bell"}],"items_purged_floors":[19,25,36,53],"is_endless":false,"potions_floor_spawned":[1,7,10,16,21,23,27,29,48,54],"killed_by":"The Heart","ascension_level":6}}