{"host":"wghdsg8ym2wc7ov9","time":1611865083,"event":{"mods":["A Penny For Your Troubles","AchievementEnabler","Astrologer","BaseMod","Beaked The Cultist","Better Altar","Better Note","ChefMod","Colored Map","Evolution","Fox Events","Hermit","Highlight Path","Jorbs\u0027s Wanderer Trilogy","KinomotoSakuraMod(????)","Minty Spire (QoL Compilation)","Random Character Button","Relic Stats","SIMod","Shop Mod","StSLib","The Blackbeard","The Bladedancer","The Construct","The Cursed","The Death Knight","The Gatherer","The Hierophant","The Marked","The Mystic","The Necromancer","The Runesmith","The Senshi","The Servant 0.9.4","Weighted Paths"],"gold_per_floor":[114,130,130,145,145,145,165,205,205,20,70,70,70,90,90,213,213,234,250,263,263,276,276,317,34,34,50,50,88,88,128,128,252,252,273,339,339,339,339,379,392,392,392,425,441,475,493,528,528,532,532,532,13,52,62],"floor_reached":56,"language":"ENG","playtime":12540,"items_purged":[],"score":1590,"play_id":"e4f3f2ad-5023-4147-846c-78f84130942e","local_time":"20210128121803","is_ascension_mode":true,"campfire_choices":[{"data":"Chrysalis","floor":6.0,"key":"SMITH"},{"floor":13.0,"key":"REST"},{"data":"stsjorbsmod:CorrodingBarrier","floor":15.0,"key":"SMITH"},{"data":"stsjorbsmod:FindFamiliar","floor":23.0,"key":"SMITH"},{"floor":30.0,"key":"RECALL"},{"data":"stsjorbsmod:Pyromancy","floor":32.0,"key":"SMITH"},{"data":"Jack Of All Trades","floor":49,"key":"SMITH"},{"data":"stsjorbsmod:Prestidigitation","floor":52,"key":"SMITH"}],"circlet_count":0,"master_deck":["stsjorbsmod:ForbiddenGrimoire+1","stsjorbsmod:Strike_Wanderer","stsjorbsmod:Strike_Wanderer","stsjorbsmod:Strike_Wanderer","stsjorbsmod:Defend_Wanderer+1","stsjorbsmod:Defend_Wanderer","stsjorbsmod:Defend_Wanderer","stsjorbsmod:FreshAdventure","stsjorbsmod:EyeOfTheStorm","Chrysalis+1","stsjorbsmod:Channel","stsjorbsmod:WeightOfMemory+1","Injury","stsjorbsmod:SchoolsOfMagic","stsjorbsmod:FranticSearch","stsjorbsmod:CorrodingBarrier+1","stsjorbsmod:Prestidigitation","stsjorbsmod:SmithingStrike","stsjorbsmod:TrueStrike","stsjorbsmod:FracturedMind","stsjorbsmod:Pyromancy+1","CurseOfTheBell","stsjorbsmod:BlackTentacles+1","stsjorbsmod:ScorchingRay+1","stsjorbsmod:Prepare+1","stsjorbsmod:WanderingMind","stsjorbsmod:SiphonEnergy","stsjorbsmod:FindFamiliar+1","stsjorbsmod:MagicMissiles","stsjorbsmod:HedgeWizard","stsjorbsmod:ArcaneWeapon","stsjorbsmod:WeightOfMemory","stsjorbsmod:Channel+1","stsjorbsmod:Mending","stsjorbsmod:Entangle","stsjorbsmod:SiphonEnergy","stsjorbsmod:RayOfFrost","stsjorbsmod:Prestidigitation+1","Jack Of All Trades+1","Finesse","Good Instincts","stsjorbsmod:DoubleCheck","stsjorbsmod:BlackTentacles","stsjorbsmod:EyeOfTheStorm","stsjorbsmod:Rest+1","stsjorbsmod:SchoolsOfMagic","stsjorbsmod:Thorns+1","stsjorbsmod:MageArmor+1","stsjorbsmod:FracturedMind+1","stsjorbsmod:Mindworm+1","stsjorbsmod:Firebolt+1","stsjorbsmod:Counterspell","stsjorbsmod:Index","stsjorbsmod:ArcaneWeapon","stsjorbsmod:WanderingMind+1"],"relics":["stsjorbsmod:GrimoireRelic","EVO:Axolotl","Golden Idol","Pyrelight","HornCleat","Ornamental Fan","Ginger","theSenshi:FeatherClipsRelic","stsjorbsmod:MindGlassRelic","Du-Vu Doll","Membership Card","MerchantsRug","TungstenRod","White Beast Statue","CaptainsWheel","PreservedInsect","Thread and Needle","Busted Crown","StoneCalendar","Ancient Tea Set","StrikeDummy","Molten Egg 2","Turnip","Mummified Hand","Kunai","Vajra","Medical Kit","construct:RocketBooster"],"acts_visited":["Exordium","TheCity","TheBeyond","TheEnding"],"potions_floor_usage":[46,50,50,50,54,55,55],"damage_taken":[{"damage":3.0,"enemies":"Cultist","floor":1.0,"turns":6.0},{"damage":3.0,"enemies":"2 Louse","floor":2.0,"turns":3.0},{"damage":1.0,"enemies":"Small Slimes","floor":4.0,"turns":3.0},{"damage":7.0,"enemies":"Gremlin Gang","floor":7.0,"turns":6.0},{"damage":39.0,"enemies":"Lagavulin","floor":8.0,"turns":7.0},{"damage":12.0,"enemies":"Gremlin Nob","floor":11.0,"turns":4.0},{"damage":2.0,"enemies":"Blue Slaver","floor":14.0,"turns":3.0},{"damage":0.0,"enemies":"Slime Boss","floor":16.0,"turns":7.0},{"damage":24.0,"enemies":"Chosen","floor":18.0,"turns":6.0},{"damage":0.0,"enemies":"3 Byrds","floor":19.0,"turns":4.0},{"damage":0.0,"enemies":"Centurion and Healer","floor":20.0,"turns":6.0},{"damage":25.0,"enemies":"Shelled Parasite and Fungi","floor":22.0,"turns":5.0},{"damage":4.0,"enemies":"Gremlin Leader","floor":24.0,"turns":4.0},{"damage":4.0,"enemies":"Cultist and Chosen","floor":27.0,"turns":5.0},{"damage":27.0,"enemies":"Slavers","floor":29.0,"turns":5.0},{"damage":15.0,"enemies":"Book of Stabbing","floor":31.0,"turns":4.0},{"damage":3.0,"enemies":"Automaton","floor":33.0,"turns":6.0},{"damage":5.0,"enemies":"3 Shapes","floor":35.0,"turns":3.0},{"damage":24.0,"enemies":"2 Orb Walkers","floor":36.0,"turns":6.0},{"damage":1.0,"enemies":"Giant Head","floor":40.0,"turns":5.0},{"damage":1.0,"enemies":"3 Darklings","floor":41.0,"turns":2.0},{"damage":25.0,"enemies":"Reptomancer","floor":44.0,"turns":4.0},{"damage":11.0,"enemies":"Maw","floor":45.0,"turns":7.0},{"damage":29,"enemies":"beaked:SuperParasite","floor":46,"turns":7},{"damage":2,"enemies":"Jaw Worm Horde","floor":47,"turns":4},{"damage":0,"enemies":"Giant Head","floor":48,"turns":3},{"damage":16,"enemies":"Awakened One","floor":50,"turns":6},{"damage":7,"enemies":"Shield and Spear","floor":54,"turns":4},{"damage":38,"enemies":"The Heart","floor":55,"turns":7}],"seed_played":"-875654646410708652","potions_obtained":[{"floor":4.0,"key":"stsjorbsmod:LiquidClarity"},{"floor":14.0,"key":"ColorlessPotion"},{"floor":24.0,"key":"SkillPotion"},{"floor":27.0,"key":"Dexterity Potion"},{"floor":29.0,"key":"SkillPotion"},{"floor":31.0,"key":"stsjorbsmod:BurningPotion"},{"floor":33.0,"key":"Explosive Potion"},{"floor":35.0,"key":"Regen Potion"},{"floor":36.0,"key":"Strength Potion"},{"floor":41.0,"key":"Explosive Potion"},{"floor":44.0,"key":"LiquidBronze"},{"floor":45,"key":"Energy Potion"},{"floor":46,"key":"Fire Potion"},{"floor":54,"key":"PowerPotion"}],"is_trial":false,"path_per_floor":["M","M","?","M","?","R","M","E","T","$","E","?","R","M","R","B",null,"M","M","M","?","M","R","E","$","T","M","T","E","R","E","R","B",null,"M","?","?","?","?","E","M","?","T","E","M","E","M","E","R","B",null,"R","$","E","B",null],"character_chosen":"WANDERER","items_purchased":["stsjorbsmod:Prestidigitation","stsjorbsmod:SmithingStrike","Fruit Juice","Membership Card","MerchantsRug","TungstenRod","stsjorbsmod:HedgeWizard","stsjorbsmod:ArcaneWeapon","stsjorbsmod:WeightOfMemory","Kunai","Vajra","stsjorbsmod:Mindworm+1","Medical Kit","FairyPotion","stsjorbsmod:Firebolt+1","stsjorbsmod:Counterspell","Block Potion","stsjorbsmod:LiquidVirtue","stsjorbsmod:Index","stsjorbsmod:ArcaneWeapon"],"campfire_rested":1,"item_purchase_floors":[10,10,10,25,25,25,25,25,25,53,53,53,53,53,53,53,53,53,53,53],"current_hp_per_floor":[62,61,61,61,61,61,62,23,23,28,19,19,40,47,47,55,73,58,66,73,73,56,56,62,62,62,68,68,51,51,46,46,56,75,75,61,52,52,52,67,75,75,75,59,72,67,77,79,79,82,85,85,85,85,60],"gold":62,"neow_bonus":"RANDOM_COLORLESS_2","is_daily":false,"chose_seed":false,"campfire_upgraded":6,"win_rate":0.0,"timestamp":1611865083,"path_taken":["M","M","?","M","?","R","M","E","T","$","E","?","R","M","R","BOSS","M","?","M","?","M","R","E","$","T","M","?","E","R","E","R","BOSS","M","?","?","?","?","E","?","?","T","E","M","E","M","E","R","BOSS","R","$","E","BOSS"],"items_purchased_type":["Card","Card","Potion","Relic","Relic","Relic","Card","Card","Card","Relic","Relic","Card","Relic","Potion","Card","Card","Potion","Potion","Card","Card"],"build_version":"2020-12-22","purchased_purges":0,"victory":true,"max_hp_per_floor":[62,62,62,62,62,62,68,68,68,73,73,73,73,73,73,73,73,73,73,73,73,73,73,73,73,73,73,73,73,73,73,73,75,75,75,75,75,75,75,75,75,75,75,75,75,77,77,79,79,85,85,85,85,85,85],"relic_stats":{"counters":[29,142],"Golden Idol":207,"StoneCalendar":[2],"PreservedInsect":482,"Ginger":[16],"Medical Kit":[1],"Busted Crown":32,"Ornamental Fan":[56],"Mummified Hand":[21],"Turnip":[2],"Kunai":[3],"obtain_stats":[{"Vajra":53,"StoneCalendar":36,"theSenshi:FeatherClipsRelic":12,"EVO:Axolotl":0,"Ginger":11,"Ancient Tea Set":40,"Centennial Puzzle":17,"HornCleat":8,"Mummified Hand":48,"Gambling Chip":24,"stsjorbsmod:MindGlassRelic":17,"Kunai":53,"MerchantsRug":25,"construct:RocketBooster":54,"Golden Idol":3,"stsjorbsmod:GrimoireRelic":0,"Thread and Needle":31,"Pyrelight":5,"PreservedInsect":29,"Medical Kit":53,"White Beast Statue":26,"Calling Bell":17,"Du-Vu Doll":17,"CaptainsWheel":28,"Busted Crown":34,"Ornamental Fan":9,"Molten Egg 2":44,"Turnip":46,"Membership Card":25,"StrikeDummy":43,"TungstenRod":25},{"Vajra":27,"StoneCalendar":19,"theSenshi:FeatherClipsRelic":6,"EVO:Axolotl":0,"Ginger":6,"Ancient Tea Set":20,"Centennial Puzzle":8,"HornCleat":5,"Mummified Hand":26,"Gambling Chip":13,"stsjorbsmod:MindGlassRelic":8,"Kunai":27,"MerchantsRug":13,"construct:RocketBooster":28,"Golden Idol":2,"stsjorbsmod:GrimoireRelic":0,"Thread and Needle":16,"Pyrelight":3,"PreservedInsect":15,"Medical Kit":27,"White Beast Statue":13,"Calling Bell":8,"Du-Vu Doll":8,"CaptainsWheel":14,"Busted Crown":17,"Ornamental Fan":5,"Molten Egg 2":22,"Turnip":24,"Membership Card":13,"StrikeDummy":21,"TungstenRod":13},{"Vajra":131,"StoneCalendar":93,"theSenshi:FeatherClipsRelic":29,"EVO:Axolotl":0,"Ginger":29,"Ancient Tea Set":98,"Centennial Puzzle":39,"HornCleat":25,"Mummified Hand":125,"Gambling Chip":64,"stsjorbsmod:MindGlassRelic":39,"Kunai":131,"MerchantsRug":64,"construct:RocketBooster":135,"Golden Idol":9,"stsjorbsmod:GrimoireRelic":0,"Thread and Needle":78,"Pyrelight":12,"PreservedInsect":74,"Medical Kit":131,"White Beast Statue":64,"Calling Bell":39,"Du-Vu Doll":39,"CaptainsWheel":69,"Busted Crown":84,"Ornamental Fan":25,"Molten Egg 2":104,"Turnip":118,"Membership Card":64,"StrikeDummy":100,"TungstenRod":64}],"TungstenRod":63},"card_choices":[{"not_picked":["Violence","GreatAndPowerful"],"picked":"Chrysalis","floor":0.0},{"not_picked":["stsjorbsmod:Message","stsjorbsmod:Firebolt"],"picked":"stsjorbsmod:Channel","floor":1.0},{"not_picked":["stsjorbsmod:Will","stsjorbsmod:Mending"],"picked":"stsjorbsmod:WeightOfMemory","floor":2.0},{"not_picked":["stsjorbsmod:WanderingMind","stsjorbsmod:Message"],"picked":"stsjorbsmod:SchoolsOfMagic","floor":4.0},{"not_picked":["stsjorbsmod:Index","stsjorbsmod:ChainLightning"],"picked":"stsjorbsmod:FranticSearch","floor":7.0},{"not_picked":["stsjorbsmod:Stalwart","stsjorbsmod:Hibernate"],"picked":"stsjorbsmod:CorrodingBarrier","floor":8.0},{"not_picked":["stsjorbsmod:DisguiseSelf","stsjorbsmod:Message"],"picked":"stsjorbsmod:TrueStrike","floor":11.0},{"not_picked":["stsjorbsmod:Message","stsjorbsmod:UnseenServant"],"picked":"stsjorbsmod:FracturedMind","floor":14.0},{"not_picked":["stsjorbsmod:ArcaneForm","stsjorbsmod:Trauma"],"picked":"stsjorbsmod:Pyromancy","floor":16.0},{"not_picked":["stsjorbsmod:WeightOfMemory","stsjorbsmod:FracturedMind"],"picked":"stsjorbsmod:BlackTentacles+1","floor":18.0},{"not_picked":["stsjorbsmod:DisguiseSelf+1","stsjorbsmod:MistyStep"],"picked":"stsjorbsmod:ScorchingRay+1","floor":19.0},{"not_picked":["stsjorbsmod:Index+1","stsjorbsmod:MagicMirror"],"picked":"stsjorbsmod:Prepare+1","floor":20.0},{"not_picked":["stsjorbsmod:Channel","stsjorbsmod:DisguiseSelf"],"picked":"stsjorbsmod:FindFamiliar","floor":22.0},{"not_picked":["stsjorbsmod:Introspection","stsjorbsmod:ParryingBlow+1"],"picked":"stsjorbsmod:MagicMissiles","floor":24.0},{"not_picked":["stsjorbsmod:Firebolt","stsjorbsmod:FracturedMind+1"],"picked":"stsjorbsmod:Channel+1","floor":27.0},{"not_picked":["stsjorbsmod:ChainLightning","stsjorbsmod:Message+1"],"picked":"stsjorbsmod:Mending","floor":29.0},{"not_picked":["stsjorbsmod:LoseGrip","stsjorbsmod:Index"],"picked":"stsjorbsmod:Entangle","floor":31.0},{"not_picked":["stsjorbsmod:DeathThroes","stsjorbsmod:Pyromancy"],"picked":"stsjorbsmod:SiphonEnergy","floor":33.0},{"not_picked":[],"picked":"stsjorbsmod:RayOfFrost","floor":35.0},{"not_picked":[],"picked":"stsjorbsmod:Prestidigitation","floor":36.0},{"not_picked":[],"picked":"Jack Of All Trades","floor":37.0},{"not_picked":[],"picked":"Finesse","floor":37.0},{"not_picked":[],"picked":"Good Instincts","floor":37.0},{"not_picked":[],"picked":"stsjorbsmod:DoubleCheck","floor":40.0},{"not_picked":[],"picked":"stsjorbsmod:BlackTentacles","floor":41.0},{"not_picked":[],"picked":"stsjorbsmod:Rest+1","floor":44.0},{"not_picked":[],"picked":"stsjorbsmod:SchoolsOfMagic","floor":45},{"not_picked":[],"picked":"stsjorbsmod:Thorns+1","floor":46},{"not_picked":[],"picked":"stsjorbsmod:MageArmor+1","floor":47},{"not_picked":[],"picked":"stsjorbsmod:FracturedMind+1","floor":48},{"not_picked":[],"picked":"stsjorbsmod:WanderingMind+1","floor":54}],"player_experience":807104,"relics_obtained":[{"floor":8.0,"key":"HornCleat"},{"floor":9.0,"key":"Ornamental Fan"},{"floor":11.0,"key":"Ginger"},{"floor":12.0,"key":"theSenshi:FeatherClipsRelic"},{"floor":17.0,"key":"Centennial Puzzle"},{"floor":17.0,"key":"stsjorbsmod:MindGlassRelic"},{"floor":17.0,"key":"Du-Vu Doll"},{"floor":24.0,"key":"Gambling Chip"},{"floor":26.0,"key":"White Beast Statue"},{"floor":28.0,"key":"CaptainsWheel"},{"floor":29.0,"key":"PreservedInsect"},{"floor":31.0,"key":"Thread and Needle"},{"floor":36.0,"key":"StoneCalendar"},{"floor":40.0,"key":"Ancient Tea Set"},{"floor":43.0,"key":"StrikeDummy"},{"floor":44.0,"key":"Molten Egg 2"},{"floor":46,"key":"Turnip"},{"floor":48,"key":"Mummified Hand"},{"floor":54,"key":"construct:RocketBooster"}],"event_choices":[{"damage_healed":0.0,"max_hp_gain":0.0,"max_hp_loss":0.0,"gold_gain":0.0,"event_name":"Golden Idol","player_choice":"Take Wound","floor":3.0,"gold_loss":0.0,"damage_taken":0.0,"relics_obtained":["Golden Idol"],"cards_obtained":["Injury"]},{"damage_healed":0.0,"max_hp_gain":0.0,"max_hp_loss":0.0,"gold_gain":0.0,"event_name":"Wheel of Change","player_choice":"Relic","floor":12.0,"gold_loss":0.0,"damage_taken":0.0},{"damage_healed":0.0,"max_hp_gain":0.0,"max_hp_loss":0.0,"gold_gain":0.0,"cards_transformed":["stsjorbsmod:Strike_Wanderer","stsjorbsmod:Defend_Wanderer"],"event_name":"Drug Dealer","player_choice":"Became Test Subject","floor":21.0,"gold_loss":0.0,"damage_taken":0.0,"cards_obtained":["stsjorbsmod:WanderingMind","stsjorbsmod:SiphonEnergy"]},{"damage_healed":0.0,"max_hp_gain":0.0,"max_hp_loss":0.0,"gold_gain":0.0,"event_name":"Mysterious Sphere","player_choice":"Fight","floor":36.0,"gold_loss":0.0,"damage_taken":0.0},{"damage_healed":0.0,"max_hp_gain":0.0,"max_hp_loss":0.0,"gold_gain":0.0,"event_name":"SensoryStone","player_choice":"Memory 3","floor":37.0,"gold_loss":0.0,"damage_taken":10.0},{"damage_healed":0.0,"max_hp_gain":0.0,"max_hp_loss":0.0,"gold_gain":0.0,"event_name":"Duplicator","player_choice":"Copied","floor":42.0,"gold_loss":0.0,"damage_taken":0.0,"cards_obtained":["stsjorbsmod:EyeOfTheStorm"]}],"is_beta":false,"boss_relics":[{"not_picked":["Tiny House","Runic Pyramid"],"picked":"Calling Bell"},{"not_picked":["Runic Dome","Runesmith:UraniumAnvil"],"picked":"Busted Crown"}],"items_purged_floors":[],"is_endless":false,"potions_floor_spawned":[4,14,24,27,29,31,33,35,36,40,41,44,45,46,47,48,54],"ascension_level":1}}