{"host":"lp8gi2x5rrw4z3b7","time":1611799482,"event":{"mods":["AchievementEnabler","BaseMod","Colored Map","Downfall","Minty Spire (QoL Compilation)","Quick Restart","Rare Cards Sparkle","StSLib"],"gold_per_floor":[99,110,127,112,123,152,177,194,179,79,79,109,109,144,158,260,260,160,174,174,188,188,222,222,269,280,298,398,298,312,134,147,243,243,243,256,156,226,243,243,243,293,293,319,332,482,508,521,534,534,534,561,60,60,60,60,60],"floor_reached":55,"language":"ENG","playtime":8535,"items_purged":["champ:Strike","champ:Defend","champ:Strike"],"score":919,"play_id":"b10b61dd-992c-44b4-90b8-541706eb66e6","local_time":"20210127210442","is_ascension_mode":false,"campfire_choices":[{"floor":1.0,"key":"RECALL"},{"data":"champ:Endure","floor":10.0,"key":"SMITH"},{"data":"champ:GutPunch","floor":18.0,"key":"SMITH"},{"data":"champ:ArenaPreparation","floor":29.0,"key":"SMITH"},{"data":"champ:BerserkersShout","floor":35.0,"key":"SMITH"},{"data":"champ:EndlessRage","floor":40.0,"key":"SMITH"},{"data":"champ:Execute","floor":43.0,"key":"SMITH"},{"floor":54,"key":"REST"}],"circlet_count":0,"master_deck":["champ:Defend","champ:Defend","champ:Defend","champ:Execute+1","champ:Taunt","champ:Endure","champ:GutPunch+1","champ:RecklessLeap","champ:PerfectedStrike","champ:FocusedDefense","champ:BerserkersShout+1","champ:Endure+1","champ:Haymaker+1","champ:HeavySlash+1","champ:CrookedStrike+1","champ:SwordThrow+1","CurseOfTheBell","champ:EnragedBash+1","champ:PerfectedStrike+1","champ:Backstep+1","champ:ArenaPreparation+1","RitualDagger+1","champ:MurderStrike+1","champ:GutPunch+1","champ:FaceSlap+1","champ:FocusedBerserking+1","champ:EnragedBash+1","champ:Shatter+1","expansioncontent:DashGenerateEvil+1","champ:MurderStrike+1","champ:VampiricStrike+1","champ:ArenaPreparation+1","champ:ArenaPreparation+1","champ:FocusedBerserking+1","champ:EndlessRage+1","champ:HeartStrike+1","champ:FaceSlap+1","champ:Improvising","champ:ViciousMockery","champ:Taunt","champ:StanceDance","champ:FocusedBerserking","champ:UltimateStance","Bandage Up"],"relics":["Philosopher\u0027s Stone","Lantern","Bronze Scales","downfall:HeartBlessingRed","Molten Egg 2","TungstenRod","Calling Bell","Blood Vial","Letter Opener","Prayer Wheel","downfall:HeartBlessingGreen","Enchiridion","Omamori","Dream Catcher","downfall:CloakOfManyFaces","CultistMask","FaceOfCleric","NlothsMask","GremlinMask","SsserpentHead","downfall:HeartBlessingBlue","Gremlin Horn","Empty Cage","Strawberry","downfall:GremlinSack","Boot","Sundial","Pantograph"],"acts_visited":["Exordium","TheCity","TheBeyond","TheEnding"],"potions_floor_usage":[50,55,55],"damage_taken":[{"damage":20.0,"enemies":"Cultist","floor":2.0,"turns":4.0},{"damage":10.0,"enemies":"2 Louse","floor":3.0,"turns":2.0},{"damage":25.0,"enemies":"downfall:FleeingMerchant","floor":4.0,"turns":4.0},{"damage":15.0,"enemies":"Jaw Worm","floor":5.0,"turns":3.0},{"damage":39.0,"enemies":"Lagavulin","floor":6.0,"turns":6.0},{"damage":0.0,"enemies":"Blue Slaver","floor":8.0,"turns":2.0},{"damage":55.0,"enemies":"downfall:FleeingMerchant","floor":9.0,"turns":4.0},{"damage":30.0,"enemies":"3 Sentries","floor":12.0,"turns":4.0},{"damage":48.0,"enemies":"Lagavulin","floor":14.0,"turns":5.0},{"damage":25.0,"enemies":"Gremlin Gang","floor":15.0,"turns":3.0},{"damage":36.0,"enemies":"IC_STATUS_ARCHETYPE","floor":16.0,"turns":7.0},{"damage":23.0,"enemies":"Spheric Guardian","floor":19.0,"turns":3.0},{"damage":14.0,"enemies":"Snecko","floor":21.0,"turns":3.0},{"damage":35.0,"enemies":"Slavers","floor":23.0,"turns":4.0},{"damage":36.0,"enemies":"Centurion and Healer","floor":26.0,"turns":4.0},{"damage":24.0,"enemies":"Cultist and Chosen","floor":27.0,"turns":4.0},{"damage":36.0,"enemies":"downfall:FaceTrader","floor":28.0,"turns":5.0},{"damage":12.0,"enemies":"Shelled Parasite and Fungi","floor":30.0,"turns":3.0},{"damage":19.0,"enemies":"downfall:FleeingMerchant","floor":31.0,"turns":3.0},{"damage":26.0,"enemies":"3 Cultists","floor":32.0,"turns":3.0},{"damage":110.0,"enemies":"DF_ARCHETYPE_CLAW","floor":33.0,"turns":7.0},{"damage":12.0,"enemies":"3 Darklings","floor":36.0,"turns":2.0},{"damage":21.0,"enemies":"3 Shapes","floor":38.0,"turns":2.0},{"damage":76.0,"enemies":"Transient","floor":39.0,"turns":5.0},{"damage":56.0,"enemies":"Reptomancer","floor":44.0,"turns":5.0},{"damage":46.0,"enemies":"Maw","floor":45.0,"turns":5.0},{"damage":44.0,"enemies":"Maw","floor":46.0,"turns":2.0},{"damage":32.0,"enemies":"Nemesis","floor":47.0,"turns":3.0},{"damage":32.0,"enemies":"Jaw Worm Horde","floor":48.0,"turns":2.0},{"damage":4.0,"enemies":"Spire Growth","floor":49.0,"turns":2.0},{"damage":125,"enemies":"WA_ARCHETYPE_DIVINITY","floor":50,"turns":7},{"damage":181,"enemies":"downfall:CharBossMerchant","floor":52,"turns":8},{"damage":306,"enemies":"downfall:NeowBoss","floor":55,"turns":11}],"seed_played":"5302636395831029324","potions_obtained":[{"floor":2.0,"key":"Energy Potion"},{"floor":8.0,"key":"Fire Potion"},{"floor":14.0,"key":"AttackPotion"},{"floor":15.0,"key":"Fruit Juice"},{"floor":16.0,"key":"Strength Potion"},{"floor":22.0,"key":"CultistPotion"},{"floor":26.0,"key":"Dexterity Potion"},{"floor":28.0,"key":"GamblersBrew"},{"floor":30.0,"key":"champ:OpenerPotion"},{"floor":33.0,"key":"Fire Potion"},{"floor":36.0,"key":"champ:CounterPotion"},{"floor":46.0,"key":"champ:CounterPotion"},{"floor":48.0,"key":"Fire Potion"}],"is_trial":false,"path_per_floor":["R","M","M","$","M","E","T","M","$","R","?","E","?","E","M","B",null,"R","M","?","M","?","E","T","T","M","M","?","R","M","$","M","B",null,"R","M","$","M","M","R","T","?","R","E","M","?","E","M","M","B",null,"E","$","R","B"],"character_chosen":"THE_CHAMP","items_purchased":["expansioncontent:DashGenerateEvil+1","Gremlin Horn","Pantograph","PowerPotion","Ancient Potion"],"campfire_rested":1,"item_purchase_floors":[31,31,53,53,53],"current_hp_per_floor":[90,90,90,85,85,76,76,76,66,66,66,66,66,53,63,47,95,95,95,80,83,83,75,75,75,81,89,85,95,101,105,108,89,109,109,110,110,108,112,112,112,112,112,99,111,122,123,97,101,47,126,40,40,78,0,0,0],"gold":60,"neow_bonus":"BOSS_RELIC","is_daily":false,"chose_seed":false,"campfire_upgraded":6,"win_rate":0.0,"timestamp":1611799482,"path_taken":["R","M","?","$","?","E","T","?","$","R","?","E","?","E","M","BOSS","R","M","?","M","?","E","T","?","M","?","?","R","M","$","M","BOSS","R","M","$","?","M","R","T","?","R","E","M","?","E","M","M","BOSS","E","$","R","BOSS"],"items_purchased_type":["Card","Relic","Relic","Potion","Potion"],"build_version":"2020-12-22","purchased_purges":3,"victory":false,"max_hp_per_floor":[90,90,90,90,90,90,90,90,90,90,90,90,90,90,95,95,95,95,95,95,95,95,95,95,95,95,95,95,105,106,107,108,109,109,109,110,110,111,112,112,112,112,112,120,121,122,123,124,125,126,126,127,127,127,127,127,127],"card_choices":[{"not_picked":["champ:GladiatorStyle","champ:RapidStrikes"],"picked":"champ:Endure","floor":2.0},{"not_picked":["champ:FalseCounter","champ:FanOfKnives"],"picked":"champ:GutPunch","floor":3.0},{"not_picked":["champ:BerserkersShout","champ:AdrenalArmor"],"picked":"champ:RecklessLeap","floor":4.0},{"not_picked":["champ:Improvising","champ:PreemptiveStrike"],"picked":"champ:PerfectedStrike","floor":5.0},{"not_picked":["champ:PreciseThrust","champ:FalseCounter"],"picked":"champ:FocusedDefense","floor":6.0},{"not_picked":["champ:Haymaker","champ:Circumvent"],"picked":"champ:BerserkersShout","floor":8.0},{"not_picked":["champ:DefensiveShout","champ:BringItOn"],"picked":"champ:Endure","floor":9.0},{"not_picked":["champ:PreemptiveStrike+1","champ:ShieldSlam"],"picked":"champ:Haymaker+1","floor":12.0},{"not_picked":["champ:BerserkersShout","champ:Lariat"],"picked":"champ:HeavySlash+1","floor":14.0},{"not_picked":["champ:BringItOn","champ:Backstep"],"picked":"champ:CrookedStrike+1","floor":15.0},{"not_picked":["champ:Improvising","champ:StrikeOfGenius"],"picked":"champ:SwordThrow+1","floor":16.0},{"not_picked":["champ:EnGarde+1","champ:ShieldSlam"],"picked":"champ:EnragedBash+1","floor":19.0},{"not_picked":["champ:Backstep","champ:FanOfKnives+1"],"picked":"champ:PerfectedStrike+1","floor":19.0},{"not_picked":["champ:FanOfKnives+1","champ:BladeFlurry+1"],"picked":"champ:Backstep+1","floor":21.0},{"not_picked":["champ:SkillfulDodge","champ:BerserkersShout+1"],"picked":"champ:ArenaPreparation","floor":21.0},{"not_picked":["champ:PreemptiveStrike+1","champ:Backstep"],"picked":"champ:MurderStrike+1","floor":23.0},{"not_picked":["champ:RapidStrikes+1","champ:CrookedStrike+1"],"picked":"champ:GutPunch+1","floor":26.0},{"not_picked":["champ:PerfectedStrike+1","champ:GutPunch+1"],"picked":"champ:FaceSlap+1","floor":26.0},{"not_picked":["champ:GutPunch+1","champ:DeathBlow+1"],"picked":"champ:FocusedBerserking+1","floor":27.0},{"not_picked":["champ:ShieldThrow+1","champ:PerfectedStrike+1","champ:Circumvent"],"picked":"SKIP","floor":27.0},{"not_picked":["champ:Backstep","champ:EnGarde"],"picked":"champ:EnragedBash+1","floor":28.0},{"not_picked":["champ:RapidStrikes+1","champ:Parry"],"picked":"champ:Shatter+1","floor":30.0},{"not_picked":["champ:IronFortress","champ:FalseCounter","champ:EnGarde+1"],"picked":"SKIP","floor":30.0},{"not_picked":["champ:BerserkersShout","champ:FocusedDefense","champ:DeathBlow+1"],"picked":"SKIP","floor":31.0},{"not_picked":["champ:PreemptiveStrike+1","champ:TornadoPunch+1"],"picked":"champ:MurderStrike+1","floor":32.0},{"not_picked":["champ:TornadoPunch+1","champ:CalledShot","champ:Circumvent+1"],"picked":"SKIP","floor":32.0},{"not_picked":["champ:HeavySlash+1","champ:SwordThrow+1"],"picked":"champ:VampiricStrike+1","floor":33.0},{"not_picked":["champ:Shatter+1","champ:FanOfKnives+1"],"picked":"champ:ArenaPreparation+1","floor":36.0},{"not_picked":["champ:HeartStrike+1","champ:FlashCut+1"],"picked":"champ:ArenaPreparation+1","floor":36.0},{"not_picked":["champ:ShieldWall","champ:TornadoPunch+1"],"picked":"champ:FocusedBerserking+1","floor":38.0},{"not_picked":["champ:DefensiveShout","champ:Backstep"],"picked":"champ:EndlessRage","floor":38.0},{"not_picked":["champ:PerfectedStrike+1","champ:BerserkersShout"],"picked":"champ:HeartStrike+1","floor":39.0},{"not_picked":["champ:PreemptiveStrike+1","champ:Circumvent+1","champ:CrownThrow+1"],"picked":"SKIP","floor":39.0},{"not_picked":["champ:EndlessRage","champ:FalseCounter+1"],"picked":"champ:FaceSlap+1","floor":44.0},{"not_picked":["champ:StanceDance+1","champ:TornadoPunch+1"],"picked":"champ:Improvising","floor":45.0},{"not_picked":["champ:BerserkersShout","champ:DefensiveShout+1","champ:BerserkerStyle"],"picked":"SKIP","floor":45.0},{"not_picked":["champ:FalseCounter+1","champ:RecklessLeap+1"],"picked":"champ:ViciousMockery","floor":46.0},{"not_picked":["champ:GladiatorStyle","champ:Encircle+1","champ:Haymaker+1"],"picked":"SKIP","floor":47.0},{"not_picked":["champ:FanOfKnives+1","champ:EnragedBash+1","champ:SkillfulDodge"],"picked":"SKIP","floor":48.0},{"not_picked":["champ:GutPunch+1","champ:Backstep","champ:Parry"],"picked":"SKIP","floor":48.0},{"not_picked":["champ:BladeFlurry+1","champ:DeathBlow+1","champ:FanOfKnives+1"],"picked":"SKIP","floor":49.0},{"not_picked":["champ:BerserkerStyle","champ:EndlessRage","champ:Circumvent"],"picked":"SKIP","floor":49.0},{"not_picked":["champ:Circumvent","champ:EnGarde","champ:TornadoPunch+1"],"picked":"SKIP","floor":52}],"player_experience":932747,"relics_obtained":[{"floor":6.0,"key":"Lantern"},{"floor":7.0,"key":"Bronze Scales"},{"floor":12.0,"key":"Molten Egg 2"},{"floor":14.0,"key":"TungstenRod"},{"floor":17.0,"key":"Blood Vial"},{"floor":17.0,"key":"Letter Opener"},{"floor":17.0,"key":"Prayer Wheel"},{"floor":20.0,"key":"Enchiridion"},{"floor":23.0,"key":"Omamori"},{"floor":25.0,"key":"Dream Catcher"},{"floor":28.0,"key":"downfall:CloakOfManyFaces"},{"floor":44.0,"key":"Strawberry"},{"floor":46.0,"key":"downfall:GremlinSack"},{"floor":47.0,"key":"Boot"},{"floor":52,"key":"Sundial"}],"event_choices":[],"is_beta":false,"boss_relics":[{"not_picked":["Runic Dome","SlaversCollar"],"picked":"Calling Bell"},{"not_picked":["Snecko Eye","Sozu"],"picked":"Empty Cage"}],"items_purged_floors":[31,37,53],"is_endless":false,"potions_floor_spawned":[2,8,14,15,16,26,28,30,32,33,36,38,46,48],"killed_by":"downfall:NeowBoss","ascension_level":0}}