{"host":"oz0i1fpezyhy8r2h","time":1611842075,"event":{"mods":["ATMod(°¢èªMod)","Act Like it!","Arknights The Spire","BaseMod","KinomotoSakuraMod(Ä¾Ö®±¾Ó£)","Minty Spire (QoL Compilation)","Reimu£¨²©ÀöÁéÃÎ£©","Remilia£¨ÀÙÃ×ÀòÑÇ£©","StSLib","The Bug Knight","¡¾ÒÅÎï¿¨ÅÆ¡¿REMEMod"],"gold_per_floor":[361,375,375,325,285,285,320,98,98,125,144,155,155,190,190,294,294,312,55,67,166,166,166,206,225,225,265,280,240,61,95,95,208,208,219,219,235,110,110,135,154,170,197,255,397,98,145,246,246,296,296,296,50,129,154],"floor_reached":56,"language":"ZHS","playtime":2313,"items_purged":["ClowCardTheShield","ClowCardTheSword","ClowCardTheShield","ClowCardTheLock","ClowCardTheShield"],"score":1679,"play_id":"fa98f424-b804-4414-9570-df645fb09d9c","local_time":"20210128215435","is_ascension_mode":true,"campfire_choices":[{"data":"SpellCardSeal","floor":6.0,"key":"SMITH"},{"data":"ClowCardTheArrow","floor":13.0,"key":"SMITH"},{"data":"ClowCardTheFlower","floor":15.0,"key":"SMITH"},{"data":"ClowCardTheDash","floor":23.0,"key":"SMITH"},{"data":"ClowCardTheDash","floor":32,"key":"SMITH"},{"floor":49,"key":"RECALL"},{"data":"ClowCardTheLoop","floor":52,"key":"SMITH"}],"circlet_count":0,"master_deck":["SakuraCardThePower+","ClowCardTheSword","ClowCardTheSword","ClowCardTheShield","SpellCardSeal+1","SpellCardRelease","ClowCardTheArrow+1","ClowCardTheTwin","ClowCardTheFlower+1","ClowCardTheDash+1","ClowCardTheDash+1","ClowCardTheFly+1","ClowCardTheLoop+1","ClowCardTheBubbles"],"relics":["KSMOD_SealedBook","KSMOD_SealedWand","AT_ATBox","REME_ComplimentaryCards","PaintedHorse:ReiMu","KSMOD_RollerSkates","AT_BladeRuinedKing","AT_DeathDance","HollowMod:PaleOreRelic","Mango","AT_TrinityForce","CeramicFish","RuthlessExorcism:ReiMu","ZunR:ReiMu","AT_SeraphEmbrace","Ornamental Fan","Coffee Dripper","Blue Candle","Bottled Flame","Oddly Smooth Stone","KSMOD_TouyasBicycle","AT_MibuBalloonWealth","REME_HourglassOfDeath","AT_BellDemon","AT_RabadonDeathcap","AT_ForceNature","KSMOD_Cerberus","Lantern","Blood Vial","Unceasing Top"],"acts_visited":["Exordium","TheCity","TheBeyond","TheEnding"],"potions_floor_usage":[40,55,55,55,55],"damage_taken":[{"damage":7.0,"enemies":"Jaw Worm","floor":1.0,"turns":4.0},{"damage":2.0,"enemies":"2 Louse","floor":2.0,"turns":2.0},{"damage":26.0,"enemies":"Lagavulin","floor":7.0,"turns":7.0},{"damage":10.0,"enemies":"Gremlin Nob","floor":10.0,"turns":3.0},{"damage":5.0,"enemies":"Small Slimes","floor":11.0,"turns":4.0},{"damage":0.0,"enemies":"Exordium Wildlife","floor":12.0,"turns":3.0},{"damage":10.0,"enemies":"3 Sentries","floor":14.0,"turns":4.0},{"damage":4.0,"enemies":"Hexaghost","floor":16.0,"turns":3.0},{"damage":0.0,"enemies":"Spheric Guardian","floor":18.0,"turns":1.0},{"damage":0.0,"enemies":"2 Thieves","floor":20.0,"turns":1.0},{"damage":27.0,"enemies":"Slavers","floor":24.0,"turns":3.0},{"damage":0.0,"enemies":"Snake Plant","floor":25.0,"turns":1.0},{"damage":0.0,"enemies":"Gremlin Leader","floor":27.0,"turns":2.0},{"damage":0.0,"enemies":"Snecko","floor":28.0,"turns":1.0},{"damage":0.0,"enemies":"Slavers","floor":31.0,"turns":1.0},{"damage":2,"enemies":"Champ","floor":33,"turns":4},{"damage":4,"enemies":"3 Shapes","floor":35,"turns":2},{"damage":0,"enemies":"3 Darklings","floor":37,"turns":1},{"damage":0,"enemies":"Reptomancer","floor":40,"turns":2},{"damage":0,"enemies":"4 Shapes","floor":41,"turns":4},{"damage":0,"enemies":"Sphere and 2 Shapes","floor":42,"turns":3},{"damage":0,"enemies":"Giant Head","floor":44,"turns":2},{"damage":0,"enemies":"3 Darklings","floor":45,"turns":1},{"damage":0,"enemies":"Maw","floor":47,"turns":1},{"damage":0,"enemies":"Reptomancer","floor":48,"turns":1},{"damage":23,"enemies":"Donu and Deca","floor":50,"turns":2},{"damage":0,"enemies":"Shield and Spear","floor":54,"turns":2},{"damage":10,"enemies":"The Heart","floor":55,"turns":3}],"seed_played":"24005588306093765","potions_obtained":[{"floor":2.0,"key":"SpeedPotion"},{"floor":7.0,"key":"KSMOD_MagickBottle"},{"floor":10.0,"key":"BlessingOfTheForge"},{"floor":37,"key":"EntropicBrew"},{"floor":40,"key":"Fruit Juice"},{"floor":42,"key":"PowerPotion"},{"floor":44,"key":"SteroidPotion"}],"is_trial":false,"path_per_floor":["M","M","?","?","?","R","E","$","T","E","M","M","R","E","R","B",null,"M","$","M","?","?","R","E","M","T","E","M","?","$","E","R","B",null,"M","?","M","$","?","E","M","M","T","E","M","$","M","E","R","B",null,"R","$","E","B",null],"character_chosen":"KINOMOTOSAKURA","items_purchased":["AT_BladeRuinedKing","ClowCardTheDash","AT_ArchangelStaff","ClowCardTheLoop","AT_BellDemon","ClowCardTheBubbles"],"campfire_rested":0,"item_purchase_floors":[8,19,30,30,46,53],"current_hp_per_floor":[63,61,66,66,66,66,40,40,40,30,25,25,25,29,29,25,89,89,89,89,89,80,80,53,53,53,53,53,53,53,53,53,51,94,90,90,90,90,90,95,95,95,95,95,95,95,95,95,95,72,99,99,99,99,89],"gold":154,"neow_bonus":"TWO_FIFTY_GOLD","is_daily":false,"chose_seed":false,"campfire_upgraded":6,"win_rate":0.0,"timestamp":1611842075,"path_taken":["M","M","?","?","?","R","E","$","T","E","?","M","R","E","R","BOSS","M","$","M","?","?","R","E","M","T","E","M","?","$","E","R","BOSS","M","?","M","$","?","E","M","?","T","E","M","$","M","E","R","BOSS","R","$","E","BOSS"],"items_purchased_type":["Relic","Card","Relic","Card","Relic","Card"],"build_version":"2020-12-22","purchased_purges":5,"victory":true,"max_hp_per_floor":[70,70,75,75,75,75,75,75,75,75,75,75,75,89,89,89,89,89,89,89,89,94,94,94,94,94,94,94,94,94,94,94,94,94,94,94,94,94,94,99,99,99,99,99,99,99,99,99,99,99,99,99,99,99,99],"card_choices":[{"not_picked":["ClowCardTheSand","ClowCardTheMove","ClowCardTheWindy"],"picked":"SKIP","floor":1.0},{"not_picked":["ClowCardTheRain","ClowCardTheFirey"],"picked":"ClowCardTheLock","floor":2.0},{"not_picked":["ClowCardTheSweet","ClowCardTheDream"],"picked":"ClowCardTheArrow","floor":7.0},{"not_picked":["ClowCardTheDream","ClowCardTheVoice"],"picked":"ClowCardThePower","floor":10.0},{"not_picked":["ClowCardTheChange","ClowCardTheDream"],"picked":"ClowCardTheTwin","floor":11.0},{"not_picked":["ClowCardTheMist","ClowCardTheDream","ClowCardTheLibra"],"picked":"SKIP","floor":12.0},{"not_picked":["ClowCardTheReturn","ClowCardTheSand"],"picked":"ClowCardTheFlower","floor":14.0},{"not_picked":["ClowCardTheDark","ClowCardTheThunder"],"picked":"ClowCardTheCreate","floor":16.0},{"not_picked":["ClowCardTheGlow+1","ClowCardTheIllusion","ClowCardTheShadow"],"picked":"SKIP","floor":18.0},{"not_picked":["ClowCardTheMaze","ClowCardTheWindy","ClowCardTheMirror"],"picked":"SKIP","floor":20.0},{"not_picked":["ClowCardTheGlow","ClowCardTheLibra"],"picked":"ClowCardTheDash","floor":24.0},{"not_picked":["ClowCardTheCloud","ClowCardTheShadow","ClowCardTheFloat+1"],"picked":"SKIP","floor":25.0},{"not_picked":["ClowCardTheRain","ClowCardTheLoop"],"picked":"ClowCardTheFly+1","floor":27.0},{"not_picked":["ClowCardTheSnow","ClowCardTheWatery+1","ClowCardTheBubbles"],"picked":"SKIP","floor":28.0},{"not_picked":["ClowCardTheMove","ClowCardTheErase","ClowCardTheLittle"],"picked":"SKIP","floor":31},{"not_picked":["ClowCardTheDash","ClowCardTheThrough"],"picked":"ClowCardTheCreate","floor":33},{"not_picked":["ClowCardTheRain+1","ClowCardTheEarthy+1","ClowCardTheLock"],"picked":"SKIP","floor":35},{"not_picked":["ClowCardTheErase+1","ClowCardTheLittle","ClowCardTheMirror"],"picked":"SKIP","floor":37},{"not_picked":["ClowCardTheWood","ClowCardTheMist+1","ClowCardTheTime"],"picked":"SKIP","floor":40},{"not_picked":["ClowCardTheGlow","ClowCardTheArrow","ClowCardTheCloud"],"picked":"SKIP","floor":41},{"not_picked":["ClowCardTheMaze+1","ClowCardTheWood","ClowCardTheFlower"],"picked":"SKIP","floor":42},{"not_picked":["ClowCardTheWood+1","ClowCardTheCloud+1","ClowCardTheMirror"],"picked":"SKIP","floor":44},{"not_picked":["ClowCardTheErase","ClowCardTheMist","ClowCardThePower+1"],"picked":"SKIP","floor":45},{"not_picked":["ClowCardTheArrow+1","ClowCardTheDream"],"picked":"ClowCardTheCreate","floor":47},{"not_picked":["ClowCardTheMirror+1","ClowCardTheWatery+1","ClowCardTheWave"],"picked":"SKIP","floor":48},{"not_picked":["ClowCardTheDream+1","ClowCardTheChange+1","ClowCardTheBig+1"],"picked":"SKIP","floor":54}],"player_experience":177095,"relics_obtained":[{"floor":7.0,"key":"KSMOD_RollerSkates"},{"floor":9.0,"key":"AT_DeathDance"},{"floor":10.0,"key":"HollowMod:PaleOreRelic"},{"floor":14.0,"key":"Mango"},{"floor":24.0,"key":"CeramicFish"},{"floor":27.0,"key":"RuthlessExorcism:ReiMu"},{"floor":31,"key":"Ornamental Fan"},{"floor":35,"key":"Blue Candle"},{"floor":40,"key":"Bottled Flame"},{"floor":42,"key":"Oddly Smooth Stone"},{"floor":42,"key":"KSMOD_TouyasBicycle"},{"floor":43,"key":"AT_MibuBalloonWealth"},{"floor":44,"key":"REME_HourglassOfDeath"},{"floor":47,"key":"AT_RabadonDeathcap"},{"floor":48,"key":"AT_ForceNature"},{"floor":48,"key":"KSMOD_Cerberus"},{"floor":54,"key":"Lantern"},{"floor":54,"key":"Blood Vial"},{"floor":54,"key":"Unceasing Top"}],"event_choices":[{"damage_healed":0.0,"max_hp_gain":5.0,"max_hp_loss":0.0,"gold_gain":0.0,"event_name":"Big Fish","player_choice":"Donut","floor":3.0,"gold_loss":0.0,"damage_taken":0.0},{"cards_removed":["Shame"],"damage_healed":0.0,"max_hp_gain":0.0,"max_hp_loss":0.0,"gold_gain":0.0,"event_name":"The Cleric","player_choice":"Card Removal","floor":4.0,"gold_loss":50.0,"damage_taken":0.0},{"damage_healed":0.0,"max_hp_gain":0.0,"max_hp_loss":0.0,"gold_gain":0.0,"event_name":"yidonshenshe","player_choice":"ÈûÇ®","floor":5.0,"gold_loss":40.0,"damage_taken":0.0,"relics_obtained":["PaintedHorse:ReiMu"]},{"damage_healed":0.0,"max_hp_gain":0.0,"max_hp_loss":0.0,"gold_gain":99.0,"event_name":"Nest","player_choice":"Stole From Cult","floor":21.0,"gold_loss":0.0,"damage_taken":0.0},{"damage_healed":0.0,"max_hp_gain":5.0,"max_hp_loss":0.0,"gold_gain":0.0,"event_name":"Forgotten Altar","player_choice":"Shed Blood","floor":22.0,"gold_loss":0.0,"damage_taken":22.0},{"damage_healed":0.0,"max_hp_gain":0.0,"max_hp_loss":0.0,"gold_gain":0.0,"event_name":"ZunEvent","player_choice":"¹ºÂòÉñ¾Æ","floor":29.0,"gold_loss":40.0,"damage_taken":0.0,"relics_obtained":["ZunR:ReiMu"]},{"damage_healed":0,"gold_gain":0,"player_choice":"Ignored","damage_taken":0,"max_hp_gain":0,"max_hp_loss":0,"event_name":"Tomb of Lord Red Mask","floor":36,"gold_loss":0},{"cards_removed":["ClowCardTheSword"],"damage_healed":0,"gold_gain":0,"player_choice":"Removed Attack","damage_taken":0,"max_hp_gain":0,"max_hp_loss":0,"event_name":"Falling","floor":39,"gold_loss":0}],"is_beta":false,"boss_relics":[{"not_picked":["SacredBark","REME_DemonsWealth"],"picked":"AT_TrinityForce"},{"not_picked":["SlaversCollar","Runic Pyramid"],"picked":"Coffee Dripper"}],"items_purged_floors":[8,19,38,46,53],"is_endless":false,"potions_floor_spawned":[2,7,10,16,20,24,33,37,40,42,44],"ascension_level":2}}