{"host":"dlqyscxstsnu98l1","time":1611820303,"event":{"mods":["AchievementEnabler","BaseMod","Bestiary","Colored Map","Colored Powertips","Conspire","Downfall","GifTheSpireLib","Highlight Path","Minty Spire (QoL Compilation)","Random Character Button","Replay The Spire","SacredBarkPlus","StSLib","everything is the same but u backflip on backflip"],"gold_per_floor":[113,131,23,23,41,66,66,83,129,129,146,146,160,185,185,288,288,303,40,40,54,54,83,83,101,101,101,116,130,130,5,5,5,5],"floor_reached":33,"language":"ENG","playtime":1454,"items_purged":["Strike_P","Strike_P","Strike_P"],"score":332,"play_id":"3eb5325e-01b7-4771-9644-fa940da6c29e","local_time":"20210128015143","is_ascension_mode":true,"campfire_choices":[{"data":"Eruption","floor":7,"key":"SMITH"},{"data":"SandsOfTime","floor":10,"key":"SMITH"},{"data":"Prostrate","floor":12,"key":"SMITH"},{"data":"Tantrum","floor":15,"key":"SMITH"},{"data":"Judgement","floor":24,"key":"SMITH"},{"data":"SandsOfTime","floor":27,"key":"SMITH"},{"data":"Worship","floor":32,"key":"SMITH"}],"circlet_count":0,"master_deck":["Defend_P","Defend_P","Defend_P","Defend_P","Eruption+1","Vigilance","Consecrate","Prostrate","Prostrate+1","TalkToTheHand","SandsOfTime+1","Prostrate","Tantrum+1","Judgement+1","Conclude+1","Brilliance","Study","SandsOfTime+1","Worship+1"],"relics":["Coffee Dripper","Bottled Lightning","Damaru","Vajra","conspire:SpecialSausage","Ancient Tea Set"],"acts_visited":["Exordium","TheCity"],"potions_floor_usage":[6,13,16,16,25,28,33],"damage_taken":[{"damage":0,"enemies":"conspire:RoseBush","floor":1,"turns":4},{"damage":2,"enemies":"Jaw Worm","floor":2,"turns":4},{"damage":0,"enemies":"Cultist","floor":5,"turns":4},{"damage":3,"enemies":"Replay:BlueRogue","floor":6,"turns":9},{"damage":1,"enemies":"3 Louse","floor":8,"turns":3},{"damage":0,"enemies":"2 Fungi Beasts","floor":11,"turns":3},{"damage":6,"enemies":"Red Slaver","floor":13,"turns":3},{"damage":0,"enemies":"Lagavulin","floor":14,"turns":3},{"damage":23,"enemies":"Hexaghost","floor":16,"turns":4},{"damage":0,"enemies":"3 Byrds","floor":18,"turns":3},{"damage":0,"enemies":"conspire:FuzzyDice","floor":21,"turns":4},{"damage":39,"enemies":"Slavers","floor":23,"turns":4},{"damage":0,"enemies":"Centurion and Healer","floor":25,"turns":3},{"damage":0,"enemies":"Snecko","floor":28,"turns":2},{"damage":28,"enemies":"conspire:HollyBat","floor":29,"turns":5},{"damage":51,"enemies":"conspire:MysteriousRune","floor":33,"turns":4}],"seed_played":"-2644248031614465517","potions_obtained":[{"floor":1,"key":"Block Potion"},{"floor":2,"key":"Regen Potion"},{"floor":11,"key":"ColorlessPotion"},{"floor":14,"key":"hexamod:SoulburnPotion"},{"floor":16,"key":"sneckomod:MuddlingPotion"},{"floor":18,"key":"Elixir"},{"floor":23,"key":"PowerPotion"},{"floor":29,"key":"StancePotion"}],"is_trial":false,"path_per_floor":["M","M","$","?","M","E","R","M","T","R","M","R","M","E","R","B",null,"M","$","?","M","?","E","R","M","T","R","M","M","?","$","R","B"],"character_chosen":"WATCHER","items_purchased":["Prostrate","Brilliance"],"campfire_rested":0,"item_purchase_floors":[3,19],"current_hp_per_floor":[72,70,70,70,70,67,67,66,66,66,66,66,60,60,60,46,72,72,72,72,72,72,33,33,33,33,33,33,5,29,29,29,0,0],"gold":5,"neow_bonus":"BOSS_RELIC","is_daily":false,"chose_seed":false,"campfire_upgraded":7,"win_rate":0.0,"timestamp":1611820303,"path_taken":["M","M","$","?","M","E","R","M","T","R","M","R","M","E","R","BOSS","M","$","?","?","?","E","R","M","T","R","M","M","?","$","R","BOSS"],"items_purchased_type":["Card","Card"],"build_version":"2020-12-22","purchased_purges":3,"victory":false,"max_hp_per_floor":[72,72,72,72,72,72,72,72,72,72,72,72,72,72,72,72,72,72,72,72,72,72,72,72,72,72,72,72,72,72,72,72,72,72],"card_choices":[{"not_picked":["Collect","FearNoEvil"],"picked":"Consecrate","floor":1},{"not_picked":["MentalFortress","Replay:ManipulateFuture","Replay:Vibes"],"picked":"SKIP","floor":2},{"not_picked":["CarveReality","Replay:Hum","SignatureMove"],"picked":"SKIP","floor":5},{"not_picked":["Replay:AtTheReady","Replay:BluntJabs"],"picked":"TalkToTheHand","floor":6},{"not_picked":["CrushJoints","BowlingBash"],"picked":"SandsOfTime","floor":8},{"not_picked":["Replay:DivineShield","Worship","Wallop"],"picked":"SKIP","floor":11},{"not_picked":["Vengeance","MasterReality"],"picked":"Prostrate","floor":13},{"not_picked":["Perseverance","PathToVictory"],"picked":"Tantrum","floor":14},{"not_picked":["Blasphemy","Alpha"],"picked":"Judgement","floor":16},{"not_picked":["ThirdEye","FollowUp"],"picked":"Conclude+1","floor":18},{"not_picked":["FearNoEvil+1","FlyingSleeves","Replay:Hum"],"picked":"SKIP","floor":21},{"not_picked":["Replay:DivineShield+1","Meditate","Replay:AtTheReady"],"picked":"SKIP","floor":23},{"not_picked":["Worship+1","ClearTheMind"],"picked":"SandsOfTime","floor":25},{"not_picked":["Evaluate+1","EmptyFist","PathToVictory"],"picked":"SKIP","floor":28},{"not_picked":["WheelKick+1","Protect+1"],"picked":"Worship","floor":29}],"player_experience":129052,"relics_obtained":[{"floor":6,"key":"Bottled Lightning"},{"floor":9,"key":"Damaru"},{"floor":14,"key":"Vajra"},{"floor":23,"key":"Ancient Tea Set"}],"event_choices":[{"damage_healed":0,"gold_gain":0,"player_choice":"Leave","damage_taken":0,"max_hp_gain":0,"max_hp_loss":0,"event_name":"conspire:Investor","floor":4,"gold_loss":0},{"damage_healed":0,"gold_gain":0,"cards_transformed":["Strike_P"],"player_choice":"Transformed","damage_taken":0,"max_hp_gain":0,"max_hp_loss":0,"event_name":"Transmorgrifier","floor":20,"gold_loss":0,"cards_obtained":["Study"]},{"damage_healed":24,"gold_gain":0,"player_choice":"Heal","damage_taken":0,"max_hp_gain":0,"max_hp_loss":0,"event_name":"The Library","floor":30,"gold_loss":0}],"is_beta":false,"boss_relics":[{"not_picked":["Fusion Hammer","SacredBark"],"picked":"conspire:SpecialSausage"}],"items_purged_floors":[3,19,31],"is_endless":false,"potions_floor_spawned":[1,2,11,14,16,18,23,29],"killed_by":"conspire:MysteriousRune","ascension_level":2}}