{"host":"ewn058xs2vaj5uc6","time":1611821909,"event":{"mods":["ATMod(??Mod)","BaseMod","BetterRewards","Colored Map","Colored Powertips","Highlight Path","Minty Spire (QoL Compilation)","Quick Restart","Reliquary","Replay The Spire","Shop Mod","StSLib","SuperFastMode","UnlockEverythingMod","??????REMEMod","????"],"gold_per_floor":[111,126,169,3,13,47,62,62,87,122,87,89998,88853,88878,87960,87960,87960],"floor_reached":16,"language":"ZHS","playtime":1545,"items_purged":["Defend_P","Strike_P"],"score":244,"play_id":"4370e514-fe7e-4fdf-aad6-8b2bcebf1efd","local_time":"20210128161829","is_ascension_mode":true,"campfire_choices":[{"floor":8.0,"key":"REST"}],"circlet_count":0,"master_deck":["AscendersBane","Strike_P","Strike_P","Strike_P+1","Defend_P","Defend_P","Defend_P+1","Eruption+1","Vigilance","AT_DarkMatter+1","Evaluate+1","Study+1","Replay:Anticipation+1","MentalFortress"],"relics":["PureWater","AT_ATBox","REME_ComplimentaryCards","NeowsBlessing","reliquary:BoilingFlask","Juzu Bracelet","Omamori","Snack Pack","Gremlin Horn","MerchantsRug","reliquary:WeakTea","reliquary:Buckler","Yang","HandDrill"],"acts_visited":["Exordium"],"potions_floor_usage":[16,16],"damage_taken":[{"damage":0.0,"enemies":"Cultist","floor":1.0,"turns":1.0},{"damage":0.0,"enemies":"Jaw Worm","floor":2.0,"turns":1.0},{"damage":0.0,"enemies":"2 Louse","floor":3.0,"turns":1.0},{"damage":8.0,"enemies":"Exordium Wildlife","floor":5.0,"turns":5.0},{"damage":31.0,"enemies":"Replay:BlueRogue","floor":6.0,"turns":4.0},{"damage":16.0,"enemies":"Blue Slaver","floor":7.0,"turns":3.0},{"damage":1.0,"enemies":"Lagavulin","floor":10.0,"turns":6.0},{"damage":0.0,"enemies":"2 Fungi Beasts","floor":12.0,"turns":3.0},{"damage":26.0,"enemies":"3 Sentries","floor":14.0,"turns":11.0},{"damage":63,"enemies":"Slime Boss","floor":16,"turns":7}],"seed_played":"-2100256243988796061","potions_obtained":[{"floor":1.0,"key":"REME_GoldPotion"},{"floor":2.0,"key":"Venom Potion"},{"floor":7.0,"key":"Energy Potion"},{"floor":14.0,"key":"Ancient Potion"}],"is_trial":false,"path_per_floor":["M","M","M","$","M","E","M","R","T","E","?","M","R","E","R_BF","B"],"character_chosen":"WATCHER","items_purchased":["Whetstone","Snack Pack","Gremlin Horn","DistilledChaos","Languid Potion","Replay:Anticipation+1","Guide Book","MerchantsRug","reliquary:Buckler","Yang","HandDrill","Regen Potion","EssenceOfSteel","MentalFortress"],"campfire_rested":1,"item_purchase_floors":[4,13,13,13,13,13,13,13,15,15,15,15,15,15],"current_hp_per_floor":[61,61,61,61,53,22,6,26,26,25,42,42,42,16,16,0,0],"gold":87960,"neow_bonus":"THREE_ENEMY_KILL","is_daily":false,"chose_seed":false,"campfire_upgraded":0,"win_rate":0.0,"timestamp":1611821909,"path_taken":["M","M","M","$","M","E","M","R","T","E","?","M","R","E","R_BF","BOSS"],"items_purchased_type":["Relic","Relic","Relic","Potion","Potion","Card","Relic","Relic","Relic","Relic","Relic","Potion","Potion","Card"],"build_version":"2020-12-22","purchased_purges":2,"victory":false,"max_hp_per_floor":[68,68,68,68,68,68,68,68,68,68,68,68,68,68,68,68,68],"card_choices":[{"not_picked":["FollowUp","CutThroughFate","ThirdEye"],"picked":"SKIP","floor":1.0},{"not_picked":["CarveReality","ClearTheMind"],"picked":"Evaluate","floor":2.0},{"not_picked":["CutThroughFate","Crescendo","Halt"],"picked":"SKIP","floor":3.0},{"not_picked":["EmptyMind","ThirdEye","Consecrate"],"picked":"SKIP","floor":5.0},{"not_picked":["Consecrate","FlyingSleeves","Sanctity"],"picked":"SKIP","floor":6.0},{"not_picked":["ThirdEye","BowlingBash","FollowUp"],"picked":"SKIP","floor":7.0},{"not_picked":["Judgement","Evaluate"],"picked":"Study","floor":10.0},{"not_picked":["REME_Repentance","FollowUp","AT_OneInchPunch"],"picked":"SKIP","floor":12.0},{"not_picked":["Replay:ManipulateFuture","BattleHymn","FollowUp"],"picked":"SKIP","floor":14.0}],"player_experience":90942,"relics_obtained":[{"floor":6.0,"key":"reliquary:BoilingFlask"},{"floor":9.0,"key":"Juzu Bracelet"},{"floor":10.0,"key":"Omamori"},{"floor":14.0,"key":"reliquary:WeakTea"}],"event_choices":[{"damage_healed":17.0,"max_hp_gain":0.0,"max_hp_loss":0.0,"gold_gain":0.0,"event_name":"The Cleric","player_choice":"Healed","floor":11.0,"gold_loss":35.0,"damage_taken":0.0}],"is_beta":false,"boss_relics":[],"items_purged_floors":[13,15],"is_endless":false,"potions_floor_spawned":[1,2,7,14],"killed_by":"Slime Boss","ascension_level":20}}