{"host":"9rmokdxh5r7c9fvy","time":1611800458,"event":{"mods":["AchievementEnabler","BaseMod","BetterRewards","Grow up Mod","Hero for Fun","Minty Spire (QoL Compilation)","Relic Filter Mod","Remove Card Discount Mod","StSLib","SuperFastMode","The Bug Knight"],"gold_per_floor":[10000012,10000025,9999325,9999338,9999338,9999338,9999338,9999338,9999362,9999362,9999381,9999381,9999381,9999381,9999381,9999479,9999479,9999496,9998972,9998983,9998983,9998523,9998554,9998554,9998554,9998554,9998566,9998578,9998689,9998726,9998757,9998769,9998883,9998945,9998977,9998999,9999025,9999037,9998373,9998400,9998410,9998445,9998470,9998485,9998494,9998506,9998522,9998532,9998532,9998532,9998532,9998532,9998080,9998107,9998107],"floor_reached":56,"language":"ENG","playtime":365,"items_purged":["Defend_Y","Defend_Y","Defend_Y","Defend_Y","Defend_Y","Strike_Y","Strike_Y+1","Strike_Y+1"],"score":1832,"play_id":"dbcfa05e-411f-4ec0-9e72-248a0e8669a5","local_time":"20210128022058","is_ascension_mode":false,"campfire_choices":[{"data":"Normal_Punch","floor":8,"key":"SMITH"},{"floor":10,"key":"RECALL"},{"data":"Strike_Y","floor":15,"key":"SMITH"},{"data":"Normal_Punch","floor":24,"key":"SMITH"},{"data":"Strike_Y","floor":27,"key":"SMITH"},{"data":"Strike_Y","floor":32,"key":"SMITH"},{"floor":49,"key":"REST"},{"floor":52,"key":"REST"}],"circlet_count":0,"master_deck":["Strike_Y+1","Strike_Y+1","Normal_Punch+1","Normal_Punch+1","Normal_Punch+1"],"relics":["Cape","Singing Bowl","Matryoshka","TheAbacus","Centennial Puzzle","SacredBark","Boot","War Paint","HandDrill","Tiny Chest","Juzu Bracelet","Frozen Eye","CeramicFish","MawBank","HornCleat","Kunai","Tiny House","Regal Pillow","Molten Egg 2","Mercury Hourglass","Sling","Ornamental Fan","Incense Burner","Strawberry","Blood Vial","Pen Nib","Toolbox","Nunchaku"],"acts_visited":["Exordium","TheCity","TheBeyond","TheEnding"],"potions_floor_usage":[],"damage_taken":[{"damage":0,"enemies":"2 Louse","floor":1,"turns":3},{"damage":0,"enemies":"Small Slimes","floor":2,"turns":3},{"damage":0,"enemies":"Cultist","floor":4,"turns":3},{"damage":0,"enemies":"3 Louse","floor":5,"turns":3},{"damage":0,"enemies":"HollowMod:MossKnight","floor":6,"turns":3},{"damage":0,"enemies":"Large Slime","floor":7,"turns":3},{"damage":0,"enemies":"Red Slaver","floor":11,"turns":3},{"damage":0,"enemies":"Exordium Thugs","floor":12,"turns":3},{"damage":0,"enemies":"Blue Slaver","floor":13,"turns":3},{"damage":0,"enemies":"Looter","floor":14,"turns":3},{"damage":0,"enemies":"The Guardian","floor":16,"turns":3},{"damage":0,"enemies":"2 Thieves","floor":18,"turns":3},{"damage":0,"enemies":"Chosen","floor":20,"turns":3},{"damage":0,"enemies":"Snake Plant","floor":21,"turns":3},{"damage":0,"enemies":"Slavers","floor":23,"turns":3},{"damage":0,"enemies":"Gremlin Leader","floor":30,"turns":3},{"damage":0,"enemies":"Shelled Parasite and Fungi","floor":31,"turns":3},{"damage":0,"enemies":"Automaton","floor":33,"turns":3},{"damage":0,"enemies":"3 Shapes","floor":35,"turns":3},{"damage":0,"enemies":"3 Darklings","floor":36,"turns":3},{"damage":0,"enemies":"4 Shapes","floor":37,"turns":3},{"damage":0,"enemies":"Nemesis","floor":40,"turns":3},{"damage":0,"enemies":"Sphere and 2 Shapes","floor":41,"turns":3},{"damage":0,"enemies":"Reptomancer","floor":42,"turns":3},{"damage":0,"enemies":"Jaw Worm Horde","floor":44,"turns":3},{"damage":0,"enemies":"Maw","floor":46,"turns":3},{"damage":0,"enemies":"Writhing Mass","floor":47,"turns":3},{"damage":0,"enemies":"Sphere and 2 Shapes","floor":48,"turns":3},{"damage":0,"enemies":"Awakened One","floor":50,"turns":3},{"damage":0,"enemies":"Shield and Spear","floor":54,"turns":3},{"damage":0,"enemies":"The Heart","floor":55,"turns":6}],"seed_played":"1257927941460466188","potions_obtained":[{"floor":1,"key":"Ancient Potion"},{"floor":11,"key":"DuplicationPotion"}],"is_trial":false,"path_per_floor":["M","M","$","M","M","E","M","R","T","R","M","M","M","M","R","B",null,"M","$","M","M","$","E","R","?","T","R","?","?","E","M","R","B",null,"M","M","M","T","$","E","M","E","T","M","?","M","M","M","R","B",null,"R","$","E","B",null],"character_chosen":"OPM","items_purchased":["Singing Bowl","Matryoshka","TheAbacus","Normal_Punch","Boot","War Paint","HandDrill","Normal_Punch","Tiny Chest","Juzu Bracelet","Frozen Eye","Molten Egg 2","Mercury Hourglass","Sling","Blood Vial","Pen Nib","Toolbox"],"campfire_rested":2,"item_purchase_floors":[3,3,3,3,19,19,19,19,22,22,22,39,39,39,53,53,53],"current_hp_per_floor":[1118,1128,1138,1148,1158,1168,1178,1188,1198,1208,1218,1228,1238,1248,1258,1268,1278,1288,1298,1308,1318,1328,1338,1348,1358,1368,1378,1388,1398,1408,1418,1428,1438,1453,1463,1473,1483,1493,1503,1513,1523,1533,1550,1560,1570,1580,1590,1600,1610,1620,1630,1640,1650,1660,1670],"gold":9998107,"neow_bonus":"TEN_PERCENT_HP_BONUS","is_daily":false,"chose_seed":false,"campfire_upgraded":5,"win_rate":0.0,"timestamp":1611800458,"path_taken":["M","M","$","M","M","E","M","R","T","R","M","M","M","M","R","BOSS","M","$","M","M","$","E","R","?","T","R","?","?","E","M","R","BOSS","M","M","M","?","$","E","M","E","T","M","?","M","M","M","R","BOSS","R","$","E","BOSS"],"items_purchased_type":["Relic","Relic","Relic","Card","Relic","Relic","Relic","Card","Relic","Relic","Relic","Relic","Relic","Relic","Relic","Relic","Relic"],"build_version":"2020-12-22","purchased_purges":8,"victory":true,"max_hp_per_floor":[1118,1128,1138,1148,1158,1168,1178,1188,1198,1208,1218,1228,1238,1248,1258,1268,1278,1288,1298,1308,1318,1328,1338,1348,1358,1368,1378,1388,1398,1408,1418,1428,1438,1453,1463,1473,1483,1493,1503,1513,1523,1533,1550,1560,1570,1580,1590,1600,1610,1620,1630,1640,1650,1660,1670],"card_choices":[{"not_picked":["Consecutive_Normal_Punch","Toss_Stone","Slap"],"picked":"SKIP","floor":1},{"not_picked":["Yawn","Hop","Slap"],"picked":"SKIP","floor":2},{"not_picked":["Do_Nothing","Yawn","Ignore"],"picked":"SKIP","floor":4},{"not_picked":["Normal_Punch","Yawn","Slap"],"picked":"SKIP","floor":5},{"not_picked":["Slap","Toss_Stone","Ignore"],"picked":"SKIP","floor":6},{"not_picked":["Do_Nothing","Side_Hop","Normal_Punch"],"picked":"SKIP","floor":7},{"not_picked":["Serious_Side_Hops","Consecutive_Normal_Punch","Hop"],"picked":"SKIP","floor":11},{"not_picked":["Hop","Ignore","Side_Hop"],"picked":"SKIP","floor":12},{"not_picked":["Ignore","Slap","Hop"],"picked":"SKIP","floor":13},{"not_picked":["Yawn","Do_Nothing","Toss_Stone"],"picked":"SKIP","floor":14},{"not_picked":["Slap","Side_Hop+1","Yawn"],"picked":"SKIP","floor":18},{"not_picked":["Consecutive_Normal_Punch","Do_Nothing","Normal_Punch"],"picked":"SKIP","floor":20},{"not_picked":["Ignore","Hop+1","Yawn"],"picked":"SKIP","floor":21},{"not_picked":["Yawn+1","Hop+1","Ignore"],"picked":"SKIP","floor":23},{"not_picked":["Normal_Punch","Toss_Stone","Wear_Disguise+1"],"picked":"SKIP","floor":30},{"not_picked":["Yawn+1","Hop","Consecutive_Normal_Punch"],"picked":"SKIP","floor":31},{"not_picked":["Ignore+1","Normal_Punch+1","Slap+1"],"picked":"SKIP","floor":35},{"not_picked":["Side_Hop","Yawn","Hop+1"],"picked":"SKIP","floor":36},{"not_picked":["Do_Nothing+1","Normal_Punch+1","Slap"],"picked":"SKIP","floor":37},{"not_picked":["Slap+1","Do_Nothing+1","Yawn+1"],"picked":"SKIP","floor":40},{"not_picked":["Hop","Do_Nothing+1","Normal_Punch+1"],"picked":"SKIP","floor":41},{"not_picked":["Yawn","Side_Hop+1","Slap+1"],"picked":"SKIP","floor":42},{"not_picked":["Ignore","Hop","Yawn+1"],"picked":"SKIP","floor":44},{"not_picked":["Hop+1","Serious_Punch+1","Slap+1"],"picked":"SKIP","floor":46},{"not_picked":["Hop","Yawn","Normal_Punch+1"],"picked":"SKIP","floor":47},{"not_picked":["Normal_Punch+1","Yawn","Slap+1"],"picked":"SKIP","floor":48},{"not_picked":["Ignore","Yawn","Slap+1"],"picked":"SKIP","floor":54}],"player_experience":108306,"relics_obtained":[{"floor":9,"key":"Centennial Puzzle"},{"floor":23,"key":"CeramicFish"},{"floor":26,"key":"MawBank"},{"floor":26,"key":"HornCleat"},{"floor":30,"key":"Kunai"},{"floor":38,"key":"Regal Pillow"},{"floor":40,"key":"Ornamental Fan"},{"floor":42,"key":"Incense Burner"},{"floor":43,"key":"Strawberry"},{"floor":54,"key":"Nunchaku"}],"event_choices":[{"damage_healed":0,"gold_gain":0,"player_choice":"Ignored","damage_taken":0,"max_hp_gain":0,"max_hp_loss":0,"event_name":"Cursed Tome","floor":25,"gold_loss":0},{"damage_healed":0,"gold_gain":0,"player_choice":"Bought 0 Potions","damage_taken":0,"max_hp_gain":0,"max_hp_loss":0,"event_name":"The Woman in Blue","floor":28,"gold_loss":0},{"damage_healed":0,"gold_gain":99,"player_choice":"Stole From Cult","damage_taken":0,"max_hp_gain":0,"max_hp_loss":0,"event_name":"Nest","floor":29,"gold_loss":0},{"damage_healed":0,"gold_gain":0,"player_choice":"Copied","damage_taken":0,"max_hp_gain":0,"max_hp_loss":0,"event_name":"Duplicator","floor":45,"gold_loss":0,"cards_obtained":["Normal_Punch"]}],"is_beta":false,"boss_relics":[{"not_picked":["Pandora\u0027s Box","Snecko Eye"],"picked":"SacredBark"},{"not_picked":["Astrolabe","Sozu"],"picked":"Tiny House"}],"items_purged_floors":[3,3,3,3,3,19,53,53],"is_endless":false,"potions_floor_spawned":[1,7,11,12,14,21,23,30,36,41,44,48],"ascension_level":0}}