{"host":"ELF","time":1611825674,"event":{"mods":["BaseMod","Bestiary","Minty Spire (QoL Compilation)","Relic Stats","Slay the Relics Exporter"],"gold_per_floor":[115,190,190,204,129,154,177,189,201,248,323,177,177,217,217,217,217],"floor_reached":16,"language":"ENG","playtime":798,"items_purged":[],"score":226,"play_id":"5f57649c-0a3c-4274-b9da-495b957d4e1d","local_time":"20210128032114","is_ascension_mode":true,"campfire_choices":[{"floor":8.0,"key":"REST"},{"floor":15.0,"key":"REST"}],"circlet_count":0,"master_deck":["AscendersBane","Strike_R","Strike_R","Strike_R","Strike_R","Defend_R","Defend_R","Defend_R","Bash","Hemokinesis","Disarm","Wild Strike","Shrug It Off","Armaments","Fiend Fire","Infernal Blade","Injury","True Grit"],"relics":["Burning Blood","MawBank","Sundial","Darkstone Periapt","Thread and Needle","Medical Kit","Golden Idol","Centennial Puzzle"],"acts_visited":["Exordium"],"potions_floor_usage":[],"damage_taken":[{"damage":5.0,"enemies":"Small Slimes","floor":1.0,"turns":3.0},{"damage":2.0,"enemies":"2 Louse","floor":4.0,"turns":2.0},{"damage":34.0,"enemies":"Lagavulin","floor":6.0,"turns":7.0},{"damage":11.0,"enemies":"Jaw Worm","floor":7.0,"turns":4.0},{"damage":10.0,"enemies":"Gremlin Nob","floor":10.0,"turns":3.0},{"damage":25.0,"enemies":"Gremlin Nob","floor":11.0,"turns":4.0},{"damage":26.0,"enemies":"Lagavulin","floor":14.0,"turns":8.0},{"damage":39,"enemies":"Slime Boss","floor":16,"turns":8}],"seed_played":"8922230803615424824","potions_obtained":[{"floor":1.0,"key":"GamblersBrew"},{"floor":7.0,"key":"BlessingOfTheForge"}],"is_trial":false,"path_per_floor":["M","?","?","M","?","E","M","R","T","E","?","$","?","E","R","B"],"character_chosen":"IRONCLAD","items_purchased":["Medical Kit"],"campfire_rested":2,"item_purchase_floors":[12],"current_hp_per_floor":[69,58,58,62,62,34,29,51,51,47,28,28,34,14,38,0,0],"gold":217,"neow_bonus":"TRANSFORM_TWO_CARDS","is_daily":false,"chose_seed":false,"campfire_upgraded":0,"win_rate":0.0,"timestamp":1611825674,"path_taken":["M","?","?","M","?","E","M","R","T","E","?","$","?","E","R","BOSS"],"items_purchased_type":["Relic"],"build_version":"2020-12-18","purchased_purges":0,"victory":false,"max_hp_per_floor":[75,75,75,75,75,75,75,75,75,75,75,75,81,81,81,81,81],"relic_stats":{"Darkstone Periapt":6,"Centennial Puzzle":[3],"counters":[8,39],"Sundial":[2],"Golden Idol":8,"MawBank":72,"Medical Kit":[1],"obtain_stats":[{"Darkstone Periapt":10,"Centennial Puzzle":14,"Sundial":9,"Golden Idol":13,"Thread and Needle":11,"MawBank":6,"Medical Kit":12,"Burning Blood":0},{"Darkstone Periapt":5,"Centennial Puzzle":7,"Sundial":4,"Golden Idol":6,"Thread and Needle":6,"MawBank":3,"Medical Kit":6,"Burning Blood":0},{"Darkstone Periapt":19,"Centennial Puzzle":31,"Sundial":16,"Golden Idol":23,"Thread and Needle":23,"MawBank":12,"Medical Kit":23,"Burning Blood":0}],"Burning Blood":42},"card_choices":[{"not_picked":["Warcry","Sword Boomerang"],"picked":"Wild Strike","floor":1.0},{"not_picked":["Anger","Twin Strike"],"picked":"Shrug It Off","floor":4.0},{"not_picked":["Metallicize","Anger"],"picked":"Armaments","floor":6.0},{"not_picked":["Evolve","Shrug It Off"],"picked":"Fiend Fire","floor":7.0},{"not_picked":["True Grit","Pommel Strike"],"picked":"Infernal Blade","floor":10.0},{"not_picked":["Heavy Blade","Clothesline"],"picked":"True Grit","floor":14.0}],"player_experience":3331452,"relics_obtained":[{"floor":6.0,"key":"MawBank"},{"floor":9.0,"key":"Sundial"},{"floor":10.0,"key":"Darkstone Periapt"},{"floor":11.0,"key":"Thread and Needle"},{"floor":14.0,"key":"Centennial Puzzle"}],"event_choices":[{"damage_healed":0.0,"max_hp_gain":0.0,"max_hp_loss":0.0,"gold_gain":75.0,"event_name":"World of Goop","player_choice":"Gather Gold","floor":2.0,"gold_loss":0.0,"damage_taken":11.0},{"damage_healed":0.0,"max_hp_gain":0.0,"max_hp_loss":0.0,"gold_gain":0.0,"event_name":"Liars Game","player_choice":"Ignored","floor":3.0,"gold_loss":0.0,"damage_taken":0.0},{"cards_removed":["Shame"],"damage_healed":0.0,"max_hp_gain":0.0,"max_hp_loss":0.0,"gold_gain":0.0,"event_name":"The Cleric","player_choice":"Card Removal","floor":5.0,"gold_loss":75.0,"damage_taken":0.0},{"damage_healed":0.0,"max_hp_gain":0.0,"max_hp_loss":0.0,"gold_gain":0.0,"event_name":"Dead Adventurer","player_choice":"Searched \u00272\u0027 times","floor":11.0,"gold_loss":0.0,"damage_taken":0.0},{"damage_healed":0.0,"max_hp_gain":0.0,"max_hp_loss":0.0,"gold_gain":0.0,"event_name":"Golden Idol","player_choice":"Take Wound","floor":13.0,"gold_loss":0.0,"damage_taken":0.0,"relics_obtained":["Golden Idol"],"cards_obtained":["Injury"]}],"is_beta":true,"boss_relics":[],"items_purged_floors":[],"is_endless":false,"potions_floor_spawned":[1,7],"killed_by":"Slime Boss","ascension_level":19}}