{"host":"drjz7zl15rqtgg20","time":1611800372,"event":{"mods":["BaseMod","Downfall","Minty Spire (QoL Compilation)","StSLib"],"gold_per_floor":[99,112,131,141,157,57,106,134,149,149,149,160,179,205,220,324,324,324,337,351,351,365,365,420,241,259,287,299,311,211,311,323,420,420,420,431,441,173,173,205,205,205,254,280,280,297,297,329,229,229,229,264,118,118,118,118],"floor_reached":57,"language":"ENG","playtime":5006,"items_purged":["Slimebound:Strike_Slimebound","Slimebound:Tackle"],"score":1346,"play_id":"2af4a465-c640-4959-9df6-16c6acfea6c8","local_time":"20210127211932","is_ascension_mode":true,"campfire_choices":[{"floor":1.0,"key":"RECALL"},{"data":"Slimebound:LeechLife","floor":6.0,"key":"SMITH"},{"data":"Slimebound:MassFeed","floor":11.0,"key":"SMITH"},{"data":"Slimebound:PrepareCrush","floor":18.0,"key":"SMITH"},{"data":"Slimebound:LivingWall","floor":30,"key":"SMITH"},{"data":"Slimebound:MinionMaster","floor":35,"key":"SMITH"},{"data":"Slimebound:CorrosiveSpit","floor":47,"key":"SMITH"},{"data":"Slimebound:SlimeBarrage","floor":49,"key":"SMITH"},{"data":"expansioncontent:AwakenDeath","floor":54,"key":"SMITH"}],"circlet_count":0,"master_deck":["Slimebound:Defend_Slimebound","Slimebound:Defend_Slimebound","Slimebound:Defend_Slimebound","Slimebound:Split","Slimebound:CorrosiveSpit+1","Slimebound:LeechLife+1","Slimebound:SlimeBarrage+1","Slimebound:SplitBruiser+1","Slimebound:LivingWall+1","Slimebound:RollThrough","Slimebound:SplitSpecialist+1","Slimebound:MassFeed+1","Slimebound:SplitSpecialist+1","Slimebound:PrepareCrush+1","Slimebound:RainOfGoop+1","Slimebound:LeadByExample+1","Slimebound:MegaLick+1","Slimebound:LeechingTouch+1","expansioncontent:AwakenDeath+1","Slimebound:SlimeBarrage+1","Slimebound:LevelUp+1","Slimebound:Prepare+1","Slimebound:MinionMaster+1","Slimebound:Equalize+1","Slimebound:LivingWall+1"],"relics":["Slimebound:AbsorbEndCombat","downfall:HeartBlessingRed","Oddly Smooth Stone","War Paint","StoneCalendar","Astrolabe","TungstenRod","downfall:HeartBlessingBlue","Torii","Mercury Hourglass","Cursed Key","Anchor","Bag of Preparation","Mango","Gambling Chip","Pantograph","downfall:HeartBlessingGreen","Bottled Flame","Lee\u0027s Waffle"],"acts_visited":["Exordium","TheCity","TheBeyond","TheEnding"],"potions_floor_usage":[19,27,38,46,56,56,56],"damage_taken":[{"damage":3.0,"enemies":"2 Louse","floor":2.0,"turns":4.0},{"damage":1.0,"enemies":"Cultist","floor":3.0,"turns":4.0},{"damage":4.0,"enemies":"Small Slimes","floor":4.0,"turns":3.0},{"damage":13.0,"enemies":"Gremlin Gang","floor":5.0,"turns":4.0},{"damage":6.0,"enemies":"3 Sentries","floor":8.0,"turns":6.0},{"damage":9.0,"enemies":"Blue Slaver","floor":9.0,"turns":5.0},{"damage":5.0,"enemies":"Large Slime","floor":12.0,"turns":5.0},{"damage":2.0,"enemies":"Blue Slaver","floor":13.0,"turns":3.0},{"damage":18.0,"enemies":"Lagavulin","floor":14.0,"turns":4.0},{"damage":0.0,"enemies":"Gremlin Gang","floor":15.0,"turns":1.0},{"damage":5.0,"enemies":"SI_SHIV_ARCHETYPE","floor":16.0,"turns":6.0},{"damage":23,"enemies":"3 Byrds","floor":19,"turns":4},{"damage":10,"enemies":"Spheric Guardian","floor":20,"turns":4},{"damage":22,"enemies":"Centurion and Healer","floor":22,"turns":7},{"damage":4,"enemies":"downfall:FleeingMerchant","floor":25,"turns":4},{"damage":0,"enemies":"Snecko","floor":26,"turns":4},{"damage":9,"enemies":"Gremlin Leader","floor":27,"turns":7},{"damage":1,"enemies":"Cultist and Chosen","floor":28,"turns":5},{"damage":35,"enemies":"Centurion and Healer","floor":29,"turns":6},{"damage":1,"enemies":"IC_STATUS_ARCHETYPE","floor":31,"turns":6},{"damage":7,"enemies":"Snake Plant","floor":32,"turns":5},{"damage":32,"enemies":"WA_ARCHETYPE_CALM","floor":33,"turns":9},{"damage":5,"enemies":"3 Shapes","floor":36,"turns":4},{"damage":11,"enemies":"Orb Walker","floor":37,"turns":3},{"damage":0,"enemies":"downfall:FleeingMerchant","floor":38,"turns":4},{"damage":16,"enemies":"Reptomancer","floor":40,"turns":4},{"damage":64,"enemies":"2 Orb Walkers","floor":43,"turns":6},{"damage":16,"enemies":"Giant Head","floor":44,"turns":7},{"damage":5,"enemies":"Sphere and 2 Shapes","floor":46,"turns":4},{"damage":66,"enemies":"Reptomancer","floor":48,"turns":6},{"damage":60,"enemies":"DF_ARCHETYPE_ORBS","floor":50,"turns":8},{"damage":100,"enemies":"downfall:CharBossMerchant","floor":52,"turns":7},{"damage":39,"enemies":"downfall:NeowBoss","floor":55,"turns":23},{"damage":189,"enemies":"downfall:NeowBossFinal","floor":56,"turns":10}],"seed_played":"1178224559927703387","potions_obtained":[{"floor":3.0,"key":"Explosive Potion"},{"floor":5.0,"key":"DuplicationPotion"},{"floor":12.0,"key":"Weak Potion"},{"floor":14.0,"key":"bronze:BurnAndBuffPotion"},{"floor":15.0,"key":"AttackPotion"},{"floor":19,"key":"Dexterity Potion"},{"floor":27,"key":"AttackPotion"},{"floor":43,"key":"DistilledChaos"},{"floor":46,"key":"Slimebound:SlimyTonguePotion"}],"is_trial":false,"path_per_floor":["R","M","M","M","M","R","T","E","M","?","R","M","M","E","M","B",null,"R","M","M","?","M","?","T","$","M","E","M","M","R","?","M","B",null,"R","M","M","$","?","E","T","?","?","E","?","M","R","E","R","B",null,"E","$","R","B","B",null],"character_chosen":"SLIMEBOUND","items_purchased":["expansioncontent:AwakenDeath","Anchor","Lee\u0027s Waffle"],"campfire_rested":0,"item_purchase_floors":[25,38,53],"current_hp_per_floor":[65,64,65,61,52,52,52,48,41,41,41,38,46,30,46,51,85,85,62,54,54,57,57,57,55,67,66,69,38,48,49,92,73,103,103,107,96,98,98,90,90,90,56,90,90,107,107,75,75,64,137,65,144,144,113,19],"gold":118,"neow_bonus":"ONE_RANDOM_RARE_CARD","is_daily":false,"chose_seed":false,"campfire_upgraded":8,"win_rate":0.0,"timestamp":1611800372,"path_taken":["R","M","M","M","M","R","T","E","M","?","R","?","M","E","M","BOSS","R","M","?","?","M","?","T","$","?","E","M","M","R","?","M","BOSS","R","M","M","$","?","E","T","?","?","E","?","M","R","E","R","BOSS","E","$","R","BOSS","BOSS"],"items_purchased_type":["Card","Relic","Relic"],"build_version":"2020-12-22","purchased_purges":2,"victory":true,"max_hp_per_floor":[65,65,65,65,65,65,65,65,65,65,65,65,69,69,85,85,85,85,85,85,85,85,85,85,85,89,89,89,89,99,99,99,103,103,103,107,107,107,107,107,107,107,125,125,125,133,133,133,133,137,137,137,144,144,144,144],"card_choices":[{"not_picked":["Slimebound:GoopTackle","Slimebound:SlimeSpikes"],"picked":"Slimebound:SlimeBarrage","floor":2.0},{"not_picked":["Slimebound:LeechEnergy","Slimebound:ComboTackle"],"picked":"Slimebound:SplitBruiser","floor":3.0},{"not_picked":["Slimebound:ItLooksTasty","Slimebound:Dissolve"],"picked":"Slimebound:LivingWall","floor":4.0},{"not_picked":["Slimebound:Equalize","Slimebound:ForwardTackle"],"picked":"Slimebound:RollThrough","floor":5.0},{"not_picked":["Slimebound:SlimeTap","Slimebound:LeechingTouch"],"picked":"Slimebound:SplitSpecialist","floor":8.0},{"not_picked":["Slimebound:SpikyOuterGoop","Slimebound:Prepare"],"picked":"Slimebound:MassFeed","floor":9.0},{"not_picked":["Slimebound:ViciousTackle","Slimebound:SlimeSpikes","Slimebound:Nibble"],"picked":"SKIP","floor":12.0},{"not_picked":["Slimebound:ServeAndProtect","Slimebound:ForwardTackle","Slimebound:GoopTackle"],"picked":"SKIP","floor":13.0},{"not_picked":["Slimebound:Schlurp","Slimebound:RejuvenatingLick","Slimebound:AcidTongue"],"picked":"SKIP","floor":14.0},{"not_picked":["Slimebound:HauntingLick","Slimebound:SlimeBrawl","Slimebound:SplitAcid"],"picked":"SKIP","floor":15.0},{"not_picked":["Slimebound:Teamwork","Slimebound:DouseInSlime"],"picked":"Slimebound:PrepareCrush","floor":16.0},{"not_picked":["Slimebound:Replication","Slimebound:LeechEnergy","Slimebound:SplitBruiser"],"picked":"SKIP","floor":19},{"not_picked":["Slimebound:HauntingLick","Slimebound:SplitMire","Slimebound:BestDefense"],"picked":"SKIP","floor":20},{"not_picked":["Slimebound:FormOfPuddle","Slimebound:SplitBruiser+1","Slimebound:AcidTongue+1"],"picked":"SKIP","floor":22},{"not_picked":["Slimebound:PressTheAttack","Slimebound:SpikyOuterGoop"],"picked":"Slimebound:LeechingTouch+1","floor":25},{"not_picked":["Slimebound:ComboTackle","Slimebound:SplitLeeching"],"picked":"Slimebound:SlimeBarrage+1","floor":26},{"not_picked":["Slimebound:PressTheAttack+1","Slimebound:GoopSpray+1"],"picked":"Slimebound:LevelUp+1","floor":27},{"not_picked":["Slimebound:SplitAcid","Slimebound:ForwardTackle","Slimebound:Prepare"],"picked":"SKIP","floor":28},{"not_picked":["Slimebound:Grow","Slimebound:SlimeSpikes"],"picked":"Slimebound:Prepare+1","floor":29},{"not_picked":["Slimebound:GoopTackle","Slimebound:ComboTackle","Slimebound:SplitLeeching"],"picked":"SKIP","floor":32},{"not_picked":["Slimebound:OozeBath","Slimebound:DuplicatedForm"],"picked":"Slimebound:MinionMaster","floor":33},{"not_picked":["Slimebound:GoopTackle+1","Slimebound:SamplingLick+1"],"picked":"Slimebound:PressTheAttack+1","floor":36},{"not_picked":["Slimebound:RollThrough+1","Slimebound:SamplingLick","Slimebound:Prepare+1"],"picked":"SKIP","floor":37},{"not_picked":["Slimebound:Prepare","Slimebound:ItLooksTasty","Slimebound:MassFeed"],"picked":"SKIP","floor":38},{"not_picked":["Slimebound:Replication+1","Slimebound:LeechingTouch+1","Slimebound:SplitMire+1"],"picked":"SKIP","floor":40},{"not_picked":["Slimebound:SplitMire+1","Slimebound:PressTheAttack"],"picked":"Slimebound:Equalize+1","floor":43},{"not_picked":["Slimebound:FinishingTackle","Slimebound:RejuvenatingLick","Slimebound:LeechEnergy"],"picked":"SKIP","floor":44},{"not_picked":["Slimebound:Equalize+1","Slimebound:HauntingLick+1"],"picked":"Slimebound:LivingWall+1","floor":46},{"not_picked":["Slimebound:Dissolve","Slimebound:GoopTackle","Slimebound:TagTeam"],"picked":"SKIP","floor":48},{"not_picked":["Slimebound:Equalize","Slimebound:LeechEnergy+1","Slimebound:ProtectTheBoss"],"picked":"SKIP","floor":52}],"player_experience":573178,"relics_obtained":[{"floor":7.0,"key":"Oddly Smooth Stone"},{"floor":8.0,"key":"War Paint"},{"floor":14.0,"key":"StoneCalendar"},{"floor":27,"key":"TungstenRod"},{"floor":31,"key":"Torii"},{"floor":31,"key":"Mercury Hourglass"},{"floor":40,"key":"Bag of Preparation"},{"floor":43,"key":"Mango"},{"floor":44,"key":"Gambling Chip"},{"floor":48,"key":"Pantograph"},{"floor":52,"key":"Bottled Flame"}],"event_choices":[{"damage_healed":0,"gold_gain":0,"player_choice":"Got Potions","damage_taken":0,"max_hp_gain":0,"max_hp_loss":0,"event_name":"Lab","floor":23,"gold_loss":0},{"cards_removed":["Slimebound:PressTheAttack"],"damage_healed":0,"gold_gain":0,"player_choice":"Removed Attack","damage_taken":0,"max_hp_gain":0,"max_hp_loss":0,"event_name":"Falling","floor":42,"gold_loss":0},{"damage_healed":0,"gold_gain":0,"player_choice":"Fight","damage_taken":0,"max_hp_gain":0,"max_hp_loss":0,"event_name":"Mysterious Sphere","floor":43,"gold_loss":0}],"is_beta":false,"boss_relics":[{"not_picked":["Empty Cage","Runic Pyramid"],"picked":"Astrolabe"},{"not_picked":["Fusion Hammer","SacredBark"],"picked":"Cursed Key"}],"items_purged_floors":[25,38],"is_endless":false,"potions_floor_spawned":[3,5,12,14,15,16,19,22,26,27,31,32,36,43,44,46],"ascension_level":2}}