{"host":"w69dv90hcab2as96","time":1611868762,"event":{"mods":["BaseMod","Downfall","Minty Spire (QoL Compilation)","StSLib"],"gold_per_floor":[99,114,114,65,65,84,84,84,2,20,39,58,58,88,124,245,245,145,179,279,143,143,44,68,68,68,68,68],"floor_reached":26,"language":"ENG","playtime":2001,"items_purged":["Doubt","Doubt"],"score":196,"play_id":"a609088c-3daa-45c9-8762-00494b6dbd88","local_time":"20210128221922","is_ascension_mode":false,"campfire_choices":[{"floor":1,"key":"RECALL"},{"data":"hexamod:SoulSteal","floor":8,"key":"SMITH"},{"data":"hexamod:WildfireWeapon","floor":13,"key":"SMITH"},{"data":"hexamod:Sear","floor":18,"key":"SMITH"},{"data":"hexamod:UnlimitedPower","floor":25,"key":"SMITH"}],"circlet_count":0,"master_deck":["hexamod:Strike","hexamod:Strike","hexamod:Strike+1","hexamod:Defend+1","hexamod:Defend","hexamod:Defend","hexamod:Defend","hexamod:Sear+1","hexamod:Float","hexamod:Firestarter","downfall:Haunted","hexamod:UnleashSpirits","hexamod:GhostflameBarrier","hexamod:PhantomFireball","hexamod:SoulSteal+1","hexamod:WildfireWeapon+1","hexamod:HeatShield","hexamod:SecondSeal","hexamod:FourthSeal","hexamod:SecondSeal","hexamod:SecondSeal","hexamod:PhantomFireball","hexamod:SixthSeal","hexamod:ExtraCrispy+1","hexamod:ThirdSeal","hexamod:UnlimitedPower+1","downfall:Malfunctioning","Pain"],"relics":["hexamod:SpiritBrand","downfall:ExtraCursedKey","Singing Bowl","Velvet Choker","downfall:HeartBlessingRed","Bag of Marbles"],"acts_visited":["Exordium","TheCity"],"potions_floor_usage":[16,16,16,16,16,19,23],"damage_taken":[{"damage":0,"enemies":"Cultist","floor":2,"turns":4},{"damage":0,"enemies":"downfall:FleeingMerchant","floor":4,"turns":4},{"damage":0,"enemies":"Jaw Worm","floor":6,"turns":2},{"damage":0,"enemies":"downfall:FleeingMerchant","floor":9,"turns":4},{"damage":0,"enemies":"Small Slimes","floor":10,"turns":3},{"damage":14,"enemies":"Large Slime","floor":11,"turns":4},{"damage":8,"enemies":"2 Fungi Beasts","floor":12,"turns":3},{"damage":9,"enemies":"Gremlin Gang","floor":14,"turns":3},{"damage":12,"enemies":"Exordium Thugs","floor":15,"turns":5},{"damage":25,"enemies":"WA_ARCHETYPE_RETAIN","floor":16,"turns":9},{"damage":17,"enemies":"Spheric Guardian","floor":19,"turns":6},{"damage":0,"enemies":"downfall:FleeingMerchant","floor":21,"turns":4},{"damage":20,"enemies":"downfall:FleeingMerchant","floor":23,"turns":4},{"damage":2,"enemies":"Slavers","floor":26,"turns":1}],"seed_played":"2674820695504560270","potions_obtained":[{"floor":6,"key":"BlessingOfTheForge"},{"floor":10,"key":"champ:CounterPotion"},{"floor":11,"key":"EntropicBrew"},{"floor":14,"key":"Strength Potion"},{"floor":16,"key":"Block Potion"},{"floor":16,"key":"hexamod:EctoCoolerPotion"},{"floor":23,"key":"DuplicationPotion"}],"is_trial":false,"path_per_floor":["R","M","?","$","?","M","T","R","$","M","M","M","R","M","M","B",null,"R","M","?","$","?","$","T","R","E"],"character_chosen":"THE_SPIRIT","items_purchased":["hexamod:PhantomFireball","hexamod:HeatShield","hexamod:ThirdSeal"],"campfire_rested":0,"item_purchase_floors":[4,9,21],"current_hp_per_floor":[77,77,77,77,77,77,77,77,77,77,63,55,55,46,34,9,77,77,60,60,62,62,42,42,42,40,40,40],"gold":68,"neow_bonus":"TEN_PERCENT_HP_BONUS","is_daily":false,"chose_seed":false,"campfire_upgraded":4,"win_rate":0.0,"timestamp":1611868762,"path_taken":["R","M","?","$","?","M","T","R","$","M","M","?","R","M","M","BOSS","R","M","?","$","?","$","T","R","E"],"items_purchased_type":["Card","Card","Card"],"build_version":"2020-12-22","purchased_purges":2,"victory":false,"max_hp_per_floor":[77,77,77,77,77,77,77,77,77,77,77,77,77,77,77,77,77,77,77,77,79,79,79,79,79,79,79,79],"card_choices":[{"not_picked":["hexamod:AdvancingGuard","hexamod:ShieldOfDarkness"],"picked":"hexamod:Firestarter","floor":2},{"not_picked":["hexamod:Again","hexamod:Firestarter"],"picked":"hexamod:GhostflameBarrier","floor":4},{"not_picked":["hexamod:GhostOfSpirePast","hexamod:HauntingEcho"],"picked":"hexamod:SoulSteal","floor":6},{"not_picked":["hexamod:SpectersWail","hexamod:UnlimitedPower"],"picked":"hexamod:WildfireWeapon","floor":9},{"not_picked":["hexamod:Firestarter","hexamod:BurningTouch"],"picked":"hexamod:SecondSeal","floor":10},{"not_picked":["hexamod:GhostShield","hexamod:SkipABeat"],"picked":"hexamod:FourthSeal","floor":11},{"not_picked":["hexamod:HeatMetal","hexamod:PhantomCloak"],"picked":"hexamod:SecondSeal","floor":12},{"not_picked":["hexamod:HauntingEcho","hexamod:BacktrackSmack"],"picked":"hexamod:SecondSeal","floor":14},{"not_picked":["hexamod:RadiantFlame","hexamod:EtherealExpedition"],"picked":"hexamod:PhantomFireball","floor":15},{"not_picked":["hexamod:UnleashSpirits","hexamod:TurnItUp"],"picked":"hexamod:SixthSeal","floor":16},{"not_picked":["hexamod:GhostShield","hexamod:HauntingEcho"],"picked":"hexamod:ExtraCrispy+1","floor":19},{"not_picked":["hexamod:NightmareGuise","hexamod:FastForward","hexamod:RecurringNightmare"],"picked":"Singing Bowl","floor":21},{"not_picked":["hexamod:SpectersWail","hexamod:Again+1"],"picked":"hexamod:UnlimitedPower","floor":23}],"player_experience":494686,"relics_obtained":[{"floor":7,"key":"Singing Bowl"},{"floor":24,"key":"Bag of Marbles"}],"event_choices":[{"damage_healed":0,"gold_gain":0,"player_choice":"Ignored","damage_taken":0,"max_hp_gain":0,"max_hp_loss":0,"event_name":"NoteForYourself","floor":5,"gold_loss":0}],"is_beta":false,"boss_relics":[{"not_picked":["Philosopher\u0027s Stone","Runic Dome"],"picked":"Velvet Choker"}],"items_purged_floors":[21,23],"is_endless":false,"potions_floor_spawned":[6,10,11,14,15,16],"killed_by":"Slavers","ascension_level":0}}