{"host":"8d5lz1qub9wfpdii","time":1611821201,"event":{"mods":["2.2 Compatiblity","AchievementEnabler","Act Like it!","Arknights The Spire","Aspiration","BaseMod","Beaked The Cultist","Bestiary","Better Altar","Better Match","Better Note","Better Skull","Better Third Choice","BetterRewards","Colored Powertips","Conspire","Downfall","Friendly Minions","GifTheSpireLib","Hallownest","Hermit","Hubris","Infinite Spire","Jorbs\u0027s Wanderer Trilogy","Minty Spire (QoL Compilation)","RNG Fix","Relic Stats","Replay The Spire","Shade Mod","Shop Mod","Spicy Shops","Spire Arcade","StSLib","Stuff the Spire","The Animator","The Blackbeard","The Bug Knight","The Clintock","The Forsaken","The Hayseed","The Hierophant","The Necromancer","The Runesmith","The Servant 0.9.4","Uncapped","Wandering Minibosses"],"gold_per_floor":[116,16,16,16,26,26,57,57,57,57,68,95,95,107,107,212,212,230,329,309,323,335,360,376,405,429,429,429,429,47,59,59,162,162,174,174,174],"floor_reached":36,"language":"ENG","playtime":1514,"items_purged":[],"score":482,"play_id":"6f3375d6-2387-49b3-9726-30fafd810760","local_time":"20210128183641","is_ascension_mode":true,"campfire_choices":[{"data":"beaked:Ceremony","floor":6,"key":"SMITH"},{"data":"beaked:Ceremony","floor":8,"key":"SMITH"},{"data":"beaked:Foresight","floor":10,"key":"SMITH"},{"data":"beaked:Ceremony","floor":13,"key":"SMITH"},{"data":"beaked:Evade","floor":15,"key":"SMITH"},{"data":"beaked:MachineSpirit","floor":27,"key":"SMITH"},{"data":"beaked:Sacrifice","floor":32,"key":"SMITH"}],"circlet_count":0,"master_deck":["beaked:Strike_Y","beaked:Strike_Y","beaked:Strike_Y","beaked:Strike_Y","beaked:Strike_Y","beaked:Strike_Y","beaked:Defend_Y","beaked:Defend_Y","beaked:Defend_Y","beaked:Defend_Y","beaked:Ceremony+1","beaked:Ceremony+1","beaked:Ceremony+1","Ghostly+1","beaked:Evade","beaked:Foresight+1","beaked:Evade+1","beaked:Sacrifice+1","AbeCurse","beaked:WarriorSpirit+1","beaked:BounceBack+1","beaked:MachineSpirit+1"],"relics":["beaked:MendingPlumage","NeowsBlessing","Blue Candle","Centennial Puzzle","hubris:TinFlute","hubris:SlimyHat","Abe\u0027s Treasure","Mirror","Runesmith:Nanobots","beaked:ThroatLozenge","Simple Rune","StuffTheSpire:HistoryBook","Tiny Chest","MerchantsRug","Ring of Chaos"],"acts_visited":["Exordium","TheCity","TheBeyond"],"potions_floor_usage":[16,18,21,23,31,35,36],"damage_taken":[{"damage":0,"enemies":"Jaw Worm","floor":1,"turns":1},{"damage":0,"enemies":"Small Slimes","floor":5,"turns":1},{"damage":0,"enemies":"Gremlin Nob","floor":7,"turns":1},{"damage":3,"enemies":"2 Louse","floor":11,"turns":4},{"damage":10,"enemies":"Lagavulin","floor":12,"turns":6},{"damage":20,"enemies":"Lots of Slimes","floor":14,"turns":7},{"damage":46,"enemies":"The Guardian","floor":16,"turns":12},{"damage":28,"enemies":"Chosen","floor":18,"turns":9},{"damage":23,"enemies":"conspire:FuzzyDice","floor":21,"turns":9},{"damage":23,"enemies":"conspire:HollyBat","floor":22,"turns":10},{"damage":39,"enemies":"conspire:SneckoGhost","floor":23,"turns":11},{"damage":13,"enemies":"Centurion and Healer","floor":24,"turns":6},{"damage":39,"enemies":"Nightmare","floor":25,"turns":10},{"damage":23,"enemies":"Shelled Parasite and Fungi","floor":31,"turns":9},{"damage":61,"enemies":"Champ","floor":33,"turns":13},{"damage":11,"enemies":"Orb Walker","floor":35,"turns":4},{"damage":88,"enemies":"2 Orb Walkers","floor":36,"turns":4}],"seed_played":"-7799420182979264990","potions_obtained":[{"floor":11,"key":"Swift Potion"},{"floor":12,"key":"Regen Potion"},{"floor":16,"key":"Flashbang"},{"floor":18,"key":"LiquidMemories"},{"floor":20,"key":"SteroidPotion"},{"floor":22,"key":"Flashbang"},{"floor":25,"key":"AttackPotion"}],"is_trial":false,"path_per_floor":["M","?","?","?","M","R","E","R","T","R","M","E","R","M","R","B",null,"M","?","?","M","M","E","M","NM","T","R","?","T","$","M","R","B",null,"M","?"],"character_chosen":"BEAKED_THE_CULTIST","items_purchased":["StuffTheSpire:HistoryBook","Tiny Chest","MerchantsRug"],"campfire_rested":0,"item_purchase_floors":[30,30,30],"current_hp_per_floor":[50,50,50,45,47,47,48,48,48,48,50,50,50,48,48,45,50,32,32,32,47,50,44,57,42,42,42,42,42,42,58,58,52,65,65,0,0],"gold":174,"neow_bonus":"THREE_ENEMY_KILL","is_daily":false,"chose_seed":false,"campfire_upgraded":7,"win_rate":0.0,"timestamp":1611821201,"path_taken":["M","?","?","?","?","R","E","R","T","R","?","E","R","M","R","BOSS","M","?","?","M","M","E","M","NM","T","R","?","?","$","M","R","BOSS","M","?"],"items_purchased_type":["Relic","Relic","Relic"],"build_version":"2020-12-22","purchased_purges":0,"victory":false,"max_hp_per_floor":[50,50,50,50,50,50,50,50,50,50,50,50,50,50,50,50,50,50,50,50,50,53,56,59,59,59,59,59,59,59,62,62,65,65,65,65,65],"relic_stats":{"Centennial Puzzle":[42],"counters":[25,159],"Blue Candle":[8],"Tiny Chest":0,"obtain_stats":[{"MerchantsRug":13,"Runesmith:Nanobots":25,"beaked:ThroatLozenge":26,"NeowsBlessing":0,"Blue Candle":4,"Pen Nib":12,"Ring of Chaos":34,"hubris:SlimyHat":12,"Replay:Bandana":4,"Centennial Puzzle":7,"StuffTheSpire:HistoryBook":30,"Pantograph":6,"Simple Rune":29,"Tiny Chest":30,"hubris:FunFungus":2,"beaked:MendingPlumage":0,"Mirror":23,"FossilizedHelix":9,"hubris:TinFlute":9,"Abe\u0027s Treasure":17},{"MerchantsRug":7,"Runesmith:Nanobots":21,"beaked:ThroatLozenge":21,"NeowsBlessing":8,"Blue Candle":9,"Pen Nib":7,"Ring of Chaos":23,"hubris:SlimyHat":13,"Replay:Bandana":2,"Centennial Puzzle":11,"StuffTheSpire:HistoryBook":21,"Pantograph":4,"Simple Rune":21,"Tiny Chest":21,"hubris:FunFungus":1,"beaked:MendingPlumage":0,"Mirror":19,"FossilizedHelix":5,"hubris:TinFlute":11,"Abe\u0027s Treasure":15},{"MerchantsRug":38,"Runesmith:Nanobots":129,"beaked:ThroatLozenge":129,"NeowsBlessing":42,"Blue Candle":43,"Pen Nib":38,"Ring of Chaos":151,"hubris:SlimyHat":55,"Replay:Bandana":9,"Centennial Puzzle":45,"StuffTheSpire:HistoryBook":129,"Pantograph":21,"Simple Rune":129,"Tiny Chest":129,"hubris:FunFungus":4,"beaked:MendingPlumage":0,"Mirror":113,"FossilizedHelix":27,"hubris:TinFlute":45,"Abe\u0027s Treasure":74}]},"card_choices":[{"not_picked":["beaked:Brace","beaked:MimicHuntress","beaked:BarbedWire"],"picked":"SKIP","floor":1},{"not_picked":["beaked:Overpower","beaked:Windmill"],"picked":"beaked:Evade","floor":5},{"not_picked":["beaked:MimicHuntress","beaked:BloodRitual"],"picked":"beaked:Foresight","floor":7},{"not_picked":["beaked:MimicHuntress","beaked:BloodRitual","beaked:FeelMyPain"],"picked":"SKIP","floor":11},{"not_picked":["beaked:Overpower","beaked:MimicMachine"],"picked":"beaked:Evade","floor":12},{"not_picked":["beaked:Replenish","beaked:HuntressEssence","beaked:SurvivalInstinct"],"picked":"SKIP","floor":14},{"not_picked":["beaked:LiftOff","beaked:ScreechingChant"],"picked":"beaked:Sacrifice","floor":16},{"not_picked":["beaked:Tradeoff+1","beaked:Foresight"],"picked":"beaked:WarriorSpirit+1","floor":18},{"not_picked":["beaked:FeelMyPain","beaked:SacrificialDive"],"picked":"beaked:BounceBack+1","floor":21},{"not_picked":["beaked:Flinch","beaked:Tradeoff","beaked:Devastation"],"picked":"SKIP","floor":22},{"not_picked":["beaked:Sacrifice","beaked:Tweet"],"picked":"beaked:MachineSpirit","floor":23},{"not_picked":["beaked:Cower","ReplayTheSpireMod:Prepare the Ceremony","beaked:Foresight"],"picked":"SKIP","floor":24},{"not_picked":["beaked:WarriorEssence","beaked:Insight","beaked:Resilience"],"picked":"SKIP","floor":25},{"not_picked":["beaked:WarriorEssence","beaked:Insight","beaked:Resilience"],"picked":"SKIP","floor":25},{"not_picked":["beaked:FeelMyPain","beaked:Redirect","beaked:WarriorEssence"],"picked":"SKIP","floor":31},{"not_picked":["beaked:Resilience","beaked:Pecker","beaked:SurvivalInstinct"],"picked":"SKIP","floor":35}],"player_experience":100108,"relics_obtained":[{"floor":7,"key":"Centennial Puzzle"},{"floor":9,"key":"hubris:TinFlute"},{"floor":12,"key":"hubris:SlimyHat"},{"floor":23,"key":"Mirror"},{"floor":25,"key":"Runesmith:Nanobots"},{"floor":26,"key":"beaked:ThroatLozenge"},{"floor":29,"key":"Simple Rune"}],"event_choices":[{"damage_healed":0,"gold_gain":0,"player_choice":"Argue","damage_taken":0,"max_hp_gain":0,"max_hp_loss":0,"event_name":"conspire:LoneGhost","floor":2,"gold_loss":0},{"damage_healed":0,"gold_gain":0,"player_choice":"Grow","damage_taken":0,"max_hp_gain":0,"max_hp_loss":0,"event_name":"Living Wall","floor":3,"gold_loss":0,"cards_upgraded":["Ghostly"]},{"damage_healed":0,"gold_gain":99,"player_choice":"Steal","damage_taken":0,"max_hp_gain":0,"max_hp_loss":0,"event_name":"betterThird:BetterNest","floor":19,"gold_loss":0},{"damage_healed":0,"gold_gain":0,"player_choice":"Bought 1 Potion","damage_taken":0,"max_hp_gain":0,"max_hp_loss":0,"event_name":"The Woman in Blue","floor":20,"gold_loss":0},{"damage_healed":0,"gold_gain":0,"player_choice":"Fight","damage_taken":0,"max_hp_gain":0,"max_hp_loss":0,"event_name":"Mysterious Sphere","floor":36,"gold_loss":0}],"is_beta":false,"boss_relics":[{"not_picked":["hubris:Backtick","aspiration:MobileForge"],"picked":"Abe\u0027s Treasure"},{"not_picked":["Replay:Drink Me","ReplayTheSpireMod:DimensionalGlitch"],"picked":"Ring of Chaos"}],"items_purged_floors":[],"is_endless":true,"potions_floor_spawned":[11,12,16,18,22,25],"killed_by":"2 Orb Walkers","ascension_level":1}}