{"host":"mgwrmgf4x3air4cr","time":1611833591,"event":{"mods":["ATMod(阿瑾Mod)","AchievementEnabler","Act Like it!","Arknights The Spire","Aspiration","BaseMod","CapriCore","Downfall","Friendly Minions","GungeonMod","HololiveMod","KinomotoSakuraMod(木之本樱)","Kiyohime（清姬）","KomeijiMod","Minty Spire (QoL Compilation)","MostiFishMod","RumiaBox-露米娅的神秘盒子","Shop Mod","StSLib","TestMod","The Alterego","The Immortal","The Servant 0.9.4","Waifu the Spire","WarShipGirlsR/战舰少女R mod","Youmu（魂魄妖梦）","noobMod","【功能Mod】混沌之环修复补丁","【遗物卡牌】REMEMod","篝火指南"],"gold_per_floor":[66,91,110,128,128,147,147,147,147,184,184,16,16,34,48,163,163,178,178,178,195,207,244,318,344,360,399,192,227,249,272,285,430,430,26,46,72,94,107,172,199,819,847,847,862,513,543,571,600,617,617,664,573,112,122,122],"floor_reached":57,"language":"ZHS","playtime":4270,"items_purged":[],"score":2219,"play_id":"14bb5b85-ed16-420b-892a-b23d3192dc93","local_time":"20210128193311","is_ascension_mode":true,"campfire_choices":[{"data":"AT_FamilyPortrait","floor":1,"key":"SMITH"},{"floor":11,"key":"RECALL"}],"circlet_count":0,"master_deck":["Hololive_CallNatsuiroMatsuri","Hololive_CallAkaiHaato","Hololive_CallNekomataOkayu","Hololive_CallSpadeEcho+1","Hololive_CallYogiri","Hololive_FlyingPonyTail","AT_FamilyPortrait+1","bronze:FindAndReplace","Hololive_CallUruhaRushia","Hololive_FlyingPonyTail","Hololive_CallMomosuzuNene+21","Hololive_CallMinatoAqua","Hololive_CallSpadeEcho","Hololive_CallInugamiKorone","Hololive_CallTokoyamiTowa","Hololive_CallYukihanaLamy","Hololive_CallAmaneKanata","Hololive_CallDoris","Hololive_Thief","Hololive_CallRoboco","Hololive_LuckPotion+1","AT_FamilyPortrait+1","Hololive_CallAmaneKanata","Hololive_CallCivia","Hololive_CallTsunomakiWatame","Hololive_CallAkiRosenthal+1","Hololive_CallManoAloe","Hololive_CallSakuraMiko+1","Hololive_FlyingPonyTail","Hololive_CallYuzukiChoco","Hololive_CallRosalyn","Hololive_IdolExercise","Hololive_ILoveYou+1","Hololive_Yoholoon","Hololive_CallMurasakiShion","Hololive_Rebound","Hololive_Rebound","Hololive_LuckPotion","Hololive_CallYozoraMel","Hololive_FlyingPonyTail","expansioncontent:QuickStudy","Hololive_CallHoushouMarine","Hololive_CallShiroganeNoel","Hololive_CallHoshimachiSuisei","Hololive_CallMoonaHoshinova","Hololive_FlyingPonyTail+1","Hololive_FlyingPonyTail","Hololive_Rebound+1","Hololive_FlyingPonyTail+1","Hololive_CallShiranuiFlare","Hololive_CallHimemoriLuna","REME_MawOfCthun","Hololive_Teleport","Hololive_LuckPotion"],"relics":["Hololive_TheStar","testmod-TestBox","AT_ATBox","ice","DaveBox","REME_ComplimentaryCards","DianDianMeat","testmod-CardMagician","DemoMod:GlassGuonStoneRelic","DemoMod:GundromedaStrain","White Beast Statue","MerchantsRug","testmod-Temperance","AT_LudenTempest","DemoMod:BlueGuonStone","Bottled Lightning","AT_SunfireAegis","testmod-Justice","HaiYi:Twilight","downfall:HeartBlessingRed","downfall:HeartBlessingBlue","downfall:HeartBlessingGreen","testmod-ArcanaOfDestiny","testmod-AssaultLearning","DemoMod:DecoyRelic","WarpedTongs","sneckomod:BlankCard","Civilization","Pen Nib"],"acts_visited":["TheCity","TheBeyond","TheEnding"],"potions_floor_usage":[27],"damage_taken":[{"damage":0,"enemies":"Jaw Worm","floor":2,"turns":3},{"damage":0,"enemies":"Cultist","floor":3,"turns":3},{"damage":0,"enemies":"2 Louse","floor":4,"turns":1},{"damage":4,"enemies":"Exordium Wildlife","floor":6,"turns":4},{"damage":0,"enemies":"Lagavulin","floor":10,"turns":3},{"damage":0,"enemies":"downfall:FleeingMerchant","floor":12,"turns":4},{"damage":0,"enemies":"Large Slime","floor":14,"turns":3},{"damage":0,"enemies":"Red Slaver","floor":15,"turns":1},{"damage":0,"enemies":"DF_ARCHETYPE_STREAMLINE","floor":16,"turns":6},{"damage":0,"enemies":"Chosen","floor":19,"turns":1},{"damage":0,"enemies":"Spheric Guardian","floor":21,"turns":3},{"damage":0,"enemies":"3 Cultists","floor":22,"turns":3},{"damage":0,"enemies":"Book of Stabbing","floor":23,"turns":3},{"damage":0,"enemies":"Slavers","floor":25,"turns":4},{"damage":0,"enemies":"Snecko","floor":26,"turns":2},{"damage":0,"enemies":"Gremlin Leader","floor":27,"turns":4},{"damage":0,"enemies":"Book of Stabbing","floor":29,"turns":2},{"damage":0,"enemies":"Cultist and Chosen","floor":30,"turns":3},{"damage":0,"enemies":"Shelled Parasite and Fungi","floor":31,"turns":2},{"damage":0,"enemies":"Centurion and Healer","floor":32,"turns":3},{"damage":0,"enemies":"WA_ARCHETYPE_CALM","floor":33,"turns":4},{"damage":0,"enemies":"3 Darklings","floor":36,"turns":3},{"damage":0,"enemies":"3 Shapes","floor":38,"turns":2},{"damage":0,"enemies":"Sphere and 2 Shapes","floor":39,"turns":2},{"damage":0,"enemies":"Nemesis","floor":40,"turns":4},{"damage":0,"enemies":"Jaw Worm Horde","floor":42,"turns":2},{"damage":0,"enemies":"Giant Head","floor":43,"turns":2},{"damage":0,"enemies":"Spire Growth","floor":45,"turns":1},{"damage":0,"enemies":"Reptomancer","floor":47,"turns":2},{"damage":0,"enemies":"Maw","floor":48,"turns":1},{"damage":0,"enemies":"Jaw Worm Horde","floor":49,"turns":2},{"damage":0,"enemies":"SI_POISON_ARCHETYPE","floor":50,"turns":2},{"damage":0,"enemies":"downfall:CharBossMerchant","floor":52,"turns":2},{"damage":0,"enemies":"downfall:NeowBoss","floor":55,"turns":6},{"damage":0,"enemies":"downfall:NeowBossFinal","floor":56,"turns":3}],"seed_played":"3755475100630816012","potions_obtained":[{"floor":4,"key":"LiquidMemories"},{"floor":6,"key":"FearPotion"},{"floor":12,"key":"Fire Potion"},{"floor":14,"key":"ColorlessPotion"},{"floor":15,"key":"PowerPotion"},{"floor":16,"key":"Swift Potion"},{"floor":19,"key":"ColorlessPotion"},{"floor":21,"key":"LiquidMemories"},{"floor":22,"key":"Regen Potion"},{"floor":25,"key":"DemoMod:LeadSkinPotion"},{"floor":27,"key":"PowerPotion"},{"floor":29,"key":"SkillPotion"},{"floor":30,"key":"SteroidPotion"},{"floor":31,"key":"Energy Potion"},{"floor":36,"key":"CalmPotion"},{"floor":38,"key":"Regen Potion"},{"floor":39,"key":"SpeedPotion"},{"floor":45,"key":"DemoMod:LeadSkinPotion"},{"floor":47,"key":"LiquidBronze"},{"floor":48,"key":"LiquidMemories"},{"floor":49,"key":"Fire Potion"}],"is_trial":false,"path_per_floor":["R","M","M","M","?","M","T","?","?","E","R","$","T","M","M","B",null,"R","M","?","M","M","E","T","E","M","E","R","E","M","M","M","B",null,"R","M","T","M","M","E","T","M","E","?","M","R","E","M","M","B",null,"E","$","R","B","B",null],"character_chosen":"Hololive_HololiveCharacter","items_purchased":["MerchantsRug","Hololive_CallYukihanaLamy","Hololive_CallRoboco","AT_SunfireAegis","aspiration:Nostalgia","NitorisBag","Hololive_CallYozoraMel","Hololive_FlyingPonyTail","Pear","expansioncontent:QuickStudy","Orrery","Hololive_CallHimemoriLuna","REME_MawOfCthun","Civilization","Pen Nib","Hololive_Teleport","Hololive_LuckPotion"],"campfire_rested":0,"item_purchase_floors":[12,12,18,28,28,35,46,46,46,46,53,54,54,54,54,54,54],"current_hp_per_floor":[41,44,48,53,59,62,62,62,70,83,83,104,104,116,129,143,143,158,174,228,248,269,291,291,314,338,363,363,389,416,444,473,503,503,513,544,551,583,616,650,650,685,721,758,796,926,968,1011,1055,1055,1055,1100,1340,1550,1550,1551],"gold":122,"neow_bonus":"TEN_PERCENT_HP_BONUS","is_daily":false,"chose_seed":false,"campfire_upgraded":1,"win_rate":0.0,"timestamp":1611833591,"path_taken":["R","M","M","M","?","?","T","?","?","E","R","$","?","M","M","BOSS","R","M","?","?","M","E","T","E","M","E","R","E","M","M","M","BOSS","R","M","?","M","?","E","T","M","E","?","M","R","E","M","M","BOSS","E","$","R","BOSS","BOSS"],"items_purchased_type":["Relic","Card","Card","Relic","Relic","Relic","Card","Card","Relic","Card","Relic","Card","Card","Relic","Relic","Card","Card"],"build_version":"2020-12-22","purchased_purges":0,"victory":true,"max_hp_per_floor":[41,44,48,53,59,66,66,66,74,83,83,104,104,116,129,143,143,158,174,228,248,269,291,291,314,338,363,363,389,416,444,473,503,503,513,544,551,583,616,650,650,685,721,758,796,926,968,1011,1055,1055,1055,1100,1340,1550,1550,1551],"card_choices":[{"not_picked":["Hololive_CocoNews","Hololive_Spy","Hololive_LuckPotion"],"picked":"Hololive_CallUruhaRushia","floor":2},{"not_picked":["Hololive_HuntDinosaur","Hololive_Sequa","Hololive_Trident"],"picked":"Hololive_FlyingPonyTail","floor":3},{"not_picked":["Hololive_Spy","Hololive_LuckPotion","Hololive_CallFriendA"],"picked":"Hololive_CallMomosuzuNene","floor":4},{"not_picked":["Hololive_LuckPotion","Hololive_FlyingPonyTail","Hololive_StrengthChampion"],"picked":"Hololive_CallSpadeEcho","floor":6},{"not_picked":["Hololive_ScarfAndHalo","Hololive_CallOkamiMio","Hololive_SoulCatcher"],"picked":"Hololive_CallInugamiKorone","floor":10},{"not_picked":["Hololive_OvertimeWork","Hololive_Drill","Hololive_SummonFox"],"picked":"Hololive_CallTokoyamiTowa","floor":12},{"not_picked":["Hololive_Drill","Hololive_CocoNews","Hololive_FlareMind"],"picked":"Hololive_CallAmaneKanata","floor":14},{"not_picked":["Hololive_CallHoshimachiSuisei","Hololive_Breathe","Hololive_StrengthChampion"],"picked":"Hololive_CallDoris","floor":15},{"not_picked":["Hololive_HighAtkLowDef","Hololive_AWSL","Hololive_BeCareful"],"picked":"Hololive_Thief","floor":16},{"not_picked":["Hololive_RevenueBasedLive","Hololive_StrengthChampion+1","Hololive_OvertimeWork"],"picked":"Hololive_LuckPotion+1","floor":19},{"not_picked":["Hololive_CallAkiRosenthal+1","Hololive_Watashimo","Hololive_CallAiraniIofifteen"],"picked":"Hololive_CallCivia","floor":21},{"not_picked":["Hololive_DDD","Hololive_StrengthChampion","Hololive_Trident+1"],"picked":"Hololive_CallTsunomakiWatame","floor":22},{"not_picked":["Hololive_StrengthChampion+1","Hololive_Psychosis+1","Hololive_Rebound"],"picked":"Hololive_CallAkiRosenthal+1","floor":23},{"not_picked":["Hololive_Psychosis","Hololive_BeCareful","Hololive_IdolExercise"],"picked":"Hololive_CallSakuraMiko","floor":25},{"not_picked":["Hololive_CallSakuraMiko","Hololive_StrengthChampion+1","Hololive_Rebound"],"picked":"Hololive_CallManoAloe","floor":26},{"not_picked":["Hololive_Trident","Hololive_Breathe+1","Hololive_DevilCharm"],"picked":"Hololive_MaximGun","floor":27},{"not_picked":["Hololive_SummonFox+1","Hololive_HuntDinosaur","Hololive_Rebound"],"picked":"Hololive_CallSakuraMiko+1","floor":29},{"not_picked":["Hololive_Watashimo+1","Hololive_ManjiGathering","Hololive_CallAkaiHaato"],"picked":"Hololive_FlyingPonyTail","floor":30},{"not_picked":["Hololive_Rebound","Hololive_CallSpadeEcho+1","Hololive_LuckPotion"],"picked":"Hololive_CallYuzukiChoco","floor":31},{"not_picked":["Hololive_CallDoris","Hololive_CallAkaiHaato","Hololive_CallCivia"],"picked":"Hololive_CallRosalyn","floor":32},{"not_picked":["Hololive_HighAtkLowDef","Hololive_ASMR","Hololive_AWSL"],"picked":"Hololive_IdolExercise","floor":33},{"not_picked":["Hololive_Trident","Hololive_Breathe+1","Hololive_OvertimeWork"],"picked":"Hololive_CocoNews+1","floor":36},{"not_picked":["Hololive_FlyingPonyTail","Hololive_StrengthChampion+1","Hololive_MaximGun"],"picked":"Hololive_ILoveYou+1","floor":38},{"not_picked":["Hololive_CallNekomataOkayu","Hololive_Trident","Hololive_Sequa+1"],"picked":"Hololive_Yoholoon","floor":39},{"not_picked":["Hololive_CallFriendA","Hololive_FlyingPonyTail+1","Hololive_SummonFox"],"picked":"Hololive_CallMurasakiShion","floor":40},{"not_picked":["Hololive_Sequa+1","Hololive_Drill+1","Hololive_StrengthChampion"],"picked":"Hololive_Rebound","floor":42},{"not_picked":["Hololive_StrengthChampion","Hololive_FlareMind","Hololive_DiamondStrike"],"picked":"Hololive_Rebound","floor":43},{"not_picked":["Hololive_Sequa","Hololive_Teleport","Hololive_Breathe+1"],"picked":"Hololive_LuckPotion","floor":45},{"not_picked":["Hololive_Watashimo+1","Hololive_CallMurasakiShion+1","Hololive_CallMoonaHoshinova"],"picked":"Hololive_CallHoushouMarine","floor":47},{"not_picked":["Hololive_CallFriendA","Hololive_Yoholoon+1","Hololive_Drill"],"picked":"Hololive_CallShiroganeNoel","floor":48},{"not_picked":["Hololive_Psychosis+1","Hololive_CallMinatoAqua+1","Hololive_LuckPotion"],"picked":"Hololive_CallHoshimachiSuisei","floor":49},{"not_picked":["Hololive_RevenueBasedLive+1","Hololive_DevilCharm+1","Hololive_CallManoAloe+1"],"picked":"Hololive_CallMoonaHoshinova","floor":52},{"not_picked":["Hololive_CallTokoyamiTowa+1","Hololive_CallRoboco","Hololive_LuckPotion"],"picked":"Hololive_FlyingPonyTail+1","floor":53},{"not_picked":["Hololive_CallCivia","Hololive_Rebound","Hololive_Breathe+1"],"picked":"Hololive_FlyingPonyTail","floor":53},{"not_picked":["Hololive_OvertimeWork","Hololive_CallTsunomakiWatame","Hololive_HuntDinosaur+1"],"picked":"Hololive_Rebound+1","floor":53},{"not_picked":["Hololive_ScarfAndHalo","Hololive_CallMurasakiShion","Hololive_CallHoshimachiSuisei+1"],"picked":"Hololive_FlyingPonyTail+1","floor":53},{"not_picked":["Hololive_CallNatsuiroMatsuri+1","Hololive_Psychosis+1","Hololive_CallManoAloe+1"],"picked":"Hololive_CallShiranuiFlare","floor":53}],"player_experience":132253,"relics_obtained":[{"floor":7,"key":"DemoMod:GundromedaStrain"},{"floor":10,"key":"White Beast Statue"},{"floor":23,"key":"AT_LudenTempest"},{"floor":24,"key":"DemoMod:BlueGuonStone"},{"floor":25,"key":"Bottled Lightning"},{"floor":27,"key":"Regal Pillow"},{"floor":29,"key":"testmod-Justice"},{"floor":37,"key":"Strawberry"},{"floor":40,"key":"testmod-ArcanaOfDestiny"},{"floor":41,"key":"testmod-AssaultLearning"},{"floor":43,"key":"DemoMod:DecoyRelic"},{"floor":47,"key":"sneckomod:BlankCard"},{"floor":52,"key":"aspiration:SeaSaltIceCream"}],"event_choices":[{"damage_healed":0,"gold_gain":0,"player_choice":"Rummage","damage_taken":0,"relics_obtained":["WarpedTongs"],"max_hp_gain":0,"max_hp_loss":0,"event_name":"Accursed Blacksmith","floor":44,"gold_loss":0,"cards_obtained":["Pain"]}],"is_beta":false,"boss_relics":[{"not_picked":["Hololive_ChaosS","aspiration:FutureDiary"],"picked":"testmod-Temperance"},{"not_picked":["NightmareShop","bronze:MakeshiftBattery"],"picked":"HaiYi:Twilight"}],"items_purged_floors":[],"is_endless":false,"potions_floor_spawned":[4,6,12,14,15,16,19,21,22,23,25,26,27,29,30,31,32,33,36,38,39,40,42,43,45,47,48,49,52],"ascension_level":4}}