{"host":"9j472d1lqxyi8fmj","time":1611858319,"event":{"mods":["AchievementEnabler","Aspiration","BaseMod","Better Note","BetterRewards","Block Reminder","Colored Powertips","Downfall","Hermit","Hubris","Minty Spire (QoL Compilation)","Potion Indicator Mod","Rare Cards Sparkle","Relic Filter","Spicy Shops","StSLib","The Runesmith","Virulent Crown"],"gold_per_floor":[99,119,119,139,3,20,93,93,108,139,157,157,157,157,169,169,169,169],"floor_reached":16,"language":"ENG","playtime":683,"items_purged":["downfall:Bewildered"],"score":102,"play_id":"10ce1cd7-c7eb-45a5-a6ce-8a694620e41e","local_time":"20210128132519","is_ascension_mode":false,"campfire_choices":[{"data":"bronze:Replicate","floor":1,"key":"SMITH"},{"data":"bronze:CloningBeam","floor":12,"key":"SMITH"}],"circlet_count":0,"master_deck":["bronze:Strike","bronze:Strike","bronze:Strike","bronze:Strike","bronze:Defend","bronze:Defend","bronze:Defend","bronze:Defend","bronze:Replicate+1","bronze:Goto+1","bronze:Branch+1","bronze:DelayedSlice","bronze:MaxOutput","bronze:Iterate","bronze:BronzeOrb","bronze:ThunderWave","bronze:CloningBeam+1","hubris:NaturalOne","bronze:Flail"],"relics":["bronze:BronzeCore","Question Card","hubris:Icosahedron","hubris:TenFootPole","hubris:EvacipatedBox"],"acts_visited":["Exordium"],"potions_floor_usage":[15,16],"damage_taken":[{"damage":0,"enemies":"Cultist","floor":2,"turns":3},{"damage":0,"enemies":"Jaw Worm","floor":4,"turns":2},{"damage":5,"enemies":"downfall:FleeingMerchant","floor":5,"turns":4},{"damage":0,"enemies":"Small Slimes","floor":6,"turns":3},{"damage":0,"enemies":"2 Fungi Beasts","floor":9,"turns":2},{"damage":8,"enemies":"3 Sentries","floor":10,"turns":6},{"damage":3,"enemies":"Exordium Wildlife","floor":11,"turns":2},{"damage":2,"enemies":"Gremlin Gang","floor":15,"turns":3},{"damage":69,"enemies":"IC_STATUS_ARCHETYPE","floor":16,"turns":8}],"seed_played":"-9171780830181365742","potions_obtained":[{"floor":4,"key":"SpeedPotion"},{"floor":6,"key":"AttackPotion"},{"floor":9,"key":"DistilledChaos"}],"is_trial":false,"path_per_floor":["R","M","?","M","$","M","T","?","M","E","M","R","?","$","M","B"],"character_chosen":"THE_AUTOMATON","items_purchased":["bronze:Iterate","hubris:EvacipatedBox"],"campfire_rested":0,"item_purchase_floors":[5,14],"current_hp_per_floor":[77,77,77,77,72,72,72,72,72,64,61,61,77,58,56,0,0,0],"gold":169,"neow_bonus":"TEN_PERCENT_HP_BONUS","is_daily":false,"chose_seed":false,"campfire_upgraded":2,"win_rate":0.0,"timestamp":1611858319,"path_taken":["R","?","?","?","$","M","T","?","M","E","M","R","?","?","M","BOSS"],"items_purchased_type":["Card","Relic"],"build_version":"2020-12-22","purchased_purges":1,"victory":false,"max_hp_per_floor":[77,77,77,77,77,77,77,77,77,77,77,77,77,77,77,77,77,77],"card_choices":[{"not_picked":["bronze:Invalidate","bronze:Frontload"],"picked":"bronze:Branch","floor":2},{"not_picked":["bronze:Shell","bronze:Invalidate"],"picked":"bronze:DelayedSlice","floor":4},{"not_picked":["bronze:BuggyMess","bronze:Branch"],"picked":"bronze:MaxOutput","floor":5},{"not_picked":["bronze:Return","bronze:BugBarrage","bronze:Invalidate"],"picked":"SKIP","floor":6},{"not_picked":["bronze:FineTuning","bronze:Overheat","bronze:DelayedSlice"],"picked":"bronze:BronzeOrb","floor":9},{"not_picked":["bronze:DarkDash","bronze:NullPointer","bronze:ItsAFeature"],"picked":"bronze:ThunderWave","floor":10},{"not_picked":["bronze:NullPointer","bronze:BuggyMess","bronze:FineTuning"],"picked":"bronze:CloningBeam","floor":11},{"not_picked":["bronze:Shield","bronze:Overheat","bronze:OilSpill"],"picked":"bronze:Flail","floor":15}],"player_experience":351346,"relics_obtained":[{"floor":7,"key":"Question Card"},{"floor":10,"key":"hubris:TenFootPole"}],"event_choices":[{"damage_healed":25,"gold_gain":0,"player_choice":"Banana","damage_taken":0,"max_hp_gain":0,"max_hp_loss":0,"event_name":"Big Fish","floor":13,"gold_loss":0}],"is_beta":false,"boss_relics":[],"items_purged_floors":[5],"is_endless":false,"potions_floor_spawned":[4,6,9],"killed_by":"IC_STATUS_ARCHETYPE","ascension_level":0}}