{"host":"sboty77psj7t2cnn","time":1611864657,"event":{"mods":["Aspiration","BaseMod","Beaked The Cultist","Better Match","Better Vampires","ChefMod","Colored Map","Conspire","Dio Mod","Downfall","Hermit","Hubris","Infinite Spire","Jorbs\u0027s Wanderer Trilogy","Minty Spire (QoL Compilation)","StSLib","The Witch"],"gold_per_floor":[99,113,130,145,159,174,199,199,232,32,32,58,73,87,105,105,105],"floor_reached":16,"language":"SPA","playtime":1256,"items_purged":[],"score":122,"play_id":"0646c767-c0ac-4073-af80-ca281c34ee45","local_time":"20210128141057","is_ascension_mode":true,"campfire_choices":[{"data":"Bite","floor":1,"key":"SMITH"},{"data":"dioMod:Muda","floor":10,"key":"SMITH"}],"circlet_count":0,"master_deck":["dioMod:Strike","dioMod:Strike+1","dioMod:Strike+1","dioMod:Strike","Bite+1","dioMod:Defend","dioMod:Defend","dioMod:Defend+1","dioMod:Defend","Panache","dioMod:BlendIn","dioMod:BloodShield","dioMod:Muda+1","downfall:Malfunctioning","dioMod:SecretPlan","dioMod:BloodShield","dioMod:GoodbyeJojo"],"relics":["dioMod:VampireBlood","infinitespire:Bottled Soul","downfall:HeartBlessingGreen","downfall:HeartBlessingBlue","hubris:Icosahedron","Guardian:PocketSentry"],"acts_visited":["Exordium"],"potions_floor_usage":[6,9,16,16],"damage_taken":[{"damage":9,"enemies":"2 Louse","floor":2,"turns":2},{"damage":1,"enemies":"Jaw Worm","floor":3,"turns":6},{"damage":8,"enemies":"Small Slimes","floor":4,"turns":4},{"damage":7,"enemies":"Gremlin Gang","floor":5,"turns":7},{"damage":20,"enemies":"Exordium Thugs","floor":6,"turns":4},{"damage":29,"enemies":"Gremlin Nob","floor":9,"turns":5},{"damage":34,"enemies":"Lagavulin","floor":12,"turns":10},{"damage":4,"enemies":"Large Slime","floor":13,"turns":6},{"damage":2,"enemies":"Exordium Wildlife","floor":14,"turns":4},{"damage":1,"enemies":"3 Louse","floor":15,"turns":3},{"damage":73,"enemies":"WA_ARCHETYPE_RETAIN","floor":16,"turns":10}],"seed_played":"-6794638655720389964","potions_obtained":[{"floor":3,"key":"AttackPotion"},{"floor":4,"key":"ColorlessPotion"},{"floor":12,"key":"LiquidMemories"},{"floor":14,"key":"GamblersBrew"},{"floor":15,"key":"Fire Potion"}],"is_trial":false,"path_per_floor":["R","M","M","M","M","M","T","?","E","R","?","E","M","M","M","B"],"character_chosen":"THE_DEFAULT","items_purchased":[],"campfire_rested":0,"item_purchase_floors":[],"current_hp_per_floor":[54,54,65,69,75,63,63,63,43,53,53,31,39,49,60,0,0],"gold":105,"neow_bonus":"RANDOM_COLORLESS_2","is_daily":false,"chose_seed":false,"campfire_upgraded":2,"win_rate":0.0,"timestamp":1611864657,"path_taken":["R","M","M","M","M","M","T","?","E","R","?","E","M","M","M","BOSS"],"items_purchased_type":[],"build_version":"2020-12-22","purchased_purges":0,"victory":false,"max_hp_per_floor":[75,75,75,75,75,75,75,75,75,85,85,85,85,85,85,85,85],"card_choices":[{"not_picked":["Secret Weapon","Secret Technique"],"picked":"Panache","floor":0},{"not_picked":["dioMod:Minions","dioMod:WRYYY"],"picked":"dioMod:BlendIn","floor":2},{"not_picked":["dioMod:TripleThreat","dioMod:Donut","dioMod:CautiousMuda"],"picked":"SKIP","floor":3},{"not_picked":["dioMod:ComposedMuda","dioMod:VengefulMuda"],"picked":"dioMod:BloodShield","floor":4},{"not_picked":["dioMod:DaggerSpree","dioMod:Hiss"],"picked":"dioMod:Muda","floor":5},{"not_picked":["dioMod:SadisticLaugh","dioMod:HeavyLifting","dioMod:TripleThreat"],"picked":"SKIP","floor":6},{"not_picked":["dioMod:DominatingPresence","dioMod:VengefulMuda","dioMod:BlendIn"],"picked":"SKIP","floor":9},{"not_picked":["dioMod:Despair","dioMod:SadisticLaugh"],"picked":"dioMod:SecretPlan","floor":12},{"not_picked":["dioMod:Roundabout","dioMod:SadisticLaugh","dioMod:CautiousMuda"],"picked":"SKIP","floor":13},{"not_picked":["dioMod:BlendIn","dioMod:CutDeep"],"picked":"dioMod:BloodShield","floor":14},{"not_picked":["dioMod:HeavyLifting","dioMod:DominatingPresence"],"picked":"dioMod:GoodbyeJojo","floor":15}],"player_experience":400163,"relics_obtained":[{"floor":9,"key":"infinitespire:Bottled Soul"},{"floor":12,"key":"Guardian:PocketSentry"}],"event_choices":[],"is_beta":false,"boss_relics":[],"items_purged_floors":[],"is_endless":false,"potions_floor_spawned":[3,4,12,14,15],"killed_by":"WA_ARCHETYPE_RETAIN","ascension_level":1}}