{"host":"wj6vwlg8bkoql3lv","time":1611867227,"event":{"mods":["AchievementEnabler","Bard","Bartender","BaseMod","Better Altar","Better Match","Better Sensory Stone","Better Skull","Better Third Choice","Better Vampires","Card Forge","Colored Map","Custom Start","Decade(???)","Downfall","Energized Spire","Friendly Minions","Hermit","Hubris","Infinite Spire","JesterMod","Jorbs\u0027s Wanderer Trilogy","Marisa????????","Minty Spire (QoL Compilation)","Permanent Neow","Potionbrewer","Quick Restart","Random Character Button","Replay The Spire","Robot Space Explorer","Shade Mod","StSLib","The Blue Laboratory","The Bug Knight","The Construct","The Cursed","The Death Knight","The Disciple","The Gatherer","The Hayseed","The Hierophant","The Jungle","The Marked","The Mystic","The Runesmith","The Senshi","The Servant 0.9.4","TheFirefly","Transform Curses"],"gold_per_floor":[117,117,117,38,38,69,69,69,69,94,94,108,136,153,108,142,142,244,244,260,274,291,306,74,103,118,118,143,68,95,95,129,148,148,251,251,262,185,185,198,216,216,70,70,147,172,187,204,224,238,238,238],"floor_reached":53,"language":"ENG","playtime":4786,"items_purged":[],"score":867,"play_id":"92033aa3-f974-49da-b992-1690e4a196cc","local_time":"20210128205347","is_ascension_mode":true,"campfire_choices":[{"floor":7,"key":"RECALL"},{"floor":17,"key":"REST"},{"floor":27,"key":"REST"},{"floor":34,"key":"REST"},{"floor":42,"key":"REST"},{"floor":44,"key":"REST"},{"floor":51,"key":"REST"}],"circlet_count":0,"master_deck":["TheCursedMod:Strike_TheCursed+1","TheCursedMod:Strike_TheCursed+1","TheCursedMod:Defend_TheCursed+1","TheCursedMod:Defend_TheCursed+1","TheCursedMod:Defend_TheCursed+1","TheCursedMod:Defend_TheCursed+1","TheCursedMod:CursedWand+1","TheCursedMod:CleanUpWorkshop+1","TheCursedMod:Dregs","TheCursedMod:CircleOfCorruption+1","TheCursedMod:ManaBullet+1","TheCursedMod:AbyssShockwave+1","TheCursedMod:HellsGateOpen+1","TheCursedMod:CircleOfFlame+1","TheCursedMod:Obscuration+1","TheCursedMod:CircleOfFlame+1","TheCursedMod:CursedMace+1","TheCursedMod:CursedMace+1","TheCursedMod:DarkBarrier+1","TheCursedMod:CursedShiv+1","TheCursedMod:SoulReap+1","TheCursedMod:SpitefulPlan+1","TheCursedMod:BlessingInDisguise+1","TheCursedMod:DemonSword+1","TheCursedMod:CircleOfBlood+1","TheCursedMod:Obscuration+1","TheCursedMod:AshesToAshes+1","TheCursedMod:CursedAmulet+1","infinitespire:TheBestDefense+1","TheCursedMod:CursedBlade+1","TheCursedMod:CursedBlade+1","TheCursedMod:ManaCirculation+1","TheCursedMod:SpitefulStrike+1","TheCursedMod:LuckyCharm+1","infinitespire:TheBestDefense+1","TheCursedMod:FuryStrike+1","TheCursedMod:CircleOfCorruption+1","TheCursedMod:FleshFromBone+1","TheCursedMod:HellfireBreathing+1","TheCursedMod:DoubleShield+1"],"relics":["TheCursedMod:BlackMagic101","Hammer of Thor","Seething Fire","Anvil of the Gods","NeowsBlessing","hubris:Towel","infinitespire:Beetle Shell","Smiling Mask","Tiny Chest","Toxic Egg 2","construct:ClawGrip","TheCursedMod:MagicCandle","Potion Belt","PreservedInsect","infinitespire:Satchel","energizedSpire:DeadBattery","potionbrewer:ToyAutogyro","theSenshi:FeatherClipsRelic","potionbrewer:DrinkingBird"],"acts_visited":["Exordium","TheCity","TheBeyond"],"potions_floor_usage":[20,21,22,46,48,52,52,52],"damage_taken":[{"damage":0,"enemies":"2 Louse","floor":1,"turns":1},{"damage":0,"enemies":"Lagavulin","floor":6,"turns":1},{"damage":0,"enemies":"Gremlin Nob","floor":10,"turns":1},{"damage":0,"enemies":"Jaw Worm","floor":12,"turns":2},{"damage":10,"enemies":"3 Sentries","floor":13,"turns":4},{"damage":0,"enemies":"Small Slimes","floor":14,"turns":2},{"damage":3,"enemies":"Replay:BlueRogue","floor":16,"turns":5},{"damage":24,"enemies":"Fading Forest","floor":18,"turns":11},{"damage":0,"enemies":"3 Byrds","floor":20,"turns":2},{"damage":4,"enemies":"2 Thieves","floor":21,"turns":3},{"damage":0,"enemies":"Cultist and Chosen","floor":22,"turns":4},{"damage":22,"enemies":"Centurion and Healer","floor":23,"turns":5},{"damage":16,"enemies":"Book of Stabbing","floor":25,"turns":5},{"damage":24,"enemies":"Snake Plant","floor":26,"turns":4},{"damage":18,"enemies":"Gremlin Leader","floor":30,"turns":5},{"damage":15,"enemies":"Book of Stabbing","floor":32,"turns":3},{"damage":12,"enemies":"Shelled Parasite and Fungi","floor":33,"turns":5},{"damage":66,"enemies":"Automaton","floor":35,"turns":9},{"damage":13,"enemies":"3 Darklings","floor":37,"turns":3},{"damage":1,"enemies":"Orb Walker","floor":40,"turns":3},{"damage":31,"enemies":"Sphere and 2 Shapes","floor":41,"turns":4},{"damage":3,"enemies":"R_Hoarder","floor":46,"turns":5},{"damage":2,"enemies":"Spire Growth","floor":47,"turns":6},{"damage":22,"enemies":"Maw","floor":48,"turns":8},{"damage":14,"enemies":"Sphere and 2 Shapes","floor":49,"turns":4},{"damage":32,"enemies":"Jaw Worm Horde","floor":50,"turns":3},{"damage":4,"enemies":"Donu and Deca","floor":52,"turns":8}],"seed_played":"2705062663927543984","potions_obtained":[{"floor":1,"key":"LifebloodPotion"},{"floor":12,"key":"blueLaboratory:PyrophylliteBrew"},{"floor":13,"key":"blueLaboratory:BottledHope"},{"floor":14,"key":"potionbrewer:DiscountPotion"},{"floor":18,"key":"Fire Potion"},{"floor":22,"key":"blueLaboratory:EnragingPotion"},{"floor":23,"key":"blueLaboratory:AbyssPotion"},{"floor":33,"key":"potionbrewer:NoxiousPotion"},{"floor":35,"key":"FearPotion"},{"floor":37,"key":"Toxic Potion"},{"floor":46,"key":"blueLaboratory:HorrorPotion"},{"floor":50,"key":"BlessingOfTheForge"}],"is_trial":false,"path_per_floor":["M","?","?","$","?","E","R","PTL","PTL","E","T","M","E","M","$","E","R","B",null,"M","M","M","M","$","E","M","R","T","?","E","AVR","E","M","R","B",null,"M","$","?","M","M","R","$","R","T","E","M","M","M","M","R","B",null],"character_chosen":"THE_CURSED","items_purchased":["TheCursedMod:ManaBullet","TheCursedMod:CursedMace","TheCursedMod:DemonSword","TheCursedMod:CircleOfBlood+1","TheCursedMod:LuckyCharm","potionbrewer:ToyAutogyro"],"campfire_rested":6,"item_purchase_floors":[4,15,24,24,38,43],"current_hp_per_floor":[75,75,75,75,75,75,75,75,75,75,75,75,65,65,65,62,75,51,75,75,71,75,60,60,59,43,65,65,65,66,66,55,54,75,24,75,70,70,70,69,44,66,66,75,75,75,75,75,67,48,70,75],"gold":238,"neow_bonus":"THREE_ENEMY_KILL","is_daily":false,"chose_seed":false,"campfire_upgraded":0,"win_rate":0.0,"timestamp":1611867227,"path_taken":["M","?","?","$","?","E","R","PTL","PTL","E","T","M","E","M","$","E","R","BOSS","M","M","M","M","$","E","M","R","T","?","E","AVR","E","M","R","BOSS","M","$","?","M","M","R","?","R","T","E","M","M","M","M","R","BOSS"],"items_purchased_type":["Card","Card","Card","Card","Card","Relic"],"build_version":"2020-12-22","purchased_purges":0,"victory":true,"max_hp_per_floor":[75,75,75,75,75,75,75,75,75,75,75,75,75,75,75,75,75,75,75,75,75,75,75,75,75,75,75,75,75,75,75,75,75,75,75,75,75,75,75,75,75,75,75,75,75,75,75,75,75,75,75,75],"card_choices":[{"not_picked":["TheCursedMod:CursedShiv","TheCursedMod:SpreadPlague"],"picked":"TheCursedMod:CircleOfCorruption","floor":1},{"not_picked":["TheCursedMod:PrepareRite","TheCursedMod:RavingStaff"],"picked":"TheCursedMod:AbyssShockwave","floor":6},{"not_picked":["TheCursedMod:Hemoplague","TheCursedMod:SaltUponWound"],"picked":"TheCursedMod:HellsGateOpen","floor":10},{"not_picked":["TheCursedMod:BloodBarrier","TheCursedMod:SpitefulStrike"],"picked":"TheCursedMod:CircleOfFlame","floor":12},{"not_picked":["TheCursedMod:RavingStaff","TheCursedMod:StingEye"],"picked":"TheCursedMod:Obscuration","floor":13},{"not_picked":["TheCursedMod:Obscuration","TheCursedMod:Wield"],"picked":"TheCursedMod:CircleOfFlame","floor":14},{"not_picked":["TheCursedMod:Torture+1","TheCursedMod:CircleOfAmplification+1"],"picked":"TheCursedMod:CursedMace","floor":16},{"not_picked":["TheCursedMod:OutForBlood","TheCursedMod:ParallelWorld+1"],"picked":"TheCursedMod:DarkBarrier+1","floor":18},{"not_picked":["TheCursedMod:Hemoplague+1","TheCursedMod:Stigma"],"picked":"TheCursedMod:CursedShiv","floor":20},{"not_picked":["TheCursedMod:CursedArmor+1","TheCursedMod:SmokeScreen+1"],"picked":"TheCursedMod:SoulReap+1","floor":21},{"not_picked":["TheCursedMod:Obscuration+1","TheCursedMod:CircleOfBlood+1"],"picked":"TheCursedMod:SpitefulPlan","floor":22},{"not_picked":["TheCursedMod:CursedSpellbook+1","TheCursedMod:TroublousMinions+1"],"picked":"TheCursedMod:BlessingInDisguise+1","floor":23},{"not_picked":["TheCursedMod:OutForBlood","TheCursedMod:Stretching+1"],"picked":"TheCursedMod:Obscuration+1","floor":25},{"not_picked":["TheCursedMod:SaltUponWound+1","TheCursedMod:RavingStaff"],"picked":"TheCursedMod:AshesToAshes+1","floor":26},{"not_picked":["TheCursedMod:Stretching+1","TheCursedMod:BloodBarrier+1"],"picked":"TheCursedMod:CursedAmulet+1","floor":30},{"not_picked":["TheCursedMod:RapidMovement+1","TheCursedMod:Wield"],"picked":"TheCursedMod:CursedBlade","floor":32},{"not_picked":["TheCursedMod:CursedMace","TheCursedMod:ParallelWorld+1"],"picked":"TheCursedMod:CursedBlade","floor":33},{"not_picked":["TheCursedMod:NeowsMight+1","TheCursedMod:ParallelWorld+1"],"picked":"TheCursedMod:ManaCirculation","floor":35},{"not_picked":["TheCursedMod:Stretching+1","TheCursedMod:WearCloak+1"],"picked":"TheCursedMod:SpitefulStrike+1","floor":37},{"not_picked":["TheCursedMod:Stretching+1","TheCursedMod:OutForBlood"],"picked":"TheCursedMod:FuryStrike+1","floor":40},{"not_picked":["TheCursedMod:CursedArmor+1","TheCursedMod:LuckyCharm"],"picked":"TheCursedMod:CircleOfCorruption+1","floor":41},{"not_picked":["TheCursedMod:SmokeScreen+1","TheCursedMod:WearCloak+1"],"picked":"TheCursedMod:FleshFromBone+1","floor":46},{"not_picked":["TheCursedMod:CircleOfFlame+1","TheCursedMod:TacticalStrike","TheCursedMod:SaltUponWound+1"],"picked":"SKIP","floor":47},{"not_picked":["TheCursedMod:Wield+1","TheCursedMod:TacticalStrike","TheCursedMod:Obscuration+1"],"picked":"SKIP","floor":48},{"not_picked":["TheCursedMod:SoulReap+1","TheCursedMod:Neurasthenia+1"],"picked":"TheCursedMod:HellfireBreathing+1","floor":49},{"not_picked":["TheCursedMod:CircleOfCorruption+1","TheCursedMod:TacticalStrike+1"],"picked":"TheCursedMod:DoubleShield+1","floor":50}],"player_experience":183930,"relics_obtained":[{"floor":6,"key":"infinitespire:Beetle Shell"},{"floor":10,"key":"Smiling Mask"},{"floor":13,"key":"Tiny Chest"},{"floor":16,"key":"Toxic Egg 2"},{"floor":25,"key":"TheCursedMod:MagicCandle"},{"floor":28,"key":"Potion Belt"},{"floor":30,"key":"PreservedInsect"},{"floor":32,"key":"infinitespire:Satchel"},{"floor":45,"key":"theSenshi:FeatherClipsRelic"},{"floor":46,"key":"potionbrewer:DrinkingBird"}],"event_choices":[{"cards_removed":["TheCursedMod:Strike_TheCursed"],"damage_healed":0,"gold_gain":0,"player_choice":"Offered Basic","damage_taken":0,"max_hp_gain":0,"max_hp_loss":0,"event_name":"Bonfire Elementals","floor":5,"gold_loss":0},{"cards_removed":["TheCursedMod:Strike_TheCursed"],"damage_healed":0,"gold_gain":0,"player_choice":"Gave Gold","damage_taken":0,"max_hp_gain":0,"max_hp_loss":0,"event_name":"Beggar","floor":29,"gold_loss":75},{"damage_healed":0,"gold_gain":0,"player_choice":"Copied","damage_taken":0,"max_hp_gain":0,"max_hp_loss":0,"event_name":"Duplicator","floor":39,"gold_loss":0,"cards_obtained":["infinitespire:TheBestDefense"]}],"is_beta":false,"boss_relics":[{"not_picked":["energizedSpire:OgreHead","hubris:HollowSoul"],"picked":"construct:ClawGrip"},{"not_picked":["Astrolabe","construct:WeddingRing"],"picked":"energizedSpire:DeadBattery"}],"items_purged_floors":[],"is_endless":false,"potions_floor_spawned":[1,12,13,14,18,22,23,33,35,37,46,49,50],"ascension_level":1}}