{"host":"1u5b8mzv927aru3b","time":1611857967,"event":{"mods":["AchievementEnabler","BaseMod","Colored Map","Colored Powertips","Downfall","GifTheSpireLib","Googly Eyes","Minty Spire (QoL Compilation)","Quick Restart","Relic Sorter","StSLib","The IronCluck","Unceasing Turn Reminder"],"gold_per_floor":[99,99,99,99,114,124,124,124,134,34,47,82,109,143,154,249,249,249,268,278,278,155,168,218,252,252,282,282,13,13,0,11,11,11,11],"floor_reached":33,"language":"ENG","playtime":1600,"items_purged":["Guardian:Strike_Guardian"],"score":398,"play_id":"eb0dd5a9-5d88-4e06-8b3e-302e6cb72183","local_time":"20210128221927","is_ascension_mode":true,"campfire_choices":[{"data":"Guardian:CurlUp","floor":1,"key":"SMITH"},{"floor":8,"key":"RECALL"},{"data":"Guardian:EvasiveProtocol","floor":10,"key":"SMITH"},{"data":"Guardian:CompilePackage","floor":18,"key":"SMITH"},{"data":"Guardian:ArmoredProtocol","floor":28,"key":"SMITH"},{"floor":30,"key":"REST"}],"circlet_count":0,"master_deck":["Guardian:Strike_Guardian","Guardian:Defend_Guardian","Guardian:Defend_Guardian","Guardian:Defend_Guardian","Guardian:Defend_Guardian","Guardian:CurlUp+1","Guardian:TwinSlam","Guardian:FloatingOrbs","Guardian:BronzeOrb","Guardian:EvasiveProtocol+1","Guardian:ShieldCharger","Guardian:TemporalStrike","Guardian:PiercingHide","Guardian:CompilePackage+1","Guardian:StasisStrike","Guardian:TemporalShield","Guardian:GemFinder","Guardian:Incinerate","Guardian:SpikerProtocol","Guardian:Gem_Red","Guardian:ArmoredProtocol+1","Guardian:Gem_Red","Guardian:FloatingOrbs"],"relics":["Guardian:ModeShifter","downfall:HeartsMalice","Guardian:PocketSentry","downfall:HeartBlessingRed","MealTicket","Odd Mushroom","Blood Vial","Empty Cage","Anchor","White Beast Statue","The Courier","Membership Card","Bottled Flame"],"acts_visited":["Exordium","TheCity"],"potions_floor_usage":[12,14,20,20,25,25,27,27,31,31,32,33,33],"damage_taken":[{"damage":0,"enemies":"2 Louse","floor":2,"turns":1},{"damage":0,"enemies":"Small Slimes","floor":3,"turns":1},{"damage":0,"enemies":"Jaw Worm","floor":4,"turns":1},{"damage":4,"enemies":"Red Slaver","floor":5,"turns":5},{"damage":0,"enemies":"Blue Slaver","floor":6,"turns":4},{"damage":9,"enemies":"Exordium Wildlife","floor":9,"turns":5},{"damage":16,"enemies":"Gremlin Gang","floor":11,"turns":4},{"damage":0,"enemies":"Gremlin Nob","floor":12,"turns":3},{"damage":7,"enemies":"The Mushroom Lair","floor":13,"turns":3},{"damage":5,"enemies":"3 Sentries","floor":14,"turns":5},{"damage":1,"enemies":"Blue Slaver","floor":15,"turns":3},{"damage":28,"enemies":"IC_STATUS_ARCHETYPE","floor":16,"turns":9},{"damage":4,"enemies":"Shell Parasite","floor":19,"turns":5},{"damage":0,"enemies":"Shelled Parasite and Fungi","floor":20,"turns":5},{"damage":0,"enemies":"downfall:FleeingMerchant","floor":22,"turns":4},{"damage":0,"enemies":"Cultist and Chosen","floor":23,"turns":6},{"damage":40,"enemies":"Gremlin Leader","floor":25,"turns":8},{"damage":17,"enemies":"Book of Stabbing","floor":27,"turns":6},{"damage":0,"enemies":"downfall:FleeingMerchant","floor":29,"turns":4},{"damage":0,"enemies":"downfall:FleeingMerchant","floor":31,"turns":4},{"damage":11,"enemies":"Centurion and Healer","floor":32,"turns":8},{"damage":71,"enemies":"DF_ARCHETYPE_CLAW","floor":33,"turns":10}],"seed_played":"-3106479737349478328","potions_obtained":[{"floor":5,"key":"SpeedPotion"},{"floor":6,"key":"Energy Potion"},{"floor":11,"key":"champ:CounterPotion"},{"floor":12,"key":"Weak Potion"},{"floor":16,"key":"DuplicationPotion"},{"floor":20,"key":"champ:CounterPotion"},{"floor":23,"key":"Regen Potion"},{"floor":25,"key":"PowerPotion"},{"floor":27,"key":"SpeedPotion"},{"floor":29,"key":"Explosive Potion"},{"floor":31,"key":"champ:CounterPotion"},{"floor":32,"key":"LiquidBronze"}],"is_trial":false,"path_per_floor":["R","M","M","M","M","M","T","R","M","R","M","E","?","E","M","B",null,"R","M","M","?","$","M","T","E","?","E","R","$","R","$","M","B"],"character_chosen":"GUARDIAN","items_purchased":["Guardian:SpikerProtocol","Membership Card","Bottled Flame","DistilledChaos"],"campfire_rested":1,"item_purchase_floors":[22,29,29,29],"current_hp_per_floor":[80,80,80,80,76,76,76,76,67,67,51,51,44,39,40,14,64,64,62,64,80,80,80,80,55,55,40,40,57,80,80,69,0,0,0],"gold":11,"neow_bonus":"THREE_ENEMY_KILL","is_daily":false,"chose_seed":false,"campfire_upgraded":4,"win_rate":0.0,"timestamp":1611857967,"path_taken":["R","M","M","M","M","M","T","R","M","R","M","E","?","E","M","BOSS","R","M","M","?","$","M","T","E","?","E","R","$","R","$","M","BOSS"],"items_purchased_type":["Card","Relic","Relic","Potion"],"build_version":"2020-12-22","purchased_purges":1,"victory":false,"max_hp_per_floor":[80,80,80,80,80,80,80,80,80,80,80,80,80,80,80,80,80,80,80,80,80,80,80,80,80,80,80,80,80,80,80,80,80,80,80],"card_choices":[{"not_picked":["Guardian:ArmoredProtocol","Guardian:PrismaticBeam"],"picked":"Guardian:FloatingOrbs","floor":2},{"not_picked":["Guardian:TemporalStrike","Guardian:FuturePlans"],"picked":"Guardian:BronzeOrb","floor":3},{"not_picked":["Guardian:ShieldSpikes","Guardian:Clone"],"picked":"Guardian:EvasiveProtocol","floor":4},{"not_picked":["Guardian:Planning","Guardian:PrismaticBeam"],"picked":"Guardian:ShieldCharger","floor":5},{"not_picked":["Guardian:PrimingBeam","Guardian:Recover"],"picked":"Guardian:TemporalStrike","floor":6},{"not_picked":["Guardian:CrystalBeam","Guardian:VentSteam"],"picked":"Guardian:Gem_Crimson","floor":9},{"not_picked":["Guardian:CrystalBeam","Guardian:ChargeCore"],"picked":"Guardian:Gem_Red","floor":11},{"not_picked":["Guardian:Reroute","Guardian:RefractedBeam"],"picked":"Guardian:PiercingHide","floor":12},{"not_picked":["Guardian:Gem_Crimson","Guardian:RollAttack"],"picked":"Guardian:CompilePackage","floor":13},{"not_picked":["Guardian:FierceBash","Guardian:PolyBeam"],"picked":"Guardian:StasisStrike","floor":14},{"not_picked":["Guardian:CrystalBeam","Guardian:ShieldCharger"],"picked":"Guardian:TemporalShield","floor":15},{"not_picked":["Guardian:GatlingBeam","Guardian:StasisEngine"],"picked":"Guardian:GemFinder","floor":16},{"not_picked":["Guardian:Gem_Lightblue","Guardian:Gem_Cyan"],"picked":"Guardian:Gem_Red","floor":19},{"not_picked":["Guardian:BronzeOrb","Guardian:Reroute","Guardian:TemporalShield"],"picked":"SKIP","floor":19},{"not_picked":["Guardian:Gem_Cyan","Guardian:Gem_Lightblue"],"picked":"Guardian:Gem_Red","floor":20},{"not_picked":["Guardian:PrimingBeam","Guardian:TimeBomb","Guardian:Gem_Yellow"],"picked":"SKIP","floor":20},{"not_picked":["Guardian:Gem_Lightblue","Guardian:Gem_Green"],"picked":"Guardian:Gem_Red","floor":22},{"not_picked":["Guardian:HyperBeam_Guardian","Guardian:BronzeOrb"],"picked":"Guardian:Incinerate","floor":22},{"not_picked":["Guardian:Gem_Lightblue","Guardian:Gem_Green"],"picked":"Guardian:Gem_Red","floor":23},{"not_picked":["Guardian:CrystalBeam","Guardian:EvasiveProtocol"],"picked":"Guardian:ArmoredProtocol","floor":23},{"not_picked":["Guardian:Gem_Cyan","Guardian:Gem_Lightblue"],"picked":"Guardian:Gem_Red","floor":25},{"not_picked":["Guardian:BronzeOrb","Guardian:TemporalStrike","Guardian:Gem_Green"],"picked":"SKIP","floor":25},{"not_picked":["Guardian:SentryBeam","Guardian:GatlingBeam","Guardian:BodySlam"],"picked":"SKIP","floor":27},{"not_picked":["Guardian:TemporalShield+1","Guardian:ChargeCore+1","Guardian:RollAttack+1"],"picked":"SKIP","floor":29},{"not_picked":["Guardian:TemporalStrike","Guardian:Clone"],"picked":"Guardian:FloatingOrbs","floor":31},{"not_picked":["Guardian:PiercingHide","Guardian:PrismaticBarrier","Guardian:Incinerate+1"],"picked":"SKIP","floor":32}],"player_experience":173236,"relics_obtained":[{"floor":7,"key":"Guardian:PocketSentry"},{"floor":12,"key":"MealTicket"},{"floor":13,"key":"Odd Mushroom"},{"floor":14,"key":"Blood Vial"},{"floor":24,"key":"Anchor"},{"floor":25,"key":"White Beast Statue"},{"floor":27,"key":"The Courier"}],"event_choices":[{"damage_healed":0,"gold_gain":0,"player_choice":"Fought Mushrooms","damage_taken":0,"max_hp_gain":0,"max_hp_loss":0,"event_name":"Mushrooms","floor":13,"gold_loss":0},{"damage_healed":26,"gold_gain":0,"player_choice":"Heal","damage_taken":0,"max_hp_gain":0,"max_hp_loss":0,"event_name":"The Library","floor":21,"gold_loss":0}],"is_beta":false,"boss_relics":[{"not_picked":["Busted Crown","Pandora\u0027s Box"],"picked":"Empty Cage"}],"items_purged_floors":[22],"is_endless":false,"potions_floor_spawned":[5,6,11,12,13,16,20,23,25,27,29,31,32],"killed_by":"DF_ARCHETYPE_CLAW","ascension_level":5}}