{"host":"ktoxvvst1mwxww91","time":1611839546,"event":{"mods":["BaseMod","Downfall","Minty Spire (QoL Compilation)","StSLib"],"gold_per_floor":[99,9,9,20,95,95,120,120,151,151,36,60,60,91,109,109,109,109],"floor_reached":16,"language":"ENG","playtime":484,"items_purged":["Slimebound:Strike_Slimebound","Slimebound:Defend_Slimebound"],"score":114,"play_id":"5638abf7-d83b-48d1-af30-a42ecdda2f1a","local_time":"20210128141226","is_ascension_mode":true,"campfire_choices":[{"data":"Slimebound:Split","floor":1,"key":"SMITH"},{"data":"Slimebound:LivingWall","floor":8,"key":"SMITH"},{"data":"Slimebound:CorrosiveSpit","floor":10,"key":"SMITH"},{"data":"Slimebound:BestDefense","floor":13,"key":"SMITH"}],"circlet_count":0,"master_deck":["Slimebound:Strike_Slimebound","Slimebound:Tackle","Slimebound:Defend_Slimebound","Slimebound:Defend_Slimebound","Slimebound:Defend_Slimebound","Slimebound:Split+1","Slimebound:CorrosiveSpit+1","Slimebound:LivingWall+1","Slimebound:SlimeTap","Slimebound:LivingWall","Slimebound:BestDefense+1","Slimebound:Chomp","Slimebound:SlimeSpikes"],"relics":["Busted Crown","downfall:ShatteredFragment","Art of War","Bag of Marbles","PreservedInsect"],"acts_visited":["Exordium"],"potions_floor_usage":[],"damage_taken":[{"damage":0,"enemies":"downfall:FleeingMerchant","floor":2,"turns":4},{"damage":0,"enemies":"Small Slimes","floor":4,"turns":3},{"damage":16,"enemies":"Lagavulin","floor":9,"turns":6},{"damage":0,"enemies":"downfall:FleeingMerchant","floor":11,"turns":4},{"damage":22,"enemies":"3 Sentries","floor":14,"turns":7},{"damage":0,"enemies":"2 Louse","floor":15,"turns":2},{"damage":11,"enemies":"IC_STATUS_ARCHETYPE","floor":16,"turns":2}],"seed_played":"6064294864162409873","potions_obtained":[{"floor":15,"key":"SteroidPotion"}],"is_trial":false,"path_per_floor":["R","$","?","M","?","?","T","R","E","R","$","T","R","E","M","B"],"character_chosen":"SLIMEBOUND","items_purchased":[],"campfire_rested":0,"item_purchase_floors":[],"current_hp_per_floor":[65,65,47,47,47,47,47,47,31,31,31,31,31,9,9,0,0,0],"gold":109,"neow_bonus":"BOSS_RELIC","is_daily":false,"chose_seed":false,"campfire_upgraded":4,"win_rate":0.0,"timestamp":1611839546,"path_taken":["R","$","?","M","?","?","T","R","E","R","?","?","R","E","M","BOSS"],"items_purchased_type":[],"build_version":"2020-12-22","purchased_purges":2,"victory":false,"max_hp_per_floor":[65,65,65,65,65,65,65,65,65,65,65,65,65,65,65,65,65,65],"card_choices":[{"not_picked":[],"picked":"Slimebound:LivingWall","floor":2},{"not_picked":[],"picked":"Slimebound:SlimeTap","floor":4},{"not_picked":[],"picked":"Slimebound:LivingWall","floor":9},{"not_picked":[],"picked":"Slimebound:BestDefense","floor":11},{"not_picked":[],"picked":"Slimebound:Chomp","floor":14},{"not_picked":[],"picked":"Slimebound:SlimeSpikes","floor":15}],"player_experience":862700,"relics_obtained":[{"floor":7,"key":"Art of War"},{"floor":9,"key":"Bag of Marbles"},{"floor":14,"key":"PreservedInsect"}],"event_choices":[{"cards_removed":["Slimebound:Strike_Slimebound"],"damage_healed":0,"gold_gain":0,"player_choice":"Card Removal","damage_taken":0,"max_hp_gain":0,"max_hp_loss":0,"event_name":"The Cleric","floor":6,"gold_loss":0}],"is_beta":false,"boss_relics":[],"items_purged_floors":[2,11],"is_endless":false,"potions_floor_spawned":[15],"killed_by":"IC_STATUS_ARCHETYPE","ascension_level":2}}