{"host":"dl909bjyolgrn2uw","time":1611807267,"event":{"mods":["2.2 Compatiblity","AlwaysNeverKeys","BaseMod","Bestiary","Better Altar","Better Note","Better Sensory Stone","Better Skull","Better Vampires","Better-Laid Plans","BetterRewards","Colored Powertips","Curses Come First","Disable Question Mark Monsters","Displayed Cursed Tome","Emptier Cage","Evolution","Minty Spire (QoL Compilation)","Permanent Neow","Quick Restart","Rare Cards Sparkle","Relic Stats","Shop Mod","Spicy Shops","StSLib","SuperFastMode","Transform Curses"],"gold_per_floor":[117,136,136,150,169,204,204,219,272,447,468,512,592,467,467,565,565,590,615,629,645,659,659,682,723,748,748,784,784,694,725,725,823,823,842,908,321,596,616,652,652,686,765,785,785,297,297,338,338,338],"floor_reached":51,"language":"ENG","playtime":3373,"items_purged":["Strike_G","Strike_G","Doubt"],"score":1961,"play_id":"f07aa155-a9d5-4a0b-9815-e5c69307b87e","local_time":"20210127221427","is_ascension_mode":true,"campfire_choices":[{"data":"Footwork","floor":7.0,"key":"SMITH"},{"data":"Caltrops","floor":15,"key":"SMITH"},{"data":"Wraith Form v2","floor":23,"key":"SMITH"},{"data":"After Image","floor":29,"key":"SMITH"},{"floor":32,"key":"REST"},{"data":"Malaise","floor":41,"key":"SMITH"},{"data":"Choke","floor":45,"key":"SMITH"},{"data":"Calculated Gamble","floor":47,"key":"SMITH"},{"data":"Eviscerate","floor":49,"key":"SMITH"}],"circlet_count":0,"master_deck":["AscendersBane","Defend_G","Defend_G","Defend_G","Defend_G","Defend_G","Survivor","Neutralize+1","Caltrops+1","Choke+1","Footwork+1","Poisoned Stab","Poisoned Stab","Riddle With Holes","Burst","Quick Slash","Noxious Fumes","Dash","Backstab+1","Dodge and Roll","Escape Plan","Backstab","Dodge and Roll","Wraith Form v2+1","Endless Agony+1","Cloak And Dagger+1","Footwork","Blur","Footwork+1","Dodge and Roll","PiercingWail","After Image+1","Acrobatics+1","Deflect","Bullet Time","Eviscerate+1","Eviscerate+1","Cloak And Dagger+1","Malaise+1","Escape Plan","Calculated Gamble+1","Dramatic Entrance+1","Prepared"],"relics":["Ring of the Snake","EVO:Axolotl","ClockworkSouvenir","Orrery","Oddly Smooth Stone","Ninja Scroll","Golden Idol","Vajra","MealTicket","Paper Crane","Omamori","Astrolabe","Bottled Lightning","Anchor","StoneCalendar","StrikeDummy","Runic Pyramid","WingedGreaves","Letter Opener","Nunchaku","Orichalcum","Akabeko","Molten Egg 2","Membership Card","OrangePellets","Shuriken","Whetstone","Boot"],"acts_visited":["TheCity","TheBeyond"],"potions_floor_usage":[20,28,33,40,50,50,50],"damage_taken":[{"damage":0.0,"enemies":"Cultist","floor":1.0,"turns":2.0},{"damage":0.0,"enemies":"Small Slimes","floor":2.0,"turns":1.0},{"damage":0.0,"enemies":"Jaw Worm","floor":4.0,"turns":1.0},{"damage":5.0,"enemies":"Gremlin Gang","floor":5.0,"turns":3.0},{"damage":0.0,"enemies":"3 Sentries","floor":6.0,"turns":5.0},{"damage":0.0,"enemies":"Blue Slaver","floor":8.0,"turns":1.0},{"damage":0.0,"enemies":"Exordium Wildlife","floor":11.0,"turns":2.0},{"damage":6.0,"enemies":"Gremlin Nob","floor":12.0,"turns":3.0},{"damage":0.0,"enemies":"3 Sentries","floor":13.0,"turns":5.0},{"damage":0,"enemies":"The Guardian","floor":16,"turns":9},{"damage":0,"enemies":"Spheric Guardian","floor":18,"turns":1},{"damage":0,"enemies":"Shell Parasite","floor":19,"turns":5},{"damage":0,"enemies":"Chosen and Byrds","floor":20,"turns":4},{"damage":2,"enemies":"Snecko","floor":21,"turns":6},{"damage":16,"enemies":"Snake Plant","floor":22,"turns":6},{"damage":0,"enemies":"Sentry and Sphere","floor":24,"turns":7},{"damage":10,"enemies":"Slavers","floor":25,"turns":6},{"damage":0,"enemies":"Book of Stabbing","floor":28,"turns":5},{"damage":1,"enemies":"Gremlin Leader","floor":31,"turns":9},{"damage":26,"enemies":"Champ","floor":33,"turns":16},{"damage":0,"enemies":"Orb Walker","floor":35,"turns":3},{"damage":0,"enemies":"2 Orb Walkers","floor":36,"turns":6},{"damage":0,"enemies":"3 Shapes","floor":39,"turns":3},{"damage":32,"enemies":"Reptomancer","floor":40,"turns":7},{"damage":2,"enemies":"Giant Head","floor":42,"turns":9},{"damage":2,"enemies":"3 Darklings","floor":44,"turns":5},{"damage":0,"enemies":"Nemesis","floor":48,"turns":5},{"damage":13,"enemies":"Donu and Deca","floor":50,"turns":7}],"seed_played":"-3102423733143806203","potions_obtained":[{"floor":1.0,"key":"LiquidMemories"},{"floor":11.0,"key":"AttackPotion"},{"floor":20,"key":"LiquidBronze"},{"floor":33,"key":"Strength Potion"},{"floor":39,"key":"Dexterity Potion"},{"floor":42,"key":"FearPotion"}],"is_trial":false,"path_per_floor":["M","M","?","M","M","E","R","M","T","?","M","E","?","$","R","B",null,"M","M","M","M","M","R","M","E","T","?","E","R","?","E","R","B",null,"M","?","$","?","M","E","R","E","T","M","R","$","R","E","R","B",null],"character_chosen":"THE_SILENT","items_purchased":["ClockworkSouvenir","Caltrops","Choke","Orrery","Quick Slash","Noxious Fumes","Oddly Smooth Stone","Ninja Scroll","Fruit Juice","Letter Opener","Nunchaku","DuplicationPotion","Eviscerate","Membership Card","OrangePellets","Shuriken","Whetstone","Calculated Gamble","GhostInAJar","Dramatic Entrance+1"],"campfire_rested":1,"item_purchase_floors":[0,0,0,0,0,0,0,0,0,37,37,37,37,46,46,46,46,46,46,46],"current_hp_per_floor":[59,59,43,43,38,38,38,38,38,38,43,37,37,52,52,52,66,66,66,66,64,48,48,48,38,38,29,29,29,29,28,49,23,59,59,59,71,71,71,39,39,37,37,35,35,50,50,50,50,37],"gold":338,"neow_bonus":"","is_daily":false,"chose_seed":false,"campfire_upgraded":8,"win_rate":0.0,"timestamp":1611807267,"path_taken":["M","M","?","M","M","E","R","M","T","?","M","E","?","?","R","BOSS","M","M","M","M","?","R","M","E","T","?","E","R","?","E","R","BOSS","M","?","$","?","M","E","R","E","T","?","R","$","R","E","R","BOSS"],"items_purchased_type":["Relic","Card","Card","Relic","Card","Card","Relic","Relic","Potion","Relic","Relic","Potion","Card","Relic","Relic","Relic","Relic","Card","Potion","Card"],"build_version":"2020-12-22","purchased_purges":3,"victory":true,"max_hp_per_floor":[66,66,66,66,66,66,66,66,66,66,71,71,71,71,71,71,71,71,71,71,71,71,71,71,71,71,71,71,71,71,71,71,71,71,71,71,71,71,71,71,71,71,71,71,71,71,71,71,71,71],"relic_stats":{"counters":[88,422],"Golden Idol":205,"Astrolabe":["Underhanded Strike","Endless Agony","Cloak And Dagger"],"StoneCalendar":[231],"Letter Opener":[57],"Whetstone":["Neutralize","Backstab"],"Orichalcum":[0],"Boot":[0],"OrangePellets":[11],"Nunchaku":[10],"Shuriken":[9],"MealTicket":42,"obtain_stats":[{"Ice Cream":19,"Gremlin Horn":9,"Vajra":6,"EVO:Axolotl":0,"Whetstone":46,"Boot":48,"Centennial Puzzle":43,"DollysMirror":47,"MealTicket":7,"Necronomicon":20,"Astrolabe":17,"Oddly Smooth Stone":0,"Pen Nib":24,"Letter Opener":26,"War Paint":12,"Paper Crane":12,"Akabeko":42,"Du-Vu Doll":12,"Runic Dome":0,"OrangePellets":0,"Shuriken":46,"Molten Egg 2":43,"StrikeDummy":31,"Meat on the Bone":47,"Singing Bowl":9,"Mango":14,"StoneCalendar":28,"Juzu Bracelet":8,"Ancient Tea Set":0,"ClockworkSouvenir":47,"Dream Catcher":12,"Nunchaku":37,"Ninja Scroll":25,"Pantograph":6,"WingedGreaves":36,"Red Mask":30,"Cracked Core":0,"Runic Pyramid":17,"Ring of the Snake":0,"Potion Belt":26,"Inserter":17,"Golden Idol":3,"PreservedInsect":0,"Omamori":23,"Orichalcum":31,"White Beast Statue":40,"Mercury Hourglass":31,"Peace Pipe":44,"CaptainsWheel":42,"Anchor":26,"Busted Crown":34,"Ornamental Fan":47,"Orrery":0,"Coffee Dripper":0,"Art of War":27,"Membership Card":19,"Bottled Lightning":25},{"Ice Cream":12,"Gremlin Horn":24,"Vajra":65,"EVO:Axolotl":0,"Whetstone":86,"Boot":87,"Centennial Puzzle":57,"DollysMirror":59,"MealTicket":6,"Necronomicon":12,"Astrolabe":70,"Oddly Smooth Stone":60,"Pen Nib":14,"Letter Opener":14,"War Paint":41,"Paper Crane":68,"Akabeko":85,"Du-Vu Doll":8,"Runic Dome":1,"OrangePellets":33,"Shuriken":86,"Molten Egg 2":85,"StrikeDummy":79,"Meat on the Bone":59,"Singing Bowl":6,"Mango":27,"StoneCalendar":78,"Juzu Bracelet":24,"Ancient Tea Set":18,"ClockworkSouvenir":59,"Dream Catcher":26,"Nunchaku":82,"Ninja Scroll":49,"Pantograph":38,"WingedGreaves":82,"Red Mask":50,"Cracked Core":0,"Runic Pyramid":43,"Ring of the Snake":0,"Potion Belt":49,"Inserter":28,"Golden Idol":62,"PreservedInsect":33,"Omamori":47,"Orichalcum":17,"White Beast Statue":56,"Mercury Hourglass":51,"Peace Pipe":58,"CaptainsWheel":57,"Anchor":77,"Busted Crown":52,"Ornamental Fan":59,"Orrery":60,"Coffee Dripper":0,"Art of War":15,"Membership Card":12,"Bottled Lightning":77},{"Ice Cream":38,"Gremlin Horn":75,"Vajra":292,"EVO:Axolotl":0,"Whetstone":410,"Boot":415,"Centennial Puzzle":264,"DollysMirror":275,"MealTicket":19,"Necronomicon":38,"Astrolabe":312,"Oddly Smooth Stone":280,"Pen Nib":45,"Letter Opener":45,"War Paint":165,"Paper Crane":298,"Akabeko":405,"Du-Vu Doll":23,"Runic Dome":1,"OrangePellets":129,"Shuriken":410,"Molten Egg 2":405,"StrikeDummy":361,"Meat on the Bone":275,"Singing Bowl":19,"Mango":90,"StoneCalendar":352,"Juzu Bracelet":75,"Ancient Tea Set":58,"ClockworkSouvenir":275,"Dream Catcher":86,"Nunchaku":386,"Ninja Scroll":216,"Pantograph":148,"WingedGreaves":386,"Red Mask":221,"Cracked Core":0,"Runic Pyramid":178,"Ring of the Snake":0,"Potion Belt":216,"Inserter":101,"Golden Idol":283,"PreservedInsect":129,"Omamori":203,"Orichalcum":55,"White Beast Statue":258,"Mercury Hourglass":229,"Peace Pipe":270,"CaptainsWheel":264,"Anchor":347,"Busted Crown":236,"Ornamental Fan":275,"Orrery":280,"Coffee Dripper":0,"Art of War":48,"Membership Card":38,"Bottled Lightning":347}],"Ring of the Snake":[108]},"card_choices":[{"not_picked":["Sucker Punch","Quick Slash"],"picked":"Footwork","floor":0.0},{"not_picked":["Terror","Caltrops"],"picked":"Poisoned Stab","floor":0.0},{"not_picked":["Accuracy","Setup"],"picked":"Poisoned Stab","floor":0.0},{"not_picked":["Tactician","Sucker Punch"],"picked":"Riddle With Holes","floor":0.0},{"not_picked":["Flying Knee","Masterful Stab"],"picked":"Burst","floor":0.0},{"not_picked":["Sucker Punch","Underhanded Strike"],"picked":"Dash","floor":1.0},{"not_picked":["Masterful Stab","Endless Agony","Deadly Poison"],"picked":"SKIP","floor":2.0},{"not_picked":["Riddle With Holes","Slice"],"picked":"Backstab","floor":4.0},{"not_picked":["Predator","Distraction"],"picked":"Dodge and Roll","floor":5.0},{"not_picked":["A Thousand Cuts","Dagger Throw","Bane"],"picked":"SKIP","floor":6.0},{"not_picked":["Outmaneuver","Poisoned Stab","Infinite Blades"],"picked":"SKIP","floor":8.0},{"not_picked":["Slice","Underhanded Strike"],"picked":"Escape Plan","floor":11.0},{"not_picked":["Reflex","Choke"],"picked":"Backstab","floor":12.0},{"not_picked":["Outmaneuver","Heel Hook"],"picked":"Dodge and Roll","floor":13.0},{"not_picked":["After Image","Storm of Steel"],"picked":"Wraith Form v2","floor":16},{"not_picked":["Terror","Poisoned Stab"],"picked":"Footwork","floor":18},{"not_picked":["Sucker Punch","Dagger Throw"],"picked":"Blur","floor":19},{"not_picked":["Deadly Poison","Dagger Spray+1"],"picked":"Footwork","floor":20},{"not_picked":["Endless Agony","Quick Slash"],"picked":"Dodge and Roll","floor":21},{"not_picked":["Envenom","Deadly Poison"],"picked":"PiercingWail","floor":22},{"not_picked":["Deflect","PiercingWail","Outmaneuver"],"picked":"SKIP","floor":24},{"not_picked":["Blade Dance","Sucker Punch"],"picked":"After Image","floor":25},{"not_picked":["Reflex","Setup"],"picked":"Acrobatics+1","floor":28},{"not_picked":["Backstab","Dagger Throw"],"picked":"Deflect","floor":31},{"not_picked":["Malaise","Doppelganger"],"picked":"Bullet Time","floor":33},{"not_picked":["Sucker Punch","Poisoned Stab"],"picked":"Eviscerate+1","floor":35},{"not_picked":["Dash","Predator"],"picked":"Cloak And Dagger+1","floor":39},{"not_picked":["Cloak And Dagger","Bane"],"picked":"Malaise","floor":40},{"not_picked":["Distraction","Eviscerate"],"picked":"Escape Plan","floor":42},{"not_picked":["Backflip","Bouncing Flask","Expertise"],"picked":"SKIP","floor":44},{"not_picked":["PiercingWail","Tactician"],"picked":"Prepared","floor":48}],"player_experience":327442,"relics_obtained":[{"floor":6.0,"key":"Vajra"},{"floor":9.0,"key":"MealTicket"},{"floor":12.0,"key":"Paper Crane"},{"floor":13.0,"key":"Omamori"},{"floor":25,"key":"Bottled Lightning"},{"floor":26,"key":"Anchor"},{"floor":28,"key":"StoneCalendar"},{"floor":31,"key":"StrikeDummy"},{"floor":36,"key":"WingedGreaves"},{"floor":40,"key":"Orichalcum"},{"floor":42,"key":"Akabeko"},{"floor":43,"key":"Molten Egg 2"},{"floor":48,"key":"Boot"}],"event_choices":[{"damage_healed":0.0,"max_hp_gain":0.0,"max_hp_loss":0.0,"gold_gain":0.0,"event_name":"Golden Idol","player_choice":"Take Damage","floor":3.0,"gold_loss":0.0,"damage_taken":16.0,"relics_obtained":["Golden Idol"]},{"damage_healed":0.0,"max_hp_gain":0.0,"max_hp_loss":0.0,"gold_gain":175.0,"event_name":"Liars Game","player_choice":"AGREE","floor":10.0,"gold_loss":0.0,"damage_taken":0.0,"cards_obtained":["Doubt"]},{"damage_healed":0.0,"max_hp_gain":0.0,"max_hp_loss":0.0,"gold_gain":0.0,"event_name":"Dead Adventurer","player_choice":"Searched \u00271\u0027 times","floor":13.0,"gold_loss":0.0,"damage_taken":0.0},{"damage_healed":0,"gold_gain":0,"player_choice":"Stopped","damage_taken":9,"max_hp_gain":0,"max_hp_loss":0,"event_name":"Cursed Tome","floor":27,"gold_loss":0},{"cards_removed":["Underhanded Strike"],"damage_healed":0,"gold_gain":0,"player_choice":"Upgrade and Remove","damage_taken":0,"max_hp_gain":0,"max_hp_loss":0,"event_name":"Designer","floor":30,"gold_loss":90,"cards_upgraded":["Footwork"]},{"damage_healed":0,"gold_gain":0,"player_choice":"Fight","damage_taken":0,"max_hp_gain":0,"max_hp_loss":0,"event_name":"Mysterious Sphere","floor":36,"gold_loss":0},{"damage_healed":0,"gold_gain":275,"player_choice":"Desecrate","damage_taken":0,"max_hp_gain":0,"max_hp_loss":0,"event_name":"Golden Shrine","floor":38,"gold_loss":0,"cards_obtained":["Regret"]}],"is_beta":false,"boss_relics":[{"not_picked":["Empty Cage","Ectoplasm"],"picked":"Astrolabe"},{"not_picked":["Runic Dome","Pandora\u0027s Box"],"picked":"Runic Pyramid"}],"items_purged_floors":[0,0,14],"is_endless":false,"potions_floor_spawned":[1,11,12,13,18,20,25,33,39,42,48],"ascension_level":14}}