{"host":"351d9t7r3ml2qsdm","time":1611841214,"event":{"mods":["Act Like it!","Arknights The Spire","Ascension Reborn","BaseMod","Gensokyo","Lobotomy","LobotomyExtend","Minty Spire (QoL Compilation)","Pale of the Ancients","Reliquary","Spicy Shops","StSLib","TestMod","【遗物卡牌】REMEMod"],"gold_per_floor":[219,79,4,15,27,27,54,54,80,92,126,526,526,526,526,622,622,637,656,656,431,431,431,127,127,173,173,187,187,187,215,215,318,318,333,344,344,361,379,407,407,54,54,54,54,101,133,167,167,167,167,167,167,82,109,109],"floor_reached":57,"language":"ZHS","playtime":3015,"items_purged":["InformationCode","CentralCode","SpiderBud","ControlCode"],"score":1559,"play_id":"f477cf28-8d94-4ea8-b666-2d4a8fe37bb8","local_time":"20210128214014","is_ascension_mode":true,"campfire_choices":[{"floor":41,"key":"RECALL"}],"circlet_count":0,"master_deck":["SpecialBullet","SpecialBullet","SpecialBullet","SpecialBullet","SpecialBullet","SpecialBullet","SpecialBullet","SpecialBullet","ExtractionCode","UniverseFragment","OldLady","SwordSharpenedByTears+1","WristCuter","RedEyes","Ecstasy","Twilight+1","GoldRush","CENSORED_ego+1","MHz","ScreamingWedge","WallGazer","Moonlight+1","Gensokyo:ManorOfTheDishes","Twilight+1","Mimicry+1","Echo Form+1","Ecstasy+1","HereticApostle","SecurityCode","Adoration+1","Twilight+1","Wellcheers","GreenStem+1","SpiderBud","ScreamingWedge+1","Spore+1","WristCuter+1","TT2Protocol","WristCuter+1","WhiteNight","WristCuter+1","SummonCall","QueenOfHatred","Dark Shackles+1"],"relics":["CogitoBucket","RabbitCall","REME_ComplimentaryCards","testmod-CrystalShield","LetterFromLob","Ginger","Bag of Preparation","reliquary:SilkGlove","Philosopher\u0027s Stone","SkinProphecy","REME_CardOfGreed","Regal Pillow","REME_IWantAll","testmod-NegativeEmotionEnhancer","BackwardClock","Whetstone","REME_PuzzleBoxRelic","Frozen Egg 2","FossilizedHelix","Nunchaku","testmod-InjuryResistance","AtMidnight","Toy Ornithopter"],"acts_visited":["Gensokyo:Gensokyo","Gensokyo:Gensokyoer","Gensokyo:Gensokyoest","TheEnding"],"potions_floor_usage":[11,38,48,48,55,56,56],"damage_taken":[{"damage":11,"enemies":"Gensokyo:2_Kodama","floor":1,"turns":4},{"damage":0,"enemies":"Gensokyo:3_Fairies","floor":4,"turns":3},{"damage":0,"enemies":"Gensokyo:Python","floor":5,"turns":3},{"damage":1,"enemies":"Gensokyo:Aya","floor":7,"turns":5},{"damage":0,"enemies":"Gensokyo:5_Fairies","floor":10,"turns":6},{"damage":20,"enemies":"Gensokyo:Cirno","floor":11,"turns":7},{"damage":21,"enemies":"Gensokyo:Yukari","floor":16,"turns":12},{"damage":11,"enemies":"Gensokyo:Chomper","floor":18,"turns":2},{"damage":1,"enemies":"Gensokyo:CosmicMonolith","floor":19,"turns":3},{"damage":2,"enemies":"Gensokyo:3_Gloops","floor":28,"turns":3},{"damage":0,"enemies":"Gensokyo:Koishi","floor":31,"turns":6},{"damage":0,"enemies":"Gensokyo:Eternal_Rivals","floor":33,"turns":9},{"damage":0,"enemies":"Gensokyo:AncientGuardian","floor":35,"turns":3},{"damage":2,"enemies":"Gensokyo:3_Bats","floor":36,"turns":2},{"damage":0,"enemies":"Gensokyo:Rafflesia","floor":38,"turns":5},{"damage":2,"enemies":"Gensokyo:3_Boulders","floor":39,"turns":4},{"damage":2,"enemies":"Gensokyo:Doremy","floor":40,"turns":5},{"damage":0,"enemies":"Gensokyo:Kasen","floor":47,"turns":4},{"damage":18,"enemies":"Gensokyo:Dusk_and_Dawn","floor":48,"turns":6},{"damage":0,"enemies":"Gensokyo:Shinki","floor":50,"turns":9},{"damage":0,"enemies":"Shield and Spear","floor":55,"turns":2},{"damage":22,"enemies":"The Heart","floor":56,"turns":9}],"seed_played":"-514809427539832695","potions_obtained":[{"floor":4,"key":"testmod-TestPotion"},{"floor":5,"key":"Strength Potion"},{"floor":11,"key":"CultistPotion"},{"floor":38,"key":"testmod-SpacePotion"},{"floor":39,"key":"SpeedPotion"},{"floor":47,"key":"SkillPotion"},{"floor":48,"key":"DistilledChaos"},{"floor":55,"key":"REME_GoldPotion"}],"is_trial":false,"path_per_floor":["M","?","$","M","M","R","E","R","T","M","E","?","?","?","R","B",null,"M","M","?","$","?","R","$","R","T","R","M","?","?","E","R","B",null,"M","M","?","M","M","E","R","$","T","?","R","T","E","M","R","B",null,null,"R","$","E","B",null],"character_chosen":"Angela","items_purchased":["REME_CardOfGreed","Twilight+1","WristCuter+1","REME_PuzzleBoxRelic","Dark Shackles+1"],"campfire_rested":0,"item_purchase_floors":[24,24,42,42,54],"current_hp_per_floor":[59,59,59,59,59,59,58,58,58,62,42,42,42,42,42,21,74,67,66,66,66,74,74,74,74,74,74,68,78,78,78,78,86,90,95,102,102,105,108,115,115,115,115,69,69,69,110,122,122,129,129,129,129,129,132,135],"gold":109,"neow_bonus":"HUNDRED_GOLD","is_daily":false,"chose_seed":false,"campfire_upgraded":0,"win_rate":0.0,"timestamp":1611841214,"path_taken":["M","?","$","M","M","R","E","R","T","M","E","?","?","?","R","BOSS","M","M","?","$","?","R","?","R","T","R","?","?","?","E","R","BOSS","M","?","?","M","?","E","R","$","T","?","R","?","E","M","R","BOSS","R","$","E","BOSS"],"items_purchased_type":["Relic","Card","Card","Relic","Card"],"build_version":"2020-12-22","purchased_purges":4,"victory":true,"max_hp_per_floor":[70,70,70,70,70,70,70,70,70,74,74,74,74,74,74,74,74,78,84,76,76,76,76,76,76,76,76,78,78,78,84,84,90,90,95,102,102,105,108,115,115,115,115,115,115,115,118,127,127,130,130,130,130,130,133,136],"card_choices":[{"not_picked":["VoidDream","WallGazer"],"picked":"UniverseFragment","floor":1},{"not_picked":["FourthMatchFlame","CrimsonScar"],"picked":"SKIP","floor":1},{"not_picked":["FourthMatchFlame","BloodyDesire"],"picked":"SKIP","floor":1},{"not_picked":["DespairKnight","FairyFestival"],"picked":"OldLady","floor":4},{"not_picked":["CUTE"],"picked":"SwordSharpenedByTears","floor":4},{"not_picked":["Penitence","GrinderMk4"],"picked":"SKIP","floor":4},{"not_picked":["RapturousDream"],"picked":"WristCuter","floor":5},{"not_picked":["Gaze","Wingbeat"],"picked":"SKIP","floor":5},{"not_picked":["FrostShard"],"picked":"RedEyes","floor":7},{"not_picked":["SoundOfStar"],"picked":"Ecstasy","floor":7},{"not_picked":["TodaysExpression"],"picked":"Logging","floor":10},{"not_picked":["QueenOfHatred","Mercenary"],"picked":"SpiderBud","floor":10},{"not_picked":["Pleasure","Harmony"],"picked":"SKIP","floor":10},{"not_picked":["MagicBullet"],"picked":"Twilight","floor":11},{"not_picked":["Penitence","RapturousDream"],"picked":"SKIP","floor":11},{"not_picked":["Justitia","Pinks"],"picked":"GoldRush","floor":16},{"not_picked":["Justitia","Twilight"],"picked":"CENSORED_ego","floor":16},{"not_picked":["QueenBee","BeautyBeast"],"picked":"MHz","floor":18},{"not_picked":["LifeForTheDareDevil","TodaysExpression"],"picked":"ScreamingWedge","floor":18},{"not_picked":["BlackSwan","LittleHelper","Porccubus"],"picked":"Singing Bowl","floor":19},{"not_picked":["NothingThere","Murderer"],"picked":"WallGazer","floor":19},{"not_picked":["Noise","Harmony"],"picked":"Moonlight+1","floor":19},{"not_picked":["Soda","Reverberation","Horn"],"picked":"SKIP","floor":19},{"not_picked":["Gensokyo:SlitMouthedWoman","Gensokyo:SevenSchoolMysteries"],"picked":"Gensokyo:ManorOfTheDishes","floor":20},{"not_picked":["Logging+1","Horn+1"],"picked":"Mimicry+1","floor":28},{"not_picked":["MeatLantern","NakedNest","FairyFestival"],"picked":"Singing Bowl","floor":28},{"not_picked":["Noise+1","Amita+1","Wingbeat+1"],"picked":"SKIP","floor":28},{"not_picked":["Diffraction+1","Lamp+1"],"picked":"Ecstasy+1","floor":31},{"not_picked":["Mercenary","MeatLantern","SpiderBud"],"picked":"Singing Bowl","floor":31},{"not_picked":["GreedKing","CrumblingArmor"],"picked":"BlackSwan","floor":31},{"not_picked":["Spore+1","FourthMatchFlame+1","ParadiseLost+1"],"picked":"SKIP","floor":31},{"not_picked":["Pinks+1","SoundOfStar+1"],"picked":"Adoration+1","floor":33},{"not_picked":["ParadiseLost+1","Mimicry+1"],"picked":"Twilight+1","floor":33},{"not_picked":["LaLuna","HeroicMonk","Yin"],"picked":"Singing Bowl","floor":33},{"not_picked":["SpiderBud","DespairKnight"],"picked":"Wellcheers","floor":33},{"not_picked":["SingingMachine","Funeral","HappyTeddy"],"picked":"Singing Bowl","floor":35},{"not_picked":["CUTE+1","Horn+1"],"picked":"GreenStem+1","floor":35},{"not_picked":["BlueScar+1","FourthMatchFlame+1","Tough+1"],"picked":"SKIP","floor":35},{"not_picked":["BodiesMountain","BigBadWolf","LittlePrince"],"picked":"Singing Bowl","floor":36},{"not_picked":["HeroicMonk","HappyTeddy"],"picked":"SpiderBud","floor":36},{"not_picked":["CUTE+1","ParadiseLost+1","Amita+1"],"picked":"SKIP","floor":36},{"not_picked":["Harmony+1","Lantern+1"],"picked":"ScreamingWedge+1","floor":38},{"not_picked":["Horn+1","Gaze+1"],"picked":"Spore+1","floor":38},{"not_picked":["VoidDream","GreedKing","QueenBee"],"picked":"Singing Bowl","floor":38},{"not_picked":["Penitence+1","FrostShard+1"],"picked":"WristCuter+1","floor":39},{"not_picked":["Mercenary","Variant","PunishingBird"],"picked":"Singing Bowl","floor":39},{"not_picked":["GrinderMk4+1","Loneliness+1"],"picked":"WristCuter+1","floor":39},{"not_picked":["Variant","DreamingCurrent"],"picked":"WhiteNight","floor":40},{"not_picked":["BlackSwan_ego+1","Noise+1","MagicBullet+1"],"picked":"SKIP","floor":40},{"not_picked":["Discord+1","Lantern+1","Noise+1"],"picked":"SKIP","floor":40},{"not_picked":["GreedKing","LittlePrince","HeroicMonk"],"picked":"Singing Bowl","floor":47},{"not_picked":["FourthMatchFlame+1","Beak+1","Tough+1"],"picked":"SKIP","floor":47},{"not_picked":["BlackArmy","LittlePrince"],"picked":"QueenOfHatred","floor":48},{"not_picked":["GreenStem+1","Penitence+1","Adoration+1"],"picked":"SKIP","floor":48},{"not_picked":["Harmony+1","InTheNameOfLoveAndHate+1","CUTE+1"],"picked":"SKIP","floor":48},{"not_picked":["DreamingCurrent","Alriune","BodiesMountain"],"picked":"Singing Bowl","floor":55},{"not_picked":["TodaysExpression+1","RedEyes+1","MagicBullet+1"],"picked":"SKIP","floor":55}],"player_experience":162721,"relics_obtained":[{"floor":1,"key":"LetterFromLob"},{"floor":7,"key":"Bag of Preparation"},{"floor":11,"key":"reliquary:SilkGlove"},{"floor":26,"key":"Regal Pillow"},{"floor":31,"key":"REME_IWantAll"},{"floor":40,"key":"Whetstone"},{"floor":43,"key":"Frozen Egg 2"},{"floor":46,"key":"Nunchaku"},{"floor":47,"key":"testmod-InjuryResistance"},{"floor":48,"key":"AtMidnight"},{"floor":55,"key":"Toy Ornithopter"}],"event_choices":[{"damage_healed":0,"gold_gain":400,"player_choice":"Sell","damage_taken":0,"max_hp_gain":0,"max_hp_loss":0,"event_name":"恩洛斯的盘子","floor":12,"relics_lost":["testmod-TestBox"],"gold_loss":0}],"is_beta":false,"boss_relics":[{"not_picked":["REME_DemonsWealth","Runic Dome"],"picked":"Philosopher\u0027s Stone"},{"not_picked":["REME_ChargedStone","SlaversCollar"],"picked":"testmod-NegativeEmotionEnhancer"}],"items_purged_floors":[3,21,21,42],"is_endless":false,"potions_floor_spawned":[4,5,7,11,33,38,39,47,48,55],"ascension_level":0}}