{"host":"d9m9v0h6vo0edadb","time":1611804615,"event":{"mods":["BaseMod","Hermit","Keyboard Shortcuts","Minty Spire (QoL Compilation)","StSLib","SuperFastMode","The Cursed"],"gold_per_floor":[113,129,141,161,161,161,2,26,49,65,94,112,112,112],"floor_reached":13,"language":"KOR","playtime":261,"items_purged":["Strike_G"],"score":174,"play_id":"9051c28a-985c-470a-8d98-77a575c5c03b","local_time":"20210128123015","is_ascension_mode":true,"campfire_choices":[{"data":"Blade Dance","floor":6,"key":"SMITH"}],"circlet_count":0,"master_deck":["AscendersBane","Strike_G","Strike_G","Defend_G","Defend_G","Defend_G","Defend_G","Defend_G","Survivor","Neutralize","Blade Dance","Blade Dance+1","Acrobatics","Tactician","Cloak And Dagger","Acrobatics","PiercingWail"],"relics":["Ring of the Snake","Odd Mushroom","Omamori","Orichalcum"],"acts_visited":["Exordium"],"potions_floor_usage":[4,8],"damage_taken":[{"damage":7,"enemies":"Cultist","floor":1,"turns":5},{"damage":1,"enemies":"2 Louse","floor":2,"turns":2},{"damage":2,"enemies":"Jaw Worm","floor":3,"turns":5},{"damage":0,"enemies":"Lots of Slimes","floor":4,"turns":7},{"damage":9,"enemies":"The Mushroom Lair","floor":8,"turns":3},{"damage":0,"enemies":"2 Fungi Beasts","floor":10,"turns":4},{"damage":21,"enemies":"3 Sentries","floor":11,"turns":10},{"damage":8,"enemies":"Exordium Wildlife","floor":12,"turns":9},{"damage":27,"enemies":"Gremlin Nob","floor":13,"turns":3}],"seed_played":"-1246249939687291440","potions_obtained":[{"floor":3,"key":"EssenceOfSteel"},{"floor":4,"key":"CunningPotion"}],"is_trial":false,"path_per_floor":["M","M","M","M","?","R","$","?","T","M","E","M","E"],"character_chosen":"THE_SILENT","items_purchased":["Tactician"],"campfire_rested":0,"item_purchase_floors":[7],"current_hp_per_floor":[52,51,49,49,49,49,49,40,40,40,19,11,0,0],"gold":112,"neow_bonus":"REMOVE_CARD","is_daily":false,"chose_seed":false,"campfire_upgraded":1,"win_rate":0.0,"timestamp":1611804615,"path_taken":["M","M","M","M","?","R","$","?","T","M","E","M","E"],"items_purchased_type":["Card"],"build_version":"2020-12-22","purchased_purges":1,"victory":false,"max_hp_per_floor":[66,66,66,66,66,66,66,66,66,66,66,66,66,66],"card_choices":[{"not_picked":["Dagger Spray","Escape Plan"],"picked":"Blade Dance","floor":1},{"not_picked":["Choke","Flying Knee","Distraction"],"picked":"SKIP","floor":2},{"not_picked":["Reflex","Deflect"],"picked":"Blade Dance","floor":3},{"not_picked":["Riddle With Holes","Cloak And Dagger"],"picked":"Acrobatics","floor":4},{"not_picked":["Flying Knee","Backflip"],"picked":"Cloak And Dagger","floor":8},{"not_picked":["Sucker Punch","Dodge and Roll"],"picked":"Acrobatics","floor":10},{"not_picked":["Unload","Catalyst"],"picked":"PiercingWail","floor":11},{"not_picked":["PiercingWail","Poisoned Stab","Slice"],"picked":"SKIP","floor":12}],"player_experience":994867,"relics_obtained":[{"floor":8,"key":"Odd Mushroom"},{"floor":9,"key":"Omamori"},{"floor":11,"key":"Orichalcum"}],"event_choices":[{"cards_removed":["Strike_G"],"damage_healed":0,"gold_gain":0,"player_choice":"Forget","damage_taken":0,"max_hp_gain":0,"max_hp_loss":0,"event_name":"Living Wall","floor":5,"gold_loss":0},{"damage_healed":0,"gold_gain":0,"player_choice":"Fought Mushrooms","damage_taken":0,"max_hp_gain":0,"max_hp_loss":0,"event_name":"Mushrooms","floor":8,"gold_loss":0}],"is_beta":false,"boss_relics":[],"items_purged_floors":[7],"is_endless":false,"potions_floor_spawned":[3,4],"killed_by":"Gremlin Nob","ascension_level":20}}