{"host":"m4pe905ae9bldoe7","time":1611834195,"event":{"mods":["BaseMod","Bestiary","Block Reminder","Downfall","Minty Spire (QoL Compilation)","StSLib"],"gold_per_floor":[199,217,231,231,406,406,406,422,57,83,145,53,53,79,91,190,190,90,100,9,9,27,27,27,42,52,84,84,104,110,124,143,240,240,40,56,75,92,92,92],"floor_reached":39,"language":"ENG","playtime":2809,"items_purged":["Doubt","Slimebound:Strike_Slimebound"],"score":453,"play_id":"2080f188-52ed-4292-acc3-d732a49e4bcb","local_time":"20210128124315","is_ascension_mode":false,"campfire_choices":[{"data":"Slimebound:Split","floor":1,"key":"SMITH"},{"data":"Slimebound:LevelUp","floor":13,"key":"SMITH"},{"data":"Slimebound:SlimeBarrage","floor":18,"key":"SMITH"},{"floor":23,"key":"RECALL"},{"data":"Slimebound:MinionMaster","floor":35,"key":"SMITH"}],"circlet_count":0,"master_deck":["Slimebound:Tackle","Slimebound:Defend_Slimebound","Slimebound:Defend_Slimebound","Slimebound:Defend_Slimebound","Slimebound:Split+1","Slimebound:CorrosiveSpit","Slimebound:SplitLeeching","Slimebound:ProtectTheBoss","Slimebound:SplitAcid","Slimebound:SplitBruiser","Slimebound:DivideAndConquer","Slimebound:SplitBruiser","Slimebound:DuplicatedForm","Slimebound:MinionMaster+1","Slimebound:LevelUp+1","Slimebound:SlimeBarrage+1","Slimebound:Nibble+1","Slimebound:DouseInSlime+1","Slimebound:RollThrough+1","Slimebound:Repurpose","Slimebound:Replication","Slimebound:OneTwoCombo","Slimebound:SlimeTap","Slimebound:PressTheAttack","Slimebound:Teamwork"],"relics":["Slimebound:AbsorbEndCombat","PreservedInsect","Orichalcum","Pen Nib","Astrolabe","downfall:HeartBlessingGreen","Nilry\u0027s Codex","Meat on the Bone","Singing Bowl","downfall:RedIOU","Pantograph","Cursed Key","downfall:HeartBlessingBlue","downfall:HeartBlessingRed"],"acts_visited":["Exordium","TheCity","TheBeyond"],"potions_floor_usage":[16,26,31,32,33],"damage_taken":[{"damage":1,"enemies":"2 Louse","floor":2,"turns":2},{"damage":3,"enemies":"Jaw Worm","floor":3,"turns":3},{"damage":4,"enemies":"Small Slimes","floor":8,"turns":3},{"damage":0,"enemies":"downfall:FleeingMerchant","floor":9,"turns":4},{"damage":0,"enemies":"Gremlin Nob","floor":11,"turns":3},{"damage":12,"enemies":"downfall:FleeingMerchant","floor":12,"turns":4},{"damage":9,"enemies":"Gremlin Nob","floor":14,"turns":3},{"damage":4,"enemies":"Blue Slaver","floor":15,"turns":3},{"damage":36,"enemies":"IC_STATUS_ARCHETYPE","floor":16,"turns":6},{"damage":0,"enemies":"Spheric Guardian","floor":19,"turns":2},{"damage":17,"enemies":"downfall:FleeingMerchant","floor":20,"turns":4},{"damage":0,"enemies":"Chosen","floor":22,"turns":3},{"damage":24,"enemies":"3 Cultists","floor":25,"turns":5},{"damage":29,"enemies":"Cultist and Chosen","floor":26,"turns":4},{"damage":31,"enemies":"Slavers","floor":27,"turns":4},{"damage":0,"enemies":"Centurion and Healer","floor":29,"turns":5},{"damage":19,"enemies":"downfall:FleeingMerchant","floor":30,"turns":3},{"damage":6,"enemies":"Snecko","floor":31,"turns":3},{"damage":9,"enemies":"Chosen and Byrds","floor":32,"turns":5},{"damage":53,"enemies":"WA_ARCHETYPE_CALM","floor":33,"turns":7},{"damage":26,"enemies":"3 Darklings","floor":36,"turns":3},{"damage":9,"enemies":"3 Shapes","floor":37,"turns":2},{"damage":21,"enemies":"Writhing Mass","floor":38,"turns":4},{"damage":56,"enemies":"Sphere and 2 Shapes","floor":39,"turns":5}],"seed_played":"4380808095583488011","potions_obtained":[{"floor":11,"key":"DuplicationPotion"},{"floor":14,"key":"SpeedPotion"},{"floor":15,"key":"PowerPotion"},{"floor":16,"key":"Regen Potion"},{"floor":26,"key":"GamblersBrew"},{"floor":31,"key":"Slimebound:SlimyTonguePotion"},{"floor":33,"key":"Ancient Potion"},{"floor":36,"key":"FearPotion"}],"is_trial":false,"path_per_floor":["R","M","M","?","?","?","T","M","$","T","?","$","R","E","M","B",null,"R","M","$","?","M","R","T","M","M","E","?","M","$","M","M","B",null,"R","M","M","M","M"],"character_chosen":"SLIMEBOUND","items_purchased":["Slimebound:DivideAndConquer","Slimebound:SplitBruiser","Slimebound:DuplicatedForm","Slimebound:LevelUp","Slimebound:Repurpose","Pantograph"],"campfire_rested":0,"item_purchase_floors":[9,9,9,12,20,30],"current_hp_per_floor":[65,65,64,64,64,64,64,64,65,65,65,57,57,48,44,8,65,65,65,50,34,38,38,38,43,53,34,34,44,39,47,40,58,71,81,59,54,51,0,0,0],"gold":92,"neow_bonus":"HUNDRED_GOLD","is_daily":false,"chose_seed":false,"campfire_upgraded":4,"win_rate":0.0,"timestamp":1611834195,"path_taken":["R","M","M","?","?","?","T","M","$","?","?","$","R","E","M","BOSS","R","M","$","?","M","R","T","M","M","E","?","M","$","M","M","BOSS","R","M","M","M","M"],"items_purchased_type":["Card","Card","Card","Card","Card","Relic"],"build_version":"2020-12-22","purchased_purges":2,"victory":false,"max_hp_per_floor":[65,65,65,65,65,65,65,65,65,65,65,65,65,65,65,65,65,65,65,65,65,65,65,65,65,65,65,65,67,69,71,71,71,71,81,83,85,87,87,87,87],"card_choices":[{"not_picked":["Slimebound:LeechingTouch","Slimebound:SplitMire"],"picked":"Slimebound:SplitLeeching","floor":2},{"not_picked":["Slimebound:RollThrough","Slimebound:ComboTackle"],"picked":"Slimebound:ProtectTheBoss","floor":3},{"not_picked":["Slimebound:FinishingTackle","Slimebound:SamplingLick"],"picked":"Slimebound:SplitAcid","floor":8},{"not_picked":["Slimebound:HauntingLick","Slimebound:ComboTackle"],"picked":"Slimebound:SplitBruiser","floor":9},{"not_picked":["Slimebound:Prepare","Slimebound:SplitLeeching"],"picked":"Slimebound:MinionMaster","floor":12},{"not_picked":["Slimebound:DisruptingSlam","Slimebound:Prepare"],"picked":"Slimebound:SlimeBarrage","floor":14},{"not_picked":["Slimebound:GoopSpray","Slimebound:Gluttony","Slimebound:ComboTackle"],"picked":"SKIP","floor":15},{"not_picked":["Slimebound:LeechEnergy","Slimebound:LivingWall+1","Slimebound:ItLooksTasty"],"picked":"SKIP","floor":19},{"not_picked":["Slimebound:WasteNot","Slimebound:HauntingLick","Slimebound:RollThrough+1"],"picked":"SKIP","floor":20},{"not_picked":["Slimebound:GoopTackle+1","Slimebound:RollThrough"],"picked":"Slimebound:Replication","floor":22},{"not_picked":["Slimebound:GoopTackle","Slimebound:FormOfPuddle+1","Slimebound:GoopSpray"],"picked":"SKIP","floor":25},{"not_picked":["Slimebound:ItLooksTasty+1","Slimebound:Schlurp"],"picked":"Slimebound:OneTwoCombo","floor":26},{"not_picked":["Slimebound:ForwardTackle","Slimebound:Prepare"],"picked":"Slimebound:SlimeTap","floor":27},{"not_picked":["Slimebound:RejuvenatingLick","Slimebound:RainOfGoop","Slimebound:Schlurp"],"picked":"Singing Bowl","floor":29},{"not_picked":["Slimebound:ComboTackle","Slimebound:HauntingLick","Slimebound:ViciousTackle"],"picked":"Singing Bowl","floor":30},{"not_picked":["Slimebound:RollThrough","Slimebound:AcidTongue","Slimebound:Schlurp"],"picked":"Singing Bowl","floor":31},{"not_picked":["Slimebound:RollThrough","Slimebound:SplitAcid+1"],"picked":"Slimebound:PressTheAttack","floor":32},{"not_picked":["Slimebound:OozeBath","Slimebound:WasteNot"],"picked":"Slimebound:Teamwork","floor":33},{"not_picked":["Slimebound:LeechingTouch+1","Slimebound:SpikyOuterGoop+1","Slimebound:ComboTackle"],"picked":"Singing Bowl","floor":36},{"not_picked":["Slimebound:Dissolve+1","Slimebound:BestDefense","Slimebound:LeechingTouch"],"picked":"Singing Bowl","floor":37},{"not_picked":["Slimebound:GrowthPunch","Slimebound:ViciousTackle","Slimebound:HauntingLick+1"],"picked":"Singing Bowl","floor":38}],"player_experience":497768,"relics_obtained":[{"floor":10,"key":"Bronze Scales"},{"floor":11,"key":"Orichalcum"},{"floor":14,"key":"Pen Nib"},{"floor":21,"key":"Nilry\u0027s Codex"},{"floor":24,"key":"Meat on the Bone"},{"floor":27,"key":"Singing Bowl"}],"event_choices":[{"damage_healed":0,"gold_gain":0,"player_choice":"Box","damage_taken":0,"relics_obtained":["PreservedInsect"],"max_hp_gain":0,"max_hp_loss":0,"event_name":"Big Fish","floor":4,"gold_loss":0,"cards_obtained":["Regret"]},{"cards_removed":["Regret"],"damage_healed":0,"gold_gain":0,"player_choice":"Card Removal","damage_taken":0,"max_hp_gain":0,"max_hp_loss":0,"event_name":"The Cleric","floor":6,"gold_loss":0}],"is_beta":false,"boss_relics":[{"not_picked":["Sozu","Velvet Choker"],"picked":"Astrolabe"},{"not_picked":["Empty Cage","bronze:MakeshiftBattery"],"picked":"Cursed Key"}],"items_purged_floors":[9,30],"is_endless":false,"potions_floor_spawned":[11,14,15,16,19,26,27,31,33,36,37],"killed_by":"Sphere and 2 Shapes","ascension_level":0}}