{"host":"h0xw20cia6ppa69g","time":1611816566,"event":{"mods":["AchievementEnabler","BaseMod","Colored Map","Filter the Spire","Googly Eyes","Minty Spire (QoL Compilation)","Relic Stats","StSLib","The Awakened One except there are too many feathers","everything is the same but u backflip on backflip"],"gold_per_floor":[114,134,134,134,153,153,183,183,183,211,222,232,232,246,246,345,345,357,357,371,371,389,414,98,98,123,153,153,168,187,102,102,197,197,212,150,150,7,26,52,62,92,119,134,134,153,153,166,166,166,166,166,30,62,62],"floor_reached":56,"language":"ENG","playtime":3469,"items_purged":["Shame"],"score":1358,"play_id":"02f93337-9bb4-4639-97ff-3dc21f736adf","local_time":"20210128004926","is_ascension_mode":true,"campfire_choices":[{"data":"Immolate","floor":6.0,"key":"SMITH"},{"data":"Disarm","floor":15.0,"key":"SMITH"},{"data":"Feed","floor":25.0,"key":"SMITH"},{"data":"Dual Wield","floor":32.0,"key":"SMITH"},{"floor":45.0,"key":"RECALL"},{"data":"Evolve","floor":49.0,"key":"SMITH"},{"data":"Demon Form","floor":52,"key":"SMITH"}],"circlet_count":0,"master_deck":["Feel No Pain","Body Slam+1","Ghostly Armor+1","Double Tap","Power Through","Berserk","Immolate+1","Bloodletting","Disarm+1","Reaper+1","True Grit","Dual Wield+1","Disarm+1","Offering","Armaments+1","Pommel Strike+1","Shrug It Off","Feed+1","Metallicize","Entrench+1","Demon Form+1","Dark Embrace","True Grit","Shockwave+1","Uppercut+1","Thunderclap+1","Demon Form","Evolve+1","Pummel","True Grit","Heavy Blade"],"relics":["Pandora\u0027s Box","Unceasing Top","Pear","Blue Candle","Gremlin Horn","Philosopher\u0027s Stone","CaptainsWheel","Membership Card","Whetstone","Art of War","Charon\u0027s Ashes","Oddly Smooth Stone","Bag of Marbles","Cursed Key","TungstenRod","StrikeDummy","Anchor","Strawberry","Boot"],"acts_visited":["Exordium","TheCity","TheBeyond","TheEnding"],"potions_floor_usage":[50,55,55],"damage_taken":[{"damage":0.0,"enemies":"Jaw Worm","floor":1.0,"turns":3.0},{"damage":0.0,"enemies":"Small Slimes","floor":2.0,"turns":2.0},{"damage":0.0,"enemies":"2 Louse","floor":5.0,"turns":1.0},{"damage":5.0,"enemies":"Lagavulin","floor":7.0,"turns":4.0},{"damage":23.0,"enemies":"3 Sentries","floor":10.0,"turns":6.0},{"damage":5.0,"enemies":"Blue Slaver","floor":11.0,"turns":5.0},{"damage":13.0,"enemies":"Large Slime","floor":12.0,"turns":6.0},{"damage":0.0,"enemies":"Gremlin Gang","floor":14.0,"turns":3.0},{"damage":36.0,"enemies":"Hexaghost","floor":16.0,"turns":14.0},{"damage":17.0,"enemies":"Spheric Guardian","floor":18.0,"turns":3.0},{"damage":12.0,"enemies":"2 Thieves","floor":20.0,"turns":4.0},{"damage":17.0,"enemies":"Centurion and Healer","floor":22.0,"turns":9.0},{"damage":12.0,"enemies":"Book of Stabbing","floor":23.0,"turns":9.0},{"damage":11.0,"enemies":"Slavers","floor":27.0,"turns":4.0},{"damage":14.0,"enemies":"Cultist and Chosen","floor":29.0,"turns":4.0},{"damage":18.0,"enemies":"Shelled Parasite and Fungi","floor":30.0,"turns":18.0},{"damage":55.0,"enemies":"Collector","floor":33.0,"turns":27.0},{"damage":14.0,"enemies":"Orb Walker","floor":35.0,"turns":4.0},{"damage":0.0,"enemies":"3 Darklings","floor":39.0,"turns":1.0},{"damage":5.0,"enemies":"Reptomancer","floor":40.0,"turns":8.0},{"damage":5.0,"enemies":"4 Shapes","floor":41.0,"turns":6.0},{"damage":17.0,"enemies":"Giant Head","floor":42.0,"turns":8.0},{"damage":7.0,"enemies":"Transient","floor":44.0,"turns":5.0},{"damage":8.0,"enemies":"Sphere and 2 Shapes","floor":46.0,"turns":7.0},{"damage":48.0,"enemies":"4 Shapes","floor":48.0,"turns":11.0},{"damage":58,"enemies":"Awakened One","floor":50,"turns":12},{"damage":18,"enemies":"Shield and Spear","floor":54,"turns":7},{"damage":107,"enemies":"The Heart","floor":55,"turns":10}],"seed_played":"-6253887550034510160","potions_obtained":[{"floor":5.0,"key":"Energy Potion"},{"floor":14.0,"key":"Strength Potion"},{"floor":16.0,"key":"SteroidPotion"},{"floor":23.0,"key":"ColorlessPotion"},{"floor":29.0,"key":"SkillPotion"},{"floor":30.0,"key":"PowerPotion"},{"floor":41.0,"key":"Dexterity Potion"},{"floor":42.0,"key":"Weak Potion"}],"is_trial":false,"path_per_floor":["M","M","?","?","M","R","E","?","T","E","M","M","?","M","R","B",null,"M","?","M","$","M","E","$","R","T","E","?","M","M","?","R","B",null,"M","$","?","$","M","E","M","E","T","M","R","M","T","M","R","B",null,"R","$","E","B",null],"character_chosen":"IRONCLAD","items_purchased":["Membership Card","Metallicize","Whetstone","Art of War","Dark Embrace","True Grit","TungstenRod","Pummel","Dexterity Potion","True Grit","Heavy Blade"],"campfire_rested":0,"item_purchase_floors":[24,24,24,24,36,36,38,53,53,53,53],"current_hp_per_floor":[80,80,64,69,69,69,64,71,71,72,70,73,73,95,95,59,95,78,78,76,76,79,81,81,81,81,91,91,91,91,91,91,70,115,105,105,105,105,105,123,135,129,136,139,139,153,153,109,109,153,166,166,166,170,104],"gold":62,"neow_bonus":"BOSS_RELIC","is_daily":false,"chose_seed":false,"campfire_upgraded":6,"win_rate":0.0,"timestamp":1611816566,"path_taken":["M","M","?","?","M","R","E","?","T","E","?","M","?","M","R","BOSS","M","?","M","$","M","E","$","R","T","E","?","?","M","?","R","BOSS","M","$","?","$","?","E","M","E","T","M","R","?","?","M","R","BOSS","R","$","E","BOSS"],"items_purchased_type":["Relic","Card","Relic","Relic","Card","Card","Relic","Card","Potion","Card","Card"],"build_version":"2020-12-22","purchased_purges":1,"victory":true,"max_hp_per_floor":[80,80,80,85,85,85,85,95,95,95,95,95,95,95,95,95,95,95,95,95,95,95,95,95,95,95,99,99,103,111,111,111,115,115,119,119,119,119,119,123,135,139,146,146,146,158,158,162,162,166,166,166,166,170,174],"relic_stats":{"Gremlin Horn":[31,32],"counters":[28,201],"Blue Candle":[4],"Pandora\u0027s Box":["Feel No Pain","Body Slam","Ghostly Armor","Double Tap","Power Through","Berserk","Immolate","Heavy Blade","Bloodletting"],"Charon\u0027s Ashes":[516],"Art of War":[42],"Whetstone":["Body Slam","Reaper"],"Cursed Key":1,"Boot":[0],"obtain_stats":[{"Pear":8,"Gremlin Horn":10,"Blue Candle":9,"Oddly Smooth Stone":28,"Charon\u0027s Ashes":27,"Whetstone":24,"Cursed Key":34,"Boot":54,"Burning Blood":0,"CaptainsWheel":23,"Anchor":42,"Strawberry":43,"Pandora\u0027s Box":0,"Philosopher\u0027s Stone":17,"Art of War":24,"Bag of Marbles":31,"Membership Card":24,"StrikeDummy":40,"Unceasing Top":7,"TungstenRod":38},{"Pear":4,"Gremlin Horn":5,"Blue Candle":4,"Oddly Smooth Stone":14,"Charon\u0027s Ashes":14,"Whetstone":13,"Cursed Key":17,"Boot":27,"Burning Blood":0,"CaptainsWheel":13,"Anchor":22,"Strawberry":22,"Pandora\u0027s Box":0,"Philosopher\u0027s Stone":9,"Art of War":13,"Bag of Marbles":16,"Membership Card":13,"StrikeDummy":20,"Unceasing Top":4,"TungstenRod":18},{"Pear":10,"Gremlin Horn":16,"Blue Candle":10,"Oddly Smooth Stone":73,"Charon\u0027s Ashes":73,"Whetstone":69,"Cursed Key":122,"Boot":191,"Burning Blood":0,"CaptainsWheel":69,"Anchor":149,"Strawberry":149,"Pandora\u0027s Box":0,"Philosopher\u0027s Stone":44,"Art of War":69,"Bag of Marbles":95,"Membership Card":69,"StrikeDummy":135,"Unceasing Top":10,"TungstenRod":126}],"Unceasing Top":[9],"TungstenRod":57},"card_choices":[{"not_picked":["True Grit","Rupture"],"picked":"Disarm","floor":1.0},{"not_picked":["Iron Wave","Bloodletting","Seeing Red"],"picked":"SKIP","floor":2.0},{"not_picked":["Heavy Blade","Havoc","Cleave"],"picked":"SKIP","floor":5.0},{"not_picked":["Warcry","Carnage"],"picked":"Reaper","floor":7.0},{"not_picked":["Flex","Rage"],"picked":"True Grit","floor":10.0},{"not_picked":["Armaments","Cleave"],"picked":"Dual Wield","floor":11.0},{"not_picked":["Sword Boomerang","Cleave","Iron Wave"],"picked":"SKIP","floor":12.0},{"not_picked":["Dark Embrace","Headbutt","Bludgeon"],"picked":"SKIP","floor":14.0},{"not_picked":["Reaper","Juggernaut"],"picked":"Offering","floor":16.0},{"not_picked":["Perfected Strike","Clash"],"picked":"Armaments+1","floor":18.0},{"not_picked":["Havoc","Iron Wave"],"picked":"Pommel Strike+1","floor":20.0},{"not_picked":["Body Slam+1","Flex"],"picked":"Shrug It Off","floor":22.0},{"not_picked":["Clothesline","Corruption"],"picked":"Feed","floor":23.0},{"not_picked":["Sever Soul","Rage+1","Clash"],"picked":"SKIP","floor":27.0},{"not_picked":["Anger","Uppercut","Sword Boomerang"],"picked":"SKIP","floor":29.0},{"not_picked":["True Grit+1","Clash"],"picked":"Entrench+1","floor":30.0},{"not_picked":["Fiend Fire","Juggernaut"],"picked":"Demon Form","floor":33.0},{"not_picked":["Iron Wave+1","Inflame","Blood for Blood"],"picked":"SKIP","floor":35.0},{"not_picked":["Rage","Wild Strike+1"],"picked":"Shockwave+1","floor":39.0},{"not_picked":["Feel No Pain","Reckless Charge+1","Infernal Blade+1"],"picked":"SKIP","floor":40.0},{"not_picked":["Clash","Intimidate"],"picked":"Uppercut+1","floor":41.0},{"not_picked":["Flex+1","Iron Wave"],"picked":"Thunderclap+1","floor":42.0},{"not_picked":["Pummel","Pommel Strike"],"picked":"Demon Form","floor":44.0},{"not_picked":["Armaments","Heavy Blade"],"picked":"Evolve","floor":46.0},{"not_picked":["Carnage+1","Cleave","Wild Strike"],"picked":"SKIP","floor":48.0},{"not_picked":["Perfected Strike","Uppercut","Heavy Blade"],"picked":"SKIP","floor":54}],"player_experience":3776083,"relics_obtained":[{"floor":7.0,"key":"Unceasing Top"},{"floor":9.0,"key":"Blue Candle"},{"floor":10.0,"key":"Gremlin Horn"},{"floor":23.0,"key":"CaptainsWheel"},{"floor":27.0,"key":"Charon\u0027s Ashes"},{"floor":40.0,"key":"StrikeDummy"},{"floor":42.0,"key":"Anchor"},{"floor":43.0,"key":"Strawberry"},{"floor":54,"key":"Boot"}],"event_choices":[{"damage_healed":0.0,"max_hp_gain":0.0,"max_hp_loss":0.0,"gold_gain":0.0,"event_name":"Shining Light","player_choice":"Entered Light","floor":3.0,"gold_loss":0.0,"damage_taken":16.0,"cards_upgraded":["Ghostly Armor","Disarm"]},{"damage_healed":0.0,"max_hp_gain":5.0,"max_hp_loss":0.0,"gold_gain":0.0,"event_name":"Big Fish","player_choice":"Donut","floor":4.0,"gold_loss":0.0,"damage_taken":0.0},{"damage_healed":0.0,"max_hp_gain":0.0,"max_hp_loss":0.0,"gold_gain":0.0,"event_name":"Scrap Ooze","player_choice":"Success","floor":8.0,"gold_loss":0.0,"damage_taken":3.0,"relics_obtained":["Pear"]},{"damage_healed":0.0,"max_hp_gain":0.0,"max_hp_loss":0.0,"gold_gain":0.0,"cards_transformed":["Heavy Blade"],"event_name":"Living Wall","player_choice":"Change","floor":13.0,"gold_loss":0.0,"damage_taken":0.0,"cards_obtained":["Disarm"]},{"damage_healed":0.0,"max_hp_gain":0.0,"max_hp_loss":0.0,"gold_gain":0.0,"event_name":"Beggar","player_choice":"Ignored","floor":19.0,"gold_loss":0.0,"damage_taken":0.0},{"damage_healed":0.0,"max_hp_gain":0.0,"max_hp_loss":0.0,"gold_gain":0.0,"event_name":"WeMeetAgain","player_choice":"Gave Potion","floor":28.0,"gold_loss":0.0,"damage_taken":0.0,"relics_obtained":["Oddly Smooth Stone"]},{"damage_healed":0.0,"max_hp_gain":0.0,"max_hp_loss":0.0,"gold_gain":0.0,"event_name":"Addict","player_choice":"Obtained Relic","floor":31.0,"gold_loss":85.0,"damage_taken":0.0,"relics_obtained":["Bag of Marbles"]},{"cards_removed":["Bash"],"damage_healed":0.0,"max_hp_gain":0.0,"max_hp_loss":0.0,"gold_gain":0.0,"event_name":"Bonfire Elementals","player_choice":"Offered Basic","floor":37.0,"gold_loss":0.0,"damage_taken":0.0}],"is_beta":false,"boss_relics":[{"not_picked":["Fusion Hammer","Tiny House"],"picked":"Philosopher\u0027s Stone"},{"not_picked":["Runic Dome","Busted Crown"],"picked":"Cursed Key"}],"items_purged_floors":[53],"is_endless":false,"potions_floor_spawned":[5,14,16,23,29,30,41,42,44,48],"ascension_level":1}}