{"host":"sav7uxregyirlf69","time":1611843274,"event":{"mods":["AchievementEnabler","BaseMod","Colored Map","DeckTracker","Keyboard Shortcuts","Minty Spire (QoL Compilation)","READ ME - Guardian Mod","StSLib","SuperFastMode"],"gold_per_floor":[210,79,96,96,112,112,145,145,145,159,159,159,173,173,173,245,245,264,283,10,10,24,24,24,24,94,94,194,221,236,236,236,307,307,325,325,370,153,167,167,200,235,297,309,338,361,398,421,433,445,457,469,481,28,56,56],"floor_reached":57,"language":"KOR","playtime":1207,"items_purged":["Strike_G","Predator","Endless Agony"],"score":2781,"play_id":"aea83452-2b87-4568-8689-16cd4fe3a7cf","local_time":"20210128231434","is_ascension_mode":true,"campfire_choices":[{"data":"Footwork","floor":6.0,"key":"SMITH"},{"data":"Neutralize","floor":8.0,"key":"SMITH"},{"data":"Accuracy","floor":11.0,"key":"SMITH"},{"floor":15.0,"key":"REST"},{"floor":23.0,"key":"REST"},{"data":"Phantasmal Killer","floor":25.0,"key":"SMITH"},{"data":"Concentrate","floor":27.0,"key":"SMITH"},{"data":"Blade Dance","floor":32.0,"key":"SMITH"},{"floor":40.0,"key":"REST"},{"data":"Adrenaline","floor":44.0,"key":"SMITH"},{"floor":49.0,"key":"RECALL"},{"data":"Footwork","floor":53,"key":"SMITH"}],"circlet_count":0,"master_deck":["AscendersBane","Survivor","Neutralize+1","Footwork+1","Blade Dance+1","Blade Dance","Accuracy+1","After Image","Accuracy","Phantasmal Killer+1","A Thousand Cuts","Backstab+1","Concentrate+1","Cloak And Dagger+1","Backflip","Backflip","Leg Sweep","Calculated Gamble","Deflect+1","Adrenaline+1","Footwork+1","Reflex","After Image","Adrenaline","Dodge and Roll"],"relics":["Ring of the Snake","Shuriken","Pandora\u0027s Box","Paper Crane","Oddly Smooth Stone","Kunai","CaptainsWheel","Blue Candle","Molten Egg 2","WristBlade","Membership Card","MawBank","Lantern","Anchor","Sundial","DollysMirror","Bag of Marbles","Whetstone","Orichalcum"],"acts_visited":["Exordium","TheCity","TheBeyond","TheEnding"],"potions_floor_usage":[56,56,56,56],"damage_taken":[{"damage":3.0,"enemies":"Cultist","floor":1.0,"turns":4.0},{"damage":0.0,"enemies":"Small Slimes","floor":3.0,"turns":5.0},{"damage":0.0,"enemies":"Jaw Worm","floor":5.0,"turns":4.0},{"damage":33.0,"enemies":"Gremlin Nob","floor":7.0,"turns":4.0},{"damage":3.0,"enemies":"Looter","floor":10.0,"turns":3.0},{"damage":1.0,"enemies":"Large Slime","floor":13.0,"turns":3.0},{"damage":19.0,"enemies":"Slime Boss","floor":16.0,"turns":6.0},{"damage":25.0,"enemies":"2 Thieves","floor":18.0,"turns":4.0},{"damage":0.0,"enemies":"Spheric Guardian","floor":19.0,"turns":2.0},{"damage":0.0,"enemies":"Snake Plant","floor":22.0,"turns":3.0},{"damage":0.0,"enemies":"Colosseum Slavers","floor":28.0,"turns":3.0},{"damage":0.0,"enemies":"Colosseum Nobs","floor":28.0,"turns":4.0},{"damage":14.0,"enemies":"Book of Stabbing","floor":29.0,"turns":4.0},{"damage":3.0,"enemies":"Centurion and Healer","floor":30.0,"turns":4.0},{"damage":8.0,"enemies":"Collector","floor":33.0,"turns":5.0},{"damage":0.0,"enemies":"3 Shapes","floor":35.0,"turns":1.0},{"damage":16.0,"enemies":"2 Orb Walkers","floor":37.0,"turns":3.0},{"damage":0.0,"enemies":"3 Darklings","floor":39.0,"turns":3.0},{"damage":0.0,"enemies":"Reptomancer","floor":41.0,"turns":4.0},{"damage":17.0,"enemies":"Jaw Worm Horde","floor":45.0,"turns":3.0},{"damage":0.0,"enemies":"Spire Growth","floor":46.0,"turns":3.0},{"damage":0.0,"enemies":"Giant Head","floor":47.0,"turns":5.0},{"damage":0.0,"enemies":"3 Darklings","floor":48.0,"turns":2.0},{"damage":10.0,"enemies":"Awakened One","floor":50.0,"turns":11.0},{"damage":6,"enemies":"Donu and Deca","floor":51,"turns":9},{"damage":0,"enemies":"Shield and Spear","floor":55,"turns":6},{"damage":28,"enemies":"The Heart","floor":56,"turns":12}],"seed_played":"9200721588777708228","potions_obtained":[{"floor":1.0,"key":"SpeedPotion"},{"floor":3.0,"key":"SteroidPotion"},{"floor":10.0,"key":"Strength Potion"},{"floor":18.0,"key":"CunningPotion"},{"floor":28.0,"key":"ColorlessPotion"},{"floor":30.0,"key":"Strength Potion"},{"floor":35.0,"key":"PowerPotion"},{"floor":37.0,"key":"SkillPotion"},{"floor":39.0,"key":"DuplicationPotion"},{"floor":41.0,"key":"SteroidPotion"}],"is_trial":false,"path_per_floor":["M","$","M","?","M","R","E","R","T","M","R","?","M","?","R","B",null,"M","M","$","?","M","R","T","R","T","R","?","E","M","?","R","B",null,"M","?","?","$","M","R","E","T","T","R","M","M","E","M","R","B","B",null,"R","$","E","B",null],"character_chosen":"THE_SILENT","items_purchased":["Blade Dance","Paper Crane","Membership Card","DollysMirror","Adrenaline","Bag of Marbles","EntropicBrew","Dodge and Roll","Whetstone"],"campfire_rested":3,"item_purchase_floors":[2,20,38,54,54,54,54,54,54],"current_hp_per_floor":[56,56,56,56,56,56,23,23,23,20,20,20,19,19,38,19,54,29,29,29,29,29,48,48,48,48,48,48,34,31,31,31,23,55,55,45,29,29,29,48,48,48,48,48,31,31,31,31,31,21,15,53,53,53,53,25],"gold":56,"neow_bonus":"HUNDRED_GOLD","is_daily":false,"chose_seed":false,"campfire_upgraded":8,"win_rate":0.0,"timestamp":1611843274,"path_taken":["M","$","?","?","M","R","E","R","T","M","R","?","M","?","R","BOSS","M","M","$","?","?","R","?","R","T","R","?","E","M","?","R","BOSS","M","?","?","?","M","R","E","?","T","R","M","M","E","?","R","BOSS","BOSS","R","$","E","BOSS"],"items_purchased_type":["Card","Relic","Relic","Relic","Card","Relic","Potion","Card","Relic"],"build_version":"2020-12-22","purchased_purges":3,"victory":true,"max_hp_per_floor":[66,66,66,66,66,66,66,66,66,66,66,66,66,66,66,66,66,66,66,66,66,66,66,66,66,66,66,66,66,66,66,66,66,66,66,66,66,66,66,66,66,66,66,66,66,66,66,66,66,66,66,66,66,66,66,66],"card_choices":[{"not_picked":["Underhanded Strike","PiercingWail"],"picked":"Footwork","floor":1.0},{"not_picked":["Setup","Acrobatics","Caltrops"],"picked":"SKIP","floor":3.0},{"not_picked":["Dodge and Roll","Quick Slash","Poisoned Stab"],"picked":"SKIP","floor":5.0},{"not_picked":["PiercingWail","Phantasmal Killer"],"picked":"Blade Dance","floor":7.0},{"not_picked":["Bane","Escape Plan"],"picked":"Accuracy","floor":10.0},{"not_picked":["Distraction","Deadly Poison","Dagger Spray"],"picked":"SKIP","floor":13.0},{"not_picked":["Flechettes","Backstab"],"picked":"Cloak And Dagger+1","floor":18.0},{"not_picked":["Bane","Quick Slash"],"picked":"Backflip","floor":19.0},{"not_picked":["Dagger Throw","Blade Dance"],"picked":"Leg Sweep","floor":22.0},{"not_picked":["Distraction","Grand Finale"],"picked":"Calculated Gamble","floor":28.0},{"not_picked":["Flying Knee+1","Blade Dance","Deflect+1"],"picked":"SKIP","floor":29.0},{"not_picked":["Flying Knee+1","Blade Dance"],"picked":"Deflect+1","floor":29.0},{"not_picked":["Blade Dance","Prepared","Setup"],"picked":"SKIP","floor":30.0},{"not_picked":["Die Die Die+1","Wraith Form v2"],"picked":"Adrenaline","floor":33.0},{"not_picked":["Concentrate","Crippling Poison+1","Underhanded Strike+1"],"picked":"SKIP","floor":35.0},{"not_picked":["Sucker Punch+1","Crippling Poison","Bane+1"],"picked":"SKIP","floor":39.0},{"not_picked":["Underhanded Strike+1","Expertise","PiercingWail"],"picked":"SKIP","floor":41.0},{"not_picked":["Dodge and Roll","Riddle With Holes+1"],"picked":"Footwork","floor":45.0},{"not_picked":["Backflip","Poisoned Stab+1","Flechettes+1"],"picked":"SKIP","floor":46.0},{"not_picked":["Die Die Die+1","Dagger Spray+1","Eviscerate+1"],"picked":"SKIP","floor":47.0},{"not_picked":["Outmaneuver","Poisoned Stab+1"],"picked":"Reflex","floor":48.0},{"not_picked":["Acrobatics+1","Cloak And Dagger","Sucker Punch+1"],"picked":"SKIP","floor":55}],"player_experience":1423387,"relics_obtained":[{"floor":7.0,"key":"Shuriken"},{"floor":24.0,"key":"Oddly Smooth Stone"},{"floor":26.0,"key":"Kunai"},{"floor":28.0,"key":"CaptainsWheel"},{"floor":28.0,"key":"Blue Candle"},{"floor":29.0,"key":"Molten Egg 2"},{"floor":41.0,"key":"MawBank"},{"floor":42.0,"key":"Lantern"},{"floor":43.0,"key":"Anchor"},{"floor":47.0,"key":"Sundial"},{"floor":55,"key":"Orichalcum"}],"event_choices":[{"damage_healed":0.0,"max_hp_gain":0.0,"max_hp_loss":0.0,"gold_gain":0.0,"cards_transformed":["Strike_G"],"event_name":"Living Wall","player_choice":"Change","floor":4.0,"gold_loss":0.0,"damage_taken":0.0,"cards_obtained":["Predator"]},{"damage_healed":0.0,"max_hp_gain":0.0,"max_hp_loss":0.0,"gold_gain":0.0,"event_name":"Shining Light","player_choice":"Ignored","floor":12.0,"gold_loss":0.0,"damage_taken":0.0},{"damage_healed":0.0,"max_hp_gain":0.0,"max_hp_loss":0.0,"gold_gain":0.0,"event_name":"Liars Game","player_choice":"Ignored","floor":14.0,"gold_loss":0.0,"damage_taken":0.0},{"damage_healed":0.0,"max_hp_gain":0.0,"max_hp_loss":0.0,"gold_gain":0.0,"cards_transformed":["Eviscerate"],"event_name":"Transmorgrifier","player_choice":"Transformed","floor":21.0,"gold_loss":0.0,"damage_taken":0.0,"cards_obtained":["Backflip"]},{"damage_healed":0.0,"max_hp_gain":0.0,"max_hp_loss":0.0,"gold_gain":0.0,"event_name":"Colosseum","player_choice":"Fight","floor":28.0,"gold_loss":0.0,"damage_taken":0.0},{"damage_healed":0.0,"max_hp_gain":0.0,"max_hp_loss":0.0,"gold_gain":0.0,"event_name":"Colosseum","player_choice":"Fled From Nobs","floor":28.0,"gold_loss":0.0,"damage_taken":0.0},{"damage_healed":0.0,"max_hp_gain":0.0,"max_hp_loss":0.0,"gold_gain":0.0,"event_name":"Colosseum","player_choice":"Fought Nobs","floor":28.0,"gold_loss":0.0,"damage_taken":0.0},{"damage_healed":0.0,"max_hp_gain":0.0,"max_hp_loss":0.0,"gold_gain":0.0,"event_name":"Cursed Tome","player_choice":"Ignored","floor":31.0,"gold_loss":0.0,"damage_taken":0.0},{"damage_healed":0.0,"max_hp_gain":0.0,"max_hp_loss":0.0,"gold_gain":0.0,"event_name":"SensoryStone","player_choice":"Memory 3","floor":36.0,"gold_loss":0.0,"damage_taken":10.0},{"damage_healed":0.0,"max_hp_gain":0.0,"max_hp_loss":0.0,"gold_gain":0.0,"event_name":"Mysterious Sphere","player_choice":"Fight","floor":37.0,"gold_loss":0.0,"damage_taken":0.0}],"is_beta":false,"boss_relics":[{"not_picked":["Coffee Dripper","Ring of the Serpent"],"picked":"Pandora\u0027s Box"},{"not_picked":["Runic Pyramid","Empty Cage"],"picked":"WristBlade"}],"items_purged_floors":[2,38,54],"is_endless":false,"potions_floor_spawned":[1,3,10,18,19,28,30,35,37,39,41],"ascension_level":20}}