{"host":"gquo1rsrdiuo0hhv","time":1611857241,"event":{"mods":["Act Like it!","BaseMod","Colored Powertips","Minty Spire (QoL Compilation)","Quick Restart","StSLib"],"gold_per_floor":[118,133,144,319,269,269,295,327,327,358,371,396,53,67,67,170,170,186,186,106,205,205,205,236,250,250,250,250,250,250,250],"floor_reached":30,"language":"ENG","playtime":1308,"items_purged":["Defend_R"],"score":302,"play_id":"853de31c-6385-4b40-91e4-9dc076aa1e55","local_time":"20210129010721","is_ascension_mode":true,"campfire_choices":[{"data":"Bash","floor":6,"key":"SMITH"},{"floor":15,"key":"REST"},{"floor":23,"key":"REST"},{"floor":27,"key":"REST"},{"data":"Apotheosis","floor":29,"key":"SMITH"}],"circlet_count":0,"master_deck":["Strike_R","Strike_R","Strike_R","Strike_R","Defend_R","Defend_R","Bash+1","Cleave","Flex","Power Through","Demon Form","Armaments","Shrug It Off","Limit Break","Apotheosis+1","Spot Weakness","Warcry","Fiend Fire","Battle Trance","Necronomicurse","Fire Breathing","Thunderclap","Heavy Blade","Wild Strike+1","J.A.X."],"relics":["Black Blood","Strawberry","Bottled Lightning","Unceasing Top","Ornamental Fan","Necronomicon","Torii","Bottled Flame"],"acts_visited":["Exordium","TheCity"],"potions_floor_usage":[8,8,10,24,25],"damage_taken":[{"damage":5,"enemies":"Cultist","floor":1,"turns":4},{"damage":0,"enemies":"2 Louse","floor":2,"turns":2},{"damage":1,"enemies":"Jaw Worm","floor":3,"turns":3},{"damage":48,"enemies":"Lagavulin","floor":8,"turns":9},{"damage":22,"enemies":"3 Sentries","floor":10,"turns":8},{"damage":6,"enemies":"Large Slime","floor":11,"turns":6},{"damage":36,"enemies":"Gremlin Nob","floor":12,"turns":5},{"damage":5,"enemies":"2 Fungi Beasts","floor":14,"turns":3},{"damage":37,"enemies":"Hexaghost","floor":16,"turns":12},{"damage":45,"enemies":"Chosen","floor":18,"turns":10},{"damage":71,"enemies":"Slavers","floor":24,"turns":5},{"damage":23,"enemies":"3 Byrds","floor":25,"turns":5},{"damage":67,"enemies":"Gremlin Leader","floor":30,"turns":4}],"seed_played":"-2910338437031985476","potions_obtained":[{"floor":3,"key":"Explosive Potion"},{"floor":8,"key":"Fruit Juice"},{"floor":10,"key":"Fruit Juice"},{"floor":12,"key":"FairyPotion"},{"floor":16,"key":"Explosive Potion"},{"floor":24,"key":"Swift Potion"}],"is_trial":false,"path_per_floor":["M","M","M","?","?","R","T","E","T","E","M","E","$","M","R","B",null,"M","?","$","?","?","R","E","M","T","R","?","R","E"],"character_chosen":"IRONCLAD","items_purchased":["Apotheosis","Spot Weakness","Fire Breathing","Thunderclap"],"campfire_rested":3,"item_purchase_floors":[13,13,20,20],"current_hp_per_floor":[80,80,80,80,80,80,80,50,50,39,39,9,9,10,39,8,97,64,48,48,48,48,77,18,36,36,65,65,65,0,0],"gold":250,"neow_bonus":"REMOVE_CARD","is_daily":false,"chose_seed":false,"campfire_upgraded":2,"win_rate":0.0,"timestamp":1611857241,"path_taken":["M","M","M","?","?","R","?","E","T","E","M","E","$","M","R","BOSS","M","?","$","?","?","R","E","M","T","R","?","R","E"],"items_purchased_type":["Card","Card","Card","Card"],"build_version":"2020-12-22","purchased_purges":1,"victory":false,"max_hp_per_floor":[80,80,80,80,80,80,80,92,92,97,97,97,97,97,97,97,97,97,97,97,97,97,97,97,97,97,97,97,97,97,97],"card_choices":[{"not_picked":["Combust","Dual Wield"],"picked":"Cleave","floor":1},{"not_picked":["Second Wind","True Grit"],"picked":"Flex","floor":2},{"not_picked":["Anger","Heavy Blade"],"picked":"Power Through","floor":3},{"not_picked":["Rage","Spot Weakness"],"picked":"Demon Form","floor":8},{"not_picked":["Uppercut","Flex"],"picked":"Armaments","floor":10},{"not_picked":["Perfected Strike","Pommel Strike"],"picked":"Shrug It Off","floor":11},{"not_picked":["Feel No Pain","Sword Boomerang"],"picked":"Limit Break","floor":12},{"not_picked":["Wild Strike","Anger"],"picked":"Warcry","floor":14},{"not_picked":["Exhume","Berserk"],"picked":"Fiend Fire","floor":16},{"not_picked":["Headbutt","Havoc"],"picked":"Battle Trance","floor":18},{"not_picked":["Shrug It Off","Seeing Red"],"picked":"Heavy Blade","floor":24},{"not_picked":["Heavy Blade","Cleave+1"],"picked":"Wild Strike+1","floor":25}],"player_experience":399812,"relics_obtained":[{"floor":8,"key":"Strawberry"},{"floor":9,"key":"Bottled Lightning"},{"floor":10,"key":"Unceasing Top"},{"floor":12,"key":"Ornamental Fan"},{"floor":19,"key":"Necronomicon"},{"floor":24,"key":"Torii"},{"floor":26,"key":"Bottled Flame"}],"event_choices":[{"damage_healed":0,"gold_gain":175,"player_choice":"AGREE","damage_taken":0,"max_hp_gain":0,"max_hp_loss":0,"event_name":"Liars Game","floor":4,"gold_loss":0,"cards_obtained":["Doubt"]},{"cards_removed":["Doubt"],"damage_healed":0,"gold_gain":0,"player_choice":"Card Removal","damage_taken":0,"max_hp_gain":0,"max_hp_loss":0,"event_name":"The Cleric","floor":5,"gold_loss":50},{"damage_healed":0,"gold_gain":0,"player_choice":"Obtained Book","damage_taken":16,"max_hp_gain":0,"max_hp_loss":0,"event_name":"Cursed Tome","floor":19,"gold_loss":0},{"damage_healed":0,"gold_gain":99,"player_choice":"Stole From Cult","damage_taken":0,"max_hp_gain":0,"max_hp_loss":0,"event_name":"Nest","floor":21,"gold_loss":0},{"cards_removed":["Defend_R"],"damage_healed":0,"gold_gain":0,"player_choice":"Elegance","damage_taken":0,"max_hp_gain":0,"max_hp_loss":0,"event_name":"Back to Basics","floor":22,"gold_loss":0},{"damage_healed":0,"gold_gain":0,"player_choice":"Obtain J.A.X.","damage_taken":0,"max_hp_gain":0,"max_hp_loss":0,"event_name":"Drug Dealer","floor":28,"gold_loss":0,"cards_obtained":["J.A.X."]}],"is_beta":false,"boss_relics":[{"not_picked":["SlaversCollar","Black Star"],"picked":"Black Blood"}],"items_purged_floors":[13],"is_endless":false,"potions_floor_spawned":[3,8,10,12,16,24],"killed_by":"Gremlin Leader","ascension_level":1}}