{"host":"y7357sx8ps3jkgoj","time":1611814254,"event":{"mods":["BaseMod","Friendly Minions","Minty Spire (QoL Compilation)","Permanent Neow","Relic Stats","Shop Mod","StSLib","The Alterego","Uncapped","Unceasing Turn Reminder"],"gold_per_floor":[113,124,74,88,88,88,108,133,157,157,219,251,251,282,282,377,427,446,182,201,213,213,243,243,259,285,285,285,311,20,48,48,149,149,161,161,36,36,49,77,96,96,96,96,96,0,0,11,11,11,11,11,11,45,45,45],"floor_reached":55,"language":"ENG","playtime":5262,"items_purged":["alterego_mod:Defend","alterego_mod:Strike","alterego_mod:Punishment+1"],"score":926,"play_id":"2f2fb66b-f249-42d7-b7a7-fddec2d9a3b4","local_time":"20210128001054","is_ascension_mode":true,"campfire_choices":[{"data":"alterego_mod:BigMeatyClaws","floor":6.0,"key":"SMITH"},{"data":"alterego_mod:Punishment","floor":10.0,"key":"SMITH"},{"data":"alterego_mod:Belts","floor":13.0,"key":"SMITH"},{"data":"alterego_mod:IndependentAction","floor":15.0,"key":"SMITH"},{"data":"alterego_mod:Clones","floor":24,"key":"SMITH"},{"data":"alterego_mod:GIGAMILK","floor":27,"key":"SMITH"},{"data":"alterego_mod:Table","floor":32,"key":"SMITH"},{"floor":42,"key":"RECALL"},{"data":"alterego_mod:BreastValley","floor":44,"key":"SMITH"},{"data":"alterego_mod:Pet","floor":49,"key":"SMITH"},{"data":"alterego_mod:TrashNCrash","floor":52,"key":"SMITH"}],"circlet_count":0,"master_deck":["alterego_mod:Strike","alterego_mod:Strike+1","alterego_mod:Defend+1","alterego_mod:Defend","alterego_mod:Impale+1","alterego_mod:BigMeatyClaws+1","alterego_mod:BrynhildrsRune","alterego_mod:IndependentAction+1","alterego_mod:TrashNCrash+1","alterego_mod:Pet+1","alterego_mod:Belts+1","alterego_mod:GIGAMILK+1","alterego_mod:MagicResistance","Mayhem","alterego_mod:Clones+1","Ghostly","Ghostly+1","Ghostly","Ghostly","Ghostly","alterego_mod:Valentines","alterego_mod:Table+1","Mayhem","alterego_mod:BreastValley+1","Dark Shackles","Madness","Madness","alterego_mod:Birthday","alterego_mod:SakuraFive+1","alterego_mod:RidiculouslyBig+1"],"relics":["alterego_mod:MasochisticConstitution","Akabeko","Bronze Scales","Peace Pipe","Torii","Tiny House","Bag of Preparation","Lantern","MealTicket","Orichalcum","War Paint","Cursed Key","Omamori","Sundial","Red Mask","Nunchaku"],"acts_visited":["Exordium","TheCity","TheBeyond","TheEnding"],"potions_floor_usage":[23,41,50,50,50,55,55],"damage_taken":[{"damage":4.0,"enemies":"Small Slimes","floor":1.0,"turns":4.0},{"damage":6.0,"enemies":"Jaw Worm","floor":2.0,"turns":7.0},{"damage":7.0,"enemies":"2 Louse","floor":4.0,"turns":3.0},{"damage":29.0,"enemies":"Exordium Wildlife","floor":7.0,"turns":4.0},{"damage":17.0,"enemies":"Gremlin Nob","floor":8.0,"turns":3.0},{"damage":18.0,"enemies":"Lagavulin Event","floor":11.0,"turns":4.0},{"damage":22.0,"enemies":"3 Sentries","floor":12.0,"turns":5.0},{"damage":10.0,"enemies":"Gremlin Nob","floor":14.0,"turns":3.0},{"damage":3.0,"enemies":"Slime Boss","floor":16.0,"turns":6.0},{"damage":16.0,"enemies":"Chosen","floor":18.0,"turns":3.0},{"damage":25.0,"enemies":"Shell Parasite","floor":20.0,"turns":4.0},{"damage":17.0,"enemies":"3 Cultists","floor":21.0,"turns":5.0},{"damage":31,"enemies":"Slavers","floor":23,"turns":9},{"damage":5,"enemies":"Centurion and Healer","floor":25,"turns":6},{"damage":14,"enemies":"Book of Stabbing","floor":29,"turns":7},{"damage":17,"enemies":"Slavers","floor":31,"turns":10},{"damage":6,"enemies":"Champ","floor":33,"turns":15},{"damage":0,"enemies":"3 Darklings","floor":35,"turns":6},{"damage":8,"enemies":"3 Shapes","floor":39,"turns":8},{"damage":9,"enemies":"Giant Head","floor":40,"turns":9},{"damage":23,"enemies":"Sphere and 2 Shapes","floor":41,"turns":7},{"damage":24,"enemies":"Maw","floor":48,"turns":8},{"damage":19,"enemies":"Time Eater","floor":50,"turns":9},{"damage":0,"enemies":"Shield and Spear","floor":54,"turns":9},{"damage":84,"enemies":"The Heart","floor":55,"turns":8}],"seed_played":"6196601435410255778","potions_obtained":[{"floor":1.0,"key":"Dexterity Potion"},{"floor":2.0,"key":"FairyPotion"},{"floor":7.0,"key":"Explosive Potion"},{"floor":16.0,"key":"Fire Potion"},{"floor":17.0,"key":"Strength Potion"},{"floor":25,"key":"EntropicBrew"},{"floor":39,"key":"SkillPotion"}],"is_trial":false,"path_per_floor":["M","M","?","M","?","R","M","E","T","R","?","E","R","E","R","B",null,"M","$","M","M","?","E","R","M","T","R","?","E","$","E","R","B",null,"M","?","$","?","M","E","M","R","T","R","?","?","$","M","R","B",null,"R","$","E","B"],"character_chosen":"The_Alterego","items_purchased":["Mayhem","Mayhem"],"campfire_rested":0,"item_purchase_floors":[19,30],"current_hp_per_floor":[71,72,72,66,59,59,45,29,29,29,12,30,30,28,28,40,84,69,69,52,36,36,20,20,16,16,16,16,3,18,9,9,11,48,48,48,48,42,42,41,26,26,26,26,26,26,41,27,27,11,53,53,53,53,0,0],"gold":45,"neow_bonus":"UPGRADE_CARD","is_daily":false,"chose_seed":false,"campfire_upgraded":10,"win_rate":0.0,"timestamp":1611814254,"path_taken":["M","M","?","M","?","R","?","E","T","R","?","E","R","E","R","BOSS","M","$","M","M","?","E","R","M","T","R","?","E","$","E","R","BOSS","M","?","$","?","M","E","M","R","T","R","?","?","?","M","R","BOSS","R","$","E","BOSS"],"items_purchased_type":["Card","Card"],"build_version":"2020-12-22","purchased_purges":3,"victory":false,"max_hp_per_floor":[71,72,72,73,73,73,74,75,75,75,76,77,77,78,78,79,84,85,85,86,87,43,44,44,45,45,45,45,46,46,47,47,48,48,48,48,48,48,49,50,51,51,51,51,51,51,51,52,52,53,53,53,53,53,53,53],"relic_stats":{"Peace Pipe":1,"Nunchaku":[2],"Torii":10,"counters":[25,162],"Sundial":[4],"Bronze Scales":[495],"MealTicket":30,"Bag of Preparation":[24],"Orichalcum":[144],"War Paint":["Ghostly","alterego_mod:Defend"],"Cursed Key":1,"obtain_stats":[{"alterego_mod:MasochisticConstitution":0,"Lantern":26,"Tiny House":17,"Torii":14,"Bag of Preparation":23,"Omamori":40,"Orichalcum":29,"War Paint":31,"Cursed Key":34,"Akabeko":8,"Peace Pipe":12,"Nunchaku":54,"Sundial":43,"Bronze Scales":11,"MealTicket":28,"Red Mask":46},{"alterego_mod:MasochisticConstitution":0,"Lantern":14,"Tiny House":9,"Torii":8,"Bag of Preparation":13,"Omamori":20,"Orichalcum":15,"War Paint":16,"Cursed Key":17,"Akabeko":5,"Peace Pipe":7,"Nunchaku":24,"Sundial":21,"Bronze Scales":5,"MealTicket":14,"Red Mask":21},{"alterego_mod:MasochisticConstitution":0,"Lantern":66,"Tiny House":39,"Torii":33,"Bag of Preparation":60,"Omamori":121,"Orichalcum":73,"War Paint":83,"Cursed Key":98,"Akabeko":21,"Peace Pipe":30,"Nunchaku":154,"Sundial":128,"Bronze Scales":21,"MealTicket":66,"Red Mask":128}]},"card_choices":[{"not_picked":["alterego_mod:Cooking","alterego_mod:Bounce","alterego_mod:1TonWallop"],"picked":"SKIP","floor":1.0},{"not_picked":["alterego_mod:Bloomers","alterego_mod:RidiculouslyBig"],"picked":"alterego_mod:IndependentAction","floor":2.0},{"not_picked":["alterego_mod:Collar","alterego_mod:BeGentle"],"picked":"alterego_mod:Punishment","floor":4.0},{"not_picked":["alterego_mod:Undulate","alterego_mod:Bounce"],"picked":"alterego_mod:TrashNCrash","floor":7.0},{"not_picked":["alterego_mod:PerceptionDisorder","alterego_mod:Cycle"],"picked":"alterego_mod:Pet","floor":8.0},{"not_picked":["alterego_mod:Cushion","alterego_mod:Cycle"],"picked":"alterego_mod:Belts","floor":11.0},{"not_picked":["alterego_mod:Bounce","alterego_mod:Palingenesis","alterego_mod:Santa"],"picked":"SKIP","floor":12.0},{"not_picked":["alterego_mod:DestructionOfProperty","alterego_mod:RidiculouslyBig","alterego_mod:Bounce"],"picked":"SKIP","floor":14.0},{"not_picked":["alterego_mod:RingBreak","alterego_mod:VirginLaserPalladion"],"picked":"alterego_mod:GIGAMILK","floor":16.0},{"not_picked":["alterego_mod:Bounce","alterego_mod:Cycle"],"picked":"alterego_mod:MagicResistance","floor":17.0},{"not_picked":["alterego_mod:Bloomers","alterego_mod:GoddessCore","alterego_mod:Rip"],"picked":"SKIP","floor":18.0},{"not_picked":["alterego_mod:Cooking","alterego_mod:Vow","alterego_mod:HighServant"],"picked":"SKIP","floor":20.0},{"not_picked":["alterego_mod:Cooking","alterego_mod:Bloomers+1"],"picked":"alterego_mod:Clones","floor":21.0},{"not_picked":["alterego_mod:Rip","alterego_mod:PresenceConcealment"],"picked":"alterego_mod:Punishment+1","floor":23},{"not_picked":["alterego_mod:1TonWallop","alterego_mod:PerceptionDisorder"],"picked":"alterego_mod:Valentines","floor":25},{"not_picked":["alterego_mod:Cooking","alterego_mod:Rip"],"picked":"alterego_mod:Table","floor":29},{"not_picked":["alterego_mod:VirginLaserPalladion","alterego_mod:BusterCard"],"picked":"alterego_mod:BreastValley","floor":31},{"not_picked":["alterego_mod:Cooking+1","alterego_mod:Cycle+1","alterego_mod:Skirt+1"],"picked":"SKIP","floor":35},{"not_picked":["Mind Blast","PanicButton"],"picked":"Dark Shackles","floor":36},{"not_picked":["alterego_mod:BiFurious+1","alterego_mod:PurpleHair","alterego_mod:Pet"],"picked":"SKIP","floor":39},{"not_picked":["alterego_mod:SuperDuperMasochism+1","alterego_mod:PresenceConcealment","alterego_mod:RocketPunch"],"picked":"SKIP","floor":40},{"not_picked":["alterego_mod:Rip+1","alterego_mod:Skirt+1"],"picked":"alterego_mod:Birthday","floor":41},{"not_picked":["alterego_mod:Undulate","alterego_mod:TrashNCrash+1"],"picked":"alterego_mod:SakuraFive+1","floor":48},{"not_picked":["alterego_mod:BrynhildrRomantia","alterego_mod:MagicResistance"],"picked":"alterego_mod:RidiculouslyBig+1","floor":54}],"player_experience":307969,"relics_obtained":[{"floor":8.0,"key":"Akabeko"},{"floor":12.0,"key":"Peace Pipe"},{"floor":14.0,"key":"Torii"},{"floor":23,"key":"Bag of Preparation"},{"floor":26,"key":"Lantern"},{"floor":29,"key":"Orichalcum"},{"floor":31,"key":"War Paint"},{"floor":40,"key":"Omamori"},{"floor":43,"key":"Sundial"},{"floor":54,"key":"Nunchaku"}],"event_choices":[{"cards_removed":["alterego_mod:Defend"],"damage_healed":0.0,"max_hp_gain":0.0,"max_hp_loss":0.0,"gold_gain":0.0,"event_name":"The Cleric","player_choice":"Card Removal","floor":3.0,"gold_loss":50.0,"damage_taken":0.0},{"cards_removed":["alterego_mod:Strike"],"damage_healed":0.0,"max_hp_gain":0.0,"max_hp_loss":0.0,"gold_gain":0.0,"event_name":"Golden Wing","player_choice":"Card Removal","floor":5.0,"gold_loss":0.0,"damage_taken":7.0},{"damage_healed":0.0,"max_hp_gain":0.0,"max_hp_loss":0.0,"gold_gain":30.0,"event_name":"Dead Adventurer","player_choice":"Searched \u00273\u0027 times","floor":11.0,"gold_loss":0.0,"damage_taken":0.0,"relics_obtained":["Bronze Scales"]},{"damage_healed":0.0,"max_hp_gain":0.0,"max_hp_loss":44.0,"gold_gain":0.0,"event_name":"Ghosts","player_choice":"Became a Ghost","floor":22.0,"gold_loss":0.0,"damage_taken":0.0,"cards_obtained":["Ghostly","Ghostly","Ghostly","Ghostly","Ghostly"]},{"damage_healed":0,"gold_gain":0,"player_choice":"Opened","damage_taken":0,"relics_obtained":["MealTicket"],"max_hp_gain":0,"max_hp_loss":0,"event_name":"The Mausoleum","floor":28,"gold_loss":0},{"damage_healed":0,"gold_gain":0,"player_choice":"Memory 1","damage_taken":0,"max_hp_gain":0,"max_hp_loss":0,"event_name":"SensoryStone","floor":36,"gold_loss":0},{"damage_healed":0,"gold_gain":0,"player_choice":"Embrace Madness","damage_taken":6,"max_hp_gain":0,"max_hp_loss":0,"event_name":"Winding Halls","floor":38,"gold_loss":0,"cards_obtained":["Madness","Madness"]},{"cards_removed":["alterego_mod:Punishment"],"damage_healed":0,"gold_gain":0,"player_choice":"Removed Power","damage_taken":0,"max_hp_gain":0,"max_hp_loss":0,"event_name":"Falling","floor":45,"gold_loss":0},{"damage_healed":0,"gold_gain":0,"player_choice":"Paid","damage_taken":0,"relics_obtained":["Red Mask"],"max_hp_gain":0,"max_hp_loss":0,"event_name":"Tomb of Lord Red Mask","floor":46,"gold_loss":96}],"is_beta":false,"boss_relics":[{"not_picked":["Runic Pyramid","Empty Cage"],"picked":"Tiny House"},{"not_picked":["Runic Dome","Pandora\u0027s Box"],"picked":"Cursed Key"}],"items_purged_floors":[19,30,37],"is_endless":false,"potions_floor_spawned":[1,2,7,11,16,21,25,35,39,40],"killed_by":"The Heart","ascension_level":2}}