{"host":"pletss163z7s8pvv","time":1611811704,"event":{"mods":["AchievementEnabler","BaseMod","Better Altar","Better Match","Better Note","Better Sensory Stone","Better Skull","Better Third Choice","BetterRewards","CapriCore","ChefMod","Colored Map","Colored Powertips","Conspire","Energized Spire","Evolution","GifTheSpireLib","Hermit","Ironclad Rager","Marked Mod","Minty Spire (QoL Compilation)","Retaliation","Spicy Shops","StS++","StSLib","The Blue Laboratory","The Cursed","The Disciple","The Forsaken"],"gold_per_floor":[144,189,234,279,279,279,23,80,130,175,220,310,310,355,355,655,655,700,745,218,263,263,263,308,1,1,91,91,181,181,6,6,306,456,501,546,471,77,113,203,7,64,89,149,206,45,45,102,102,114],"floor_reached":51,"language":"ENG","playtime":1630,"items_purged":["Pride","Pride"],"score":996,"play_id":"287b8311-513a-4276-8a86-883629357427","local_time":"20210127232824","daily_mods":["Draft","Vintage","Midas"],"is_ascension_mode":false,"campfire_choices":[{"floor":6,"key":"REST"},{"floor":13,"key":"REST"},{"floor":15,"key":"REST"},{"floor":23,"key":"REST"},{"floor":30,"key":"REST"},{"floor":32,"key":"REST"},{"floor":47,"key":"REST"},{"floor":49,"key":"REST"}],"circlet_count":0,"master_deck":["hermit:Ricochet","hermit:Horror","hermit:HighCaliber","hermit:LowProfile","hermit:HighCaliber+1","hermit:BodyArmor","hermit:CursedWeapon","hermit:PistolWhip+1","hermit:Snipe","hermit:TakeAim","hermit:WideOpen","hermit:Deadeye","hermit:BigShot","hermit:LowProfile","hermit:Snipe+1","hermit:Malice","hermit:WideOpen+1","hermit:TrackingShot+1","hermit:Desperado+1","hermit:DeadOrAlive","hermit:Desperado+1","hermit:CalledShot+1","hermit:LowProfile+1","Apotheosis+1","Panacea","hermit:Misfire+1","Injury","hermit:Headshot+1","hermit:Horror+1","hermit:Ricochet+1","hermit:Ricochet+1","hermit:Quickdraw+1","hermit:Ricochet+1","hermit:CalledShot+1","hermit:RoundhouseKick","hermit:WideOpen+1","hermit:RoundhouseKick+1","Regret","hermit:Glare+1","hermit:Brawl","Immolate","Finisher+1","Parasite","hermit:Brawl","hermit:HighCaliber+1","hermit:Glare+1","Thunderclap+1"],"relics":["hermit:Momento","EVO:Axolotl","theForsaken:Lifeblossom","Matryoshka","StSpp:PetrifiedCaterpillar","InkBottle","theForsaken:HumbleEgg","hermit:Horseshoe","conspire:Dentures","Dream Catcher","StSpp:WoodenPendulum","Eternal Feather","Ancient Tea Set","StSpp:TwinEgg","conspire:SpecialSausage","Kunai","TungstenRod","Membership Card","StSpp:BrokenTotem","Pantograph","OrangePellets","theForsaken:ScaryMask","HornCleat","conspire:BottledYoYo","Toolbox","hermit:RedScarf","Strawberry","Juzu Bracelet","conspire:DeflatedDodgeball","Whetstone","Sundial","Darkstone Periapt","Tiny House","Akabeko","White Beast Statue","Bag of Marbles","Chemical X","PrismaticShard","Boot","Blood Vial","Du-Vu Doll","Mummified Hand","StSpp:WoodenStick","StSpp:JackpotMachine","FossilizedHelix","conspire:TopHat","Regal Pillow","StSpp:SailorCap","Bag of Preparation","Vajra","Lee\u0027s Waffle","Nunchaku"],"acts_visited":["Exordium","TheCity","TheBeyond"],"potions_floor_usage":[27,33,50,50],"damage_taken":[{"damage":2,"enemies":"Cultist","floor":1,"turns":3},{"damage":11,"enemies":"Jaw Worm","floor":2,"turns":2},{"damage":16,"enemies":"conspire:RoseBush","floor":3,"turns":3},{"damage":12,"enemies":"Large Slime","floor":4,"turns":4},{"damage":0,"enemies":"2 Fungi Beasts","floor":8,"turns":2},{"damage":8,"enemies":"Exordium Thugs","floor":10,"turns":3},{"damage":2,"enemies":"Blue Slaver","floor":11,"turns":2},{"damage":10,"enemies":"Gremlin Nob","floor":12,"turns":4},{"damage":5,"enemies":"conspire:2 RoseBushes","floor":14,"turns":2},{"damage":13,"enemies":"Slime Boss","floor":16,"turns":4},{"damage":25,"enemies":"conspire:FuzzyDice","floor":18,"turns":4},{"damage":10,"enemies":"Chosen","floor":19,"turns":3},{"damage":1,"enemies":"conspire:HollyBat","floor":21,"turns":7},{"damage":19,"enemies":"Sentry and Sphere","floor":24,"turns":4},{"damage":26,"enemies":"conspire:SneckoGhost","floor":27,"turns":4},{"damage":17,"enemies":"Slavers","floor":29,"turns":3},{"damage":10,"enemies":"Automaton","floor":33,"turns":5},{"damage":1,"enemies":"3 Shapes","floor":35,"turns":2},{"damage":1,"enemies":"Orb Walker","floor":36,"turns":1},{"damage":0,"enemies":"2 Orb Walkers","floor":39,"turns":2},{"damage":9,"enemies":"Nemesis","floor":40,"turns":4},{"damage":0,"enemies":"Writhing Mass","floor":42,"turns":3},{"damage":12,"enemies":"4 Shapes","floor":44,"turns":2},{"damage":0,"enemies":"3 Darklings","floor":45,"turns":2},{"damage":0,"enemies":"Transient","floor":48,"turns":5},{"damage":0,"enemies":"Awakened One","floor":50,"turns":4}],"seed_played":"9192803745042345800","potions_obtained":[{"floor":2,"key":"hermit:BlackBile"},{"floor":3,"key":"DistilledChaos"},{"floor":4,"key":"blueLaboratory:HummingbirdPotion"},{"floor":14,"key":"blueLaboratory:FrostheartPotion"},{"floor":27,"key":"SkillPotion"},{"floor":34,"key":"DDmod:CleansePotion"},{"floor":40,"key":"PowerPotion"}],"is_trial":false,"path_per_floor":["M","M","M","M","?","R","$","M","T","M","M","E","R","M","R","B",null,"M","M","$","M","?","R","M","$","T","E","?","E","R","$","R","B",null,"M","M","?","$","?","E","$","M","T","M","M","$","R","M","R","B",null],"character_chosen":"HERMIT","items_purchased":["theForsaken:HumbleEgg","hermit:Snipe+1","hermit:Malice","Membership Card","StSpp:BrokenTotem","Pantograph","OrangePellets","theForsaken:ScaryMask","hermit:Desperado+1","hermit:CalledShot+1","hermit:LowProfile+1","Toolbox","hermit:RedScarf","Strawberry","hermit:Headshot+1","blueLaboratory:FruitPunch","Darkstone Periapt","hermit:Quickdraw+1","hermit:Ricochet+1","Bag of Marbles","Chemical X","hermit:Glare+1","PrismaticShard","Boot","Blood Vial","hermit:Brawl","StSpp:WoodenStick","StSpp:JackpotMachine","FossilizedHelix","hermit:Brawl","BlessingOfTheForge","AttackPotion","Vajra","Lee\u0027s Waffle","hermit:HighCaliber+1"],"campfire_rested":8,"item_purchase_floors":[7,7,7,20,20,20,20,20,20,20,20,25,25,25,25,25,31,31,31,38,38,38,38,38,38,38,41,41,41,41,41,41,46,46,46],"current_hp_per_floor":[75,66,55,49,77,77,77,77,77,71,72,68,77,75,77,66,77,53,48,48,53,53,77,59,66,66,48,48,37,80,80,86,77,91,91,90,90,96,97,89,95,102,102,94,99,110,110,110,110,110],"gold":114,"neow_bonus":"","is_daily":true,"chose_seed":false,"campfire_upgraded":0,"win_rate":0.0,"timestamp":1611811704,"path_taken":["M","M","?","M","?","R","$","M","T","M","?","E","R","M","R","BOSS","M","M","$","M","?","R","M","$","T","E","?","E","R","$","R","BOSS","M","M","?","$","?","E","?","M","T","M","M","$","R","M","R","BOSS"],"items_purchased_type":["Relic","Card","Card","Relic","Relic","Relic","Relic","Relic","Card","Card","Card","Relic","Relic","Relic","Card","Potion","Relic","Card","Card","Relic","Relic","Card","Relic","Relic","Relic","Card","Relic","Relic","Relic","Card","Potion","Potion","Relic","Relic","Card"],"build_version":"2020-12-22","purchased_purges":2,"victory":true,"max_hp_per_floor":[77,77,77,77,77,77,77,77,77,77,77,77,77,77,77,77,77,77,77,77,77,77,77,77,84,84,86,86,86,86,86,86,86,91,91,91,91,97,97,97,103,103,103,103,103,110,110,110,110,110],"card_choices":[{"not_picked":["hermit:PistolWhip","hermit:HighCaliber"],"picked":"hermit:Ricochet","floor":0},{"not_picked":["hermit:Coalescence","hermit:LuckOfTheDraw"],"picked":"hermit:Horror","floor":0},{"not_picked":["hermit:TrackingShot","hermit:HoleUp"],"picked":"hermit:HighCaliber","floor":0},{"not_picked":["hermit:TrackingShot","hermit:SprayPray"],"picked":"hermit:LowProfile","floor":0},{"not_picked":["hermit:Desperado","hermit:LowProfile"],"picked":"hermit:CursedWeapon","floor":0},{"not_picked":["hermit:Coalescence","hermit:BodyArmor"],"picked":"hermit:HighCaliber","floor":0},{"not_picked":["hermit:Quickdraw","hermit:Enervate"],"picked":"hermit:BodyArmor","floor":0},{"not_picked":["hermit:WideOpen","hermit:Coalescence"],"picked":"hermit:CursedWeapon","floor":0},{"not_picked":["hermit:Shortfuse","hermit:Manifest"],"picked":"hermit:PistolWhip","floor":0},{"not_picked":["hermit:SprayPray","hermit:WideOpen"],"picked":"hermit:Snipe","floor":0},{"not_picked":["hermit:Snipe","hermit:Coalescence"],"picked":"hermit:TakeAim","floor":0},{"not_picked":["hermit:Quickdraw","hermit:Coalescence"],"picked":"hermit:WideOpen","floor":0},{"not_picked":["hermit:Feint","hermit:FlashPowder"],"picked":"hermit:Deadeye","floor":0},{"not_picked":["hermit:FullyLoaded","hermit:Gestalt"],"picked":"hermit:BigShot","floor":0},{"not_picked":["hermit:HighCaliber","hermit:LuckOfTheDraw"],"picked":"hermit:LowProfile","floor":0},{"not_picked":["hermit:Misfire+1","hermit:OverwhelmingPower","hermit:Coalescence+1","hermit:LoneWolf"],"picked":"hermit:WideOpen+1","floor":12},{"not_picked":["hermit:BodyArmor+1","hermit:Vantage+1","hermit:WideOpen+1","hermit:ItchyTrigger+1"],"picked":"hermit:TrackingShot+1","floor":13},{"not_picked":["hermit:Feint+1","hermit:LowProfile+1","hermit:Virtue","hermit:Enervate"],"picked":"hermit:Desperado+1","floor":15},{"not_picked":["hermit:Adapt","hermit:FatalDesire","hermit:FromBeyond","hermit:HeroicBravado"],"picked":"hermit:DeadOrAlive","floor":16},{"not_picked":["Master of Strategy","Chrysalis","Deep Breath","conspire:Banana"],"picked":"Apotheosis","floor":22},{"not_picked":["PanicButton","Trip","Mayhem","StSpp:Unbreakable"],"picked":"Panacea","floor":22},{"not_picked":["hermit:Vantage+1","hermit:Dive+1","hermit:DeadMansHand","hermit:Desperado+1"],"picked":"hermit:Misfire+1","floor":23},{"not_picked":["hermit:Vantage+1","hermit:SprayPray+1","hermit:Coalescence+1","hermit:Misfire+1"],"picked":"hermit:Horror+1","floor":27},{"not_picked":["hermit:Gestalt+1","hermit:TakeAim+1","hermit:BigShot","hermit:WideOpen+1"],"picked":"hermit:Ricochet+1","floor":29},{"not_picked":["hermit:Desperado+1","hermit:BigShot","hermit:Combo","hermit:Feint+1"],"picked":"hermit:Ricochet+1","floor":30},{"not_picked":["hermit:OverwhelmingPower","hermit:Misfire+1","hermit:LowProfile+1","hermit:Cheat"],"picked":"hermit:CalledShot+1","floor":32},{"not_picked":["hermit:Roughhouse","hermit:FinalCanter","hermit:FromBeyond","hermit:OverwhelmingPower"],"picked":"hermit:RoundhouseKick","floor":33},{"not_picked":["hermit:Misfire+1","hermit:Coalescence+1","hermit:TrackingShot+1","hermit:Showdown"],"picked":"hermit:WideOpen+1","floor":34},{"not_picked":["hermit:DeadOrAlive+1","hermit:Reprieve+1","hermit:EternalForm+1","hermit:Purgatory+1"],"picked":"hermit:RoundhouseKick+1","floor":37},{"not_picked":["EmptyFist+1","Cold Snap+1","theForsaken:Preservation+1","LockedAnchor+1"],"picked":"Immolate","floor":39},{"not_picked":["StSpp:Sprint+1","Havoc+1","Iron Wave+1","theForsaken:Preservation+1"],"picked":"Finisher+1","floor":40},{"not_picked":["Acrobatics+1","chefmod:DimSum","Dash","MarkedMod:PinPointDefense+1"],"picked":"hermit:Glare+1","floor":47},{"not_picked":["MarkedMod:GentlePulse+1","StSpp:Succumb+1","chefmod:ZaruSoba+1","LockedTornado+1"],"picked":"Thunderclap+1","floor":49}],"player_experience":456999,"relics_obtained":[{"floor":1,"key":"theForsaken:Lifeblossom"},{"floor":2,"key":"Matryoshka"},{"floor":3,"key":"StSpp:PetrifiedCaterpillar"},{"floor":4,"key":"InkBottle"},{"floor":8,"key":"hermit:Horseshoe"},{"floor":9,"key":"conspire:Dentures"},{"floor":9,"key":"Dream Catcher"},{"floor":10,"key":"StSpp:WoodenPendulum"},{"floor":11,"key":"Eternal Feather"},{"floor":12,"key":"Ancient Tea Set"},{"floor":14,"key":"StSpp:TwinEgg"},{"floor":18,"key":"Kunai"},{"floor":19,"key":"TungstenRod"},{"floor":21,"key":"HornCleat"},{"floor":24,"key":"conspire:BottledYoYo"},{"floor":26,"key":"Juzu Bracelet"},{"floor":26,"key":"conspire:DeflatedDodgeball"},{"floor":27,"key":"Whetstone"},{"floor":29,"key":"Sundial"},{"floor":35,"key":"Akabeko"},{"floor":36,"key":"White Beast Statue"},{"floor":39,"key":"Du-Vu Doll"},{"floor":40,"key":"Mummified Hand"},{"floor":42,"key":"conspire:TopHat"},{"floor":43,"key":"Regal Pillow"},{"floor":44,"key":"StSpp:SailorCap"},{"floor":45,"key":"Bag of Preparation"},{"floor":48,"key":"Nunchaku"}],"event_choices":[{"cards_removed":["hermit:CursedWeapon"],"damage_healed":28,"gold_gain":0,"player_choice":"Offered Uncommon","damage_taken":0,"max_hp_gain":0,"max_hp_loss":0,"event_name":"Bonfire Elementals","floor":5,"gold_loss":0},{"damage_healed":0,"gold_gain":2,"player_choice":"1","damage_taken":0,"max_hp_gain":0,"max_hp_loss":0,"event_name":"betterStone:BetterStone","floor":22,"gold_loss":0},{"damage_healed":0,"gold_gain":0,"player_choice":"2","damage_taken":0,"max_hp_gain":0,"max_hp_loss":0,"event_name":"betterMatch:BetterMatch","floor":37,"gold_loss":0,"cards_obtained":["betterMatch:RareCard"]},{"damage_healed":0,"gold_gain":0,"player_choice":"Fight","damage_taken":0,"max_hp_gain":0,"max_hp_loss":0,"event_name":"Mysterious Sphere","floor":39,"gold_loss":0}],"is_beta":false,"boss_relics":[{"not_picked":["Ectoplasm","energizedSpire:EnergizedDie"],"picked":"conspire:SpecialSausage"},{"not_picked":["Empty Cage","Runic Dome"],"picked":"Tiny House"}],"items_purged_floors":[7,20],"is_endless":false,"potions_floor_spawned":[2,3,4,14,16,19,27,29,39,40,42,44,45,48],"ascension_level":0}}