{"host":"Jedit","time":1611875959,"event":{"mods":["BaseMod","Minty Spire (QoL Compilation)","Relic Stats","StSLib"],"gold_per_floor":[117,117,137,18,168,168,93,121,167,194,214,4,4,30,30,107,107,126,126,126,396,3,3,3],"floor_reached":23,"language":"ENG","playtime":977,"items_purged":["Strike_G"],"score":406,"play_id":"b30cfeb7-666b-4884-8390-5f950cecb8be","local_time":"20210128231919","is_ascension_mode":true,"campfire_choices":[{"data":"Well Laid Plans","floor":6,"key":"SMITH"},{"data":"After Image","floor":13,"key":"SMITH"},{"floor":15,"key":"REST"}],"circlet_count":0,"master_deck":["AscendersBane","Strike_G","Defend_G","Defend_G","Defend_G","Defend_G","Survivor","Neutralize+1","Slice+1","Choke+1","Escape Plan+1","Predator+1","Backflip","Well Laid Plans+1","After Image+1","Dodge and Roll","Blur","Masterful Stab","Bullet Time","Blade Dance","Caltrops","Cloak And Dagger"],"relics":["Astrolabe","Bottled Flame","Juzu Bracelet","Blood Vial","Membership Card","Ninja Scroll","Coffee Dripper","Potion Belt","OrangePellets","Whetstone","FossilizedHelix"],"acts_visited":["Exordium","TheCity"],"potions_floor_usage":[8,8,14,22],"damage_taken":[{"damage":0,"enemies":"Jaw Worm","floor":1,"turns":4},{"damage":0,"enemies":"Cultist","floor":3,"turns":3},{"damage":20,"enemies":"Gremlin Nob","floor":8,"turns":4},{"damage":15,"enemies":"3 Sentries","floor":10,"turns":9},{"damage":1,"enemies":"2 Louse","floor":11,"turns":2},{"damage":14,"enemies":"Lagavulin","floor":14,"turns":7},{"damage":21,"enemies":"The Guardian","floor":16,"turns":20},{"damage":0,"enemies":"Chosen","floor":18,"turns":4},{"damage":8,"enemies":"Gremlin Leader","floor":23,"turns":4}],"seed_played":"-3909935427396476640","potions_obtained":[{"floor":1,"key":"Block Potion"},{"floor":2,"key":"Weak Potion"},{"floor":11,"key":"DistilledChaos"},{"floor":16,"key":"Fruit Juice"}],"is_trial":false,"path_per_floor":["M","?","M","$","?","R","?","E","T","E","M","$","R","E","R","B",null,"M","?","?","?","$","E"],"character_chosen":"THE_SILENT","items_purchased":["Well Laid Plans","Membership Card","Blur","OrangePellets","Caltrops","Whetstone","FossilizedHelix","Cloak And Dagger"],"campfire_rested":1,"item_purchase_floors":[4,12,12,22,22,22,22,22],"current_hp_per_floor":[59,59,59,59,59,59,59,39,39,24,25,25,25,13,32,13,53,55,55,55,28,33,27,27],"gold":3,"neow_bonus":"BOSS_RELIC","is_daily":false,"chose_seed":false,"campfire_upgraded":2,"win_rate":0.0,"timestamp":1611875959,"path_taken":["M","?","?","$","?","R","?","E","T","E","M","$","R","E","R","BOSS","M","?","?","?","$","E"],"items_purchased_type":["Card","Relic","Card","Relic","Card","Relic","Relic","Card"],"build_version":"2020-12-18","purchased_purges":1,"victory":false,"max_hp_per_floor":[66,66,66,66,66,66,66,66,66,66,66,66,66,66,66,66,66,66,66,66,66,71,71,71],"relic_stats":{"Blood Vial":10,"OrangePellets":[1],"counters":[9,57],"Astrolabe":["Slice","Choke","Escape Plan"],"Juzu Bracelet":1,"Whetstone":["Neutralize","Predator"],"obtain_stats":[{"Blood Vial":10,"Potion Belt":19,"OrangePellets":22,"Bottled Flame":8,"Ninja Scroll":14,"Astrolabe":0,"Juzu Bracelet":9,"Coffee Dripper":17,"Membership Card":12,"Whetstone":22,"FossilizedHelix":22,"Ring of the Snake":0},{"Blood Vial":4,"Potion Belt":8,"OrangePellets":8,"Bottled Flame":3,"Ninja Scroll":6,"Astrolabe":0,"Juzu Bracelet":3,"Coffee Dripper":7,"Membership Card":5,"Whetstone":8,"FossilizedHelix":8,"Ring of the Snake":0},{"Blood Vial":20,"Potion Belt":53,"OrangePellets":53,"Bottled Flame":11,"Ninja Scroll":29,"Astrolabe":0,"Juzu Bracelet":11,"Coffee Dripper":49,"Membership Card":22,"Whetstone":53,"FossilizedHelix":53,"Ring of the Snake":0}]},"card_choices":[{"not_picked":["Backflip","Dash"],"picked":"Predator","floor":1},{"not_picked":["Cloak And Dagger","Quick Slash"],"picked":"Backflip","floor":3},{"not_picked":["Blur","Choke"],"picked":"After Image","floor":8},{"not_picked":["Reflex","Poisoned Stab"],"picked":"Dodge and Roll","floor":10},{"not_picked":["Dagger Throw","Catalyst","All Out Attack"],"picked":"SKIP","floor":11},{"not_picked":["All Out Attack","Well Laid Plans"],"picked":"Masterful Stab","floor":14},{"not_picked":["Malaise","Grand Finale"],"picked":"Bullet Time","floor":16},{"not_picked":["Noxious Fumes","Slice"],"picked":"Blade Dance","floor":18}],"player_experience":3459981,"relics_obtained":[{"floor":8,"key":"Bottled Flame"},{"floor":9,"key":"Juzu Bracelet"},{"floor":10,"key":"Blood Vial"},{"floor":14,"key":"Ninja Scroll"},{"floor":19,"key":"Potion Belt"}],"event_choices":[{"damage_healed":0,"gold_gain":0,"player_choice":"Got Potions","damage_taken":0,"max_hp_gain":0,"max_hp_loss":0,"event_name":"Lab","floor":2,"gold_loss":0},{"damage_healed":0,"gold_gain":150,"player_choice":"AGREE","damage_taken":0,"max_hp_gain":0,"max_hp_loss":0,"event_name":"Liars Game","floor":5,"gold_loss":0,"cards_obtained":["Doubt"]},{"cards_removed":["Doubt"],"damage_healed":0,"gold_gain":0,"player_choice":"Card Removal","damage_taken":0,"max_hp_gain":0,"max_hp_loss":0,"event_name":"The Cleric","floor":7,"gold_loss":75},{"damage_healed":0,"gold_gain":0,"player_choice":"Relic","damage_taken":0,"max_hp_gain":0,"max_hp_loss":0,"event_name":"Wheel of Change","floor":19,"gold_loss":0},{"cards_removed":["Strike_G"],"damage_healed":0,"gold_gain":0,"player_choice":"Elegance","damage_taken":0,"max_hp_gain":0,"max_hp_loss":0,"event_name":"Back to Basics","floor":20,"gold_loss":0},{"damage_healed":0,"gold_gain":270,"player_choice":"GOLD GOLD GOLD ","damage_taken":27,"max_hp_gain":0,"max_hp_loss":0,"event_name":"Knowing Skull","floor":21,"potions_obtained":[],"gold_loss":0,"cards_obtained":[]}],"is_beta":true,"boss_relics":[{"not_picked":["Fusion Hammer","Runic Dome"],"picked":"Coffee Dripper"}],"items_purged_floors":[4],"is_endless":false,"potions_floor_spawned":[1,11,16],"killed_by":"Gremlin Leader","ascension_level":20}}