{"host":"bq4pt811tk9yrmjl","time":1611866244,"event":{"mods":["AchievementEnabler","BaseMod","Colored Map","Colored Powertips","Defuse TimeMaze Blight","Hermit","Minty Spire (QoL Compilation)","StSLib","SuperFastMode"],"gold_per_floor":[109,109,109,109,121,155,155,230,230,6,24,24,24],"floor_reached":12,"language":"ENG","playtime":83,"items_purged":[],"score":106,"play_id":"bf9fb6e9-c586-4428-9940-fed884dc5dda","local_time":"20210128183724","is_ascension_mode":true,"campfire_choices":[{"data":"hermit:TakeAim","floor":7,"key":"SMITH"}],"circlet_count":0,"master_deck":["hermit:Strike_Hermit","hermit:Strike_Hermit","hermit:Strike_Hermit","hermit:Strike_Hermit","hermit:Defend_Hermit","hermit:Defend_Hermit","hermit:Defend_Hermit","hermit:Defend_Hermit","hermit:Snapshot","hermit:Covet","hermit:TakeAim+1","hermit:Glare","hermit:GoldenBullet"],"relics":["hermit:Momento","NeowsBlessing","Toy Ornithopter","Blue Candle","Sling"],"acts_visited":["Exordium"],"potions_floor_usage":[],"damage_taken":[{"damage":0,"enemies":"Small Slimes","floor":1,"turns":1},{"damage":0,"enemies":"2 Louse","floor":5,"turns":1},{"damage":0,"enemies":"Gremlin Nob","floor":6,"turns":1},{"damage":7,"enemies":"Jaw Worm","floor":11,"turns":4},{"damage":0,"enemies":"Lagavulin","floor":12,"turns":1}],"seed_played":"5606508307187036084","potions_obtained":[{"floor":6,"key":"AttackPotion"},{"floor":11,"key":"FearPotion"}],"is_trial":false,"path_per_floor":["M","$","?","?","M","E","R","?","T","$","M","E"],"character_chosen":"HERMIT","items_purchased":["Sling","hermit:GoldenBullet"],"campfire_rested":0,"item_purchase_floors":[10,10],"current_hp_per_floor":[75,75,75,72,72,72,72,61,61,61,54,54,54],"gold":24,"neow_bonus":"THREE_ENEMY_KILL","is_daily":false,"chose_seed":false,"campfire_upgraded":1,"win_rate":0.0,"timestamp":1611866244,"path_taken":["M","$","?","?","M","E","R","?","T","$","M","E"],"items_purchased_type":["Relic","Card"],"build_version":"2020-12-22","purchased_purges":0,"victory":false,"max_hp_per_floor":[75,75,75,75,75,75,75,75,75,75,75,75,75],"card_choices":[{"not_picked":["hermit:Vantage","hermit:SprayPray"],"picked":"hermit:TakeAim","floor":1},{"not_picked":["hermit:LoneWolf","hermit:Feint"],"picked":"hermit:Glare","floor":5},{"not_picked":["hermit:Desperado","hermit:Cheat","hermit:Virtue"],"picked":"SKIP","floor":6},{"not_picked":["hermit:Coalescence","hermit:Enervate","hermit:Roughhouse"],"picked":"SKIP","floor":11}],"player_experience":280701,"relics_obtained":[{"floor":6,"key":"Blue Candle"}],"event_choices":[{"damage_healed":0,"gold_gain":0,"player_choice":"Leave","damage_taken":0,"max_hp_gain":0,"max_hp_loss":0,"event_name":"The Cleric","floor":3,"gold_loss":0},{"damage_healed":0,"gold_gain":0,"player_choice":"Success","damage_taken":3,"relics_obtained":["Toy Ornithopter"],"max_hp_gain":0,"max_hp_loss":0,"event_name":"Scrap Ooze","floor":4,"gold_loss":0},{"damage_healed":0,"gold_gain":75,"player_choice":"Gather Gold","damage_taken":11,"max_hp_gain":0,"max_hp_loss":0,"event_name":"World of Goop","floor":8,"gold_loss":0}],"is_beta":false,"boss_relics":[],"items_purged_floors":[],"is_endless":false,"potions_floor_spawned":[6,11],"killed_by":"Lagavulin","ascension_level":1}}