{"host":"hcg2wesxzfo46upw","time":1611862279,"event":{"mods":["2.2 Compatiblity","AchievementEnabler","Act Like it!","Aspiration","BaseMod","Beaked The Cultist","Clockwork Mod","Conspire","Downfall","Duelist Mod","Elementarium","Gensokyo","GifTheSpireLib","Glutton Mod","Hubris","Infinite Spire","Jedi Mod","Mad Scientist","Minty Spire (QoL Compilation)","Pale of the Ancients","Prisma Mod","Replay The Spire","Spikes Relics","StSLib","Stuff the Spire","The Blackbeard","The Bug Knight","The Construct","The Cursed","The Death Knight","The Disciple","The Jungle","The Necromancer","The Runesmith","Wandering Minibosses"],"gold_per_floor":[115,115,134,25,25,57,57,110,110,139,158,192,192,206,206,311,311,236,236,5,5,25,25,38,38,38,48,63,63,92,92,92,187,187,203,213,213,213],"floor_reached":37,"language":"ENG","playtime":5470,"items_purged":["Runesmith:Defend_RS"],"score":480,"play_id":"fc32baf2-62d2-4a1c-ab12-fe52995a2b98","local_time":"20210128203119","is_ascension_mode":false,"campfire_choices":[{"data":"Runesmith:RunicBlueprint","floor":7,"key":"SMITH"},{"data":"Runesmith:FieryHammer","floor":13,"key":"SMITH"},{"floor":15,"key":"REST"},{"floor":23,"key":"REST"},{"floor":25,"key":"REST"},{"data":"Runesmith:Refine","floor":29,"key":"SMITH"},{"floor":32,"key":"REST"}],"circlet_count":0,"master_deck":["Runesmith:Strike_RS","Runesmith:Strike_RS+1","Runesmith:Strike_RS","Runesmith:Strike_RS","Runesmith:Defend_RS","Runesmith:Defend_RS","Runesmith:Defend_RS","Runesmith:CraftFirestone+1","Runesmith:Fortify+1","Runesmith:HammerThrow","Runesmith:MakeshiftArmor","Runesmith:PoweredAnvil+1","Runesmith:CraftMagma","Runesmith:RunicBlueprint+1","Runesmith:CraftSpiculum","Runesmith:EarthShield","Runesmith:ElementalConversion","Runesmith:FieryHammer+1","Runesmith:Terraform","Runesmith:GrandSlam","Runesmith:RuneHurl","Runesmith:ChiselStab","Runesmith:EarthShield","StuffTheSpire:BrainWave","Runesmith:HeatExchange","Runesmith:Grindstone+1","Runesmith:Superposition","Runesmith:Refine+1","aspiration:UnbridledHammer+1","Runesmith:ReplicatingBarrier","Runesmith:OneForEveryone+1"],"relics":["Runesmith:BrokenRuby","NeowsBlessing","Gambling Chip","Darkstone Periapt","hubris:TenFootPole","jedi:arcanewood","hubris:VirtuousBlindfold","hubris:Towel","jedi:heavyjacket","Onion Ring","conspire:RunicOctahedron","SuspiciousGoo","aspiration:PoetsPen","wanderingMiniBosses:CarrionFlame"],"acts_visited":["Exordium","TheCity","TheBeyond"],"potions_floor_usage":[10,16,27,30,30],"damage_taken":[{"damage":0,"enemies":"2 Louse","floor":1,"turns":1},{"damage":0,"enemies":"Jaw Worm","floor":3,"turns":1},{"damage":0,"enemies":"Lagavulin","floor":6,"turns":1},{"damage":4,"enemies":"HollowMod:MossKnight","floor":10,"turns":5},{"damage":0,"enemies":"conspire:RoseBush","floor":11,"turns":3},{"damage":15,"enemies":"Replay:BlueRogue","floor":12,"turns":5},{"damage":0,"enemies":"2 Fungi Beasts","floor":14,"turns":4},{"damage":10,"enemies":"Slime Boss","floor":16,"turns":9},{"damage":13,"enemies":"2 Thieves","floor":18,"turns":5},{"damage":28,"enemies":"conspire:FuzzyDice","floor":22,"turns":7},{"damage":18,"enemies":"Snake Plant","floor":24,"turns":4},{"damage":6,"enemies":"Shelled Parasite and Fungi","floor":27,"turns":6},{"damage":10,"enemies":"Sentry and Sphere","floor":28,"turns":5},{"damage":33,"enemies":"Slavers","floor":30,"turns":7},{"damage":0,"enemies":"Champ","floor":33,"turns":10},{"damage":60,"enemies":"3 Darklings","floor":35,"turns":5},{"damage":6,"enemies":"3 Shapes","floor":36,"turns":1},{"damage":15,"enemies":"Maw","floor":37,"turns":2}],"seed_played":"-8800197472670790626","potions_obtained":[{"floor":6,"key":"Fire Potion"},{"floor":8,"key":"construct:ShiftPotion"},{"floor":11,"key":"Strength Potion"},{"floor":14,"key":"EssenceOfSteel"},{"floor":22,"key":"BlessingOfTheForge"},{"floor":33,"key":"Dexterity Potion"}],"is_trial":false,"path_per_floor":["M","?","M","$","?","E","R","?","T","E","M","E","R","M","R","B",null,"M","?","$","?","M","R","M","R","T","M","M","R","E","AVR","R","B",null,"M","M","M"],"character_chosen":"RUNESMITH_CLASS","items_purchased":["Runesmith:PoweredAnvil+1","Runesmith:CraftMagma","Runesmith:ChiselStab","Runesmith:EarthShield","champ:CounterPotion"],"campfire_rested":4,"item_purchase_floors":[4,4,20,20,20],"current_hp_per_floor":[70,70,70,70,56,56,56,56,56,52,52,37,37,37,58,48,70,57,57,57,57,29,50,32,53,53,47,37,37,4,4,25,25,70,10,7,0,0],"gold":213,"neow_bonus":"THREE_ENEMY_KILL","is_daily":false,"chose_seed":false,"campfire_upgraded":3,"win_rate":0.0,"timestamp":1611862279,"path_taken":["M","?","M","$","?","E","R","?","T","E","?","E","R","M","R","BOSS","M","?","?","?","?","R","M","R","T","M","M","?","E","AVR","R","BOSS","M","M","M"],"items_purchased_type":["Card","Card","Card","Card","Potion"],"build_version":"2020-12-22","purchased_purges":1,"victory":false,"max_hp_per_floor":[70,70,70,70,70,70,70,70,70,70,70,70,70,70,70,70,70,70,70,70,70,70,70,70,70,70,70,70,70,70,70,70,70,70,70,73,73,73],"card_choices":[{"not_picked":["Runesmith:MakeshiftArmor","Runesmith:CraftObretio"],"picked":"Runesmith:HammerThrow","floor":1},{"not_picked":["Runesmith:Augment","Runesmith:ChiselStab"],"picked":"Runesmith:MakeshiftArmor","floor":3},{"not_picked":["Runesmith:Repurpose","Runesmith:CraftMagma"],"picked":"Runesmith:RunicBlueprint","floor":6},{"not_picked":["Runesmith:Overpower","Runesmith:EnergizedChisel"],"picked":"Runesmith:CraftSpiculum","floor":8},{"not_picked":["Runesmith:Discharge","Runesmith:RuneHurl"],"picked":"Runesmith:EarthShield","floor":10},{"not_picked":["Runesmith:ShiftingStrike","Runesmith:RuneHurl"],"picked":"Runesmith:ElementalConversion","floor":11},{"not_picked":["Runesmith:Discharge","Runesmith:DuctTape"],"picked":"Runesmith:FieryHammer","floor":12},{"not_picked":["Runesmith:LithiumIon","Runesmith:Overpower"],"picked":"Runesmith:Terraform","floor":14},{"not_picked":["Runesmith:GenerateForcefield","Runesmith:ArcReactor"],"picked":"Runesmith:GrandSlam","floor":16},{"not_picked":["Runesmith:ShiftingStrike","Runesmith:MakeshiftArmor"],"picked":"Runesmith:RuneHurl","floor":18},{"not_picked":["StuffTheSpire:CelestialWarden","StuffTheSpire:Perfection"],"picked":"StuffTheSpire:BrainWave","floor":21},{"not_picked":["Runesmith:Firestorm","Runesmith:EnergizedChisel"],"picked":"Runesmith:HeatExchange","floor":22},{"not_picked":["Runesmith:HammerThrow","Runesmith:Electrocute"],"picked":"Runesmith:Grindstone+1","floor":24},{"not_picked":["Runesmith:Grindstone","Runesmith:Electrocute"],"picked":"Runesmith:Superposition","floor":27},{"not_picked":["Runesmith:CraftProtectio","Runesmith:ChargedHammer"],"picked":"Runesmith:Refine","floor":28},{"not_picked":["Runesmith:MakeshiftArmor+1","Runesmith:Retool+1"],"picked":"aspiration:UnbridledHammer+1","floor":30},{"not_picked":["Runesmith:ArcReactor","Runesmith:DuctTape"],"picked":"Runesmith:ReplicatingBarrier","floor":33},{"not_picked":["Runesmith:UnstableHammer","Runesmith:GenerateForcefield"],"picked":"Runesmith:OneForEveryone+1","floor":35},{"not_picked":["Runesmith:Overpower","Runesmith:ShiftingStrike+1","Runesmith:StaticCage+1"],"picked":"SKIP","floor":36}],"player_experience":212161,"relics_obtained":[{"floor":6,"key":"Gambling Chip"},{"floor":8,"key":"Darkstone Periapt"},{"floor":9,"key":"hubris:TenFootPole"},{"floor":10,"key":"StuffTheSpire:Barrel"},{"floor":12,"key":"jedi:arcanewood"},{"floor":26,"key":"jedi:heavyjacket"},{"floor":30,"key":"Onion Ring"},{"floor":35,"key":"wanderingMiniBosses:CarrionFlame"}],"event_choices":[{"damage_healed":0,"gold_gain":0,"player_choice":"Entered Light","damage_taken":14,"max_hp_gain":0,"max_hp_loss":0,"event_name":"Shining Light","floor":5,"gold_loss":0,"cards_upgraded":["Runesmith:Strike_RS","Runesmith:Fortify"]}],"is_beta":false,"boss_relics":[{"not_picked":["aspiration:DefectSkillbook","beaked:MawFillet"],"picked":"hubris:VirtuousBlindfold"},{"not_picked":["Astrolabe","Runesmith:PocketReactor"],"picked":"aspiration:PoetsPen"}],"items_purged_floors":[20],"is_endless":false,"potions_floor_spawned":[6,11,14,22,24,33],"killed_by":"Maw","ascension_level":0}}