{"host":"farxtl2u8hmkbdo2","time":1611834062,"event":{"mods":["A Magickal Journey","BaseMod","Better Altar","Better Note","Better Sensory Stone","Better Skull","Better Third Choice","Challenge The Spire","Colored Map","Colored Powertips","Current Relic Mod","Energized Spire","Fox Events","Gremlin Mod","Hermit","Hubris","Mimic Mod","Minty Spire (QoL Compilation)","Quick Restart","READ ME - Guardian Mod","READ ME - Snecko Mod","Rare Cards Sparkle","StSLib","The Bladedancer","The Bug Knight","The Cursed","The Disciple","The Hierophant","The Marked","The Necromancer","The Runesmith","Transform Curses"],"gold_per_floor":[100,170,182,182,204,202,202,235,258,244,244,273,273,301,301,268,268,316,331,415,485,530,462,462,515,591,261,380,486,601,593,593],"floor_reached":31,"language":"SPA","playtime":2057,"items_purged":["hierophant:Strike_Hierophant"],"score":410,"play_id":"922bae17-3d22-4fcf-8239-5aa8d317d69c","local_time":"20210128084102","is_ascension_mode":true,"campfire_choices":[{"data":"hierophant:ChurchCoffers","floor":11,"key":"SMITH"},{"data":"hierophant:PristineSoul","floor":13,"key":"SMITH"},{"data":"hierophant:OrnateJavelin","floor":15,"key":"SMITH"},{"floor":24,"key":"REST"}],"circlet_count":0,"master_deck":["hierophant:Strike_Hierophant","hierophant:Strike_Hierophant","hierophant:Punish","hierophant:Defend_Hierophant","hierophant:Defend_Hierophant","hierophant:Defend_Hierophant","hierophant:ChurchCoffers+1","hierophant:PassingBell","hierophant:Doubloon","hierophant:CoinFling","hierophant:FieryStrike","hierophant:Doubloon","hierophant:Charity","hierophant:PristineSoul+1","hierophant:OrnateJavelin+1","hierophant:Doubloon","hierophant:Remorse","hierophant:Smite","hierophant:SolarFlare","hierophant:BulkyChest","hierophant:PassingBell+1","hierophant:HammerAndAnvil+1","hierophant:Flagellation+1","hierophant:Blessing+1","hierophant:Doubloon","hierophant:Refuge+1","hierophant:MorningPrayer+1","hierophant:AuricForm","hierophant:Doomsaying","hierophant:Embezzle","hierophant:Glossolalia","hierophant:RustyCrate+1","hierophant:Doubloon","hierophant:Doubloon","hierophant:TollTheBells+1","hierophant:Exaltation"],"relics":["hierophant:PropheticMaskRelic","PreservedInsect","hubris:BottledRain","Oddly Smooth Stone","Blood Vial","HollowMod:LifeEnderRelic","Ornamental Fan","hubris:ScarierMask","hubris:Reverence","Singing Bowl","Letter Opener","Ancient Tea Set","Art of War"],"acts_visited":["Exordium","TheCity"],"potions_floor_usage":[16,16,18,23,30,31,31],"damage_taken":[{"damage":1,"enemies":"Cultist","floor":1,"turns":3},{"damage":0,"enemies":"Small Slimes","floor":3,"turns":2},{"damage":0,"enemies":"2 Louse","floor":5,"turns":1},{"damage":4,"enemies":"3 Sentries","floor":6,"turns":3},{"damage":0,"enemies":"3 Louse","floor":8,"turns":1},{"damage":10,"enemies":"Large Slime","floor":10,"turns":3},{"damage":14,"enemies":"HollowMod:MossKnight","floor":12,"turns":3},{"damage":9,"enemies":"3 Sentries","floor":14,"turns":4},{"damage":8,"enemies":"Hexaghost","floor":16,"turns":6},{"damage":0,"enemies":"Shell Parasite","floor":18,"turns":2},{"damage":0,"enemies":"Spheric Guardian","floor":19,"turns":3},{"damage":38,"enemies":"Centurion and Healer","floor":20,"turns":4},{"damage":12,"enemies":"Shelled Parasite and Fungi","floor":21,"turns":2},{"damage":16,"enemies":"Snake Plant","floor":22,"turns":4},{"damage":23,"enemies":"HollowMod:Nosk","floor":23,"turns":8},{"damage":10,"enemies":"Book of Stabbing","floor":25,"turns":4},{"damage":0,"enemies":"Centurion and Healer","floor":26,"turns":4},{"damage":19,"enemies":"Slavers","floor":28,"turns":2},{"damage":0,"enemies":"Centurion and Healer","floor":29,"turns":1},{"damage":6,"enemies":"Shelled Parasite and Fungi","floor":30,"turns":3},{"damage":24,"enemies":"Snecko","floor":31,"turns":3}],"seed_played":"-7156305359602095380","potions_obtained":[{"floor":5,"key":"SpeedPotion"},{"floor":8,"key":"FearPotion"},{"floor":10,"key":"GamblersBrew"},{"floor":14,"key":"AttackPotion"},{"floor":20,"key":"Strength Potion"},{"floor":21,"key":"Explosive Potion"},{"floor":25,"key":"FearPotion"},{"floor":29,"key":"Energy Potion"}],"is_trial":false,"path_per_floor":["M","T","M","?","M","E","?","M","T","M","R","E","R","E","R","B",null,"M","M","M","M","M","E","R","E","MIM","$","E","M","M","M"],"character_chosen":"HIEROPHANT","items_purchased":["Ancient Tea Set","hierophant:Embezzle","hierophant:Glossolalia"],"campfire_rested":1,"item_purchase_floors":[27,27,27],"current_hp_per_floor":[74,74,74,74,74,70,70,70,70,62,62,50,50,43,43,37,75,75,75,37,27,23,12,34,26,28,28,11,13,9,0,0],"gold":593,"neow_bonus":"RANDOM_COMMON_RELIC","is_daily":false,"chose_seed":false,"campfire_upgraded":3,"win_rate":0.0,"timestamp":1611834062,"path_taken":["M","?","?","?","?","E","?","M","T","M","R","E","R","E","R","BOSS","M","?","M","M","M","E","R","E","MIM","$","E","M","M","M"],"items_purchased_type":["Relic","Card","Card"],"build_version":"2020-12-22","purchased_purges":1,"victory":false,"max_hp_per_floor":[75,75,75,75,75,75,75,75,75,75,75,75,75,75,75,75,75,75,75,75,75,75,75,75,75,75,75,75,75,75,75,75],"card_choices":[{"not_picked":["hierophant:Zeal","hierophant:Upheaval"],"picked":"hierophant:PassingBell","floor":1},{"not_picked":["hierophant:Mercenaries","hierophant:HammerAndAnvil"],"picked":"hierophant:CoinFling","floor":3},{"not_picked":["hierophant:Purify","hierophant:Alms"],"picked":"hierophant:Charity","floor":5},{"not_picked":["hierophant:Glossolalia","hierophant:TollTheBells"],"picked":"hierophant:PristineSoul","floor":6},{"not_picked":["hierophant:Community","hierophant:Purify"],"picked":"hierophant:OrnateJavelin","floor":8},{"not_picked":["hierophant:Doubloon","hierophant:AuricBeam"],"picked":"hierophant:Remorse","floor":10},{"not_picked":["hierophant:HammerAndAnvil","hierophant:Refuge"],"picked":"hierophant:Smite","floor":12},{"not_picked":["hierophant:OrnateBuckler","hierophant:TollTheBells"],"picked":"hierophant:SolarFlare","floor":14},{"not_picked":["hierophant:Levitation","hierophant:AuricForm"],"picked":"hierophant:BulkyChest","floor":16},{"not_picked":["hierophant:Sermon","hierophant:OrnateBuckler+1"],"picked":"hierophant:PassingBell+1","floor":18},{"not_picked":["hierophant:Remorse","hierophant:MirrorShield"],"picked":"hierophant:HammerAndAnvil+1","floor":19},{"not_picked":["hierophant:AuricBeam+1","hierophant:Kindle"],"picked":"hierophant:Flagellation+1","floor":20},{"not_picked":["hierophant:SecretStash","hierophant:Martyrdom+1"],"picked":"hierophant:Blessing+1","floor":21},{"not_picked":["hierophant:CursedGold","hierophant:FlamingChariot"],"picked":"hierophant:Refuge+1","floor":22},{"not_picked":["hierophant:Endure","hierophant:Community"],"picked":"hierophant:MorningPrayer+1","floor":23},{"not_picked":["hierophant:PassingBell","hierophant:MorningPrayer"],"picked":"hierophant:AuricForm","floor":25},{"not_picked":["hierophant:Charity","hierophant:PassingBell"],"picked":"hierophant:Doomsaying","floor":26},{"not_picked":["hierophant:Chorus","hierophant:Kindle"],"picked":"hierophant:RustyCrate+1","floor":28},{"not_picked":["hierophant:Prophecy+1","hierophant:SealAway"],"picked":"hierophant:TollTheBells+1","floor":29},{"not_picked":["hierophant:Smite","hierophant:SealAway"],"picked":"hierophant:Exaltation","floor":30}],"player_experience":1914660,"relics_obtained":[{"floor":2,"key":"hubris:BottledRain"},{"floor":6,"key":"Oddly Smooth Stone"},{"floor":9,"key":"Blood Vial"},{"floor":12,"key":"HollowMod:LifeEnderRelic"},{"floor":14,"key":"Ornamental Fan"},{"floor":23,"key":"hubris:Reverence"},{"floor":25,"key":"Singing Bowl"},{"floor":26,"key":"Letter Opener"},{"floor":28,"key":"Art of War"}],"event_choices":[{"damage_healed":0,"gold_gain":0,"cards_transformed":["hierophant:Defend_Hierophant"],"player_choice":"Transformed","damage_taken":0,"max_hp_gain":0,"max_hp_loss":0,"event_name":"Transmorgrifier","floor":4,"gold_loss":0,"cards_obtained":["hierophant:FieryStrike"]},{"cards_removed":["hierophant:Strike_Hierophant"],"damage_healed":0,"gold_gain":0,"player_choice":"Offered Basic","damage_taken":0,"max_hp_gain":0,"max_hp_loss":0,"event_name":"Bonfire Elementals","floor":7,"gold_loss":0}],"is_beta":false,"boss_relics":[{"not_picked":["energizedSpire:MagnifyingGlass","hubris:HollowSoul"],"picked":"hubris:ScarierMask"}],"items_purged_floors":[27],"is_endless":false,"potions_floor_spawned":[5,8,10,14,20,21,25,29],"killed_by":"Snecko","ascension_level":1}}