{"host":"hrvs05np4ys7itky","time":1611803316,"event":{"mods":["BaseMod","Colored Map","Colored Powertips","Downfall","Emptier Cage","Hermit","Highlight Path","Minty Spire (QoL Compilation)","Permanent Neow","Rare Cards Sparkle","Relic Stats","Replay The Spire","StSLib","everything is the same but u backflip on backflip"],"gold_per_floor":[116,131,131,146,25,25,40,75,124,124,124,124,124,140,174,188,188,267,267,278,97,115,125,142,142,161,161,215,241,28,28,28],"floor_reached":31,"language":"ENG","playtime":1853,"items_purged":["Strike_G","Pain"],"score":555,"play_id":"db5fc6bc-132b-4672-9849-902654b1b53b","local_time":"20210127220836","is_ascension_mode":true,"campfire_choices":[{"data":"Dagger Spray","floor":6,"key":"SMITH"},{"data":"Cloak And Dagger","floor":12,"key":"SMITH"},{"floor":17,"key":"REST"},{"floor":25,"key":"REST"}],"circlet_count":0,"master_deck":["AscendersBane","Strike_G","Strike_G","Strike_G","Strike_G","Defend_G","Defend_G","Defend_G","Defend_G","Survivor","Neutralize","Infinite Blades","Escape Plan","Dash","Footwork","Dagger Spray+1","Hidden Blade","Cloak And Dagger+1","Acrobatics","Accuracy","Backflip","After Image","Dodge and Roll+1","Accuracy","ReplayTheSpireMod:Speed Training","Blade Dance+1","PiercingWail","Blade Dance","Hidden Blade","Writhe","Leg Sweep","Replay:BasicMightCard","Replay:BasicMightCard","Malaise"],"relics":["Ring of the Snake","NeowsBlessing","Gremlin Horn","ReplayTheSpireMod:Lightbulb","WarpedTongs","ReplayTheSpireMod:TigerMarble","Honey Jar","Blue Doll","Blood Vial","Replay:Bottled Snecko"],"acts_visited":["Exordium","TheCity"],"potions_floor_usage":[8,15,26,29,31],"damage_taken":[{"damage":0,"enemies":"Cultist","floor":1,"turns":1},{"damage":0,"enemies":"Jaw Worm","floor":2,"turns":1},{"damage":0,"enemies":"2 Louse","floor":4,"turns":1},{"damage":1,"enemies":"Blue Slaver","floor":7,"turns":5},{"damage":11,"enemies":"3 Sentries","floor":8,"turns":6},{"damage":5,"enemies":"3 Louse","floor":14,"turns":2},{"damage":30,"enemies":"Gremlin Nob","floor":15,"turns":4},{"damage":6,"enemies":"2 Fungi Beasts","floor":16,"turns":5},{"damage":2,"enemies":"Hexaghost","floor":18,"turns":10},{"damage":7,"enemies":"Chosen","floor":20,"turns":5},{"damage":4,"enemies":"3 Byrds","floor":22,"turns":3},{"damage":18,"enemies":"Cultist and Chosen","floor":23,"turns":5},{"damage":3,"enemies":"Snecko","floor":24,"turns":4},{"damage":17,"enemies":"3 Cultists","floor":26,"turns":4},{"damage":15,"enemies":"Gremlin Leader","floor":29,"turns":5},{"damage":13,"enemies":"Colosseum Slavers","floor":31,"turns":4}],"seed_played":"-3333934666273412533","potions_obtained":[{"floor":1,"key":"bronze:BurnAndBuffPotion"},{"floor":2,"key":"DistilledChaos"},{"floor":18,"key":"champ:CounterPotion"},{"floor":20,"key":"DuplicationPotion"},{"floor":23,"key":"Swift Potion"},{"floor":29,"key":"Strength Potion"}],"is_trial":false,"path_per_floor":["M","M","?","M","$","R","M","E","T","PTL","PTL","R","?","M","E","M","R","B",null,"M","$","M","M","M","R","M","?","T","E","$","?"],"character_chosen":"THE_SILENT","items_purchased":["Footwork","Dagger Spray","Accuracy","ReplayTheSpireMod:Speed Training","Replay:BasicMightCard","Malaise"],"campfire_rested":2,"item_purchase_floors":[5,5,21,21,30,30],"current_hp_per_floor":[59,59,59,59,59,59,58,47,47,47,47,47,47,42,12,6,25,23,55,48,48,44,26,23,42,25,25,25,12,12,1,1],"gold":28,"neow_bonus":"THREE_ENEMY_KILL","is_daily":false,"chose_seed":false,"campfire_upgraded":2,"win_rate":0.0,"timestamp":1611803316,"path_taken":["M","?","?","M","$","R","M","E","T","PTL","PTL","R","?","M","E","M","R","BOSS","M","$","M","M","M","R","M","?","T","E","$","?"],"items_purchased_type":["Card","Card","Card","Card","Card","Card"],"build_version":"2020-12-22","purchased_purges":2,"victory":false,"max_hp_per_floor":[66,66,66,66,66,66,66,66,66,66,66,66,66,66,66,66,66,66,66,66,66,66,66,66,66,66,66,66,66,66,66,66],"relic_stats":{"Blood Vial":4,"Gremlin Horn":[12,12],"counters":[16,65],"obtain_stats":[{"Blood Vial":28,"NeowsBlessing":0,"Gremlin Horn":8,"Honey Jar":19,"Blue Doll":27,"ReplayTheSpireMod:TigerMarble":15,"Replay:Bottled Snecko":29,"ReplayTheSpireMod:Lightbulb":9,"Ring of the Snake":0,"WarpedTongs":13},{"Blood Vial":14,"NeowsBlessing":0,"Gremlin Horn":5,"Honey Jar":9,"Blue Doll":14,"ReplayTheSpireMod:TigerMarble":7,"Replay:Bottled Snecko":15,"ReplayTheSpireMod:Lightbulb":5,"Ring of the Snake":0,"WarpedTongs":5},{"Blood Vial":56,"NeowsBlessing":0,"Gremlin Horn":14,"Honey Jar":35,"Blue Doll":56,"ReplayTheSpireMod:TigerMarble":20,"Replay:Bottled Snecko":61,"ReplayTheSpireMod:Lightbulb":14,"Ring of the Snake":0,"WarpedTongs":14}],"Ring of the Snake":[32],"WarpedTongs":[51]},"card_choices":[{"not_picked":["Flying Knee","Underhanded Strike"],"picked":"Infinite Blades","floor":1},{"not_picked":["Deadly Poison","Bane"],"picked":"Escape Plan","floor":2},{"not_picked":["Bouncing Flask","Dodge and Roll"],"picked":"Dash","floor":4},{"not_picked":["Sucker Punch","PiercingWail"],"picked":"Hidden Blade","floor":7},{"not_picked":["Burst","Expertise"],"picked":"Cloak And Dagger","floor":8},{"not_picked":["Acrobatics","Poisoned Stab","Bane"],"picked":"SKIP","floor":14},{"not_picked":["Poisoned Stab","Bane"],"picked":"Acrobatics","floor":14},{"not_picked":["ReplayTheSpireMod:From All Sides","Backflip"],"picked":"Accuracy","floor":15},{"not_picked":["Dagger Spray","Calculated Gamble"],"picked":"Backflip","floor":16},{"not_picked":["Grand Finale","Unload"],"picked":"After Image","floor":18},{"not_picked":["Toxin Wave+1","Expertise","Dagger Throw"],"picked":"Dodge and Roll+1","floor":20},{"not_picked":["Poisoned Stab","Fluid Movement","Deflect"],"picked":"Blade Dance+1","floor":22},{"not_picked":["Slice","Sucker Punch","Calculated Gamble"],"picked":"PiercingWail","floor":23},{"not_picked":["PiercingWail","Toxin Wave","Backstab"],"picked":"Blade Dance","floor":24},{"not_picked":["Concentrate","Blade Dance","Dagger Throw"],"picked":"Hidden Blade","floor":26},{"not_picked":["Dodge and Roll","Bane","Noxious Fumes"],"picked":"Leg Sweep","floor":29}],"player_experience":1017745,"relics_obtained":[{"floor":8,"key":"Gremlin Horn"},{"floor":9,"key":"ReplayTheSpireMod:Lightbulb"},{"floor":15,"key":"ReplayTheSpireMod:TigerMarble"},{"floor":28,"key":"Blood Vial"},{"floor":29,"key":"Replay:Bottled Snecko"}],"event_choices":[{"damage_healed":0,"gold_gain":0,"player_choice":"Rummage","damage_taken":0,"relics_obtained":["WarpedTongs"],"max_hp_gain":0,"max_hp_loss":0,"event_name":"Accursed Blacksmith","floor":13,"gold_loss":0,"cards_obtained":["Pain"]},{"damage_healed":0,"gold_gain":0,"player_choice":"Opened","damage_taken":0,"relics_obtained":["Blue Doll"],"max_hp_gain":0,"max_hp_loss":0,"event_name":"The Mausoleum","floor":27,"gold_loss":0,"cards_obtained":["Writhe"]},{"damage_healed":0,"gold_gain":0,"player_choice":"Fight","damage_taken":0,"max_hp_gain":0,"max_hp_loss":0,"event_name":"Colosseum","floor":31,"gold_loss":0}],"is_beta":false,"boss_relics":[{"not_picked":["Busted Crown","Ectoplasm"],"picked":"Honey Jar"}],"items_purged_floors":[21,30],"is_endless":false,"potions_floor_spawned":[1,2,7,18,20,23,29],"killed_by":"Colosseum Slavers","ascension_level":15}}