{"host":"vyjryxuuuxkt43k4","time":1611803901,"event":{"mods":["AchievementEnabler","BaseMod","Colored Map","DeckTracker","Keyboard Shortcuts","Minty Spire (QoL Compilation)","Permanent Neow","Quick Restart","Rare Cards Sparkle","StSLib","SuperFastMode","everything is the same but u backflip on backflip"],"gold_per_floor":[17,32,52,62,137,137,137,166,189,219,237,260,260,272,272,346,346,357,374,386,162,162,162],"floor_reached":22,"language":"KOR","playtime":1513,"items_purged":["Strike_R"],"score":396,"play_id":"735d42b1-27cf-4906-937c-bca1cd7384b7","local_time":"20210128121821","is_ascension_mode":true,"campfire_choices":[{"data":"Pommel Strike","floor":6.0,"key":"SMITH"},{"floor":15.0,"key":"REST"}],"circlet_count":0,"master_deck":["AscendersBane","Defend_R","Defend_R","Defend_R","Defend_R","Bash","Blood for Blood","Feel No Pain","Pommel Strike+1","Battle Trance","Shrug It Off","Rage","Reckless Charge","Dual Wield","Fiend Fire","Sever Soul+1","Wild Strike+1","Bloodletting+1","Wild Strike","Shrug It Off","Offering","PanicButton"],"relics":["Burning Blood","Dead Branch","Smiling Mask","Lantern","Boot","Odd Mushroom","Astrolabe"],"acts_visited":["Exordium","TheCity"],"potions_floor_usage":[22],"damage_taken":[{"damage":6.0,"enemies":"Cultist","floor":1.0,"turns":3.0},{"damage":17.0,"enemies":"Small Slimes","floor":2.0,"turns":4.0},{"damage":7.0,"enemies":"Jaw Worm","floor":3.0,"turns":4.0},{"damage":4.0,"enemies":"2 Fungi Beasts","floor":4.0,"turns":4.0},{"damage":16.0,"enemies":"3 Sentries","floor":8.0,"turns":10.0},{"damage":24.0,"enemies":"Lagavulin","floor":10.0,"turns":6.0},{"damage":7.0,"enemies":"Exordium Wildlife","floor":11.0,"turns":4.0},{"damage":15.0,"enemies":"The Mushroom Lair","floor":12.0,"turns":7.0},{"damage":7.0,"enemies":"Lots of Slimes","floor":14.0,"turns":6.0},{"damage":28.0,"enemies":"Slime Boss","floor":16.0,"turns":6.0},{"damage":46.0,"enemies":"3 Byrds","floor":18.0,"turns":6.0},{"damage":17.0,"enemies":"Shell Parasite","floor":19.0,"turns":4.0},{"damage":6.0,"enemies":"Centurion and Healer","floor":20.0,"turns":8.0},{"damage":17,"enemies":"3 Cultists","floor":22,"turns":3}],"seed_played":"-3281846305292792833","potions_obtained":[{"floor":1.0,"key":"Weak Potion"},{"floor":2.0,"key":"Block Potion"},{"floor":3.0,"key":"SteroidPotion"},{"floor":12.0,"key":"SpeedPotion"},{"floor":16.0,"key":"Block Potion"},{"floor":18.0,"key":"Strength Potion"},{"floor":20.0,"key":"Ancient Potion"}],"is_trial":false,"path_per_floor":["M","M","M","M","?","R","?","E","T","E","M","?","?","M","R","B",null,"M","M","M","$","M"],"character_chosen":"IRONCLAD","items_purchased":["DuplicationPotion","PanicButton"],"campfire_rested":1,"item_purchase_floors":[21,21],"current_hp_per_floor":[68,57,56,58,47,47,47,37,37,19,18,9,9,8,30,8,58,18,7,7,7,0,0],"gold":162,"neow_bonus":"ONE_RARE_RELIC","is_daily":false,"chose_seed":false,"campfire_upgraded":1,"win_rate":0.0,"timestamp":1611803901,"path_taken":["M","M","M","M","?","R","?","E","T","E","?","?","?","?","R","BOSS","M","?","M","$","M"],"items_purchased_type":["Potion","Card"],"build_version":"2020-12-22","purchased_purges":1,"victory":false,"max_hp_per_floor":[75,75,75,75,75,75,75,75,75,75,75,75,75,75,75,75,75,75,75,75,75,75,75],"card_choices":[{"not_picked":["Rupture","Sever Soul"],"picked":"Blood for Blood","floor":1.0},{"not_picked":["Entrench","Headbutt"],"picked":"Feel No Pain","floor":2.0},{"not_picked":["Thunderclap","Spot Weakness"],"picked":"Pommel Strike","floor":3.0},{"not_picked":["Shrug It Off","True Grit"],"picked":"Battle Trance","floor":4.0},{"not_picked":["Heavy Blade","Havoc"],"picked":"Shrug It Off","floor":8.0},{"not_picked":["Twin Strike","Iron Wave"],"picked":"Rage","floor":10.0},{"not_picked":["Iron Wave","Bludgeon"],"picked":"Reckless Charge","floor":11.0},{"not_picked":["Heavy Blade","Sword Boomerang"],"picked":"Dual Wield","floor":14.0},{"not_picked":["Bludgeon","Exhume"],"picked":"Fiend Fire","floor":16.0},{"not_picked":["Clash","Perfected Strike"],"picked":"Wild Strike","floor":18.0},{"not_picked":["Cleave","Clothesline"],"picked":"Shrug It Off","floor":19.0},{"not_picked":["Dark Embrace","Body Slam+1"],"picked":"Offering","floor":20.0}],"player_experience":434792,"relics_obtained":[{"floor":8.0,"key":"Smiling Mask"},{"floor":9.0,"key":"Lantern"},{"floor":10.0,"key":"Boot"},{"floor":12.0,"key":"Odd Mushroom"}],"event_choices":[{"damage_healed":0.0,"max_hp_gain":0.0,"max_hp_loss":0.0,"gold_gain":75.0,"event_name":"World of Goop","player_choice":"Gather Gold","floor":5.0,"gold_loss":0.0,"damage_taken":11.0},{"cards_removed":["Strike_R"],"damage_healed":0.0,"max_hp_gain":0.0,"max_hp_loss":0.0,"gold_gain":0.0,"event_name":"Living Wall","player_choice":"Forget","floor":7.0,"gold_loss":0.0,"damage_taken":0.0},{"damage_healed":0.0,"max_hp_gain":0.0,"max_hp_loss":0.0,"gold_gain":0.0,"event_name":"Mushrooms","player_choice":"Fought Mushrooms","floor":12.0,"gold_loss":0.0,"damage_taken":0.0},{"damage_healed":0.0,"max_hp_gain":0.0,"max_hp_loss":0.0,"gold_gain":0.0,"event_name":"Scrap Ooze","player_choice":"Fled","floor":13.0,"gold_loss":0.0,"damage_taken":0.0}],"is_beta":false,"boss_relics":[{"not_picked":["Busted Crown","Velvet Choker"],"picked":"Astrolabe"}],"items_purged_floors":[21],"is_endless":false,"potions_floor_spawned":[1,2,3,4,12,16,18,20],"killed_by":"3 Cultists","ascension_level":20}}