{"host":"lxihx0b6awoz2w1j","time":1611875185,"event":{"mods":["Act Like it!","BaseMod","Better Third Choice","BetterRewards","CapriCore","Colored Powertips","Conspire","Downfall","Fox Events","Gensokyo","Hermit","Hubris","Infinite Spire","JesterMod","Luminous","Marisa????????","Melee Mod","Minty Spire (QoL Compilation)","Permanent Neow","Prisma Mod","Quick Restart","Relic Stats","Reliquary","Replay The Spire","Shade Mod","Spicy Shops","StSLib","Td1madao Mod","The Alterego","The Blue Laboratory","The Cursed","The Death Knight","The Disciple","The Forsaken","The Gatherer","The Immortal","The Jungle","The Marked","The Runesmith","The Senshi","The Servant 0.9.4","The Spell Scribe","Waifu the Spire"],"gold_per_floor":[119,134,309,323,334,334,367,367,367,397,397,428,456,31,31,128,128,142,160,173,193,193,225,245,245,245,245,262,17,29,29,29,134,134,151,170,220,230,244,278,297,323,347,367,367,381,396,413,413,413],"floor_reached":51,"language":"ENG","playtime":3227,"items_purged":["Doubt"],"score":1080,"play_id":"1357e2a6-141b-4271-8a1b-c9a5b5388bab","local_time":"20210129000625","is_ascension_mode":false,"campfire_choices":[{"data":"ReplaySolidLightProjector","floor":6.0,"key":"SMITH"},{"floor":8.0,"key":"DIG"},{"floor":11.0,"key":"REST"},{"floor":15.0,"key":"DIG"},{"floor":25,"key":"DIG"},{"floor":27,"key":"DIG"},{"floor":32,"key":"DIG"},{"data":"Tempest","floor":45,"key":"SMITH"},{"floor":49,"key":"DIG"}],"circlet_count":0,"master_deck":["Strike_B","Strike_B","Strike_B","Strike_B+1","Defend_B","Defend_B","Defend_B","Defend_B","Zap","Dualcast","Storm+1","ReplaySolidLightProjector+1","Ball Lightning+1","Go for the Eyes+1","Compile Driver","Conserve Battery","Crystallizer","Creative AI","Stack","Electrodynamics","Self Repair","Sweeping Beam","Reboot","BootSequence+1","Steam+1","Ball Lightning","FIFO Queue+1","infinitespire:Collect","Hello World","FTL","conspire:SharedLibrary","Double Energy","Double Energy","Cold Snap","Decay","Thunder Strike","Defragment+1","Ball Lightning+1","BasicCrystalCard+1","Coolheaded","Compile Driver+1","ReplayTheSpireMod:Dual Polarity+1","Tempest+1","Consume","Lockon","Conserve Battery+1"],"relics":["Cracked Core","reliquary:Buckler","FossilizedHelix","Shovel","Singing Bowl","Replay:Kaleidoscope","Pondfish Scales","Ancient Tea Set","Strawberry","hubris:BundleOfHerbs","Oddly Smooth Stone","Painkiller Herb","Lee\u0027s Waffle","Gambling Chip","reliquary:SilkGlove","Replay:Ringing Soul","Carrot","Whetstone","Happy Flower","reliquary:KinkedSpring","hubris:Potato","infinitespire:Satchel","MealTicket","Gremlin Food","Bag of Preparation"],"acts_visited":["Exordium","TheCity","TheBeyond"],"potions_floor_usage":[],"damage_taken":[{"damage":0.0,"enemies":"Small Slimes","floor":1.0,"turns":3.0},{"damage":0.0,"enemies":"Jaw Worm","floor":2.0,"turns":3.0},{"damage":0.0,"enemies":"2 Louse","floor":4.0,"turns":3.0},{"damage":11.0,"enemies":"Lots of Slimes","floor":5.0,"turns":3.0},{"damage":3.0,"enemies":"Lagavulin","floor":7.0,"turns":6.0},{"damage":21.0,"enemies":"Gremlin Nob","floor":10.0,"turns":4.0},{"damage":18.0,"enemies":"conspire:MimicChest","floor":12.0,"turns":6.0},{"damage":11.0,"enemies":"3 Sentries","floor":13.0,"turns":8.0},{"damage":19.0,"enemies":"The Guardian","floor":16.0,"turns":10.0},{"damage":8.0,"enemies":"Shell Parasite","floor":18.0,"turns":6.0},{"damage":0.0,"enemies":"Chosen","floor":19.0,"turns":4.0},{"damage":12,"enemies":"Snake Plant","floor":20,"turns":4},{"damage":0,"enemies":"conspire:HollyBat","floor":21,"turns":9},{"damage":12,"enemies":"Book of Stabbing","floor":23,"turns":6},{"damage":2,"enemies":"Centurion and Healer","floor":24,"turns":6},{"damage":0,"enemies":"Snake Plant","floor":28,"turns":3},{"damage":0,"enemies":"3 Cultists","floor":30,"turns":2},{"damage":19,"enemies":"Pondfish","floor":33,"turns":9},{"damage":0,"enemies":"3 Darklings","floor":35,"turns":3},{"damage":0,"enemies":"Orb Walker","floor":36,"turns":3},{"damage":14,"enemies":"Mind Bloom Boss Battle","floor":37,"turns":5},{"damage":0,"enemies":"Spire Growth","floor":38,"turns":4},{"damage":3,"enemies":"Writhing Mass","floor":39,"turns":6},{"damage":47,"enemies":"Reptomancer","floor":40,"turns":5},{"damage":0,"enemies":"Transient","floor":41,"turns":5},{"damage":0,"enemies":"Giant Head","floor":42,"turns":6},{"damage":8,"enemies":"3 Darklings","floor":44,"turns":4},{"damage":0,"enemies":"Jaw Worm Horde","floor":46,"turns":2},{"damage":0,"enemies":"Spire Growth","floor":47,"turns":3},{"damage":4,"enemies":"Maw","floor":48,"turns":6},{"damage":101,"enemies":"conspire:OrnateMirror","floor":50,"turns":7}],"seed_played":"7751828605195063789","potions_obtained":[{"floor":1.0,"key":"bronze:BurnAndBuffPotion"},{"floor":5.0,"key":"blueLaboratory:TrueEctoplasm"},{"floor":10.0,"key":"Doom Potion"},{"floor":13.0,"key":"Dexterity Potion"},{"floor":18.0,"key":"AttackPotion"},{"floor":33,"key":"DistilledChaos"}],"is_trial":false,"path_per_floor":["M","M","?","M","M","R","E","R","T","E","R","?","E","$","R","B",null,"?","?","?","?","AVR","E","?","T","T","T","?","T","?","?","T","B",null,"?","?","?","?","?","E","?","E","T","?","T","?","?","?","T","B",null],"character_chosen":"DEFECT","items_purchased":["Storm","ReplaySolidLightProjector","reliquary:Buckler","Ball Lightning","hubris:BundleOfHerbs","Self Repair","Sweeping Beam","Whetstone","conspire:SharedLibrary","Double Energy"],"campfire_rested":1,"item_purchase_floors":[0,0,0,0,14,14,14,29,29,29],"current_hp_per_floor":[67,67,67,67,56,56,53,53,53,32,54,36,32,32,32,65,82,81,82,77,82,89,84,89,89,89,89,91,94,97,100,100,91,103,106,109,105,108,107,69,72,82,82,87,87,90,100,106,106,5],"gold":413,"neow_bonus":"","is_daily":false,"chose_seed":false,"campfire_upgraded":2,"win_rate":0.0,"timestamp":1611875185,"path_taken":["M","M","?","M","M","R","E","R","T","E","R","?","E","$","R","BOSS","?","?","?","?","AVR","E","?","T","T","T","?","T","?","?","T","BOSS","?","?","?","?","?","E","?","E","T","?","T","?","?","?","T","BOSS"],"items_purchased_type":["Card","Card","Relic","Card","Relic","Card","Card","Relic","Card","Card"],"build_version":"2020-12-22","purchased_purges":1,"victory":true,"max_hp_per_floor":[75,75,75,75,75,75,75,75,75,75,75,75,82,82,82,82,82,82,82,82,82,89,89,89,89,89,89,91,94,97,100,100,103,103,106,109,112,115,117,119,122,125,125,128,128,131,134,137,137,137],"relic_stats":{"Lee\u0027s Waffle":7,"Shovel":6,"Singing Bowl":6,"Happy Flower":[22],"counters":[54,254],"Gambling Chip":[24],"MealTicket":0,"Bag of Preparation":[2],"Whetstone":["Strike_B","Go for the Eyes"],"obtain_stats":[{"Ice Cream":0,"ReplayFunnel":9,"Regal Pillow":11,"Carrot":27,"reliquary:SilkGlove":25,"Singing Bowl":8,"Painkiller Herb":17,"Bag of Preparation":49,"Whetstone":29,"Replay:Mystery Machine":22,"theForsaken:Gavel":26,"reliquary:QuartzCube":47,"Ancient Tea Set":12,"Replay:Rubber Ducky":0,"Replay:Ringing Soul":26,"Lizard Tail":41,"hubris:Icosahedron":14,"Shovel":7,"Strawberry":13,"Gambling Chip":23,"Prayer Wheel":25,"reliquary:Buckler":0,"MealTicket":42,"Replay:Bottled Eggs":40,"Cracked Core":0,"reliquary:SharkskinSheath":0,"Gremlin Food":43,"Lee\u0027s Waffle":0,"reliquary:LoveEmittingDiode":10,"Happy Flower":32,"Guide Book":10,"Oddly Smooth Stone":15,"Replay:Kaleidoscope":9,"reliquary:KinkedSpring":34,"CaptainsWheel":8,"Pondfish Scales":15,"conspire:GiftBox":24,"reliquary:RedPaperclip":17,"Busted Crown":34,"infinitespire:Satchel":40,"hubris:BundleOfHerbs":14,"Bottled Lightning":23,"conspire:IceCreamScoop":43,"FossilizedHelix":0,"hubris:Potato":37},{"Ice Cream":0,"ReplayFunnel":5,"Regal Pillow":5,"Carrot":38,"reliquary:SilkGlove":38,"Singing Bowl":28,"Painkiller Herb":32,"Bag of Preparation":53,"Whetstone":39,"Replay:Mystery Machine":9,"theForsaken:Gavel":11,"reliquary:QuartzCube":22,"Ancient Tea Set":30,"Replay:Rubber Ducky":0,"Replay:Ringing Soul":38,"Lizard Tail":20,"hubris:Icosahedron":6,"Shovel":28,"Strawberry":31,"Gambling Chip":37,"Prayer Wheel":11,"reliquary:Buckler":23,"MealTicket":49,"Replay:Bottled Eggs":20,"Cracked Core":0,"reliquary:SharkskinSheath":0,"Gremlin Food":49,"Lee\u0027s Waffle":0,"reliquary:LoveEmittingDiode":5,"Happy Flower":40,"Guide Book":5,"Oddly Smooth Stone":31,"Replay:Kaleidoscope":28,"reliquary:KinkedSpring":41,"CaptainsWheel":5,"Pondfish Scales":6,"conspire:GiftBox":10,"reliquary:RedPaperclip":7,"Busted Crown":16,"infinitespire:Satchel":47,"hubris:BundleOfHerbs":31,"Bottled Lightning":10,"conspire:IceCreamScoop":20,"FossilizedHelix":23,"hubris:Potato":44},{"Ice Cream":0,"ReplayFunnel":16,"Regal Pillow":16,"Carrot":181,"reliquary:SilkGlove":181,"Singing Bowl":118,"Painkiller Herb":146,"Bag of Preparation":247,"Whetstone":184,"Replay:Mystery Machine":30,"theForsaken:Gavel":41,"reliquary:QuartzCube":91,"Ancient Tea Set":128,"Replay:Rubber Ducky":0,"Replay:Ringing Soul":181,"Lizard Tail":81,"hubris:Icosahedron":19,"Shovel":118,"Strawberry":136,"Gambling Chip":175,"Prayer Wheel":40,"reliquary:Buckler":100,"MealTicket":232,"Replay:Bottled Eggs":81,"Cracked Core":0,"reliquary:SharkskinSheath":0,"Gremlin Food":232,"Lee\u0027s Waffle":0,"reliquary:LoveEmittingDiode":16,"Happy Flower":186,"Guide Book":16,"Oddly Smooth Stone":136,"Replay:Kaleidoscope":118,"reliquary:KinkedSpring":195,"CaptainsWheel":16,"Pondfish Scales":19,"conspire:GiftBox":37,"reliquary:RedPaperclip":23,"Busted Crown":63,"infinitespire:Satchel":221,"hubris:BundleOfHerbs":136,"Bottled Lightning":37,"conspire:IceCreamScoop":81,"FossilizedHelix":100,"hubris:Potato":206}]},"card_choices":[{"not_picked":["ReplaySort","Barrage"],"picked":"Go for the Eyes","floor":1.0},{"not_picked":["Tempest","Reinforced Body"],"picked":"Compile Driver","floor":2.0},{"not_picked":["ReplaySort","Beam Cell","BasicCrystalCard"],"picked":"SKIP","floor":4.0},{"not_picked":["ReplaySolidLightProjector","Echo Form"],"picked":"Conserve Battery","floor":5.0},{"not_picked":["Doom and Gloom","Streamline"],"picked":"Crystallizer","floor":7.0},{"not_picked":["Redo","hubris:SpecializedCircuitry"],"picked":"Creative AI","floor":10.0},{"not_picked":["Chaos","Hologram"],"picked":"Stack","floor":12.0},{"not_picked":["Go for the Eyes","Force Field"],"picked":"Electrodynamics","floor":13.0},{"not_picked":["Core Surge","ReplayTheSpireMod:Omega Cannon"],"picked":"Reboot","floor":16.0},{"not_picked":["Hologram+1","Sweeping Beam"],"picked":"BootSequence+1","floor":18.0},{"not_picked":["Panic Button","Stack"],"picked":"Steam+1","floor":19.0},{"not_picked":["Darkness","ReplaySolidLightProjector"],"picked":"Ball Lightning","floor":20},{"not_picked":["Coolheaded","Time Bomb"],"picked":"FIFO Queue+1","floor":21},{"not_picked":["Redo","ReplayTheSpireMod:System Scan"],"picked":"Hello World","floor":23},{"not_picked":["Mirror Shield","Ball Lightning+1"],"picked":"FTL","floor":24},{"not_picked":["Sweeping Beam","Gash","Coolheaded"],"picked":"Singing Bowl","floor":28},{"not_picked":["Double Energy","Compile Driver"],"picked":"Cold Snap","floor":30},{"not_picked":["Core Surge","Meteor Strike"],"picked":"Thunder Strike","floor":33},{"not_picked":["ReplayTheSpireMod:GoodbyeWorld","Rebound"],"picked":"Defragment+1","floor":35},{"not_picked":["Reprogram","Cold Snap"],"picked":"Ball Lightning+1","floor":36},{"not_picked":["Beam Cell+1","Rebound"],"picked":"BasicCrystalCard+1","floor":37},{"not_picked":["Beam Cell+1","Melter+1"],"picked":"Coolheaded","floor":38},{"not_picked":["conspire:Rain","ReplayRNGCard","Capacitor"],"picked":"Singing Bowl","floor":39},{"not_picked":["Sunder+1","Coolheaded+1","Capacitor"],"picked":"Singing Bowl","floor":40},{"not_picked":["Hologram","Panic Button"],"picked":"Compile Driver+1","floor":41},{"not_picked":["Leap+1","conspire:SharedLibrary+1"],"picked":"ReplayTheSpireMod:Dual Polarity+1","floor":42},{"not_picked":["Coolheaded","Rebound"],"picked":"Tempest","floor":44},{"not_picked":["Ball Lightning+1","ReplaySort"],"picked":"Consume","floor":46},{"not_picked":["Barrage+1","Panic Button"],"picked":"Lockon","floor":47},{"not_picked":["Turbo+1","Beam Cell+1"],"picked":"Conserve Battery+1","floor":48}],"player_experience":684598,"relics_obtained":[{"floor":7.0,"key":"Shovel"},{"floor":8.0,"key":"Singing Bowl"},{"floor":9.0,"key":"Replay:Kaleidoscope"},{"floor":10.0,"key":"Pondfish Scales"},{"floor":12.0,"key":"Ancient Tea Set"},{"floor":13.0,"key":"Strawberry"},{"floor":15.0,"key":"Oddly Smooth Stone"},{"floor":23,"key":"Gambling Chip"},{"floor":25,"key":"reliquary:SilkGlove"},{"floor":26,"key":"Replay:Ringing Soul"},{"floor":27,"key":"Carrot"},{"floor":32,"key":"Happy Flower"},{"floor":37,"key":"hubris:Potato"},{"floor":40,"key":"infinitespire:Satchel"},{"floor":42,"key":"MealTicket"},{"floor":43,"key":"Gremlin Food"},{"floor":49,"key":"Bag of Preparation"}],"event_choices":[{"damage_healed":0.0,"max_hp_gain":0.0,"max_hp_loss":0.0,"gold_gain":175.0,"event_name":"betterThird:BetterSerpent","player_choice":"AGREE","floor":3.0,"gold_loss":0.0,"damage_taken":134.0},{"damage_healed":0,"gold_gain":0,"player_choice":"Cursed","damage_taken":0,"max_hp_gain":0,"max_hp_loss":0,"event_name":"Wheel of Change","floor":31,"gold_loss":0,"cards_obtained":["Decay"]},{"damage_healed":0,"gold_gain":0,"player_choice":"Fight","damage_taken":0,"max_hp_gain":0,"max_hp_loss":0,"event_name":"MindBloom","floor":37,"gold_loss":0}],"is_beta":false,"boss_relics":[{"not_picked":["Astrolabe","jesterMod:MachoBrace"],"picked":"Painkiller Herb"},{"not_picked":["conspire:RoyalGoblet","Replay:Drink Me"],"picked":"reliquary:KinkedSpring"}],"items_purged_floors":[22],"is_endless":false,"potions_floor_spawned":[1,5,10,13,16,18,24,28,33,35,38,41,46,47,48],"ascension_level":0}}