{"host":"3498uni0c31c9bdm","time":1611823880,"event":{"mods":["BaseMod","Better Third Choice","Minty Spire (QoL Compilation)","Replay The Spire","StSLib"],"gold_per_floor":[113,93,57,75,75,75,110,129,156,193,215,241,285,297,309,422,434,482,512,524,536,536],"floor_reached":21,"language":"ENG","playtime":691,"items_purged":[],"score":300,"play_id":"50bfb2bd-5b54-4eee-80cc-aaa4c4e5e2bd","local_time":"20210128195120","is_ascension_mode":true,"campfire_choices":[{"floor":6.0,"key":"RECALL"},{"floor":15,"key":"REST"}],"circlet_count":0,"master_deck":["Strike_P","Strike_P","Strike_P","Strike_P","Defend_P","Defend_P","Defend_P","Defend_P","Eruption","Vigilance","Tantrum","MentalFortress","EmptyBody","Consecrate","WaveOfTheHand","Wireheading","PathToVictory","Perseverance","Fasting2","Wish","CrushJoints+1","FlurryOfBlows","Pain"],"relics":["HolyWater","NeowsBlessing","Vajra","MawBank","Odd Mushroom","Oddly Smooth Stone","WarpedTongs"],"acts_visited":["Exordium","TheCity"],"potions_floor_usage":[12,13,13,16,18,21],"damage_taken":[{"damage":0.0,"enemies":"Small Slimes","floor":1.0,"turns":1.0},{"damage":0.0,"enemies":"Cultist","floor":4.0,"turns":1.0},{"damage":0,"enemies":"3 Sentries","floor":7,"turns":2},{"damage":0,"enemies":"2 Louse","floor":8,"turns":1},{"damage":6,"enemies":"The Mushroom Lair","floor":10,"turns":3},{"damage":2,"enemies":"Blue Slaver","floor":11,"turns":3},{"damage":15,"enemies":"Gremlin Gang","floor":12,"turns":4},{"damage":16,"enemies":"Gremlin Nob","floor":13,"turns":3},{"damage":17,"enemies":"Fading Forest","floor":16,"turns":11},{"damage":24,"enemies":"2 Thieves","floor":18,"turns":4},{"damage":2,"enemies":"Spheric Guardian","floor":19,"turns":4},{"damage":42,"enemies":"Snecko","floor":21,"turns":4}],"seed_played":"-1268995519409825920","potions_obtained":[{"floor":1.0,"key":"PowerPotion"},{"floor":2.0,"key":"AttackPotion"},{"floor":10,"key":"Languid Potion"},{"floor":12,"key":"Adrenaline Potion"},{"floor":16,"key":"Adrenaline Potion"},{"floor":19,"key":"BottledMiracle"}],"is_trial":false,"path_per_floor":["M","?","$","M","T","R","E","M","T","?","M","M","E","$","R","B",null,"M","M","?","M"],"character_chosen":"WATCHER","items_purchased":["MentalFortress"],"campfire_rested":1,"item_purchase_floors":[3],"current_hp_per_floor":[65,65,65,65,65,65,65,65,65,59,57,42,26,26,47,38,64,40,38,38,0,0],"gold":536,"neow_bonus":"THREE_ENEMY_KILL","is_daily":false,"chose_seed":false,"campfire_upgraded":0,"win_rate":0.0,"timestamp":1611823880,"path_taken":["M","?","$","?","?","R","E","M","T","?","M","M","E","$","R","BOSS","M","M","?","?"],"items_purchased_type":["Card"],"build_version":"2020-12-22","purchased_purges":0,"victory":false,"max_hp_per_floor":[72,72,72,72,72,72,72,72,72,72,72,72,72,72,72,72,72,72,72,72,72,72],"card_choices":[{"not_picked":["Meditate","TalkToTheHand"],"picked":"Tantrum","floor":1.0},{"not_picked":["Indignation","Replay:Cycle"],"picked":"EmptyBody","floor":4.0},{"not_picked":["Indignation","Weave"],"picked":"Consecrate","floor":7},{"not_picked":["EmptyBody","JustLucky"],"picked":"WaveOfTheHand","floor":8},{"not_picked":["Conclude","CrushJoints"],"picked":"Wireheading","floor":10},{"not_picked":["Replay:BluntJabs","FlyingSleeves"],"picked":"PathToVictory","floor":11},{"not_picked":["JustLucky","EmptyBody"],"picked":"Perseverance","floor":12},{"not_picked":["Replay:BluntJabs","Replay:ManipulateFuture"],"picked":"Fasting2","floor":13},{"not_picked":["Blasphemy","SpiritShield"],"picked":"Wish","floor":16},{"not_picked":["BowlingBash","CutThroughFate+1"],"picked":"CrushJoints+1","floor":18},{"not_picked":["Adaptation","FollowUp"],"picked":"FlurryOfBlows","floor":19}],"player_experience":755159,"relics_obtained":[{"floor":7,"key":"Vajra"},{"floor":9,"key":"MawBank"},{"floor":10,"key":"Odd Mushroom"},{"floor":13,"key":"Oddly Smooth Stone"}],"event_choices":[{"damage_healed":0.0,"max_hp_gain":0.0,"max_hp_loss":0.0,"gold_gain":0.0,"event_name":"The Woman in Blue","player_choice":"Bought 1 Potion","floor":2.0,"gold_loss":0.0,"damage_taken":0.0},{"damage_healed":0,"gold_gain":0,"player_choice":"Fought Mushrooms","damage_taken":0,"max_hp_gain":0,"max_hp_loss":0,"event_name":"Mushrooms","floor":10,"gold_loss":0},{"damage_healed":0,"gold_gain":0,"player_choice":"Rummage","damage_taken":0,"relics_obtained":["WarpedTongs"],"max_hp_gain":0,"max_hp_loss":0,"event_name":"Accursed Blacksmith","floor":20,"gold_loss":0,"cards_obtained":["Pain"]}],"is_beta":false,"boss_relics":[{"not_picked":["Replay:Drink Me","Busted Crown"],"picked":"HolyWater"}],"items_purged_floors":[],"is_endless":false,"potions_floor_spawned":[1,10,12,16,19],"killed_by":"Snecko","ascension_level":8}}