{"host":"n45maixt3qrh0rsz","time":1611819861,"event":{"mods":["ATMod(°¢èªMod)","Act Like it!","Arknights The Spire","BaseMod","CapriCore","Dota2Spire","Downfall","Gensokyo","Minty Spire (QoL Compilation)","Quick Restart","Relic Stats","Replay The Spire","StSLib","¡¾ÒÅÎï¿¨ÅÆ¡¿REMEMod"],"gold_per_floor":[117,67,67,84,104,117,198,198,216,216,216,216,216,229,229,309,309,309],"floor_reached":16,"language":"ZHS","playtime":458,"items_purged":[],"score":151,"play_id":"b6e227ac-6436-4dc5-84ed-6f184c303435","local_time":"20210128154421","is_ascension_mode":true,"campfire_choices":[{"floor":11,"key":"REST"},{"floor":13,"key":"REST"},{"floor":15,"key":"REST"}],"circlet_count":0,"master_deck":["Guardian:Strike_Guardian","Guardian:Strike_Guardian","Guardian:Strike_Guardian","Guardian:Strike_Guardian","Guardian:Defend_Guardian","Guardian:Defend_Guardian","Guardian:Defend_Guardian","Guardian:Defend_Guardian","Guardian:CurlUp","Guardian:TwinSlam","Strike_G","Guardian:PolyBeam","REME_WheelOfFate","Guardian:TemporalStrike","Guardian:Incinerate","Guardian:Preprogram","Guardian:TimeBomb"],"relics":["Guardian:ModeShifter","AT_ATBox","REME_ComplimentaryCards","Pear","AT_BellDemon","Strawberry","HornCleat","Peace Pipe","Dota2Spire:AghanimScepter","Gensokyo:OccultBall","bronze:DecasWashers"],"acts_visited":["Gensokyo:Gensokyo"],"potions_floor_usage":[9,16],"damage_taken":[{"damage":12,"enemies":"Gensokyo:Python","floor":1,"turns":4},{"damage":18,"enemies":"Gensokyo:2_Kodama","floor":4,"turns":4},{"damage":15,"enemies":"Gensokyo:Gryphon","floor":5,"turns":4},{"damage":30,"enemies":"Gensokyo:2_Rabbits","floor":6,"turns":4},{"damage":0,"enemies":"Gensokyo:VengefulSpirit","floor":9,"turns":4},{"damage":52,"enemies":"Gensokyo:LivingMonolith","floor":14,"turns":4},{"damage":81,"enemies":"IC_STATUS_ARCHETYPE","floor":16,"turns":13}],"seed_played":"7995001217761399843","potions_obtained":[{"floor":1,"key":"ColorlessPotion"},{"floor":4,"key":"Fire Potion"}],"is_trial":false,"path_per_floor":["M","COS","?","M","M","M","T","?","M","?","R","?","R","M","R","B"],"character_chosen":"GUARDIAN","items_purchased":[],"campfire_rested":3,"item_purchase_floors":[],"current_hp_per_floor":[84,84,79,61,46,23,23,23,23,23,56,56,89,37,70,0,0,0],"gold":309,"neow_bonus":"TWENTY_PERCENT_HP_BONUS","is_daily":false,"chose_seed":false,"campfire_upgraded":0,"win_rate":0.0,"timestamp":1611819861,"path_taken":["M","COS","?","?","M","M","T","?","M","?","R","?","R","?","R","BOSS"],"items_purchased_type":[],"build_version":"2020-12-22","purchased_purges":0,"victory":false,"max_hp_per_floor":[96,96,106,106,106,113,113,113,113,113,113,113,113,113,113,113,113,113],"relic_stats":{"Peace Pipe":0,"counters":[7,37],"obtain_stats":[{"AT_BellDemon":4,"Peace Pipe":9,"Dota2Spire:AghanimScepter":9,"AT_ATBox":0,"Pear":3,"HornCleat":7,"Strawberry":6,"bronze:DecasWashers":14,"Guardian:ModeShifter":0,"Gensokyo:OccultBall":10,"REME_ComplimentaryCards":0},{"AT_BellDemon":2,"Peace Pipe":5,"Dota2Spire:AghanimScepter":5,"AT_ATBox":0,"Pear":1,"HornCleat":4,"Strawberry":4,"bronze:DecasWashers":6,"Guardian:ModeShifter":0,"Gensokyo:OccultBall":5,"REME_ComplimentaryCards":0},{"AT_BellDemon":7,"Peace Pipe":19,"Dota2Spire:AghanimScepter":20,"AT_ATBox":0,"Pear":4,"HornCleat":16,"Strawberry":16,"bronze:DecasWashers":24,"Guardian:ModeShifter":0,"Gensokyo:OccultBall":20,"REME_ComplimentaryCards":0}]},"card_choices":[{"not_picked":["Guardian:Planning","Guardian:Gem_Lightblue"],"picked":"Guardian:PolyBeam","floor":1},{"not_picked":["Guardian:WalkerClaw","Guardian:Gem_Lightblue"],"picked":"Guardian:TemporalStrike","floor":4},{"not_picked":["Guardian:ShieldCharger","Guardian:PrimingBeam"],"picked":"Guardian:Incinerate","floor":5},{"not_picked":["Guardian:RefractedBeam","Guardian:RollAttack"],"picked":"Guardian:ConstructionForm","floor":6},{"not_picked":["Guardian:Gem_Cyan","Guardian:Gem_Green"],"picked":"Guardian:Preprogram","floor":9},{"not_picked":["Guardian:Suspension","Guardian:Planning"],"picked":"Guardian:TimeBomb","floor":14}],"player_experience":57343,"relics_obtained":[{"floor":6,"key":"Strawberry"},{"floor":7,"key":"HornCleat"},{"floor":9,"key":"Dota2Spire:AghanimScepter"},{"floor":14,"key":"bronze:DecasWashers"}],"event_choices":[],"is_beta":false,"boss_relics":[],"items_purged_floors":[],"is_endless":false,"potions_floor_spawned":[1,4],"killed_by":"IC_STATUS_ARCHETYPE","ascension_level":2}}