{"host":"soyfmymeou4emntr","time":1611808487,"event":{"mods":["BaseMod","BetterRewards","Minty Spire (QoL Compilation)","Relic Sorter","Relic Stats","StSLib"],"gold_per_floor":[109,128,128,43,57,57,95,95,95,136,136,150,165,186,186,186,186],"floor_reached":16,"language":"ENG","playtime":1045,"items_purged":[],"score":224,"play_id":"3da64fd1-e4d3-4540-905a-2c49586f96f4","local_time":"20210127213447","is_ascension_mode":true,"campfire_choices":[{"data":"Poisoned Stab","floor":6,"key":"SMITH"},{"floor":8,"key":"REST"},{"data":"Cloak And Dagger","floor":11,"key":"SMITH"},{"floor":15,"key":"REST"}],"circlet_count":0,"master_deck":["AscendersBane","Strike_G","Strike_G","Strike_G","Strike_G","Strike_G","Defend_G","Defend_G","Defend_G","Defend_G","Defend_G","Survivor","Neutralize","Poisoned Stab+1","Cloak And Dagger+1","Leg Sweep","Slice","Glass Knife+1","Flying Knee+1","Leg Sweep","Footwork"],"relics":["Ring of the Snake","Regal Pillow","Golden Idol","Gremlin Horn","Ornamental Fan","Molten Egg 2"],"acts_visited":["Exordium"],"potions_floor_usage":[7,10,10,16],"damage_taken":[{"damage":9.0,"enemies":"Jaw Worm","floor":1.0,"turns":6.0},{"damage":0.0,"enemies":"2 Louse","floor":2.0,"turns":3.0},{"damage":0,"enemies":"Cultist","floor":5,"turns":5},{"damage":39,"enemies":"Gremlin Nob","floor":7,"turns":6},{"damage":11,"enemies":"Lagavulin","floor":10,"turns":5},{"damage":0,"enemies":"2 Fungi Beasts","floor":12,"turns":2},{"damage":0,"enemies":"Exordium Thugs","floor":13,"turns":4},{"damage":0,"enemies":"Lots of Slimes","floor":14,"turns":3},{"damage":60,"enemies":"Slime Boss","floor":16,"turns":18}],"seed_played":"7672482486897441875","potions_obtained":[{"floor":2.0,"key":"SkillPotion"},{"floor":5,"key":"FearPotion"},{"floor":7,"key":"Fire Potion"},{"floor":12,"key":"DistilledChaos"},{"floor":14,"key":"LiquidBronze"}],"is_trial":false,"path_per_floor":["M","M","?","$","M","R","E","R","T","E","R","M","M","M","R","B"],"character_chosen":"THE_SILENT","items_purchased":["Leg Sweep"],"campfire_rested":2,"item_purchase_floors":[4],"current_hp_per_floor":[50,50,50,50,50,50,11,44,44,33,33,33,33,33,60,0,0],"gold":186,"neow_bonus":"RANDOM_COMMON_RELIC","is_daily":false,"chose_seed":false,"campfire_upgraded":2,"win_rate":0.0,"timestamp":1611808487,"path_taken":["M","M","?","$","M","R","E","R","T","E","R","M","M","M","R","BOSS"],"items_purchased_type":["Card"],"build_version":"2020-12-22","purchased_purges":0,"victory":false,"max_hp_per_floor":[66,66,60,60,60,60,60,60,60,60,60,60,60,60,60,60,60],"relic_stats":{"Regal Pillow":24,"Gremlin Horn":[9,9],"counters":[9,52],"Golden Idol":29,"Ornamental Fan":[48],"obtain_stats":[{"Regal Pillow":0,"Gremlin Horn":7,"Golden Idol":3,"Ornamental Fan":9,"Molten Egg 2":10,"Ring of the Snake":0},{"Regal Pillow":0,"Gremlin Horn":4,"Golden Idol":2,"Ornamental Fan":4,"Molten Egg 2":5,"Ring of the Snake":0},{"Regal Pillow":0,"Gremlin Horn":20,"Golden Idol":9,"Ornamental Fan":20,"Molten Egg 2":25,"Ring of the Snake":0}],"Ring of the Snake":[18]},"card_choices":[{"not_picked":["Masterful Stab","Dodge and Roll"],"picked":"Poisoned Stab","floor":1.0},{"not_picked":["Deflect","Outmaneuver"],"picked":"Cloak And Dagger","floor":2.0},{"not_picked":["PiercingWail","Masterful Stab"],"picked":"Slice","floor":5},{"not_picked":["Eviscerate","Dodge and Roll","Acrobatics"],"picked":"SKIP","floor":7},{"not_picked":["Escape Plan","Masterful Stab+1"],"picked":"Glass Knife+1","floor":10},{"not_picked":["Masterful Stab+1","Underhanded Strike+1"],"picked":"Flying Knee+1","floor":12},{"not_picked":["Underhanded Strike+1","Blur"],"picked":"Leg Sweep","floor":13},{"not_picked":["Dash+1","Flying Knee+1"],"picked":"Footwork","floor":14}],"player_experience":2940889,"relics_obtained":[{"floor":7,"key":"Gremlin Horn"},{"floor":9,"key":"Ornamental Fan"},{"floor":10,"key":"Molten Egg 2"}],"event_choices":[{"damage_healed":0.0,"max_hp_gain":0.0,"max_hp_loss":6.0,"gold_gain":0.0,"event_name":"Golden Idol","player_choice":"Lose Max HP","floor":3.0,"gold_loss":0.0,"damage_taken":0.0,"relics_obtained":["Golden Idol"]}],"is_beta":false,"boss_relics":[],"items_purged_floors":[],"is_endless":false,"potions_floor_spawned":[2,5,7,12,14],"killed_by":"Slime Boss","ascension_level":20}}