{"host":"6affnl2vk6en9o4b","time":1611856013,"event":{"mods":["2.2 Compatiblity","AchievementEnabler","Aspiration","BaseMod","BetterRewards","Colored Powertips","Conspire","Downfall","Friendly Minions","Googly Eyes","Highlight Path","Hubris","Minty Spire (QoL Compilation)","Replay The Spire","StSLib","Trackpad","Unceasing Turn Reminder"],"gold_per_floor":[0,17,35,53,73,99,99,24,24,24,41,59,59,74,89,185,185,35,45,55,155,155,155,155,64,64,84,98,98,98,126,141,244,244,244,262,275,290,460,460,460,460,491,491,491,60,70,70,89,89,89,121,23,23,23,23,23,23],"floor_reached":56,"language":"ENG","playtime":2612,"items_purged":[],"score":801,"play_id":"8fa051a8-1516-41c9-a38f-bd6878d27fca","local_time":"20210128174653","is_ascension_mode":false,"campfire_choices":[{"floor":1.0,"key":"RECALL"},{"data":"Slimebound:MassFeed","floor":8.0,"key":"SMITH"},{"data":"Slimebound:ProtectTheBoss","floor":13.0,"key":"PURGE"},{"data":"Slimebound:Grow","floor":18.0,"key":"PURGE"},{"data":"Slimebound:ItLooksTasty","floor":26.0,"key":"PURGE"},{"data":"Slimebound:Nibble","floor":30.0,"key":"PURGE"},{"data":"Slimebound:Grow","floor":42.0,"key":"PURGE"},{"data":"Slimebound:Darklings","floor":54.0,"key":"PURGE"}],"circlet_count":0,"master_deck":["Slimebound:Strike_Slimebound+1","Slimebound:Strike_Slimebound+1","Slimebound:Strike_Slimebound+1","Slimebound:Tackle","Slimebound:Defend_Slimebound+1","Slimebound:Defend_Slimebound+1","Slimebound:Defend_Slimebound+1","Slimebound:Defend_Slimebound+1","Slimebound:Split","Slimebound:CorrosiveSpit","Slimebound:MassFeed+1","Slimebound:RejuvenatingLick","Slimebound:GoopSpray","Slimebound:HauntingLick","Slimebound:ComboTackle","Slimebound:ForwardTackle","Slimebound:PrepareCrush","Slimebound:RainOfGoop","Slimebound:SamplingLick","Necronomicurse","Slimebound:BestDefense+1","Slimebound:TongueLash+1","Slimebound:RollThrough","Slimebound:Schlurp+1","Slimebound:SamplingLick+1","Slimebound:SlimeSlap","Slimebound:BestDefense+1","Slimebound:RollThrough","Parasite","Slimebound:TongueLash+1","Slimebound:SamplingLick","Slimebound:HauntingLick+1","Slimebound:SpikyOuterGoop","Slimebound:HauntingLick","Slimebound:RainOfGoop+1","Slimebound:ComboTackle+1"],"relics":["Slimebound:AbsorbEndCombat","downfall:HeartBlessingRed","Slimebound:ScrapOozeRelic","Coffee Dripper","downfall:HeartBlessingGreen","downfall:HeartBlessingBlue","Necronomicon","Centennial Puzzle","aspiration:ArtOfWarUpgrade","SlaversCollar","trackpad:PetRock","aspiration:FetidBarrel","trackpad:RapidFire","Lantern","Kunai","Sundial"],"acts_visited":["Exordium","TheCity","TheBeyond","TheEnding"],"potions_floor_usage":[55,56],"damage_taken":[{"damage":8.0,"enemies":"2 Louse","floor":2.0,"turns":2.0},{"damage":5.0,"enemies":"Jaw Worm","floor":3.0,"turns":4.0},{"damage":8.0,"enemies":"Cultist","floor":4.0,"turns":3.0},{"damage":0.0,"enemies":"3 Louse","floor":5.0,"turns":1.0},{"damage":44.0,"enemies":"Lagavulin","floor":6.0,"turns":6.0},{"damage":11.0,"enemies":"2 Fungi Beasts","floor":11.0,"turns":2.0},{"damage":14.0,"enemies":"Blue Slaver","floor":12.0,"turns":2.0},{"damage":9.0,"enemies":"Exordium Thugs","floor":14.0,"turns":3.0},{"damage":24.0,"enemies":"Exordium Wildlife","floor":15.0,"turns":3.0},{"damage":59.0,"enemies":"downfall:Watcher","floor":16.0,"turns":10.0},{"damage":8.0,"enemies":"Spheric Guardian","floor":19.0,"turns":3.0},{"damage":23.0,"enemies":"Shell Parasite","floor":20.0,"turns":3.0},{"damage":12.0,"enemies":"downfall:FleeingMerchant","floor":25.0,"turns":4.0},{"damage":26.0,"enemies":"Centurion and Healer","floor":27.0,"turns":3.0},{"damage":17.0,"enemies":"Snake Plant","floor":28.0,"turns":3.0},{"damage":29.0,"enemies":"conspire:SneckoGhost","floor":31.0,"turns":5.0},{"damage":3.0,"enemies":"Chosen and Byrds","floor":32.0,"turns":3.0},{"damage":36.0,"enemies":"downfall:Defect","floor":33.0,"turns":5.0},{"damage":20.0,"enemies":"3 Shapes","floor":36.0,"turns":2.0},{"damage":36.0,"enemies":"3 Darklings","floor":37.0,"turns":4.0},{"damage":21.0,"enemies":"Writhing Mass","floor":38.0,"turns":3.0},{"damage":15.0,"enemies":"downfall:FleeingMerchant","floor":39.0,"turns":3.0},{"damage":64.0,"enemies":"Reptomancer","floor":43.0,"turns":4.0},{"damage":0.0,"enemies":"Jaw Worm Horde","floor":47.0,"turns":2.0},{"damage":12.0,"enemies":"Transient","floor":49.0,"turns":5.0},{"damage":62.0,"enemies":"downfall:Silent","floor":50.0,"turns":4.0},{"damage":84.0,"enemies":"downfall:CharBossMerchant","floor":52.0,"turns":6.0},{"damage":52,"enemies":"downfall:NeowBoss","floor":55,"turns":15},{"damage":100,"enemies":"downfall:NeowBossFinal","floor":56,"turns":6}],"seed_played":"3184320891922083667","potions_obtained":[{"floor":2.0,"key":"Doom Potion"},{"floor":11.0,"key":"Block Potion"},{"floor":12.0,"key":"SpeedPotion"},{"floor":16.0,"key":"SkillPotion"},{"floor":20.0,"key":"BlessingOfTheForge"},{"floor":27.0,"key":"champ:CounterPotion"},{"floor":33.0,"key":"champ:CounterPotion"},{"floor":36.0,"key":"FearPotion"},{"floor":38.0,"key":"FairyPotion"},{"floor":47.0,"key":"Flashbang"}],"is_trial":false,"path_per_floor":["R","M","M","M","M","E","T","R","?","?","M","M","R","M","M","B",null,"R","M","M","?","?","?","T","$","R","M","M","?","R","E","M","B",null,"R","M","M","M","$","?","T","R","E","?","R","$","M","?","M","B",null,"E","$","R","B","B"],"character_chosen":"SLIMEBOUND","items_purchased":["Slimebound:ItLooksTasty","trackpad:PetRock","Lantern","Kunai","Slimebound:SpikyOuterGoop","Strength Potion","FearPotion"],"campfire_rested":0,"item_purchase_floors":[25,39,46,46,46,53,53],"current_hp_per_floor":[60,62,69,72,81,56,56,56,56,56,57,57,57,58,46,13,85,95,95,90,90,74,99,99,99,99,91,88,88,88,77,88,74,111,111,113,107,94,97,97,97,97,57,57,57,57,85,85,97,53,127,77,77,77,33,0,0,0],"gold":23,"neow_bonus":"THREE_RARE_CARDS","is_daily":false,"chose_seed":false,"campfire_upgraded":1,"win_rate":0.0,"timestamp":1611856013,"path_taken":["R","M","M","M","M","E","T","R","?","?","M","?","R","M","M","BOSS","R","M","?","?","?","?","T","?","R","M","?","?","R","E","M","BOSS","R","M","M","M","$","?","T","R","E","?","R","$","M","?","M","BOSS","E","$","R","BOSS","BOSS"],"items_purchased_type":["Card","Relic","Relic","Relic","Card","Potion","Potion"],"build_version":"2020-12-22","purchased_purges":0,"victory":false,"max_hp_per_floor":[60,66,69,72,81,81,81,81,81,81,81,81,81,81,81,85,85,95,95,99,99,99,99,99,99,99,103,103,103,103,107,111,111,111,111,119,119,119,119,119,119,119,119,119,119,119,127,127,127,127,127,127,127,127,127,127,127,127],"card_choices":[{"not_picked":["Slimebound:SelfFormingGoo","Slimebound:SlimeSlap"],"picked":"Slimebound:MassFeed","floor":0.0},{"not_picked":["Slimebound:PressTheAttack","Slimebound:SplitAcid"],"picked":"Slimebound:RejuvenatingLick","floor":2.0},{"not_picked":["Slimebound:BestDefense","Slimebound:LeadByExample"],"picked":"Slimebound:GoopSpray","floor":3.0},{"not_picked":["Slimebound:GoopTackle","Slimebound:SplitBruiser"],"picked":"Slimebound:Nibble","floor":4.0},{"not_picked":["Slimebound:TongueLash","Slimebound:SlimeSpikes"],"picked":"Slimebound:HauntingLick","floor":5.0},{"not_picked":["Slimebound:Nibble","Slimebound:SlimeSpikes"],"picked":"Slimebound:Grow","floor":6.0},{"not_picked":["Slimebound:SplitBruiser","Slimebound:LeadByExample"],"picked":"Slimebound:ComboTackle","floor":11.0},{"not_picked":["Slimebound:FinishingTackle","Slimebound:FirmFortitude"],"picked":"Slimebound:ProtectTheBoss","floor":12.0},{"not_picked":["Slimebound:SplitBruiser","Slimebound:FirmFortitude"],"picked":"Slimebound:ForwardTackle","floor":14.0},{"not_picked":["Slimebound:SplitBruiser","Slimebound:SplitAcid"],"picked":"Slimebound:Grow","floor":15.0},{"not_picked":["Slimebound:MinionMaster","Slimebound:DuplicatedForm"],"picked":"Slimebound:PrepareCrush","floor":16.0},{"not_picked":["Slimebound:ItLooksTasty","Slimebound:PressTheAttack"],"picked":"Slimebound:RainOfGoop","floor":19.0},{"not_picked":["Slimebound:FormOfPuddle","Slimebound:LeechEnergy"],"picked":"Slimebound:SamplingLick","floor":20.0},{"not_picked":["Slimebound:SamplingLick","Slimebound:Nibble+1"],"picked":"Slimebound:BestDefense+1","floor":25.0},{"not_picked":["Slimebound:SplitAcid","Slimebound:GoopSpray"],"picked":"Slimebound:TongueLash+1","floor":27.0},{"not_picked":["Slimebound:Overexert","Slimebound:LeechingTouch"],"picked":"Slimebound:RollThrough","floor":28.0},{"not_picked":["Slimebound:FirmFortitude","Slimebound:TongueLash+1"],"picked":"Slimebound:Schlurp+1","floor":31.0},{"not_picked":["Slimebound:Equalize","Slimebound:ItLooksTasty"],"picked":"Slimebound:SamplingLick+1","floor":32.0},{"not_picked":["Slimebound:RallyTheTroops","Slimebound:MassRepurpose"],"picked":"Slimebound:SlimeSlap","floor":33.0},{"not_picked":["Slimebound:LeadByExample+1","Slimebound:SlimeSpikes+1"],"picked":"Slimebound:BestDefense+1","floor":36.0},{"not_picked":["Slimebound:ProtectTheBoss","Slimebound:SamplingLick"],"picked":"Slimebound:RollThrough","floor":37.0},{"not_picked":["Slimebound:Repurpose","Slimebound:Prepare"],"picked":"Slimebound:TongueLash","floor":38.0},{"not_picked":["Slimebound:SplitMire+1","Slimebound:LevelUp+1"],"picked":"Slimebound:SamplingLick","floor":39.0},{"not_picked":["Slimebound:ViciousTackle","Slimebound:PressTheAttack"],"picked":"Slimebound:HauntingLick+1","floor":43.0},{"not_picked":["Slimebound:SpikyOuterGoop+1","Slimebound:FinishingTackle+1"],"picked":"Slimebound:HauntingLick","floor":47.0},{"not_picked":["Slimebound:LevelUp","Slimebound:BestDefense"],"picked":"Slimebound:RainOfGoop+1","floor":49.0},{"not_picked":["Slimebound:PressTheAttack+1","Slimebound:SplitLeeching"],"picked":"Slimebound:ComboTackle+1","floor":52.0}],"player_experience":197641,"relics_obtained":[{"floor":6.0,"key":"vexMod:BarristanHead"},{"floor":22.0,"key":"Necronomicon"},{"floor":24.0,"key":"Centennial Puzzle"},{"floor":31.0,"key":"Art of War"},{"floor":41.0,"key":"aspiration:FetidBarrel"},{"floor":43.0,"key":"trackpad:RapidFire"},{"floor":52.0,"key":"Sundial"}],"event_choices":[{"damage_healed":33.0,"max_hp_gain":0.0,"max_hp_loss":0.0,"gold_gain":0.0,"event_name":"The Library","player_choice":"Heal","floor":23.0,"gold_loss":0.0,"damage_taken":0.0},{"damage_healed":0.0,"max_hp_gain":0.0,"max_hp_loss":0.0,"gold_gain":0.0,"event_name":"Back to Basics","player_choice":"Simplicity","floor":29.0,"gold_loss":0.0,"damage_taken":0.0,"cards_upgraded":["Slimebound:Strike_Slimebound","Slimebound:Strike_Slimebound","Slimebound:Strike_Slimebound","Slimebound:Defend_Slimebound","Slimebound:Defend_Slimebound","Slimebound:Defend_Slimebound","Slimebound:Defend_Slimebound"]},{"damage_healed":0.0,"max_hp_gain":0.0,"max_hp_loss":0.0,"gold_gain":0.0,"event_name":"conspire:Investor","player_choice":"Leave","floor":48.0,"gold_loss":0.0,"damage_taken":0.0}],"is_beta":false,"boss_relics":[{"not_picked":["hubris:VirtuousBlindfold","ReplayTheSpireMod:DimensionalGlitch"],"picked":"Coffee Dripper"},{"not_picked":["hubris:Stopwatch","aspiration:FutureDiary"],"picked":"SlaversCollar"}],"items_purged_floors":[],"is_endless":false,"potions_floor_spawned":[2,11,12,16,20,27,28,33,36,38,47],"killed_by":"downfall:NeowBossFinal","ascension_level":0}}