{"host":"q387i5o1hp66091u","time":1611811752,"event":{"mods":["2.2 Compatiblity","BaseMod","Minty Spire (QoL Compilation)","Rare Cards Sparkle"],"gold_per_floor":[12,25,25,25,42,42,75,75,150,160,160,191,209,243,243,343,343,360,372,386,404,4,39,39,54,54,66,31,46,46,46],"floor_reached":30,"language":"JPN","playtime":1242,"items_purged":["Strike_B"],"score":343,"play_id":"7700cc41-3430-4a4b-99df-5e5c74f3085c","local_time":"20210128142912","is_ascension_mode":true,"campfire_choices":[{"data":"Dualcast","floor":6.0,"key":"SMITH"},{"data":"Defragment","floor":8.0,"key":"SMITH"},{"data":"Electrodynamics","floor":11.0,"key":"SMITH"},{"data":"Self Repair","floor":15.0,"key":"SMITH"}],"circlet_count":0,"master_deck":["Strike_B","Strike_B","Strike_B","Defend_B","Defend_B","Defend_B","Defend_B","Zap+1","Dualcast+1","Electrodynamics+1","FTL","Self Repair+1","Streamline","Defragment+1","Ball Lightning","Coolheaded","Compile Driver","Conserve Battery","Creative AI","CurseOfTheBell","Redo","Ball Lightning","White Noise+1","Aggregate+1","Loop","Ball Lightning+1","Doom and Gloom+1","Self Repair","Storm","Chaos+1"],"relics":["Cracked Core","GremlinMask","MealTicket","Pantograph","Ginger","Bottled Flame","Calling Bell","Lantern","Mercury Hourglass","CaptainsWheel","Molten Egg 2","StrikeDummy","Ancient Tea Set"],"acts_visited":["Exordium","TheCity"],"potions_floor_usage":[29],"damage_taken":[{"damage":1.0,"enemies":"Small Slimes","floor":1.0,"turns":3.0},{"damage":10.0,"enemies":"2 Louse","floor":2.0,"turns":2.0},{"damage":0.0,"enemies":"Cultist","floor":5.0,"turns":3.0},{"damage":10.0,"enemies":"3 Sentries","floor":7.0,"turns":3.0},{"damage":0.0,"enemies":"Exordium Wildlife","floor":10.0,"turns":1.0},{"damage":18.0,"enemies":"Gremlin Nob","floor":12.0,"turns":3.0},{"damage":6.0,"enemies":"Looter","floor":13.0,"turns":3.0},{"damage":20.0,"enemies":"Lagavulin","floor":14.0,"turns":3.0},{"damage":11.0,"enemies":"Slime Boss","floor":16.0,"turns":6.0},{"damage":0.0,"enemies":"Spheric Guardian","floor":18.0,"turns":4.0},{"damage":7.0,"enemies":"Chosen","floor":19.0,"turns":3.0},{"damage":13.0,"enemies":"Centurion and Healer","floor":20.0,"turns":5.0},{"damage":20.0,"enemies":"Shelled Parasite and Fungi","floor":21.0,"turns":4.0},{"damage":23.0,"enemies":"Gremlin Leader","floor":23.0,"turns":4.0},{"damage":31.0,"enemies":"Snake Plant","floor":25.0,"turns":3.0},{"damage":27.0,"enemies":"Snecko","floor":27.0,"turns":5.0},{"damage":12,"enemies":"Centurion and Healer","floor":29,"turns":5},{"damage":48,"enemies":"Book of Stabbing","floor":30,"turns":4}],"seed_played":"6289876955833831612","potions_obtained":[{"floor":1.0,"key":"Fire Potion"},{"floor":2.0,"key":"Regen Potion"},{"floor":7.0,"key":"SteroidPotion"},{"floor":12.0,"key":"AttackPotion"},{"floor":14.0,"key":"DistilledChaos"},{"floor":20.0,"key":"FocusPotion"},{"floor":25.0,"key":"CultistPotion"}],"is_trial":false,"path_per_floor":["M","M","?","?","M","R","E","R","T","M","R","E","M","E","R","B",null,"M","M","M","M","$","E","?","M","T","M","$","M","E"],"character_chosen":"DEFECT","items_purchased":["Molten Egg 2","Loop","Storm"],"campfire_rested":0,"item_purchase_floors":[22,22,28],"current_hp_per_floor":[74,64,64,64,71,71,61,61,61,61,61,43,37,24,24,38,66,75,75,72,62,75,52,52,31,31,14,29,48,0,0],"gold":46,"neow_bonus":"THREE_RARE_CARDS","is_daily":false,"chose_seed":false,"campfire_upgraded":4,"win_rate":0.0,"timestamp":1611811752,"path_taken":["M","M","?","?","M","R","E","R","T","M","R","E","M","E","R","BOSS","M","M","?","M","$","E","?","M","T","M","$","M","E"],"items_purchased_type":["Relic","Card","Card"],"build_version":"2020-12-22","purchased_purges":1,"victory":false,"max_hp_per_floor":[75,75,75,75,75,75,75,75,75,75,75,75,75,75,75,75,75,75,75,75,75,75,75,75,75,75,75,75,75,75,75],"card_choices":[{"not_picked":["Core Surge","Fission"],"picked":"Electrodynamics","floor":0.0},{"not_picked":["Hello World","Hologram"],"picked":"FTL","floor":1.0},{"not_picked":["Darkness","Cold Snap"],"picked":"Self Repair","floor":2.0},{"not_picked":["Turbo","Skim"],"picked":"Streamline","floor":5.0},{"not_picked":["Hyperbeam","Redo"],"picked":"Defragment","floor":7.0},{"not_picked":["Undo","Conserve Battery"],"picked":"Ball Lightning","floor":10.0},{"not_picked":["Hologram","Compile Driver"],"picked":"Coolheaded","floor":12.0},{"not_picked":["All For One","Sweeping Beam"],"picked":"Compile Driver","floor":13.0},{"not_picked":["Amplify","Barrage"],"picked":"Conserve Battery","floor":14.0},{"not_picked":["Fission","Machine Learning"],"picked":"Creative AI","floor":16.0},{"not_picked":["Rip and Tear+1","Go for the Eyes"],"picked":"Redo","floor":18.0},{"not_picked":["Tempest+1","Go for the Eyes"],"picked":"Ball Lightning","floor":19.0},{"not_picked":["Go for the Eyes+1","Coolheaded+1"],"picked":"White Noise+1","floor":20.0},{"not_picked":["Auto Shields","Hyperbeam"],"picked":"Aggregate+1","floor":21.0},{"not_picked":["Coolheaded+1","Streamline+1"],"picked":"Ball Lightning+1","floor":23.0},{"not_picked":["Barrage+1","Auto Shields+1"],"picked":"Doom and Gloom+1","floor":25.0},{"not_picked":["Aggregate","Beam Cell+1"],"picked":"Self Repair","floor":27.0},{"not_picked":["Go for the Eyes+1","Tempest"],"picked":"Chaos+1","floor":29}],"player_experience":605159,"relics_obtained":[{"floor":7.0,"key":"MealTicket"},{"floor":9.0,"key":"Pantograph"},{"floor":12.0,"key":"Ginger"},{"floor":14.0,"key":"Bottled Flame"},{"floor":17.0,"key":"Lantern"},{"floor":17.0,"key":"Mercury Hourglass"},{"floor":17.0,"key":"CaptainsWheel"},{"floor":23.0,"key":"StrikeDummy"},{"floor":26.0,"key":"Ancient Tea Set"}],"event_choices":[{"damage_healed":0.0,"max_hp_gain":0.0,"max_hp_loss":0.0,"gold_gain":0.0,"event_name":"Living Wall","player_choice":"Grow","floor":3.0,"gold_loss":0.0,"damage_taken":0.0,"cards_upgraded":["Zap"]},{"damage_healed":0.0,"max_hp_gain":0.0,"max_hp_loss":0.0,"gold_gain":0.0,"event_name":"FaceTrader","player_choice":"Trade","floor":4.0,"gold_loss":0.0,"damage_taken":0.0,"relics_obtained":["GremlinMask"]},{"damage_healed":0.0,"max_hp_gain":0.0,"max_hp_loss":0.0,"gold_gain":0.0,"event_name":"Ghosts","player_choice":"Ignored","floor":24.0,"gold_loss":0.0,"damage_taken":0.0}],"is_beta":false,"boss_relics":[{"not_picked":["Fusion Hammer","Astrolabe"],"picked":"Calling Bell"}],"items_purged_floors":[22],"is_endless":false,"potions_floor_spawned":[1,2,7,12,14,20,25,27],"killed_by":"Book of Stabbing","ascension_level":5}}