{"host":"h5acbxt0wmjo1kpm","time":1611807257,"event":{"mods":["2.2 Compatiblity","Act Like it!","AlwaysNeverKeys","Aspiration","Bard","Bartender","BaseMod","Better Third Choice","Colored Map","Downfall","Elementarium","Gensokyo","GifTheSpireLib","Hallownest","Marisa????????","Menagerie","Minty Spire (QoL Compilation)","Permanent Neow","Potionbrewer","Quick Restart","Relic Filter","Reliquary","Replay The Spire","Robot Space Explorer","RumiaBox-????????","Shade Mod","Spicy Shops","StSLib","Strawberry Spire","The Blackbeard","The Dragon Tamer","The Gatherer","The Hayseed","The Problem Sleuth","The Servant 0.9.4","Wandering Minibosses","Wide Potions"],"gold_per_floor":[0,16,32,32,50,66,138,148,148,148,165,165,178,4,15,119,119,119,131,185,185,185,185],"floor_reached":21,"language":"ENG","playtime":1759,"items_purged":[],"score":248,"play_id":"f22db756-04f6-4588-a81c-bc4ba2c2bdda","local_time":"20210127201417","is_ascension_mode":true,"campfire_choices":[{"data":"champ:Strike","floor":1,"key":"PURGE"},{"data":"champ:Lariat","floor":10,"key":"SMITH"},{"data":"ReplayTheSpireMod:From All Sides","floor":12,"key":"SMITH"},{"data":"champ:IronFortress","floor":18,"key":"SMITH"}],"circlet_count":0,"master_deck":["champ:Defend","champ:Defend","champ:Execute","champ:Taunt","champ:CrownThrow","champ:Lariat+1","PiercingWail","ReplayTheSpireMod:From All Sides+1","champ:VampiricStrike","champ:IronFortress+1","champ:CrownThrow","champ:BerserkersShout","champ:EnchantCrown","champ:EnchantCrown","champ:EnchantShield","champ:SetATrap","champ:CheapShot","champ:Endure+1","champ:RecklessLeap+1"],"relics":["champ:ChampionCrown","aspiration:StickyExplosives","SlaversCollar"],"acts_visited":["Menagerie:Menagerie","Elementarium:Elementarium"],"potions_floor_usage":[8,16],"damage_taken":[{"damage":25,"enemies":"Menagerie:WhisperingWraith","floor":2,"turns":6},{"damage":10,"enemies":"Menagerie:StygianBoar","floor":3,"turns":3},{"damage":1,"enemies":"Menagerie:MonstrousExperiment","floor":5,"turns":4},{"damage":27,"enemies":"Menagerie:STYGIAN_BOAR_AND_WHISPERING_WRAITH","floor":6,"turns":6},{"damage":10,"enemies":"Menagerie:STYGIAN_BOAR_AND_RABBIT","floor":8,"turns":3},{"damage":28,"enemies":"Menagerie:DREAD_MOTH_AND_GRAFTED_WORMS","floor":11,"turns":4},{"damage":30,"enemies":"Menagerie:STYGIAN_BOAR_AND_WHISPERING_WRAITH","floor":13,"turns":4},{"damage":20,"enemies":"downfall:FleeingMerchant","floor":14,"turns":4},{"damage":20,"enemies":"Menagerie:RedMage","floor":15,"turns":2},{"damage":78,"enemies":"SI_SHIV_ARCHETYPE","floor":16,"turns":7},{"damage":45,"enemies":"Elementarium:2_ELEMENTALS","floor":19,"turns":5},{"damage":16,"enemies":"Elementarium:Cyclone","floor":20,"turns":6},{"damage":73,"enemies":"Elementarium:FIRE_SANCTUM_HERALD","floor":21,"turns":6},{"damage":34,"enemies":"Elementarium:FIRE_SANCTUM_FIRELORD","floor":21,"turns":4}],"seed_played":"-5418712027094289449","potions_obtained":[{"floor":5,"key":"LiquidMemories"},{"floor":13,"key":"AttackPotion"},{"floor":16,"key":"bronze:BurnAndBuffPotion"}],"is_trial":false,"path_per_floor":["R_BF","M","M","?","M","M","T","M","?","R","M","R","M","$","M","B",null,"R","M","M","?"],"character_chosen":"THE_CHAMP","items_purchased":["champ:EnchantShield"],"campfire_rested":0,"item_purchase_floors":[14],"current_hp_per_floor":[90,90,90,90,89,82,82,82,82,82,74,74,69,64,64,64,90,90,80,74,24,24,24],"gold":185,"neow_bonus":"REMOVE_TWO","is_daily":false,"chose_seed":false,"campfire_upgraded":3,"win_rate":0.0,"timestamp":1611807257,"path_taken":["R_BF","M","M","?","M","M","T","?","?","R","M","R","M","$","M","BOSS","R","M","M","?"],"items_purchased_type":["Card"],"build_version":"2020-12-22","purchased_purges":0,"victory":false,"max_hp_per_floor":[90,90,90,90,90,90,90,90,90,90,90,90,90,90,90,90,90,90,90,90,90,90,90],"card_choices":[{"not_picked":["champ:Backstep","champ:EnGarde"],"picked":"champ:CrownThrow","floor":2},{"not_picked":["champ:SetATrap","champ:PerfectedStrike"],"picked":"champ:Lariat","floor":3},{"not_picked":["champ:FanOfKnives","champ:Haymaker"],"picked":"champ:VampiricStrike","floor":5},{"not_picked":["champ:Circumvent","champ:Haymaker"],"picked":"champ:IronFortress","floor":6},{"not_picked":["champ:Haymaker","champ:ShieldSigil"],"picked":"champ:CrownThrow","floor":8},{"not_picked":["champ:Backstep","champ:TornadoPunch"],"picked":"champ:BerserkersShout","floor":11},{"not_picked":["champ:AdrenalArmor","champ:BladeFlurry"],"picked":"champ:EnchantCrown","floor":13},{"not_picked":["champ:EnGarde","champ:FlashCut"],"picked":"champ:EnchantCrown","floor":14},{"not_picked":["champ:CrownThrow","champ:TornadoPunch"],"picked":"champ:SetATrap","floor":15},{"not_picked":["champ:EnchantSword","champ:HeavySlash"],"picked":"champ:CheapShot","floor":16},{"not_picked":["champ:RapidStrikes","champ:DeathBlow"],"picked":"champ:Endure+1","floor":19},{"not_picked":["champ:SkillfulDodge","champ:Shatter"],"picked":"champ:RecklessLeap+1","floor":20}],"player_experience":2623392,"relics_obtained":[{"floor":7,"key":"aspiration:StickyExplosives"}],"event_choices":[{"cards_removed":["Atom Bomb"],"damage_healed":0,"gold_gain":0,"player_choice":"Wisdom","damage_taken":0,"max_hp_gain":0,"max_hp_loss":0,"event_name":"Menagerie:CloudVision","floor":9,"gold_loss":0},{"damage_healed":0,"gold_gain":0,"player_choice":"Fight","damage_taken":0,"max_hp_gain":0,"max_hp_loss":0,"event_name":"Elementarium:FireSanctum","floor":21,"gold_loss":0},{"damage_healed":0,"gold_gain":0,"player_choice":"Confrontation","damage_taken":0,"max_hp_gain":0,"max_hp_loss":0,"event_name":"Elementarium:FireSanctum","floor":21,"gold_loss":0}],"is_beta":false,"boss_relics":[{"not_picked":["Replay:Wanted Poster","Sozu"],"picked":"SlaversCollar"}],"items_purged_floors":[],"is_endless":false,"potions_floor_spawned":[5,13,16,21],"killed_by":"Elementarium:FIRE_SANCTUM_FIRELORD","ascension_level":2}}