{"host":"uoq8e77duj6rs50g","time":1611793967,"event":{"mods":["BaseMod","Better Altar","Better Match","Better Note","Better Sensory Stone","Better Skull","Better Third Choice","BetterRewards","Block Reminder","ChefMod","Curses Come First","Hermit","Hubris","Ironclad Rager","Minty Spire (QoL Compilation)","Relic Stats","Replay The Spire","Shade Mod","StSLib","The Blue Laboratory","The Cursed","The Dragon Tamer","The Exalted","The Judge","The Marked","The Runesmith","The Servant 0.9.4","TheSwordswoman","Uncapped","WarShipGirlsR/????R mod"],"gold_per_floor":[129,141,217,241,253,265,307,319,331,393,405,431,81,91,91,189,189,202,252,227,246,319,319,52,86,86,98,148,174,174,188,188,284,284,302,652,100,115,133,202,202,234,259,291,291,319,369,438,438,438,438,438,261,292,292],"floor_reached":56,"language":"ENG","playtime":4732,"items_purged":["Strike_S"],"score":1838,"play_id":"632a6bd0-77c4-4225-8449-a52623917307","local_time":"20210127193247","is_ascension_mode":true,"campfire_choices":[{"data":"MoonPhase","floor":6,"key":"SMITH"},{"floor":8,"key":"REST"},{"floor":11,"key":"RECALL"},{"data":"Spin","floor":15,"key":"SMITH"},{"floor":23,"key":"REST"},{"floor":30,"key":"REST"},{"floor":32,"key":"REST"},{"data":"TheWorld","floor":41,"key":"SMITH"},{"data":"DoubleEdge","floor":45,"key":"SMITH"},{"floor":49,"key":"DIG"},{"data":"KidneyShot","floor":52,"key":"SMITH"}],"circlet_count":0,"master_deck":["Strike_S","Defend_S","Defend_S","Defend_S","KidneyShot+1","Exchange","Unruled","Potential","MoonPhase+1","TimeTheft","Spin+1","DoubleEdge+1","Sabotage+1","FloweringNight+1","Alleviate","FastForward+1","Rearm","ShatteredReality","GearUp+1","Shuttle","Starlight+1","Comet+1","Spin+1","Dilation+1","ReturningBlade","MoonPhase","ReplayTheSpireMod:Necrogeddon+1","TheWorld+1","BestPractice","Ricochet+1","Misdirection+1","Dilation","RealityMarble","SurpressingFire"],"relics":["Uniform","MawBank","SsserpentHead","Pear","Runesmith:Nanobots","hubris:CuriousFeather","Painkiller Herb","betterThird:NestCultRelic","Blue Doll","hubris:PeanutButter","TungstenRod","Potion Belt","Durian","hubris:Backtick","blazmod:UnsignedBlade","Guide Book","Whetstone","Strawberry","Oddly Smooth Stone","Bromod:ArcaneAwakening","Blood Vial","Bird Faced Urn","Lee\u0027s Waffle","Nunchaku"],"acts_visited":["Exordium","TheCity","TheBeyond","TheEnding"],"potions_floor_usage":[7,18,29,40,50,50,50],"damage_taken":[{"damage":2,"enemies":"Jaw Worm","floor":1,"turns":4},{"damage":0,"enemies":"Cultist","floor":3,"turns":3},{"damage":0,"enemies":"Small Slimes","floor":4,"turns":3},{"damage":29,"enemies":"Lagavulin","floor":7,"turns":8},{"damage":7,"enemies":"Exordium Wildlife","floor":12,"turns":3},{"damage":4,"enemies":"Looter","floor":14,"turns":2},{"damage":30,"enemies":"The Guardian","floor":16,"turns":10},{"damage":12,"enemies":"2 Thieves","floor":18,"turns":4},{"damage":22,"enemies":"Spheric Guardian","floor":21,"turns":4},{"damage":29,"enemies":"Book of Stabbing","floor":25,"turns":5},{"damage":16,"enemies":"Snecko","floor":27,"turns":6},{"damage":16,"enemies":"Gremlin Leader","floor":29,"turns":6},{"damage":3,"enemies":"Chosen and Byrds","floor":31,"turns":6},{"damage":3,"enemies":"Pondfish","floor":33,"turns":7},{"damage":0,"enemies":"3 Shapes","floor":35,"turns":3},{"damage":3,"enemies":"3 Darklings","floor":38,"turns":5},{"damage":0,"enemies":"Spire Growth","floor":39,"turns":4},{"damage":0,"enemies":"Transient","floor":40,"turns":5},{"damage":0,"enemies":"R_Hoarder","floor":42,"turns":5},{"damage":0,"enemies":"Nemesis","floor":44,"turns":7},{"damage":0,"enemies":"Reptomancer","floor":46,"turns":5},{"damage":0,"enemies":"Sphere and 2 Shapes","floor":48,"turns":5},{"damage":0,"enemies":"hubris:GrandSnecko","floor":50,"turns":8},{"damage":0,"enemies":"Shield and Spear","floor":54,"turns":5},{"damage":0,"enemies":"The Heart","floor":55,"turns":8}],"seed_played":"2540181835666192309","potions_obtained":[{"floor":1,"key":"blueLaboratory:AbyssPotion"},{"floor":4,"key":"SneckoOil"},{"floor":14,"key":"SpeedPotion"},{"floor":25,"key":"Explosive Potion"},{"floor":29,"key":"BlessingOfTheForge"},{"floor":39,"key":"LifebloodPotion"},{"floor":42,"key":"PowerPotion"},{"floor":44,"key":"blueLaboratory:HorrorPotion"}],"is_trial":false,"path_per_floor":["M","?","M","M","?","R","E","R","T","T","R","M","$","M","R","B",null,"?","?","?","?","T","T","T","E","T","?","?","E","T","?","T","B",null,"?","?","T","?","?","?","T","E","T","E","T","E","?","?","T","B",null,"T","T","E","B",null],"character_chosen":"THE_SERVANT","items_purchased":["hubris:CuriousFeather","DoubleEdge","hubris:PeanutButter","Rearm","MoonPhase","Guide Book","Whetstone","ReplayTheSpireMod:Necrogeddon+1","LiquidBronze","Lee\u0027s Waffle","RealityMarble"],"campfire_rested":4,"item_purchase_floors":[13,13,24,24,37,37,37,37,37,53,53],"current_hp_per_floor":[63,63,63,63,63,63,44,66,66,66,66,59,59,55,55,25,75,63,63,63,41,41,63,63,34,34,18,18,7,31,28,52,49,80,80,80,80,77,77,77,77,87,87,87,87,87,72,74,74,87,87,87,94,94,94],"gold":292,"neow_bonus":"RANDOM_COMMON_RELIC","is_daily":false,"chose_seed":false,"campfire_upgraded":5,"win_rate":0.0,"timestamp":1611793967,"path_taken":["M","?","?","M","?","R","E","R","T","?","R","M","$","M","R","BOSS","?","?","?","?","?","T","T","E","T","?","?","E","T","?","T","BOSS","?","?","?","?","?","?","T","E","T","E","T","E","?","?","T","BOSS","T","T","E","BOSS"],"items_purchased_type":["Relic","Card","Relic","Card","Card","Relic","Relic","Card","Potion","Relic","Card"],"build_version":"2020-12-22","purchased_purges":1,"victory":true,"max_hp_per_floor":[65,65,65,65,65,65,75,75,75,75,75,75,75,75,75,75,75,75,75,75,75,75,75,75,75,75,75,75,80,80,80,80,80,80,80,80,80,80,80,80,80,87,87,87,87,87,87,87,87,87,87,87,94,94,94],"relic_stats":{"Blood Vial":4,"SsserpentHead":600,"Lee\u0027s Waffle":7,"Nunchaku":[2],"counters":[25,131],"Bird Faced Urn":[11],"Whetstone":["Starlight","Sabotage"],"MawBank":156,"obtain_stats":[{"Potion Belt":26,"Runesmith:Nanobots":9,"Lee\u0027s Waffle":53,"Pear":7,"Guide Book":37,"Oddly Smooth Stone":43,"Painkiller Herb":17,"Blue Doll":22,"betterThird:NestCultRelic":19,"Uniform":0,"Whetstone":37,"MawBank":0,"Bromod:ArcaneAwakening":46,"Blood Vial":47,"SsserpentHead":2,"Nunchaku":54,"hubris:Backtick":34,"blazmod:UnsignedBlade":34,"Strawberry":42,"Bird Faced Urn":49,"hubris:PeanutButter":24,"hubris:CuriousFeather":13,"Durian":29,"TungstenRod":25},{"Potion Belt":10,"Runesmith:Nanobots":4,"Lee\u0027s Waffle":23,"Pear":4,"Guide Book":15,"Oddly Smooth Stone":19,"Painkiller Herb":7,"Blue Doll":9,"betterThird:NestCultRelic":8,"Uniform":0,"Whetstone":15,"MawBank":0,"Bromod:ArcaneAwakening":21,"Blood Vial":21,"SsserpentHead":1,"Nunchaku":24,"hubris:Backtick":14,"blazmod:UnsignedBlade":14,"Strawberry":19,"Bird Faced Urn":22,"hubris:PeanutButter":9,"hubris:CuriousFeather":5,"Durian":12,"TungstenRod":10},{"Potion Belt":46,"Runesmith:Nanobots":18,"Lee\u0027s Waffle":118,"Pear":18,"Guide Book":74,"Oddly Smooth Stone":93,"Painkiller Herb":33,"Blue Doll":41,"betterThird:NestCultRelic":37,"Uniform":0,"Whetstone":74,"MawBank":0,"Bromod:ArcaneAwakening":105,"Blood Vial":105,"SsserpentHead":4,"Nunchaku":123,"hubris:Backtick":71,"blazmod:UnsignedBlade":71,"Strawberry":93,"Bird Faced Urn":110,"hubris:PeanutButter":41,"hubris:CuriousFeather":21,"Durian":58,"TungstenRod":46}],"TungstenRod":14},"card_choices":[{"not_picked":["Manipulate","Shuttle"],"picked":"Unruled","floor":1},{"not_picked":["Unruled","Barrier"],"picked":"Potential","floor":3},{"not_picked":["ShatteredReality","InstantArmor"],"picked":"MoonPhase","floor":4},{"not_picked":["Deadline","RealityMarble"],"picked":"TimeTheft","floor":7},{"not_picked":["Contraction","Defy"],"picked":"Spin","floor":12},{"not_picked":["Spin","Starlight"],"picked":"Sabotage","floor":14},{"not_picked":["SoulSculpture","LightFlow"],"picked":"FloweringNight","floor":16},{"not_picked":["Rewind","Rearm+1"],"picked":"Alleviate","floor":18},{"not_picked":["Alleviate+1","Replace"],"picked":"FastForward+1","floor":21},{"not_picked":["Shuttle+1","Initiator"],"picked":"ShatteredReality","floor":25},{"not_picked":["Manipulate+1","Spin"],"picked":"GearUp+1","floor":27},{"not_picked":["Rearm","Unruled"],"picked":"Comet+1","floor":29},{"not_picked":["Replace","DoubleEdge"],"picked":"Spin+1","floor":31},{"not_picked":["Duplication","FloweringNight"],"picked":"Dilation","floor":33},{"not_picked":["Starlight","ShatteredReality"],"picked":"ReturningBlade","floor":35},{"not_picked":["Unruled","ReturningBlade"],"picked":"TheWorld","floor":38},{"not_picked":["Manipulate","Rearm+1"],"picked":"BestPractice","floor":39},{"not_picked":["Starlight","DualDimension","WasteNot"],"picked":"SKIP","floor":40},{"not_picked":["Rearm+1","Gouge"],"picked":"Ricochet+1","floor":42},{"not_picked":["Duplication","Read"],"picked":"Misdirection+1","floor":44},{"not_picked":["WasteNot+1","Ricochet+1"],"picked":"Dilation","floor":46},{"not_picked":["Rewind+1","Alleviate+1","ShatteredReality+1"],"picked":"SKIP","floor":48},{"not_picked":["TimeWarp","Shuttle+1"],"picked":"SurpressingFire","floor":54}],"player_experience":432703,"relics_obtained":[{"floor":7,"key":"Pear"},{"floor":9,"key":"Runesmith:Nanobots"},{"floor":22,"key":"Blue Doll"},{"floor":25,"key":"TungstenRod"},{"floor":26,"key":"Potion Belt"},{"floor":29,"key":"Durian"},{"floor":42,"key":"Strawberry"},{"floor":43,"key":"Oddly Smooth Stone"},{"floor":46,"key":"Bromod:ArcaneAwakening"},{"floor":49,"key":"Bird Faced Urn"},{"floor":54,"key":"Nunchaku"}],"event_choices":[{"damage_healed":0,"gold_gain":0,"player_choice":"Trade","damage_taken":0,"relics_obtained":["SsserpentHead"],"max_hp_gain":0,"max_hp_loss":0,"event_name":"FaceTrader","floor":2,"gold_loss":0},{"cards_removed":["Strike_S"],"damage_healed":0,"gold_gain":0,"player_choice":"Card Removal","damage_taken":0,"max_hp_gain":0,"max_hp_loss":0,"event_name":"The Cleric","floor":5,"gold_loss":50},{"damage_healed":0,"gold_gain":0,"player_choice":"Madness","damage_taken":0,"relics_obtained":["betterThird:NestCultRelic"],"max_hp_gain":0,"max_hp_loss":0,"event_name":"betterThird:BetterNest","floor":19,"gold_loss":0},{"cards_removed":["Defend_S"],"damage_healed":0,"gold_gain":0,"player_choice":"Gave Gold","damage_taken":0,"max_hp_gain":0,"max_hp_loss":0,"event_name":"Beggar","floor":20,"gold_loss":75},{"damage_healed":0,"gold_gain":0,"cards_transformed":["Rearm","Strike_S"],"player_choice":"Became Test Subject","damage_taken":0,"max_hp_gain":0,"max_hp_loss":0,"event_name":"Drug Dealer","floor":28,"gold_loss":0,"cards_obtained":["Shuttle","Starlight"]},{"damage_healed":0,"gold_gain":300,"player_choice":"Gold","damage_taken":0,"max_hp_gain":0,"max_hp_loss":0,"event_name":"Wheel of Change","floor":36,"gold_loss":0},{"damage_healed":0,"gold_gain":0,"player_choice":"RE ","damage_taken":19,"relics_obtained":["Blood Vial"],"max_hp_gain":0,"max_hp_loss":0,"event_name":"betterSkull:BetterSkull","floor":47,"gold_loss":0,"cards_upgraded":[]}],"is_beta":false,"boss_relics":[{"not_picked":["Calling Bell","Velvet Choker"],"picked":"Painkiller Herb"},{"not_picked":["Runic Dome","Astrolabe"],"picked":"hubris:Backtick"}],"items_purged_floors":[37],"is_endless":false,"potions_floor_spawned":[1,4,14,25,29,39,42,44],"ascension_level":2}}