{"host":"hcg2wesxzfo46upw","time":1611867796,"event":{"mods":["2.2 Compatiblity","AchievementEnabler","Act Like it!","Aspiration","BaseMod","Beaked The Cultist","Clockwork Mod","Conspire","Downfall","Duelist Mod","Elementarium","Gensokyo","GifTheSpireLib","Glutton Mod","Hubris","Infinite Spire","Jedi Mod","Mad Scientist","Minty Spire (QoL Compilation)","Pale of the Ancients","Prisma Mod","Replay The Spire","Spikes Relics","StSLib","Stuff the Spire","The Blackbeard","The Bug Knight","The Construct","The Cursed","The Death Knight","The Disciple","The Jungle","The Necromancer","The Runesmith","Wandering Minibosses"],"gold_per_floor":[99,117,135,135,210,210,210,229,261,280,280,295,295,318,340,360,360],"floor_reached":16,"language":"ENG","playtime":784,"items_purged":[],"score":102,"play_id":"6f9cdf7b-c09d-4452-82c1-a80b433cce47","local_time":"20210128220316","is_ascension_mode":false,"campfire_choices":[{"data":"Detonate_Bones","floor":1,"key":"SMITH"},{"data":"infinitespire:Oblivion","floor":11,"key":"SMITH"},{"data":"Blood_Wake","floor":13,"key":"SMITH"}],"circlet_count":0,"master_deck":["Strike_W","Strike_W","Strike_W","Strike_W","Defend_W","Defend_W","Defend_W","Defend_W","Negative_Energy_Arrows","Bone_Wall","Detonate_Bones+1","Negative_Energy_Javelin","Negative_Energy_Sphere","infinitespire:Oblivion+1","Negative_Energy_Burst","Death_March_Dance","Bone_Shift","Blood_Wake+1","Shade_Step"],"relics":["Vampire_Amulet","hubris:Towel","hubris:KleinBottle","infinitespire:CheckeredPen","Replay:Wax Seal","Replay:Bandana"],"acts_visited":["Exordium"],"potions_floor_usage":[16,16],"damage_taken":[{"damage":1,"enemies":"Jaw Worm","floor":2,"turns":4},{"damage":2,"enemies":"2 Louse","floor":3,"turns":7},{"damage":0,"enemies":"Cultist","floor":8,"turns":3},{"damage":14,"enemies":"Replay:BlueRogue","floor":9,"turns":5},{"damage":3,"enemies":"Looter","floor":10,"turns":3},{"damage":2,"enemies":"Exordium Thugs","floor":12,"turns":2},{"damage":20,"enemies":"Large Slime","floor":15,"turns":6},{"damage":19,"enemies":"Hexaghost","floor":16,"turns":11}],"seed_played":"4166215040858947636","potions_obtained":[{"floor":8,"key":"Explosive Potion"},{"floor":12,"key":"ColorlessPotion"},{"floor":15,"key":"sneckomod:MuddlingPotion"}],"is_trial":false,"path_per_floor":["R","M","M","?","?","$","T","M","E","M","R","M","R","T","M","B"],"character_chosen":"NECROMANCER","items_purchased":["hubris:KleinBottle"],"campfire_rested":0,"item_purchase_floors":[6],"current_hp_per_floor":[75,75,73,73,62,43,43,45,33,32,32,34,34,34,16,0,0],"gold":360,"neow_bonus":"ONE_RANDOM_RARE_CARD","is_daily":false,"chose_seed":false,"campfire_upgraded":3,"win_rate":0.0,"timestamp":1611867796,"path_taken":["R","M","M","?","?","?","T","M","E","M","R","M","R","?","M","BOSS"],"items_purchased_type":["Relic"],"build_version":"2020-12-22","purchased_purges":0,"victory":false,"max_hp_per_floor":[75,75,75,75,75,75,75,75,75,75,75,75,75,75,75,75,75],"card_choices":[{"not_picked":["Violent_Necrosis","Summon_Lich"],"picked":"Negative_Energy_Javelin","floor":2},{"not_picked":["Shackles_Of_Pain","Consume_Illness"],"picked":"Negative_Energy_Sphere","floor":3},{"not_picked":["infinitespire:Execution","infinitespire:Punishment"],"picked":"infinitespire:Oblivion","floor":6},{"not_picked":["Spectral_Walk","Necrotic_Claws"],"picked":"Negative_Energy_Burst","floor":8},{"not_picked":["Bones_to_Steel","Blood_Curse"],"picked":"Death_March_Dance","floor":9},{"not_picked":["Blood_Curse","Bone_Bullets"],"picked":"Bone_Shift","floor":10},{"not_picked":["Scare","Negative_Energy_Shield"],"picked":"Blood_Wake","floor":12},{"not_picked":["Death_Coil","Consume_Illness"],"picked":"Shade_Step","floor":15}],"player_experience":221945,"relics_obtained":[{"floor":7,"key":"infinitespire:CheckeredPen"},{"floor":9,"key":"Replay:Wax Seal"},{"floor":14,"key":"Replay:Bandana"}],"event_choices":[{"damage_healed":0,"gold_gain":75,"player_choice":"Gather Gold","damage_taken":11,"max_hp_gain":0,"max_hp_loss":0,"event_name":"World of Goop","floor":5,"gold_loss":0}],"is_beta":false,"boss_relics":[],"items_purged_floors":[],"is_endless":false,"potions_floor_spawned":[8,12,15],"killed_by":"Hexaghost","ascension_level":0}}