{"host":"oz0i1fpezyhy8r2h","time":1611821994,"event":{"mods":["ATMod(阿瑾Mod)","Act Like it!","Arknights The Spire","BaseMod","KinomotoSakuraMod(木之本樱)","LagranYue(拉格朗・月)","Minty Spire (QoL Compilation)","StSLib","The Bug Knight","【遗物卡牌】REMEMod"],"gold_per_floor":[110,110,124,140,154,154,168,168,195,214,214,214],"floor_reached":11,"language":"ZHS","playtime":683,"items_purged":[],"score":67,"play_id":"af83770f-bfab-4a6f-a6be-714a1b11386b","local_time":"20210128161954","is_ascension_mode":false,"campfire_choices":[{"data":"LagranYue:SapphirePrayerCard","floor":6.0,"key":"SMITH"},{"data":"LagranYue:AttackTopazCard","floor":8.0,"key":"SMITH"}],"circlet_count":0,"master_deck":["LagranYue:BaseAttackCard","LagranYue:BaseAttackCard","LagranYue:BaseAttackCard","LagranYue:BaseDefendCard","LagranYue:BaseDefendCard","LagranYue:AttackTopazCard+1","LagranYue:SkillBrokenSwordCard","LagranYue:BaseAttackCard","LagranYue:BaseDefendCard","LagranYue:SapphirePrayerCard+1","LagranYue:AttackEnchantmentCard","LagranYue:GoldForgingCard"],"relics":["LagranYue:ArmsProficiencyRelics","AT_ATBox","REME_ComplimentaryCards","LagranYue:RandomDrawCardRelic","LagranYue:MagicReflectiveArmorRelic"],"acts_visited":[],"potions_floor_usage":[11],"damage_taken":[{"damage":2.0,"enemies":"Small Slimes","floor":1.0,"turns":4.0},{"damage":2.0,"enemies":"2 Louse","floor":3.0,"turns":2.0},{"damage":6.0,"enemies":"Cultist","floor":4.0,"turns":3.0},{"damage":5.0,"enemies":"Looter","floor":5.0,"turns":4.0},{"damage":13.0,"enemies":"3 Louse","floor":7.0,"turns":3.0},{"damage":7.0,"enemies":"2 Fungi Beasts","floor":10.0,"turns":5.0},{"damage":20,"enemies":"3 Sentries","floor":11,"turns":4}],"seed_played":"5518897019626371501","potions_obtained":[{"floor":1.0,"key":"DuplicationPotion"},{"floor":4.0,"key":"PowerPotion"},{"floor":5.0,"key":"AttackPotion"}],"is_trial":false,"path_per_floor":["M","?","M","M","M","R","M","R","T","M","E"],"character_chosen":"LagranYueCharacter","items_purchased":[],"campfire_rested":0,"item_purchase_floors":[],"current_hp_per_floor":[80,73,71,65,60,60,47,47,47,40,20,20],"gold":214,"neow_bonus":"TEN_PERCENT_HP_BONUS","is_daily":false,"chose_seed":false,"campfire_upgraded":2,"win_rate":0.0,"timestamp":1611821994,"path_taken":["M","?","M","M","M","R","M","R","T","M","E"],"items_purchased_type":[],"build_version":"2020-12-22","purchased_purges":0,"victory":false,"max_hp_per_floor":[82,82,82,82,82,82,82,82,82,82,82,82],"card_choices":[{"not_picked":["LagranYue:PowerTwelveTrialsCard","LagranYue:EatTigerCard"],"picked":"LagranYue:SapphirePrayerCard","floor":1.0},{"not_picked":["LagranYue:DefendBetterCard","LagranYue:AttackTopazCard","LagranYue:SkillDeathBolgCard"],"picked":"SKIP","floor":3.0},{"not_picked":["LagranYue:AttackRubyCard","LagranYue:SkillIncompleteArchCard","LagranYue:EatTigerCard"],"picked":"SKIP","floor":4.0},{"not_picked":["LagranYue:SkillFalseAerialAceCard","LagranYue:PowerRemoveArmorCard"],"picked":"LagranYue:AttackEnchantmentCard","floor":5.0},{"not_picked":["LagranYue:AttackDevilCard","LagranYue:ForgingCard","LagranYue:AttackEnchantmentCard"],"picked":"SKIP","floor":7.0},{"not_picked":["LagranYue:SkillExplosiveArmorCard","LagranYue:AttackCrowCrossbowCard"],"picked":"LagranYue:GoldForgingCard","floor":10.0}],"player_experience":101023,"relics_obtained":[{"floor":9.0,"key":"LagranYue:MagicReflectiveArmorRelic"}],"event_choices":[{"cards_removed":["LagranYue:BaseDefendCard"],"damage_healed":0.0,"max_hp_gain":0.0,"max_hp_loss":0.0,"gold_gain":0.0,"event_name":"Golden Wing","player_choice":"Card Removal","floor":2.0,"gold_loss":0.0,"damage_taken":7.0}],"is_beta":false,"boss_relics":[],"items_purged_floors":[],"is_endless":false,"potions_floor_spawned":[1,4,5],"killed_by":"3 Sentries","ascension_level":0}}