{"host":"uvmuduost5bzvojs","time":1611871794,"event":{"mods":["Aspiration","Bard","BaseMod","Better Match","Block Reminder","Conspire","Hermit","Highlight Path","Hubris","Infinite Spire","Jorbs\u0027s Wanderer Trilogy","Mad Scientist","Marisa????????","Mimic Mod","Minty Spire (QoL Compilation)","Potionbrewer","Replay The Spire","Robot Space Explorer","StSLib","The Blackbeard","The Construct","The Cursed","The Disciple","The Hayseed","The Hierophant","The Juggle","The Jungle","The Poker Player","The Runesmith","The Servant 0.9.4","The Spell Scribe","The Valiant","TheBandit"],"gold_per_floor":[118,50,100,117,117,117,132,203,203,203,203],"floor_reached":10,"language":"ENG","playtime":297,"items_purged":[],"score":56,"play_id":"5549302d-43a4-4e19-ba63-ec237afe2b4c","local_time":"20210128170954","is_ascension_mode":false,"campfire_choices":[{"data":"infinitespire:Gouge","floor":6,"key":"SMITH"}],"circlet_count":0,"master_deck":["Strike_G","Strike_G","Strike_G","Strike_G","Strike_G","Defend_G","Defend_G","Defend_G","Defend_G","Defend_G","Survivor","Neutralize","Poisoned Stab","All Out Attack","ReplayTheSpireMod:IOU","Catalyst","ReplayTheSpireMod:IOU","Replay:Sluggish","infinitespire:Gouge+1","Prepared","ReplayTheSpireMod:Splinters","hubris:Envy","Backflip","Calculated Gamble"],"relics":["Ring of the Snake","Ring of Greed","MealTicket","infinitespire:Midas Blood","Ring of Misfortune","Toy Ornithopter","infinitespire:EmpoweringShard"],"acts_visited":["Exordium"],"potions_floor_usage":[],"damage_taken":[{"damage":0,"enemies":"Small Slimes","floor":1,"turns":3},{"damage":0,"enemies":"2 Louse","floor":4,"turns":2},{"damage":0,"enemies":"Jaw Worm","floor":7,"turns":3},{"damage":0,"enemies":"Lagavulin","floor":10,"turns":2}],"seed_played":"-1869193932634950596","potions_obtained":[{"floor":1,"key":"potionbrewer:EndurancePotion"},{"floor":4,"key":"potionbrewer:AcidPotion"},{"floor":7,"key":"Venom Potion"}],"is_trial":false,"path_per_floor":["M","$","?","M","?","R","M","?","T","E"],"character_chosen":"THE_SILENT","items_purchased":["All Out Attack"],"campfire_rested":0,"item_purchase_floors":[2],"current_hp_per_floor":[77,77,77,77,77,77,77,77,77,77,77],"gold":203,"neow_bonus":"TEN_PERCENT_HP_BONUS","is_daily":false,"chose_seed":false,"campfire_upgraded":1,"win_rate":0.0,"timestamp":1611871794,"path_taken":["M","$","?","M","?","R","M","?","T","E"],"items_purchased_type":["Card"],"build_version":"2020-12-22","purchased_purges":0,"victory":false,"max_hp_per_floor":[77,77,77,77,77,77,77,77,77,77,77],"card_choices":[{"not_picked":["Expertise","Dash"],"picked":"Poisoned Stab","floor":1},{"not_picked":["ReplayTheSpireMod:Shiv Toss","Terror"],"picked":"Catalyst","floor":4},{"not_picked":["infinitespire:TheBestDefense","hubris:InfiniteBlow+7"],"picked":"infinitespire:Gouge","floor":5},{"not_picked":["Heel Hook","Flying Knee"],"picked":"Prepared","floor":7},{"not_picked":["Riddle With Holes","Outmaneuver"],"picked":"Backflip","floor":8},{"not_picked":["Tactician","Riddle With Holes"],"picked":"Calculated Gamble","floor":8}],"player_experience":1902910,"relics_obtained":[{"floor":3,"key":"Ring of Greed"},{"floor":3,"key":"MealTicket"},{"floor":3,"key":"infinitespire:Midas Blood"},{"floor":3,"key":"Ring of Misfortune"},{"floor":8,"key":"Toy Ornithopter"},{"floor":9,"key":"infinitespire:EmpoweringShard"}],"event_choices":[],"is_beta":false,"boss_relics":[],"items_purged_floors":[],"is_endless":false,"potions_floor_spawned":[1,4,7],"killed_by":"Lagavulin","ascension_level":0}}