{"host":"sav7uxregyirlf69","time":1611818200,"event":{"mods":["AchievementEnabler","BaseMod","Colored Map","DeckTracker","Keyboard Shortcuts","Minty Spire (QoL Compilation)","READ ME - Guardian Mod","StSLib","SuperFastMode"],"gold_per_floor":[110,127,127,142,154,185,185,196,196,471,485,97,97,107,107,107,107],"floor_reached":16,"language":"KOR","playtime":244,"items_purged":["Regret"],"score":258,"play_id":"af25bb31-6382-4530-9fde-ced6479bf78f","local_time":"20210128161640","is_ascension_mode":true,"campfire_choices":[{"data":"Tactician","floor":7,"key":"SMITH"},{"data":"Catalyst","floor":15,"key":"SMITH"}],"circlet_count":0,"master_deck":["AscendersBane","Strike_G","Strike_G","Strike_G","Strike_G","Strike_G","Defend_G","Defend_G","Defend_G","Defend_G","Defend_G","Survivor","Neutralize","Corpse Explosion","Backstab","Dash+1","Backflip","Tactician+1","Crippling Poison","Masterful Stab","Catalyst+1"],"relics":["Ring of the Snake","Orichalcum","Snake Skull","Matryoshka"],"acts_visited":["Exordium"],"potions_floor_usage":[16,16],"damage_taken":[{"damage":4,"enemies":"Cultist","floor":1,"turns":4},{"damage":7,"enemies":"Jaw Worm","floor":2,"turns":3},{"damage":0,"enemies":"Small Slimes","floor":4,"turns":3},{"damage":8,"enemies":"Gremlin Gang","floor":5,"turns":4},{"damage":0,"enemies":"3 Sentries","floor":6,"turns":3},{"damage":3,"enemies":"Looter","floor":8,"turns":3},{"damage":7,"enemies":"Blue Slaver","floor":11,"turns":4},{"damage":0,"enemies":"2 Fungi Beasts","floor":14,"turns":3},{"damage":23,"enemies":"Slime Boss","floor":16,"turns":6}],"seed_played":"883385019469438815","potions_obtained":[{"floor":4,"key":"EssenceOfSteel"},{"floor":5,"key":"GamblersBrew"},{"floor":14,"key":"Weak Potion"}],"is_trial":false,"path_per_floor":["M","M","?","M","M","E","R","M","T","?","M","$","?","M","R","B"],"character_chosen":"THE_SILENT","items_purchased":["Catalyst","Matryoshka"],"campfire_rested":0,"item_purchase_floors":[12,12],"current_hp_per_floor":[40,33,33,33,25,25,25,22,22,22,15,15,15,15,15,0,0],"gold":107,"neow_bonus":"THREE_RARE_CARDS","is_daily":false,"chose_seed":false,"campfire_upgraded":2,"win_rate":0.0,"timestamp":1611818200,"path_taken":["M","?","?","M","?","E","R","M","T","?","?","$","?","M","R","BOSS"],"items_purchased_type":["Card","Relic"],"build_version":"2020-12-22","purchased_purges":1,"victory":false,"max_hp_per_floor":[66,66,66,66,66,66,66,66,66,66,66,66,66,66,66,66,66],"card_choices":[{"not_picked":["Burst","After Image"],"picked":"Corpse Explosion","floor":0},{"not_picked":["Quick Slash","Escape Plan"],"picked":"Backstab","floor":1},{"not_picked":["Accuracy","Quick Slash"],"picked":"Dash","floor":2},{"not_picked":["Acrobatics","Skewer"],"picked":"Backflip","floor":4},{"not_picked":["Outmaneuver","Underhanded Strike"],"picked":"Tactician","floor":5},{"not_picked":["Acrobatics","Dagger Throw"],"picked":"Crippling Poison","floor":6},{"not_picked":["Outmaneuver","Expertise"],"picked":"Masterful Stab","floor":8},{"not_picked":["Flying Knee","Choke","Dodge and Roll"],"picked":"SKIP","floor":11},{"not_picked":["Flying Knee","Deflect","Sucker Punch"],"picked":"SKIP","floor":14}],"player_experience":1414052,"relics_obtained":[{"floor":6,"key":"Orichalcum"},{"floor":9,"key":"Snake Skull"}],"event_choices":[{"damage_healed":0,"gold_gain":0,"player_choice":"Upgraded","damage_taken":0,"max_hp_gain":0,"max_hp_loss":0,"event_name":"Upgrade Shrine","floor":3,"gold_loss":0,"cards_upgraded":["Dash"]},{"damage_healed":0,"gold_gain":275,"player_choice":"Desecrate","damage_taken":0,"max_hp_gain":0,"max_hp_loss":0,"event_name":"Golden Shrine","floor":10,"gold_loss":0,"cards_obtained":["Regret"]},{"damage_healed":0,"gold_gain":0,"player_choice":"Ignored","damage_taken":0,"max_hp_gain":0,"max_hp_loss":0,"event_name":"Shining Light","floor":13,"gold_loss":0}],"is_beta":false,"boss_relics":[],"items_purged_floors":[12],"is_endless":false,"potions_floor_spawned":[4,5,11,14],"killed_by":"Slime Boss","ascension_level":20}}