{"host":"opyh6vr790e42ffe","time":1611794858,"event":{"mods":["BaseMod","Bestiary","Colored Map","Downfall","Highlight Path","Minty Spire (QoL Compilation)","Relic Stats","StSLib"],"gold_per_floor":[99,112,112,36,46,46,46,64,49,49,66,91,91,106,117,117,117],"floor_reached":16,"language":"ENG","playtime":1134,"items_purged":[],"score":102,"play_id":"9574f9f8-bed5-464b-8049-a81b91e70a45","local_time":"20210127164737","is_ascension_mode":false,"campfire_choices":[{"floor":1,"key":"RECALL"},{"data":"sneckomod:Strike","floor":10,"key":"PURGE"},{"floor":13,"key":"REST"}],"circlet_count":0,"master_deck":["sneckomod:Strike+1","sneckomod:Strike","sneckomod:Defend","sneckomod:Defend","sneckomod:Defend","sneckomod:TailWhip","sneckomod:SnekBite","sneckomod:DefensiveFlair+1","downfall:Malfunctioning","sneckomod:UnendingSupply","Guardian:StasisEngine","sneckomod:UnknownDexterity","TalkToTheHand+1","sneckomod:Rotation","sneckomod:Nope","sneckomod:Nope","sneckomod:MorePower","sneckomod:UnknownBoss","sneckomod:UnknownBlock","sneckomod:Unknown0Cost","sneckomod:UnknownDexterity"],"relics":["sneckomod:SneckoSoul","WingedGreaves","Peace Pipe","Oddly Smooth Stone"],"acts_visited":["Exordium"],"potions_floor_usage":[12,16],"damage_taken":[{"damage":7,"enemies":"Jaw Worm","floor":2,"turns":4},{"damage":1,"enemies":"downfall:FleeingMerchant","floor":4,"turns":4},{"damage":15,"enemies":"Small Slimes","floor":5,"turns":5},{"damage":6,"enemies":"2 Louse","floor":8,"turns":4},{"damage":9,"enemies":"downfall:FleeingMerchant","floor":9,"turns":4},{"damage":12,"enemies":"Blue Slaver","floor":11,"turns":5},{"damage":22,"enemies":"Gremlin Nob","floor":12,"turns":5},{"damage":9,"enemies":"2 Fungi Beasts","floor":14,"turns":4},{"damage":9,"enemies":"Large Slime","floor":15,"turns":8},{"damage":16,"enemies":"SI_SHIV_ARCHETYPE","floor":16,"turns":7}],"seed_played":"-8862305035634510197","potions_obtained":[{"floor":8,"key":"AttackPotion"},{"floor":11,"key":"sneckomod:MuddlingPotion"},{"floor":12,"key":"DistilledChaos"},{"floor":14,"key":"GamblersBrew"}],"is_trial":false,"path_per_floor":["R","M","?","$","M","R","T","M","$","R","M","E","R","M","M","B"],"character_chosen":"THE_SNECKO","items_purchased":["sneckomod:UnendingSupply"],"campfire_rested":1,"item_purchase_floors":[4],"current_hp_per_floor":[81,74,74,73,58,58,58,52,43,43,31,9,33,24,15,0,0,0],"gold":117,"neow_bonus":"ONE_RARE_RELIC","is_daily":false,"chose_seed":false,"campfire_upgraded":0,"win_rate":0.0,"timestamp":1611794857,"path_taken":["R","M","?","$","M","R","T","M","$","R","M","E","R","M","M","BOSS"],"items_purchased_type":["Card"],"build_version":"2020-12-22","purchased_purges":0,"victory":false,"max_hp_per_floor":[81,81,81,81,81,81,81,81,81,81,81,81,81,81,81,81,81,81],"relic_stats":{"Peace Pipe":1,"counters":[10,50],"obtain_stats":[{"Peace Pipe":7,"Oddly Smooth Stone":12,"WingedGreaves":0,"sneckomod:SneckoSoul":0},{"Peace Pipe":3,"Oddly Smooth Stone":7,"WingedGreaves":0,"sneckomod:SneckoSoul":0},{"Peace Pipe":13,"Oddly Smooth Stone":31,"WingedGreaves":0,"sneckomod:SneckoSoul":0}]},"card_choices":[{"not_picked":["sneckomod:SoulRoll","sneckomod:DiceCrush"],"picked":"sneckomod:DefensiveFlair","floor":2},{"not_picked":["sneckomod:SnekBeam","sneckomod:UnknownDraw"],"picked":"sneckomod:Memorize","floor":4},{"not_picked":["sneckomod:Rotation","sneckomod:SoulDraw"],"picked":"sneckomod:UnknownDexterity","floor":5},{"not_picked":["sneckomod:UnknownDraw","sneckomod:DefensiveFlair"],"picked":"sneckomod:Rotation","floor":8},{"not_picked":["sneckomod:UnknownCommonAttack","sneckomod:UnknownCommonSkill"],"picked":"sneckomod:Nope","floor":9},{"not_picked":["sneckomod:SnekBeam","sneckomod:RainOfDice"],"picked":"sneckomod:Nope","floor":11},{"not_picked":["sneckomod:IronFang","sneckomod:DiceCrush"],"picked":"sneckomod:MorePower","floor":12},{"not_picked":["sneckomod:UnknownUncommonAttack","sneckomod:UnknownCommonAttack"],"picked":"sneckomod:UnknownBoss","floor":14},{"not_picked":["sneckomod:Unknown1Cost","sneckomod:DiceBlock"],"picked":"sneckomod:UnknownBlock","floor":14},{"not_picked":["sneckomod:UnknownUncommonPower","sneckomod:QuickMove"],"picked":"sneckomod:Unknown0Cost","floor":15},{"not_picked":["sneckomod:DiceCrush","sneckomod:UnendingSupply"],"picked":"sneckomod:UnknownDexterity","floor":15}],"player_experience":2673603,"relics_obtained":[{"floor":7,"key":"Peace Pipe"},{"floor":12,"key":"Oddly Smooth Stone"}],"event_choices":[],"is_beta":false,"boss_relics":[],"items_purged_floors":[],"is_endless":false,"potions_floor_spawned":[8,11,12,14,15],"killed_by":"SI_SHIV_ARCHETYPE","ascension_level":0}}