{"host":"h1qktzcccqnez8tx","time":1611834660,"event":{"mods":["AchievementEnabler","BaseMod","Bestiary","Better Note","Block Reminder","Colored Map","Colored Powertips","Curses Come First","Downfall","Highlight Path","Minty Spire (QoL Compilation)","Permanent Neow","Quick Restart","Relic Stats","StSLib","UnlockEverythingMod"],"gold_per_floor":[113,125,125,141,154,154,181,181,41,52,80,99,112,127,127,231,231,246,246,246,260,260,260,260,273,40,50,68,68,68,68],"floor_reached":29,"language":"ENG","playtime":1584,"items_purged":["Guardian:Strike_Guardian"],"score":291,"play_id":"a869181b-ea9e-48a2-a06e-adf20376a49e","local_time":"20210128125100","is_ascension_mode":true,"campfire_choices":[{"data":"Guardian:TwinSlam","floor":6,"key":"SMITH"},{"data":"Guardian:PrimingBeam","floor":8,"key":"SMITH"},{"floor":15,"key":"REST"}],"circlet_count":0,"master_deck":["Guardian:Strike_Guardian","Guardian:Strike_Guardian","Guardian:Strike_Guardian","Guardian:Defend_Guardian","Guardian:Defend_Guardian","Guardian:Defend_Guardian","Guardian:Defend_Guardian","Guardian:CurlUp","Guardian:TwinSlam+1","Guardian:FuturePlans","Guardian:PrimingBeam+1","Guardian:EvasiveProtocol","Guardian:TimeBomb","Guardian:Orbwalk","Guardian:PrimingBeam","Guardian:TemporalStrike","Guardian:ChargeCore","Guardian:Planning","Guardian:ChargeUp","Guardian:PrimingBeam","Guardian:Gem_Orange","Guardian:PrimingBeam","Guardian:Gem_Red","Guardian:TimeCapacitor","downfall:Icky","Guardian:Gem_Blue","Guardian:Suspension+1","Guardian:BronzeOrb","Guardian:ChargeCore+1"],"relics":["Guardian:ModeShifter","Centennial Puzzle","Strawberry","Lantern","Cursed Key","Nilry\u0027s Codex","Bottled Tornado","ClockworkSouvenir"],"acts_visited":["Exordium","TheCity"],"potions_floor_usage":[27,28,28],"damage_taken":[{"damage":3.0,"enemies":"Jaw Worm","floor":1.0,"turns":4.0},{"damage":3.0,"enemies":"Small Slimes","floor":2.0,"turns":5.0},{"damage":6.0,"enemies":"Cultist","floor":4.0,"turns":4.0},{"damage":12,"enemies":"Exordium Wildlife","floor":5,"turns":5},{"damage":5,"enemies":"downfall:FleeingMerchant","floor":9,"turns":4},{"damage":1,"enemies":"2 Fungi Beasts","floor":10,"turns":4},{"damage":20,"enemies":"Lagavulin","floor":11,"turns":5},{"damage":8,"enemies":"3 Louse","floor":12,"turns":3},{"damage":10,"enemies":"Gremlin Gang","floor":13,"turns":4},{"damage":8,"enemies":"Blue Slaver","floor":14,"turns":4},{"damage":13,"enemies":"IC_STATUS_ARCHETYPE","floor":16,"turns":10},{"damage":4,"enemies":"Shell Parasite","floor":18,"turns":4},{"damage":6,"enemies":"Spheric Guardian","floor":21,"turns":4},{"damage":19,"enemies":"Snake Plant","floor":25,"turns":5},{"damage":5,"enemies":"downfall:FleeingMerchant","floor":26,"turns":4},{"damage":2,"enemies":"Cultist and Chosen","floor":27,"turns":6},{"damage":9,"enemies":"Shelled Parasite and Fungi","floor":28,"turns":5},{"damage":12,"enemies":"3 Cultists","floor":29,"turns":2}],"seed_played":"6639045772416251918","potions_obtained":[{"floor":1.0,"key":"champ:CounterPotion"},{"floor":2.0,"key":"Dexterity Potion"},{"floor":13,"key":"Explosive Potion"},{"floor":27,"key":"champ:CounterPotion"}],"is_trial":false,"path_per_floor":["M","M","?","M","M","R","T","R","$","M","E","M","M","M","R","B",null,"M","?","?","M","?","?","T","M","$","M","M","M"],"character_chosen":"GUARDIAN","items_purchased":["Guardian:PrimingBeam","Guardian:BronzeOrb","ClockworkSouvenir"],"campfire_rested":1,"item_purchase_floors":[9,26,26],"current_hp_per_floor":[77,74,74,68,56,56,63,63,58,57,37,29,19,11,37,24,87,83,66,66,60,44,44,44,25,20,18,9,0,0,0],"gold":68,"neow_bonus":"RANDOM_COMMON_RELIC","is_daily":false,"chose_seed":false,"campfire_upgraded":2,"win_rate":0.0,"timestamp":1611834660,"path_taken":["M","M","?","M","M","R","T","R","$","M","E","M","M","M","R","BOSS","M","?","?","?","?","?","T","M","$","M","M","M"],"items_purchased_type":["Card","Card","Relic"],"build_version":"2020-12-22","purchased_purges":1,"victory":false,"max_hp_per_floor":[80,80,80,80,80,80,87,87,87,87,87,87,87,87,87,87,87,87,92,92,92,92,92,92,92,92,92,92,92,92,92],"relic_stats":{"Centennial Puzzle":[54],"counters":[18,80],"Cursed Key":1,"obtain_stats":[{"Centennial Puzzle":0,"Lantern":11,"Nilry\u0027s Codex":22,"Strawberry":7,"Guardian:ModeShifter":0,"Bottled Tornado":24,"Cursed Key":17,"ClockworkSouvenir":26},{"Centennial Puzzle":0,"Lantern":7,"Nilry\u0027s Codex":13,"Strawberry":4,"Guardian:ModeShifter":0,"Bottled Tornado":13,"Cursed Key":11,"ClockworkSouvenir":15},{"Centennial Puzzle":0,"Lantern":30,"Nilry\u0027s Codex":58,"Strawberry":18,"Guardian:ModeShifter":0,"Bottled Tornado":58,"Cursed Key":50,"ClockworkSouvenir":67}]},"card_choices":[{"not_picked":["Guardian:TemporalShield","Guardian:PolyBeam"],"picked":"Guardian:FuturePlans","floor":1.0},{"not_picked":["Guardian:CrystalBeam","Guardian:Suspension"],"picked":"Guardian:PrimingBeam","floor":2.0},{"not_picked":["Guardian:Gem_Lightblue","Guardian:Gem_Red"],"picked":"Guardian:EvasiveProtocol","floor":4.0},{"not_picked":["Guardian:Gem_Lightblue","Guardian:TemporalStrike"],"picked":"Guardian:TimeBomb","floor":5},{"not_picked":["Guardian:TemporalShield","Guardian:WalkerClaw"],"picked":"Guardian:Orbwalk","floor":9},{"not_picked":["Guardian:PrimingBeam","Guardian:WalkerClaw"],"picked":"Guardian:TemporalStrike","floor":10},{"not_picked":["Guardian:StasisStrike","Guardian:Gem_Yellow"],"picked":"Guardian:ChargeCore","floor":11},{"not_picked":["Guardian:FuturePlans","Guardian:MultiBeam"],"picked":"Guardian:Planning","floor":12},{"not_picked":["Guardian:PrimingBeam","Guardian:Gem_Green"],"picked":"Guardian:ChargeUp","floor":13},{"not_picked":["Guardian:TemporalStrike","Guardian:Planning"],"picked":"Guardian:PrimingBeam","floor":14},{"not_picked":["Guardian:StasisEngine","Guardian:GemFinder"],"picked":"Guardian:Gem_Orange","floor":16},{"not_picked":["Guardian:SentryBeam+1","Guardian:PrismaticBeam"],"picked":"Guardian:PrimingBeam","floor":18},{"not_picked":["Guardian:DonusPower","Guardian:Recover"],"picked":"Guardian:TimeCapacitor","floor":21},{"not_picked":["Guardian:PrismaticBeam","Guardian:Gem_Cyan"],"picked":"Guardian:Gem_Blue","floor":25},{"not_picked":["Guardian:Reroute","Guardian:BodySlam"],"picked":"Guardian:Suspension+1","floor":26},{"not_picked":["Guardian:ArmoredProtocol","Guardian:CrystalBeam+1","Guardian:Orbwalk"],"picked":"SKIP","floor":27},{"not_picked":["Guardian:PrismaticBeam","Guardian:PrimingBeam"],"picked":"Guardian:ChargeCore+1","floor":28}],"player_experience":243663,"relics_obtained":[{"floor":7,"key":"Strawberry"},{"floor":11,"key":"Lantern"},{"floor":22,"key":"Nilry\u0027s Codex"},{"floor":24,"key":"Bottled Tornado"}],"event_choices":[],"is_beta":false,"boss_relics":[{"not_picked":["Busted Crown","Empty Cage"],"picked":"Cursed Key"}],"items_purged_floors":[9],"is_endless":false,"potions_floor_spawned":[1,2,13,14,27],"killed_by":"3 Cultists","ascension_level":3}}