{"host":"c52z9ixzgdjttcmx","time":1611875569,"event":{"mods":["BaseMod","Colored Powertips","Downfall","Filter the Spire","Minty Spire (QoL Compilation)","Rare Cards Sparkle","Relic Stats","StSLib"],"gold_per_floor":[99,114,134,153,163,224,251,271,303,316,316,341,341,491,510,510,510,510],"floor_reached":16,"language":"ENG","playtime":2324,"items_purged":[],"score":114,"play_id":"66bb0289-de15-4682-82cf-8f4ca5542dd9","local_time":"20210128171249","is_ascension_mode":false,"campfire_choices":[{"floor":1.0,"key":"REST"},{"floor":11,"key":"REST"},{"floor":13,"key":"REST"}],"circlet_count":0,"master_deck":["champ:Strike","champ:Strike","champ:Strike","champ:Strike","champ:Defend","champ:Defend","champ:Defend","champ:Defend","champ:Taunt","champ:CrownThrow","champ:EnragedBash","champ:PreciseThrust","champ:FlashCut","champ:IronFortress","champ:SkillfulDodge","champ:GladiatorStyle","champ:ShieldSlam","champ:StanceDance","champ:SetATrap","downfall:Icky","champ:FaceSlap"],"relics":["champ:ChampionCrown","Centennial Puzzle","Art of War","Boot","champ:GladiatorsBookOfMartialProwess"],"acts_visited":["Exordium"],"potions_floor_usage":[9,16],"damage_taken":[{"damage":6.0,"enemies":"2 Louse","floor":2.0,"turns":3.0},{"damage":32,"enemies":"Small Slimes","floor":3,"turns":5},{"damage":7,"enemies":"Jaw Worm","floor":4,"turns":4},{"damage":8,"enemies":"Large Slime","floor":5,"turns":6},{"damage":32,"enemies":"Gremlin Nob","floor":6,"turns":5},{"damage":7,"enemies":"3 Louse","floor":8,"turns":4},{"damage":27,"enemies":"Gremlin Nob","floor":9,"turns":5},{"damage":12,"enemies":"2 Fungi Beasts","floor":10,"turns":3},{"damage":22,"enemies":"3 Sentries","floor":12,"turns":8},{"damage":27,"enemies":"Lots of Slimes","floor":15,"turns":5},{"damage":26,"enemies":"DF_ARCHETYPE_STREAMLINE","floor":16,"turns":5}],"seed_played":"8719987899283010774","potions_obtained":[{"floor":4,"key":"SpeedPotion"},{"floor":5,"key":"SteroidPotion"},{"floor":6,"key":"DistilledChaos"},{"floor":9,"key":"Ancient Potion"},{"floor":15,"key":"Swift Potion"}],"is_trial":false,"path_per_floor":["R","M","M","M","M","?","T","M","E","M","R","E","R","?","M","B"],"character_chosen":"THE_CHAMP","items_purchased":[],"campfire_rested":3,"item_purchase_floors":[],"current_hp_per_floor":[90,84,62,60,57,35,35,33,16,9,36,14,41,41,19,0,0,0],"gold":510,"neow_bonus":"TRANSFORM_CARD","is_daily":false,"chose_seed":false,"campfire_upgraded":0,"win_rate":0.0,"timestamp":1611875569,"path_taken":["R","M","M","M","M","?","T","M","E","M","R","E","R","?","M","BOSS"],"items_purchased_type":[],"build_version":"2020-12-22","purchased_purges":0,"victory":false,"max_hp_per_floor":[90,90,90,90,90,90,90,90,90,90,90,90,90,90,90,90,90,90],"relic_stats":{"Centennial Puzzle":[18],"counters":[11,53],"Art of War":[6],"Boot":[5],"obtain_stats":[{"Centennial Puzzle":6,"champ:ChampionCrown":0,"Art of War":7,"Boot":9,"champ:GladiatorsBookOfMartialProwess":12},{"Centennial Puzzle":5,"champ:ChampionCrown":0,"Art of War":5,"Boot":7,"champ:GladiatorsBookOfMartialProwess":9},{"Centennial Puzzle":23,"champ:ChampionCrown":0,"Art of War":23,"Boot":32,"champ:GladiatorsBookOfMartialProwess":43}]},"card_choices":[{"not_picked":["champ:AdrenalArmor","champ:BringItOn"],"picked":"champ:EnragedBash","floor":2.0},{"not_picked":["champ:BladeFlurry","champ:FlashCut"],"picked":"champ:PreciseThrust","floor":3},{"not_picked":["champ:Encircle","champ:RisingSlash"],"picked":"champ:FlashCut","floor":4},{"not_picked":["champ:DefensiveShout","champ:Haymaker"],"picked":"champ:IronFortress","floor":5},{"not_picked":["champ:SetATrap","champ:ViciousMockery"],"picked":"champ:SkillfulDodge","floor":6},{"not_picked":["champ:FocusedDefense","champ:FlashCut"],"picked":"champ:GladiatorStyle","floor":8},{"not_picked":["champ:BladeFlurry","champ:RapidStrikes"],"picked":"champ:ShieldSlam","floor":9},{"not_picked":["champ:DefensiveShout","champ:FocusedDefense"],"picked":"champ:StanceDance","floor":10},{"not_picked":["champ:RapidStrikes","champ:FocusedDefense"],"picked":"champ:SetATrap","floor":12},{"not_picked":["champ:Circumvent","champ:TornadoPunch"],"picked":"champ:FaceSlap","floor":15}],"player_experience":3379642,"relics_obtained":[{"floor":6,"key":"Centennial Puzzle"},{"floor":7,"key":"Art of War"},{"floor":9,"key":"Boot"},{"floor":12,"key":"champ:GladiatorsBookOfMartialProwess"}],"event_choices":[],"is_beta":false,"boss_relics":[],"items_purged_floors":[],"is_endless":false,"potions_floor_spawned":[4,5,6,9,15],"killed_by":"DF_ARCHETYPE_STREAMLINE","ascension_level":0}}