{"host":"gzk4gkgy3zij1c51","time":1611858645,"event":{"mods":["BaseMod","Colored Map","Downfall","Highlight Path","Marked Mod","Minty Spire (QoL Compilation)","Relic Stats","StSLib","everything is the same but u backflip on backflip"],"gold_per_floor":[99,99,99,99,99,99,125,141,141,167,185,204,114,214,234,332,332,132,79,79,95,95,95,95,95,29,60,73,101,101,116,126,225,225,225,117,117,117,129,129,129,162,179,193,93,93,93,23,38,38,38,38,38,38],"floor_reached":52,"language":"ENG","playtime":3207,"items_purged":["Pride"],"score":747,"play_id":"47ff7c5a-1263-475d-abec-1c3e93d46286","local_time":"20210128183045","is_ascension_mode":true,"campfire_choices":[{"floor":1,"key":"RECALL"},{"data":"bronze:BuggyMess","floor":6,"key":"SMITH"},{"data":"bronze:Mutator","floor":18,"key":"SMITH"},{"data":"bronze:Repair","floor":25,"key":"SMITH"},{"data":"bronze:BugBarrage","floor":30,"key":"SMITH"},{"data":"bronze:Verify","floor":35,"key":"SMITH"},{"data":"expansioncontent:StudyTheSpire","floor":40,"key":"SMITH"},{"data":"bronze:Repulsor","floor":45,"key":"SMITH"},{"data":"bronze:Flail","floor":47,"key":"SMITH"}],"circlet_count":0,"master_deck":["bronze:Strike+1","bronze:Defend","bronze:Defend","bronze:Defend","bronze:Replicate","bronze:Goto","bronze:WhirlingStrike","bronze:BuggyMess+1","bronze:ChildClass","bronze:Separator","bronze:Fortify","bronze:Library+1","bronze:FineTuning","bronze:FollowUp","bronze:BurnOut","bronze:Repulsor+1","bronze:DelayedGuard","bronze:Flail+1","bronze:Return","bronze:Mutator+1","bronze:Repair+1","bronze:Shell","bronze:Frontload","Writhe","bronze:WildBeam","bronze:DelayedSlice","bronze:InfiniteLoop","bronze:BugBarrage+1","bronze:ItsAFeature+1","bronze:Terminator+1","bronze:Constructor+1","bronze:Verify+1","bronze:Overheat+1","bronze:ChosenStrike","bronze:Virus","expansioncontent:StudyTheSpire+1","bronze:ForceShield","bronze:FineTuning+1","bronze:Branch","bronze:NullPointer","bronze:Refactor"],"relics":["bronze:PlatinumCore","downfall:HeartsMalice","Whetstone","Anchor","bronze:MakeshiftBattery","downfall:HeartBlessingRed","downfall:HeartBlessingGreen","Enchiridion","Art of War","bronze:ProtectiveGoggles","Letter Opener","TungstenRod","Eternal Feather","bronze:SilverBullet","bronze:DecasWashers","downfall:HeartBlessingBlue","bronze:BronzeIdol"],"acts_visited":["Exordium","TheCity","TheBeyond","TheEnding"],"potions_floor_usage":[10,10,10,10,10,13,16,16,31,33,50,50,50],"damage_taken":[{"damage":0,"enemies":"Small Slimes","floor":2,"turns":1},{"damage":0,"enemies":"Cultist","floor":3,"turns":1},{"damage":0,"enemies":"2 Louse","floor":5,"turns":1},{"damage":9,"enemies":"Blue Slaver","floor":8,"turns":4},{"damage":32,"enemies":"Gremlin Nob","floor":10,"turns":4},{"damage":0,"enemies":"3 Louse","floor":11,"turns":2},{"damage":0,"enemies":"2 Fungi Beasts","floor":12,"turns":2},{"damage":0,"enemies":"downfall:FleeingMerchant","floor":13,"turns":4},{"damage":8,"enemies":"downfall:Heads","floor":14,"turns":5},{"damage":0,"enemies":"Exordium Wildlife","floor":15,"turns":2},{"damage":20,"enemies":"IC_STATUS_ARCHETYPE","floor":16,"turns":5},{"damage":7,"enemies":"downfall:FleeingMerchant","floor":19,"turns":4},{"damage":2,"enemies":"Shell Parasite","floor":21,"turns":4},{"damage":0,"enemies":"downfall:FleeingMerchant","floor":26,"turns":4},{"damage":2,"enemies":"Book of Stabbing","floor":27,"turns":3},{"damage":0,"enemies":"Centurion and Healer","floor":28,"turns":3},{"damage":8,"enemies":"Slavers","floor":29,"turns":4},{"damage":0,"enemies":"Shelled Parasite and Fungi","floor":31,"turns":3},{"damage":9,"enemies":"Snake Plant","floor":32,"turns":3},{"damage":11,"enemies":"SI_MIRROR_ARCHETYPE","floor":33,"turns":8},{"damage":0,"enemies":"downfall:FleeingMerchant","floor":36,"turns":2},{"damage":11,"enemies":"3 Darklings","floor":39,"turns":4},{"damage":1,"enemies":"Reptomancer","floor":42,"turns":5},{"damage":0,"enemies":"3 Shapes","floor":43,"turns":2},{"damage":4,"enemies":"Writhing Mass","floor":44,"turns":5},{"damage":15,"enemies":"Spire Growth","floor":49,"turns":5},{"damage":67,"enemies":"WA_ARCHETYPE_DIVINITY","floor":50,"turns":13},{"damage":121,"enemies":"downfall:CharBossMerchant","floor":52,"turns":8}],"seed_played":"-5828205871220811540","potions_obtained":[{"floor":4,"key":"EntropicBrew"},{"floor":4,"key":"ColorlessPotion"},{"floor":4,"key":"ColorlessPotion"},{"floor":14,"key":"AttackPotion"},{"floor":15,"key":"Fire Potion"},{"floor":16,"key":"Fire Potion"},{"floor":27,"key":"Fruit Juice"},{"floor":31,"key":"Ancient Potion"},{"floor":32,"key":"Explosive Potion"},{"floor":33,"key":"DuplicationPotion"}],"is_trial":false,"path_per_floor":["R","M","M","?","M","R","T","M","?","E","M","M","$","?","M","B",null,"R","$","?","M","?","?","T","R","$","E","M","E","R","M","M","B",null,"R","$","?","?","M","R","T","E","M","M","R","?","R","$","M","B",null,"E"],"character_chosen":"THE_AUTOMATON","items_purchased":["bronze:Repulsor","bronze:Shell","bronze:DelayedSlice","bronze:ChosenStrike","bronze:Virus","bronze:SilverBullet","bronze:NullPointer"],"campfire_rested":0,"item_purchase_floors":[13,19,26,36,36,36,48],"current_hp_per_floor":[70,70,70,70,70,70,70,61,61,29,29,29,43,35,35,15,70,70,63,47,52,52,52,52,52,62,70,70,70,70,70,61,66,75,75,75,75,75,64,75,75,74,74,75,85,85,85,85,70,13,85,0,0,0],"gold":38,"neow_bonus":"THREE_ENEMY_KILL","is_daily":false,"chose_seed":false,"campfire_upgraded":8,"win_rate":0.0,"timestamp":1611858645,"path_taken":["R","M","M","?","?","R","T","M","?","E","M","M","$","?","M","BOSS","R","$","?","M","?","?","T","R","?","E","M","E","R","M","M","BOSS","R","$","?","?","M","R","T","E","M","M","R","?","R","$","M","BOSS","E"],"items_purchased_type":["Card","Card","Card","Card","Card","Relic","Card"],"build_version":"2020-12-22","purchased_purges":1,"victory":false,"max_hp_per_floor":[70,70,70,70,70,70,70,70,70,70,70,70,70,70,70,70,70,70,70,70,70,70,70,70,70,70,70,70,70,70,70,70,75,75,75,75,75,75,75,75,75,75,75,75,85,85,85,85,85,85,85,85,85,85],"relic_stats":{"counters":[28,108],"Eternal Feather":11,"Art of War":[4],"Whetstone":["bronze:Strike","bronze:Strike"],"Letter Opener":[76],"obtain_stats":[{"bronze:PlatinumCore":34,"bronze:BronzeCore":0,"downfall:HeartBlessingRed":18,"bronze:DecasWashers":42,"Enchiridion":20,"downfall:HeartsMalice":0,"downfall:HeartBlessingGreen":18,"Eternal Feather":29,"Whetstone":7,"Letter Opener":24,"bronze:BronzeIdol":46,"Anchor":10,"bronze:ProtectiveGoggles":23,"downfall:HeartBlessingBlue":45,"Art of War":22,"bronze:SilverBullet":36,"bronze:MakeshiftBattery":17,"TungstenRod":27},{"bronze:PlatinumCore":20,"bronze:BronzeCore":0,"downfall:HeartBlessingRed":11,"bronze:DecasWashers":23,"Enchiridion":12,"downfall:HeartsMalice":0,"downfall:HeartBlessingGreen":11,"Eternal Feather":17,"Whetstone":3,"Letter Opener":13,"bronze:BronzeIdol":25,"Anchor":5,"bronze:ProtectiveGoggles":13,"downfall:HeartBlessingBlue":25,"Art of War":13,"bronze:SilverBullet":21,"bronze:MakeshiftBattery":11,"TungstenRod":15},{"bronze:PlatinumCore":64,"bronze:BronzeCore":0,"downfall:HeartBlessingRed":28,"bronze:DecasWashers":75,"Enchiridion":32,"downfall:HeartsMalice":0,"downfall:HeartBlessingGreen":28,"Eternal Feather":50,"Whetstone":0,"Letter Opener":36,"bronze:BronzeIdol":82,"Anchor":8,"bronze:ProtectiveGoggles":36,"downfall:HeartBlessingBlue":82,"Art of War":36,"bronze:SilverBullet":66,"bronze:MakeshiftBattery":28,"TungstenRod":43}],"TungstenRod":26},"card_choices":[{"not_picked":["bronze:Frontload","bronze:Turbo"],"picked":"bronze:WhirlingStrike","floor":2},{"not_picked":["bronze:Invalidate","bronze:BugBarrage"],"picked":"bronze:BuggyMess","floor":3},{"not_picked":["bronze:Refactor","bronze:Iterate"],"picked":"bronze:ChildClass","floor":5},{"not_picked":["bronze:DelayedGuard","bronze:GetLatest"],"picked":"bronze:Separator","floor":8},{"not_picked":["bronze:Terminator","bronze:Hardcode"],"picked":"bronze:Library","floor":10},{"not_picked":["bronze:Deprecate","bronze:ClassDefault"],"picked":"bronze:FineTuning","floor":11},{"not_picked":["bronze:BronzeOrb","bronze:Constructor"],"picked":"bronze:FollowUp","floor":12},{"not_picked":["bronze:Backtrace","bronze:BuggyMess"],"picked":"bronze:BurnOut","floor":13},{"not_picked":["bronze:Repulsor","bronze:GetLatest"],"picked":"bronze:DelayedGuard","floor":14},{"not_picked":["bronze:DelayedGuard","bronze:MaxOutput"],"picked":"bronze:Return","floor":15},{"not_picked":["bronze:BurnOut","bronze:SpaghettiCode"],"picked":"bronze:Mutator","floor":16},{"not_picked":["bronze:BugBarrage","bronze:ChildClass"],"picked":"bronze:Repair","floor":19},{"not_picked":["bronze:Separator","bronze:Invalidate"],"picked":"bronze:Frontload","floor":21},{"not_picked":["bronze:Virus","bronze:WhirlingStrike"],"picked":"bronze:WildBeam","floor":26},{"not_picked":["bronze:Iterate","bronze:DelayedGuard"],"picked":"bronze:InfiniteLoop","floor":27},{"not_picked":["bronze:Turbo","bronze:WhirlingStrike"],"picked":"bronze:BugBarrage","floor":28},{"not_picked":["bronze:Iterate","bronze:Invalidate"],"picked":"bronze:ItsAFeature+1","floor":29},{"not_picked":["bronze:Shield","bronze:Branch"],"picked":"bronze:Terminator+1","floor":31},{"not_picked":["bronze:Branch+1","bronze:FollowUp"],"picked":"bronze:Constructor+1","floor":32},{"not_picked":["bronze:TinkerersToolbox","bronze:BurnOut"],"picked":"bronze:Verify","floor":33},{"not_picked":["bronze:Deprecate+1","bronze:Invalidate"],"picked":"bronze:Overheat+1","floor":36},{"not_picked":["expansioncontent:LastStand","expansioncontent:PolyBeam"],"picked":"expansioncontent:StudyTheSpire","floor":38},{"not_picked":["bronze:BugBarrage+1","bronze:CloningBeam","bronze:DarkDash+1"],"picked":"SKIP","floor":39},{"not_picked":["bronze:DigitalCarnage+1","bronze:BronzeArmor"],"picked":"bronze:ForceShield","floor":42},{"not_picked":["bronze:Frontload","bronze:Library"],"picked":"bronze:FineTuning+1","floor":43},{"not_picked":["bronze:FineTuning+1","bronze:DelayedGuard+1"],"picked":"bronze:Branch","floor":44},{"not_picked":["bronze:DarkDash+1","bronze:Shell"],"picked":"bronze:Refactor","floor":49}],"player_experience":1089809,"relics_obtained":[{"floor":7,"key":"Whetstone"},{"floor":10,"key":"Anchor"},{"floor":20,"key":"Enchiridion"},{"floor":24,"key":"Letter Opener"},{"floor":27,"key":"TungstenRod"},{"floor":29,"key":"Eternal Feather"},{"floor":42,"key":"bronze:DecasWashers"},{"floor":46,"key":"bronze:BronzeIdol"}],"event_choices":[{"damage_healed":0,"gold_gain":0,"player_choice":"Got Potions","damage_taken":0,"max_hp_gain":0,"max_hp_loss":0,"event_name":"Lab","floor":4,"gold_loss":0},{"damage_healed":0,"gold_gain":0,"player_choice":"Stole Relic","damage_taken":0,"relics_obtained":["Art of War"],"max_hp_gain":0,"max_hp_loss":0,"event_name":"Addict","floor":22,"gold_loss":0,"cards_obtained":["Pride"]},{"cards_removed":["bronze:Strike"],"damage_healed":0,"gold_gain":0,"player_choice":"Removed Attack","damage_taken":0,"max_hp_gain":0,"max_hp_loss":0,"event_name":"Falling","floor":37,"gold_loss":0}],"is_beta":false,"boss_relics":[{"not_picked":["SacredBark","sneckomod:SneckoTalon"],"picked":"bronze:MakeshiftBattery"},{"not_picked":["Empty Cage","Runic Pyramid"],"picked":"bronze:PlatinumCore"}],"items_purged_floors":[36],"is_endless":false,"potions_floor_spawned":[8,14,15,16,27,31,32,33,39,49],"killed_by":"downfall:CharBossMerchant","ascension_level":1}}