{"host":"c7yluuzpqlymemjk","time":1611812174,"event":{"mods":["BaseMod","Colored Map","GifTheSpireLib","Minty Spire (QoL Compilation)","Relic Stats","StSLib","slay the spire mod where everything is the same but ironclad has a cowboy hat"],"gold_per_floor":[113,113,113,188,213,239,339,371,419,435,435,473,496,202,202,313,313,336,336,87,87,115,115,115,115,115,115,140,40,65,89,89,89,89],"floor_reached":33,"language":"ENG","playtime":1841,"items_purged":["Strike_R","Searing Blow"],"score":426,"play_id":"39f8ddff-7c08-456d-ac08-a1842d71b8cc","local_time":"20210127213614","is_ascension_mode":true,"campfire_choices":[{"floor":15,"key":"RECALL"},{"floor":25,"key":"REST"},{"floor":32,"key":"REST"}],"circlet_count":0,"master_deck":["Strike_R","Strike_R","Strike_R+1","Strike_R+1","Defend_R","Defend_R","Defend_R","Defend_R","Bash","Bloodletting","Thunderclap","Intimidate","Dropkick","Flame Barrier","Rampage","Feed","Warcry+1","Shrug It Off","Seeing Red","Rage"],"relics":["Burning Blood","NeowsBlessing","Mercury Hourglass","Kunai","Whetstone","Boot","CeramicFish","Akabeko","Runic Cube","Eternal Feather","Matryoshka","Vajra","Turnip","Ginger"],"acts_visited":["Exordium","TheCity"],"potions_floor_usage":[16,18,23,30,31,33],"damage_taken":[{"damage":0,"enemies":"Small Slimes","floor":1,"turns":1},{"damage":0,"enemies":"3 Sentries","floor":6,"turns":1},{"damage":0,"enemies":"Gremlin Nob","floor":8,"turns":1},{"damage":2,"enemies":"2 Louse","floor":10,"turns":2},{"damage":37,"enemies":"Lagavulin","floor":12,"turns":7},{"damage":1,"enemies":"Cultist","floor":13,"turns":3},{"damage":33,"enemies":"Hexaghost","floor":16,"turns":9},{"damage":9,"enemies":"3 Byrds","floor":18,"turns":3},{"damage":19,"enemies":"Shell Parasite","floor":22,"turns":5},{"damage":29,"enemies":"Book of Stabbing","floor":23,"turns":4},{"damage":35,"enemies":"Gremlin Leader","floor":28,"turns":6},{"damage":19,"enemies":"Snake Plant","floor":30,"turns":3},{"damage":10,"enemies":"3 Cultists","floor":31,"turns":5},{"damage":68,"enemies":"Automaton","floor":33,"turns":8}],"seed_played":"2572467352997685820","potions_obtained":[{"floor":6,"key":"SteroidPotion"},{"floor":8,"key":"SkillPotion"},{"floor":10,"key":"ColorlessPotion"},{"floor":11,"key":"SmokeBomb"},{"floor":16,"key":"GamblersBrew"},{"floor":28,"key":"Block Potion"},{"floor":31,"key":"SkillPotion"}],"is_trial":false,"path_per_floor":["M","?","?","?","T","E","?","E","T","M","?","E","M","$","R","B",null,"M","T","$","?","M","E","?","R","T","?","E","$","M","M","R","B"],"character_chosen":"IRONCLAD","items_purchased":["Akabeko","Rampage","Matryoshka"],"campfire_rested":2,"item_purchase_floors":[14,14,20],"current_hp_per_floor":[80,80,77,66,66,72,72,78,78,80,80,49,54,54,54,27,80,80,80,80,80,67,44,28,63,63,63,37,37,27,26,67,0,0],"gold":89,"neow_bonus":"THREE_ENEMY_KILL","is_daily":false,"chose_seed":false,"campfire_upgraded":0,"win_rate":0.0,"timestamp":1611812174,"path_taken":["M","?","?","?","?","E","?","E","T","?","?","E","M","$","R","BOSS","M","?","$","?","?","E","?","R","T","?","E","$","M","M","R","BOSS"],"items_purchased_type":["Relic","Card","Relic"],"build_version":"2020-12-22","purchased_purges":2,"victory":false,"max_hp_per_floor":[80,80,80,80,80,80,80,80,80,80,80,80,80,80,80,80,80,83,83,83,83,83,83,88,88,88,88,91,91,94,97,97,97,97],"relic_stats":{"counters":[14,58],"CeramicFish":72,"Eternal Feather":21,"Turnip":[2],"Kunai":[19],"Whetstone":["Strike_R","Strike_R"],"Ginger":[2],"Boot":[31],"obtain_stats":[{"NeowsBlessing":0,"CeramicFish":12,"Vajra":26,"Eternal Feather":19,"Whetstone":8,"Ginger":28,"Boot":9,"Burning Blood":0,"Akabeko":14,"Mercury Hourglass":3,"Matryoshka":20,"Turnip":26,"Kunai":6,"Runic Cube":17},{"NeowsBlessing":0,"CeramicFish":5,"Vajra":10,"Eternal Feather":8,"Whetstone":3,"Ginger":11,"Boot":3,"Burning Blood":0,"Akabeko":6,"Mercury Hourglass":1,"Matryoshka":8,"Turnip":10,"Kunai":2,"Runic Cube":7},{"NeowsBlessing":0,"CeramicFish":12,"Vajra":36,"Eternal Feather":27,"Whetstone":3,"Ginger":42,"Boot":3,"Burning Blood":0,"Akabeko":15,"Mercury Hourglass":1,"Matryoshka":27,"Turnip":36,"Kunai":2,"Runic Cube":24}],"Burning Blood":70,"Mercury Hourglass":[226],"Runic Cube":[39]},"card_choices":[{"not_picked":["Flex","Pummel"],"picked":"Bloodletting","floor":1},{"not_picked":["Searing Blow","Feel No Pain"],"picked":"Thunderclap","floor":6},{"not_picked":["Body Slam","Sword Boomerang"],"picked":"Intimidate","floor":8},{"not_picked":["Clothesline","Corruption"],"picked":"Searing Blow","floor":10},{"not_picked":["True Grit","Reckless Charge"],"picked":"Dropkick","floor":12},{"not_picked":["Bloodletting","Twin Strike"],"picked":"Flame Barrier","floor":13},{"not_picked":["Double Tap","Berserk"],"picked":"Feed","floor":16},{"not_picked":["Infernal Blade","Shrug It Off"],"picked":"Warcry+1","floor":18},{"not_picked":["Wild Strike","Body Slam"],"picked":"Shrug It Off","floor":22},{"not_picked":["Carnage","Perfected Strike+1","Fire Breathing"],"picked":"SKIP","floor":28},{"not_picked":["Headbutt","Inflame"],"picked":"Seeing Red","floor":30},{"not_picked":["Berserk","Anger"],"picked":"Rage","floor":31}],"player_experience":348474,"relics_obtained":[{"floor":6,"key":"Kunai"},{"floor":8,"key":"Whetstone"},{"floor":9,"key":"Boot"},{"floor":12,"key":"CeramicFish"},{"floor":19,"key":"Eternal Feather"},{"floor":26,"key":"Vajra"},{"floor":26,"key":"Turnip"},{"floor":28,"key":"Ginger"}],"event_choices":[{"damage_healed":0,"gold_gain":0,"player_choice":"Leave","damage_taken":0,"max_hp_gain":0,"max_hp_loss":0,"event_name":"The Cleric","floor":2,"gold_loss":0},{"damage_healed":0,"gold_gain":0,"player_choice":"Success","damage_taken":3,"relics_obtained":["Mercury Hourglass"],"max_hp_gain":0,"max_hp_loss":0,"event_name":"Scrap Ooze","floor":3,"gold_loss":0},{"damage_healed":0,"gold_gain":75,"player_choice":"Gather Gold","damage_taken":11,"max_hp_gain":0,"max_hp_loss":0,"event_name":"World of Goop","floor":4,"gold_loss":0},{"damage_healed":0,"gold_gain":100,"player_choice":"Pray","damage_taken":0,"max_hp_gain":0,"max_hp_loss":0,"event_name":"Golden Shrine","floor":7,"gold_loss":0},{"damage_healed":0,"gold_gain":0,"player_choice":"Got Potions","damage_taken":0,"max_hp_gain":0,"max_hp_loss":0,"event_name":"Lab","floor":11,"gold_loss":0},{"damage_healed":0,"gold_gain":0,"player_choice":"Ignored","damage_taken":0,"max_hp_gain":0,"max_hp_loss":0,"event_name":"Beggar","floor":21,"gold_loss":0},{"damage_healed":0,"gold_gain":0,"player_choice":"Shed Blood","damage_taken":21,"max_hp_gain":5,"max_hp_loss":0,"event_name":"Forgotten Altar","floor":24,"gold_loss":0},{"damage_healed":0,"gold_gain":0,"player_choice":"Ignored","damage_taken":0,"max_hp_gain":0,"max_hp_loss":0,"event_name":"Ghosts","floor":27,"gold_loss":0}],"is_beta":false,"boss_relics":[{"not_picked":["Mark of Pain","Black Star"],"picked":"Runic Cube"}],"items_purged_floors":[14,29],"is_endless":false,"potions_floor_spawned":[6,8,10,16,28,31],"killed_by":"Automaton","ascension_level":3}}