{"host":"Bilverbakes","time":1611799607,"event":{"mods":["2.2 Compatiblity","AchievementEnabler","BaseMod","Bestiary","Colored Map","Minty Spire (QoL Compilation)","Relic Stats","StSLib","ojb\u0027s Info Mod"],"gold_per_floor":[113,188,204,32,47,74,74,87,112,112,112,112],"floor_reached":11,"language":"ENG","playtime":349,"items_purged":[],"score":146,"play_id":"7b3984ad-e349-4577-8cb0-03d7b48e4b5e","local_time":"20210127200647","is_ascension_mode":true,"campfire_choices":[{"data":"Deadly Poison","floor":7,"key":"SMITH"},{"data":"Footwork","floor":10,"key":"SMITH"}],"circlet_count":0,"master_deck":["AscendersBane","Strike_G","Strike_G","Strike_G","Strike_G","Defend_G","Defend_G","Defend_G","Defend_G","Survivor","Neutralize","Heel Hook","Caltrops","Deadly Poison+1","Blade Dance","Footwork+1","Crippling Poison","Backstab","Dagger Throw"],"relics":["Ring of the Snake","Tiny Chest","Potion Belt"],"acts_visited":["Exordium"],"potions_floor_usage":[6,8],"damage_taken":[{"damage":10,"enemies":"Small Slimes","floor":1,"turns":5},{"damage":0,"enemies":"Jaw Worm","floor":3,"turns":5},{"damage":0,"enemies":"Cultist","floor":5,"turns":3},{"damage":14,"enemies":"Gremlin Nob","floor":6,"turns":3},{"damage":4,"enemies":"Exordium Wildlife","floor":8,"turns":2},{"damage":12,"enemies":"3 Sentries","floor":11,"turns":3}],"seed_played":"-5395479696121845901","potions_obtained":[{"floor":1,"key":"SteroidPotion"}],"is_trial":false,"path_per_floor":["M","?","M","$","M","E","R","M","T","R","E"],"character_chosen":"THE_SILENT","items_purchased":["Footwork","Crippling Poison","Fire Potion"],"campfire_rested":0,"item_purchase_floors":[4,4,4],"current_hp_per_floor":[49,38,38,38,38,24,24,20,20,20,8,8],"gold":112,"neow_bonus":"TRANSFORM_TWO_CARDS","is_daily":false,"chose_seed":false,"campfire_upgraded":2,"win_rate":0.0,"timestamp":1611799607,"path_taken":["M","?","M","$","M","E","R","M","T","R","E"],"items_purchased_type":["Card","Card","Potion"],"build_version":"2020-12-18","purchased_purges":0,"victory":false,"max_hp_per_floor":[60,60,60,60,60,60,60,60,60,60,60,60],"relic_stats":{"counters":[6,21],"Tiny Chest":0,"obtain_stats":[{"Potion Belt":9,"Tiny Chest":6,"Ring of the Snake":0},{"Potion Belt":5,"Tiny Chest":4,"Ring of the Snake":0},{"Potion Belt":18,"Tiny Chest":16,"Ring of the Snake":0}],"Ring of the Snake":[12]},"card_choices":[{"not_picked":["Cloak And Dagger","Catalyst"],"picked":"Deadly Poison","floor":1},{"not_picked":["Sucker Punch","Well Laid Plans"],"picked":"Blade Dance","floor":3},{"not_picked":["Masterful Stab","Underhanded Strike"],"picked":"Backstab","floor":5},{"not_picked":["Dodge and Roll","Sucker Punch"],"picked":"Dagger Throw","floor":6},{"not_picked":["Slice","Cloak And Dagger","Prepared"],"picked":"SKIP","floor":8}],"player_experience":829499,"relics_obtained":[{"floor":6,"key":"Tiny Chest"},{"floor":9,"key":"Potion Belt"}],"event_choices":[{"damage_healed":0,"gold_gain":75,"player_choice":"Gather Gold","damage_taken":11,"max_hp_gain":0,"max_hp_loss":0,"event_name":"World of Goop","floor":2,"gold_loss":0}],"is_beta":true,"boss_relics":[],"items_purged_floors":[],"is_endless":false,"potions_floor_spawned":[1,5],"killed_by":"3 Sentries","ascension_level":20}}