{"host":"uvmuduost5bzvojs","time":1611869674,"event":{"mods":["Aspiration","Bard","BaseMod","Better Match","Block Reminder","Conspire","Hermit","Highlight Path","Hubris","Infinite Spire","Jorbs\u0027s Wanderer Trilogy","Mad Scientist","Marisa????????","Mimic Mod","Minty Spire (QoL Compilation)","Potionbrewer","Replay The Spire","Robot Space Explorer","StSLib","The Blackbeard","The Construct","The Cursed","The Disciple","The Hayseed","The Hierophant","The Juggle","The Jungle","The Poker Player","The Runesmith","The Servant 0.9.4","The Spell Scribe","The Valiant","TheBandit"],"gold_per_floor":[113,129,129,139,1,26,37,37,37,37,52,52,52,52,67,67,67,172,172,172,172],"floor_reached":20,"language":"ENG","playtime":589,"items_purged":["Strike_R"],"score":172,"play_id":"8599a8f7-56b7-4ec4-b90e-7e7f0f1453ee","local_time":"20210128163434","is_ascension_mode":false,"campfire_choices":[{"data":"Replay:Undeath\u0027s Touch","floor":8,"key":"SMITH"},{"data":"Replay:Undeath\u0027s Touch","floor":10,"key":"SMITH"},{"data":"Replay:Undeath\u0027s Touch","floor":12,"key":"SMITH"},{"floor":17,"key":"REST"}],"circlet_count":0,"master_deck":["Strike_R","Strike_R","Strike_R","Defend_R","Defend_R","Defend_R","Defend_R","Bash","Replay:Undeath\u0027s Touch+1","Body Slam","hubris:StunningStrike+1","Flex","ReplayTheSpireMod:Limb From Limb+1","Fire Breathing","Replay:Undeath\u0027s Touch+1","Replay:Undeath\u0027s Touch+1","Impervious"],"relics":["Burning Blood","ReplayTheSpireMod:Spearhead","Matryoshka","Guide Book","Snack Pack","aspiration:Lifesprig","ReplayTheSpireMod:DimensionalGlitch"],"acts_visited":["Exordium","theJungle:Jungle"],"potions_floor_usage":[7,15,18,18,18,18],"damage_taken":[{"damage":0,"enemies":"Small Slimes","floor":1,"turns":3},{"damage":6,"enemies":"Cultist","floor":2,"turns":3},{"damage":5,"enemies":"Jaw Worm","floor":4,"turns":5},{"damage":14,"enemies":"Gremlin Nob","floor":6,"turns":3},{"damage":26,"enemies":"2 Fungi Beasts","floor":7,"turns":6},{"damage":11,"enemies":"3 Louse","floor":11,"turns":4},{"damage":28,"enemies":"Lots of Slimes","floor":15,"turns":5},{"damage":14,"enemies":"Hexaghost","floor":18,"turns":5},{"damage":1,"enemies":"theJungle:MUSHROOMGANG","floor":20,"turns":2}],"seed_played":"-795247711007934475","potions_obtained":[{"floor":1,"key":"Elixir"},{"floor":4,"key":"EntropicBrew"},{"floor":6,"key":"BloodPotion"},{"floor":11,"key":"Swift Potion"}],"is_trial":false,"path_per_floor":["M","M","?","M","$","E","M","R","T","R","M","R","PTL","PTL","M","$","R","B",null,"M"],"character_chosen":"IRONCLAD","items_purchased":["ReplayTheSpireMod:Limb From Limb","Fire Breathing","Guide Book","Snack Pack","aspiration:Lifesprig"],"campfire_rested":1,"item_purchase_floors":[5,5,16,16,16],"current_hp_per_floor":[88,88,88,88,88,80,76,76,76,76,71,71,71,71,49,7,33,33,88,88,88],"gold":172,"neow_bonus":"TEN_PERCENT_HP_BONUS","is_daily":false,"chose_seed":false,"campfire_upgraded":3,"win_rate":0.0,"timestamp":1611869674,"path_taken":["M","M","?","M","$","E","M","R","T","R","?","R","PTL","PTL","?","?","R","BOSS","M"],"items_purchased_type":["Card","Card","Relic","Relic","Relic"],"build_version":"2020-12-22","purchased_purges":1,"victory":false,"max_hp_per_floor":[88,88,88,88,88,88,88,88,88,88,88,88,88,88,88,88,88,88,88,88,88],"card_choices":[{"not_picked":["Armaments","Abandon"],"picked":"Replay:Undeath\u0027s Touch","floor":1},{"not_picked":["Anger","Power Through"],"picked":"Body Slam","floor":2},{"not_picked":["Run Through","Headbutt"],"picked":"Flex","floor":4},{"not_picked":["True Grit","Ghostly Armor"],"picked":"Replay:Undeath\u0027s Touch","floor":6},{"not_picked":["Clothesline","Power Through"],"picked":"Replay:Undeath\u0027s Touch","floor":7},{"not_picked":["Clash","Run Through","Havoc"],"picked":"SKIP","floor":11},{"not_picked":["Headbutt","Sword Boomerang","Heavy Blade"],"picked":"SKIP","floor":15},{"not_picked":["Limit Break","Fiend Fire"],"picked":"Impervious","floor":18}],"player_experience":1900565,"relics_obtained":[{"floor":6,"key":"ReplayTheSpireMod:Spearhead"},{"floor":9,"key":"Matryoshka"}],"event_choices":[{"damage_healed":0,"gold_gain":0,"cards_transformed":["Strike_R"],"player_choice":"Transformed","damage_taken":0,"max_hp_gain":0,"max_hp_loss":0,"event_name":"Transmorgrifier","floor":3,"gold_loss":0,"cards_obtained":["hubris:StunningStrike"]}],"is_beta":false,"boss_relics":[{"not_picked":["Runic Cube","Replay:Ancient Bell"],"picked":"ReplayTheSpireMod:DimensionalGlitch"}],"items_purged_floors":[16],"is_endless":false,"potions_floor_spawned":[1,4,6,11],"killed_by":"theJungle:MUSHROOMGANG","ascension_level":0}}