{"host":"p4v0hquynnreu717","time":1611852299,"event":{"mods":["BaseMod","Better Vampires","DeckTracker","Googly Eyes","Minty Spire (QoL Compilation)","Quick Restart","StSLib","SuperFastMode"],"gold_per_floor":[112,122,122,47,122,157,157,174,174,194,194,207,207,233,233,308,308,320,210,222,239,154,154,171,181,204,218,218,268,268,17,17,91,391,405,429,429,429,240,270,270,279,305,339,339,380,390,404,404,404,404,404,119,144,144],"floor_reached":56,"language":"ZHS","playtime":2151,"items_purged":["Strike_G","Strike_G","Strike_G","Defend_G"],"score":2241,"play_id":"1566b340-eb1e-4e99-bce7-62b40e4bdf22","local_time":"20210129004459","is_ascension_mode":true,"campfire_choices":[{"data":"Prepared","floor":7.0,"key":"SMITH"},{"data":"Calculated Gamble","floor":13.0,"key":"SMITH"},{"data":"Acrobatics","floor":15.0,"key":"SMITH"},{"data":"Tools of the Trade","floor":23.0,"key":"SMITH"},{"data":"Blade Dance","floor":28.0,"key":"SMITH"},{"data":"Terror","floor":30.0,"key":"SMITH"},{"floor":32.0,"key":"RECALL"},{"data":"Tactician","floor":41,"key":"SMITH"},{"data":"Accuracy","floor":45,"key":"SMITH"},{"data":"Footwork","floor":49,"key":"SMITH"},{"data":"Malaise","floor":52,"key":"SMITH"}],"circlet_count":0,"master_deck":["AscendersBane","Defend_G","Defend_G","Defend_G","Survivor","Neutralize+1","Dagger Spray","Prepared+1","Backflip","Calculated Gamble+1","Acrobatics+1","Tools of the Trade+1","Footwork+1","Terror+1","Blade Dance+1","Blade Dance+1","Tactician+1","Malaise+1","Accuracy+1","Footwork+1","Acrobatics+1"],"relics":["Ring of the Snake","NeowsBlessing","Tough Bandages","Shuriken","Paper Crane","Pantograph","Empty Cage","Omamori","TheAbacus","Calling Bell","CeramicFish","Mummified Hand","Old Coin","Ornamental Fan","Vajra","Ninja Scroll","Thread and Needle","DollysMirror","HornCleat"],"acts_visited":["Exordium","TheCity","TheBeyond","TheEnding"],"potions_floor_usage":[55],"damage_taken":[{"damage":0.0,"enemies":"2 Louse","floor":1.0,"turns":1.0},{"damage":0.0,"enemies":"Cultist","floor":2.0,"turns":1.0},{"damage":0.0,"enemies":"3 Sentries","floor":6.0,"turns":1.0},{"damage":12.0,"enemies":"Jaw Worm","floor":8.0,"turns":5.0},{"damage":1.0,"enemies":"Exordium Wildlife","floor":10.0,"turns":5.0},{"damage":2.0,"enemies":"Gremlin Gang","floor":12.0,"turns":4.0},{"damage":3.0,"enemies":"Lagavulin","floor":14.0,"turns":10.0},{"damage":15.0,"enemies":"Hexaghost","floor":16.0,"turns":10.0},{"damage":0.0,"enemies":"3 Byrds","floor":18.0,"turns":5.0},{"damage":5.0,"enemies":"Spheric Guardian","floor":20.0,"turns":6.0},{"damage":10.0,"enemies":"Cultist and Chosen","floor":21.0,"turns":12.0},{"damage":0.0,"enemies":"Snake Plant","floor":24.0,"turns":7.0},{"damage":1.0,"enemies":"3 Cultists","floor":25.0,"turns":5.0},{"damage":0.0,"enemies":"Shelled Parasite and Fungi","floor":27.0,"turns":5.0},{"damage":0.0,"enemies":"Automaton","floor":33.0,"turns":9.0},{"damage":0.0,"enemies":"3 Shapes","floor":35.0,"turns":4.0},{"damage":7.0,"enemies":"3 Darklings","floor":36.0,"turns":3.0},{"damage":0,"enemies":"Giant Head","floor":40,"turns":5},{"damage":2,"enemies":"Reptomancer","floor":44,"turns":3},{"damage":0,"enemies":"Nemesis","floor":46,"turns":7},{"damage":0,"enemies":"Transient","floor":47,"turns":5},{"damage":0,"enemies":"Writhing Mass","floor":48,"turns":4},{"damage":10,"enemies":"Donu and Deca","floor":50,"turns":6},{"damage":0,"enemies":"Shield and Spear","floor":54,"turns":3},{"damage":16,"enemies":"The Heart","floor":55,"turns":6}],"seed_played":"-6911899672578383536","potions_obtained":[{"floor":8.0,"key":"ColorlessPotion"},{"floor":10.0,"key":"GhostInAJar"},{"floor":16.0,"key":"DistilledChaos"},{"floor":18.0,"key":"Strength Potion"}],"is_trial":false,"path_per_floor":["M","M","?","$","?","E","R","M","T","M","T","M","R","E","R","B",null,"M","?","M","M","?","R","M","M","T","M","R","?","R","$","R","B",null,"M","M","?","?","$","E","R","?","T","E","R","E","M","M","R","B",null,"R","$","E","B",null],"character_chosen":"THE_SILENT","items_purchased":["TheAbacus","Tactician","DollysMirror"],"campfire_rested":0,"item_purchase_floors":[31,39,53],"current_hp_per_floor":[59,59,59,59,48,48,48,36,36,35,35,33,33,30,30,40,60,60,60,55,45,45,45,45,44,44,44,44,44,44,44,44,66,66,66,59,59,59,59,59,59,59,59,57,57,57,57,57,57,53,61,61,61,61,47],"gold":144,"neow_bonus":"THREE_ENEMY_KILL","is_daily":false,"chose_seed":false,"campfire_upgraded":10,"win_rate":0.0,"timestamp":1611852299,"path_taken":["M","M","?","$","?","E","R","M","T","M","?","M","R","E","R","BOSS","M","?","?","M","?","R","M","M","T","M","R","?","R","$","R","BOSS","M","M","?","?","$","E","R","?","T","E","R","E","?","M","R","BOSS","R","$","E","BOSS"],"items_purchased_type":["Relic","Card","Relic"],"build_version":"2020-12-22","purchased_purges":4,"victory":true,"max_hp_per_floor":[66,66,66,66,66,66,66,66,66,66,66,66,66,66,66,66,66,66,66,66,66,66,66,66,66,66,66,66,66,66,66,66,66,66,66,66,66,63,63,63,63,63,63,63,63,63,63,63,63,63,63,63,63,63,63],"card_choices":[{"not_picked":["Dagger Throw","Finisher"],"picked":"Dagger Spray","floor":1.0},{"not_picked":["Bane","Deflect","Cloak And Dagger"],"picked":"SKIP","floor":2.0},{"not_picked":["Blur","Catalyst"],"picked":"Prepared","floor":6.0},{"not_picked":["Acrobatics","Concentrate"],"picked":"Backflip","floor":8.0},{"not_picked":["Slice","Underhanded Strike"],"picked":"Calculated Gamble","floor":10.0},{"not_picked":["Quick Slash","Skewer","Flying Knee"],"picked":"SKIP","floor":12.0},{"not_picked":["Underhanded Strike","Leg Sweep"],"picked":"Acrobatics","floor":14.0},{"not_picked":["Die Die Die","Glass Knife"],"picked":"Tools of the Trade","floor":16.0},{"not_picked":["Caltrops","Distraction"],"picked":"Footwork","floor":18.0},{"not_picked":["Dodge and Roll","Poisoned Stab","Outmaneuver+1"],"picked":"SKIP","floor":20.0},{"not_picked":["Deflect+1","Flying Knee","Bane"],"picked":"SKIP","floor":21.0},{"not_picked":["Sucker Punch","Prepared","Poisoned Stab"],"picked":"SKIP","floor":24.0},{"not_picked":["Concentrate","Unload"],"picked":"Terror","floor":25.0},{"not_picked":["Deadly Poison","Poisoned Stab"],"picked":"Blade Dance","floor":27.0},{"not_picked":["PiercingWail","Dodge and Roll","Bane"],"picked":"SKIP","floor":35.0},{"not_picked":["PiercingWail","All Out Attack"],"picked":"Blade Dance+1","floor":36.0},{"not_picked":["All Out Attack","Noxious Fumes","Flying Knee"],"picked":"SKIP","floor":40},{"not_picked":["Footwork","Heel Hook"],"picked":"Accuracy","floor":44},{"not_picked":["Choke","Riddle With Holes"],"picked":"Footwork","floor":46},{"not_picked":["Caltrops","Terror","Underhanded Strike+1"],"picked":"SKIP","floor":47},{"not_picked":["Prepared","Deadly Poison+1","Poisoned Stab"],"picked":"SKIP","floor":48},{"not_picked":["Leg Sweep","A Thousand Cuts","Well Laid Plans"],"picked":"SKIP","floor":54}],"player_experience":789445,"relics_obtained":[{"floor":6.0,"key":"Tough Bandages"},{"floor":9.0,"key":"Shuriken"},{"floor":11.0,"key":"Paper Crane"},{"floor":14.0,"key":"Pantograph"},{"floor":34.0,"key":"CeramicFish"},{"floor":34.0,"key":"Mummified Hand"},{"floor":34.0,"key":"Old Coin"},{"floor":40,"key":"Ornamental Fan"},{"floor":43,"key":"Vajra"},{"floor":44,"key":"Ninja Scroll"},{"floor":46,"key":"Thread and Needle"},{"floor":54,"key":"HornCleat"}],"event_choices":[{"damage_healed":0.0,"max_hp_gain":0.0,"max_hp_loss":0.0,"gold_gain":0.0,"event_name":"Upgrade Shrine","player_choice":"Upgraded","floor":3.0,"gold_loss":0.0,"damage_taken":0.0,"cards_upgraded":["Neutralize"]},{"damage_healed":0.0,"max_hp_gain":0.0,"max_hp_loss":0.0,"gold_gain":75.0,"event_name":"World of Goop","player_choice":"Gather Gold","floor":5.0,"gold_loss":0.0,"damage_taken":11.0},{"cards_removed":["Strike_G"],"damage_healed":0.0,"max_hp_gain":0.0,"max_hp_loss":0.0,"gold_gain":0.0,"event_name":"Designer","player_choice":"Upgrade and Remove","floor":19.0,"gold_loss":110.0,"damage_taken":0.0,"cards_upgraded":["Footwork"]},{"damage_healed":0.0,"max_hp_gain":0.0,"max_hp_loss":0.0,"gold_gain":0.0,"event_name":"Addict","player_choice":"Obtained Relic","floor":22.0,"gold_loss":85.0,"damage_taken":0.0,"relics_obtained":["Omamori"]},{"damage_healed":0.0,"max_hp_gain":0.0,"max_hp_loss":0.0,"gold_gain":50.0,"event_name":"Nest","player_choice":"Stole From Cult","floor":29.0,"gold_loss":0.0,"damage_taken":0.0},{"damage_healed":0,"gold_gain":0,"player_choice":"Memory 1","damage_taken":0,"max_hp_gain":0,"max_hp_loss":0,"event_name":"SensoryStone","floor":37,"gold_loss":0},{"damage_healed":0,"gold_gain":0,"player_choice":"Max HP","damage_taken":0,"max_hp_gain":0,"max_hp_loss":3,"event_name":"Winding Halls","floor":38,"gold_loss":0},{"damage_healed":0,"gold_gain":0,"player_choice":"1 cards matched","damage_taken":0,"max_hp_gain":0,"max_hp_loss":0,"event_name":"Match and Keep!","floor":42,"gold_loss":0,"cards_obtained":["Malaise"]}],"is_beta":false,"boss_relics":[{"not_picked":["Busted Crown","Ectoplasm"],"picked":"Empty Cage"},{"not_picked":["SacredBark","Runic Dome"],"picked":"Calling Bell"}],"items_purged_floors":[4,31,39,53],"is_endless":false,"potions_floor_spawned":[8,10,14,16,18,25,27,46,47],"ascension_level":15}}