{"host":"irzto8mbmvyhawyg","time":1611812260,"event":{"mods":["AchievementEnabler","Act Like it!","Aspiration","BaseMod","BetterRewards","Colored Map","Colored Powertips","Conspire","Friendly Minions","Gensokyo","Gold Saver","Hubris","Infinite Spire","Minty Spire (QoL Compilation)","Replay The Spire","StSLib","SuperFastMode","The Jungle"],"gold_per_floor":[111,122,122,133,133,162,162,179,202,232,232,232,232],"floor_reached":12,"language":"ENG","playtime":394,"items_purged":["Strike_B"],"score":136,"play_id":"aa87a615-f659-4ce8-b354-4d890b5d18c6","local_time":"20210127233740","is_ascension_mode":true,"campfire_choices":[{"floor":7.0,"key":"REST"},{"floor":11,"key":"REST"}],"circlet_count":0,"master_deck":["AscendersBane","Strike_B","Strike_B","Strike_B","Defend_B","Defend_B","Defend_B","Defend_B","Zap","Dualcast","Compile Driver+1","Defragment","Rebound","Conserve Battery","Coolheaded","Lockon","Panic Button","ReplayTheSpireMod:Fabricate Wheel","Conserve Battery"],"relics":["Cracked Core","Chemical X","Art of War","ReplayTheSpireMod:TigerMarble","Blood Vial"],"acts_visited":["Exordium"],"potions_floor_usage":[],"damage_taken":[{"damage":2.0,"enemies":"conspire:RoseBush","floor":1.0,"turns":3.0},{"damage":1.0,"enemies":"Cultist","floor":2.0,"turns":3.0},{"damage":9.0,"enemies":"Jaw Worm","floor":4.0,"turns":4.0},{"damage":16.0,"enemies":"Gremlin Nob","floor":6.0,"turns":3.0},{"damage":21,"enemies":"Lots of Slimes","floor":8,"turns":5},{"damage":18,"enemies":"3 Sentries","floor":10,"turns":7},{"damage":50,"enemies":"Gremlin Nob","floor":12,"turns":4}],"seed_played":"-7622683677139167836","potions_obtained":[{"floor":1.0,"key":"PowerPotion"},{"floor":3.0,"key":"DuplicationPotion"}],"is_trial":false,"path_per_floor":["M","M","?","M","?","E","R","M","T","E","R","E"],"character_chosen":"DEFECT","items_purchased":["Compile Driver+1","Defragment","Chemical X","SteroidPotion","Rebound"],"campfire_rested":2,"item_purchase_floors":[0,0,0,0,0],"current_hp_per_floor":[49,48,48,39,39,23,45,24,24,6,28,0,0],"gold":232,"neow_bonus":"","is_daily":false,"chose_seed":false,"campfire_upgraded":0,"win_rate":0.0,"timestamp":1611812260,"path_taken":["M","M","?","?","?","E","R","M","T","E","R","E"],"items_purchased_type":["Card","Card","Relic","Potion","Card"],"build_version":"2020-12-22","purchased_purges":1,"victory":false,"max_hp_per_floor":[75,75,75,75,75,75,75,75,75,75,75,75,75],"card_choices":[{"not_picked":["Gash","Turbo"],"picked":"Conserve Battery","floor":1.0},{"not_picked":["Sweeping Beam","aspiration:Polymerization"],"picked":"Coolheaded","floor":2.0},{"not_picked":["Gash","Leap"],"picked":"Lockon","floor":4.0},{"not_picked":["Melter","Sweeping Beam"],"picked":"Panic Button","floor":6.0},{"not_picked":["Beam Cell","Sunder"],"picked":"ReplayTheSpireMod:Fabricate Wheel","floor":8},{"not_picked":["Rebound","BasicCrystalCard"],"picked":"Conserve Battery","floor":10}],"player_experience":419234,"relics_obtained":[{"floor":6.0,"key":"Art of War"},{"floor":9,"key":"ReplayTheSpireMod:TigerMarble"},{"floor":10,"key":"Blood Vial"}],"event_choices":[{"damage_healed":0.0,"max_hp_gain":0.0,"max_hp_loss":0.0,"gold_gain":0.0,"event_name":"Lab","player_choice":"Got Potions","floor":3.0,"gold_loss":0.0,"damage_taken":0.0},{"damage_healed":0.0,"max_hp_gain":0.0,"max_hp_loss":0.0,"gold_gain":0.0,"event_name":"Match and Keep!","player_choice":"0 cards matched","floor":5.0,"gold_loss":0.0,"damage_taken":0.0,"cards_obtained":[]}],"is_beta":false,"boss_relics":[],"items_purged_floors":[0],"is_endless":false,"potions_floor_spawned":[1,2,4],"killed_by":"Gremlin Nob","ascension_level":11}}