{"host":"oqhjdqr9xcmboomw","time":1611810531,"event":{"mods":["2.2 Compatiblity","AchievementEnabler","Act Like it!","Aspiration","BaseMod","Beaked The Cultist","Better Third Choice","Conjunction","Conspire","Disable Question Mark Monsters","Elementarium","Energized Spire","GifTheSpireLib","Halation","Hallownest","Hermit","Hubris","Infinite Spire","Jorbs\u0027s Wanderer Trilogy","Mimic Mod","Minty Spire (QoL Compilation)","Random Character Button","Rare Cards Sparkle","Replay The Spire","Spicy Shops","Spikes Relics","StSLib","Stuff the Spire","The Blackbeard","The Blue Laboratory","The Cursed","The Disciple","The Gatherer","The Hierophant","The Judge","The Mystic","The Saiyan","The Wild Card","Unceasing Turn Reminder","Wandering Minibosses"],"gold_per_floor":[109,123,123,123,123,156,194,194,228,242,258,258,271,283,283,387,387,405,405,405,415,427,427,461,476,524,524,623,654,654,654,654,757,757,776,807,807,840,850,880,880,910,940,952,971,971,971,971,971,971],"floor_reached":51,"language":"ENG","playtime":2799,"items_purged":["WordoMod:DefendCard"],"score":1144,"play_id":"37ba520c-1797-4a0a-ab89-142c4ce85001","local_time":"20210128000851","is_ascension_mode":true,"campfire_choices":[{"data":"WordoMod:Sacrilege","floor":8,"key":"SMITH"},{"floor":15,"key":"REST"},{"data":"StuffTheSpire:PestControl","floor":23,"key":"SMITH"},{"data":"WordoMod:GreatSeal","floor":27,"key":"SMITH"},{"floor":30,"key":"REST"},{"floor":32,"key":"REST"},{"data":"WordoMod:BurnMyDread","floor":41,"key":"SMITH"},{"data":"WordoMod:Penitence","floor":46,"key":"SMITH"},{"data":"WordoMod:Cleanse","floor":49,"key":"SMITH"}],"circlet_count":0,"master_deck":["WordoMod:StrikeCard","WordoMod:StrikeCard","WordoMod:StrikeCard","WordoMod:StrikeCard","WordoMod:DefendCard","WordoMod:DefendCard","WordoMod:DefendCard","WordoMod:Accursed","WordoMod:IllWill+1","WordoMod:Exorcism","WordoMod:Sacrilege+1","Voices","WordoMod:LanternFlame","Voices","WordoMod:Repent","WordoMod:Cleanse+1","Clumsy","WordoMod:SacRite","WordoMod:BurnMyDread+1","WordoMod:Penitence+1","StuffTheSpire:PestControl+1","Clumsy","WordoMod:Sacrilege+1","WordoMod:GreatSeal+1","WordoMod:Cataclysm+1","WordoMod:Miasma","stsjorbsmod:Withering","WordoMod:BreakChains","WordoMod:Unchained","TheCursedMod:Dregs","Writhe"],"relics":["WordoMod:Obsidian","WordoMod:Effigy","infinitespire:FocusingShard","StuffTheSpire:Experiment12","RollingBoulder","aspiration:EmptySkull","Pet Ghost","beaked:MawFillet","aspiration:FaultyCoupler","CosmicIsotope","halation:KoshaPiece","Vajra","WizardHat","hubris:Backtick","Charon\u0027s Ashes","BlackRope","RoseTintedShades","StuffTheSpire:Gunfinga","Anchor","ReplayTheSpireMod:Lightbulb","StuffTheSpire:DarkSteelAnvil"],"acts_visited":["Exordium","TheCity","TheBeyond"],"potions_floor_usage":[14,16,22,24,33,36,45],"damage_taken":[{"damage":10,"enemies":"Jaw Worm","floor":1,"turns":6},{"damage":7,"enemies":"Small Slimes","floor":2,"turns":4},{"damage":28,"enemies":"Gremlin Nob","floor":6,"turns":4},{"damage":0,"enemies":"2 Louse","floor":7,"turns":8},{"damage":0,"enemies":"2 Louse","floor":9,"turns":8},{"damage":7,"enemies":"2 Louse","floor":10,"turns":3},{"damage":4,"enemies":"Looter","floor":11,"turns":3},{"damage":0,"enemies":"Blue Slaver","floor":13,"turns":3},{"damage":0,"enemies":"conspire:2 RoseBushes","floor":14,"turns":4},{"damage":9,"enemies":"Fading Forest","floor":16,"turns":11},{"damage":15,"enemies":"conspire:FuzzyDice","floor":18,"turns":6},{"damage":0,"enemies":"Chosen","floor":21,"turns":5},{"damage":0,"enemies":"Centurion and Healer","floor":22,"turns":6},{"damage":10,"enemies":"Book of Stabbing","floor":24,"turns":5},{"damage":0,"enemies":"Snecko","floor":25,"turns":5},{"damage":12,"enemies":"conspire:Head Lice","floor":29,"turns":4},{"damage":24,"enemies":"Pondfish","floor":33,"turns":6},{"damage":3,"enemies":"3 Shapes","floor":35,"turns":2},{"damage":0,"enemies":"beaked:SuperParasite","floor":36,"turns":6},{"damage":0,"enemies":"Giant Head","floor":38,"turns":7},{"damage":12,"enemies":"3 Darklings","floor":39,"turns":3},{"damage":0,"enemies":"R_Hoarder","floor":40,"turns":7},{"damage":6,"enemies":"Reptomancer","floor":42,"turns":4},{"damage":0,"enemies":"Jaw Worm Horde","floor":43,"turns":5},{"damage":0,"enemies":"Jaw Worm Horde","floor":44,"turns":2},{"damage":0,"enemies":"4 Shapes","floor":45,"turns":3},{"damage":27,"enemies":"Awakened One","floor":50,"turns":7}],"seed_played":"2476006092326778682","potions_obtained":[{"floor":1,"key":"blueLaboratory:TrueEctoplasm"},{"floor":10,"key":"Toxic Potion"},{"floor":13,"key":"Block Potion"},{"floor":18,"key":"blueLaboratory:HummingbirdPotion"},{"floor":25,"key":"Energy Potion"},{"floor":29,"key":"SpeedPotion"},{"floor":35,"key":"SkillPotion"},{"floor":38,"key":"Energy Potion"}],"is_trial":false,"path_per_floor":["M","M","?","T","?","E","MIM","R","MIM","M","M","T","M","M","R","B",null,"M","AVR","?","M","M","R","E","M","T","R","?","E","R","?","R","B",null,"M","E","T","E","M","E","R","E","MIM","M","M","R","?","?","R","B",null],"character_chosen":"JUDGE_CLASS","items_purchased":[],"campfire_rested":3,"item_purchase_floors":[],"current_hp_per_floor":[65,58,58,58,51,23,23,23,23,16,12,12,12,12,34,33,75,60,60,40,40,40,40,30,30,30,30,30,18,40,48,70,46,75,72,72,72,72,60,60,60,54,54,54,54,54,73,73,73,46],"gold":971,"neow_bonus":"UPGRADE_CARD","is_daily":false,"chose_seed":false,"campfire_upgraded":6,"win_rate":0.0,"timestamp":1611810531,"path_taken":["M","M","?","?","?","E","?","R","MIM","M","M","?","?","M","R","BOSS","M","AVR","?","M","M","R","E","M","T","R","?","E","R","?","R","BOSS","M","E","?","E","M","E","R","E","MIM","M","M","R","?","?","R","BOSS"],"items_purchased_type":[],"build_version":"2020-12-22","purchased_purges":1,"victory":true,"max_hp_per_floor":[75,75,75,75,75,75,75,75,75,75,75,75,75,75,75,75,75,75,75,75,75,75,75,75,75,75,75,75,75,75,75,75,75,75,75,75,75,75,75,75,75,75,75,75,75,75,75,75,75,75],"card_choices":[{"not_picked":["WordoMod:Resurrection","WordoMod:Taunt"],"picked":"WordoMod:Exorcism","floor":1},{"not_picked":["WordoMod:BreakChains","WordoMod:BoundlessGreed"],"picked":"WordoMod:Sacrilege","floor":2},{"not_picked":["Hallucinations","ReplayTheSpireMod:Faulty Equipment"],"picked":"Voices","floor":6},{"not_picked":["WordoMod:SoulSpear","WordoMod:SecondChance","WordoMod:UltimateSacrifice"],"picked":"SKIP","floor":6},{"not_picked":["WordoMod:Vulgarity","WordoMod:DarkBead"],"picked":"WordoMod:LanternFlame","floor":7},{"not_picked":["Delirium","CloudedMind"],"picked":"Voices","floor":10},{"not_picked":["WordoMod:Malice","WordoMod:BreakChains"],"picked":"WordoMod:Repent","floor":10},{"not_picked":["WordoMod:BoundlessGreed","WordoMod:Spite","WordoMod:ThornedFist"],"picked":"SKIP","floor":11},{"not_picked":["WordoMod:SecondChance","WordoMod:Vulgarity"],"picked":"WordoMod:Cleanse","floor":13},{"not_picked":["stsjorbsmod:Amnesia","Languid"],"picked":"Clumsy","floor":14},{"not_picked":["WordoMod:Hysteria","WordoMod:FalseDiagnosis"],"picked":"WordoMod:SacRite","floor":14},{"not_picked":["WordoMod:MonkeysPaw","WordoMod:TheCure"],"picked":"WordoMod:BurnMyDread","floor":16},{"not_picked":["WordoMod:Sickness","WordoMod:Exorcism"],"picked":"WordoMod:Penitence","floor":18},{"not_picked":["Injury","StuffTheSpire:GnomedCurse"],"picked":"Clumsy","floor":21},{"not_picked":["WordoMod:Repent","WordoMod:CurseBuckler+1"],"picked":"WordoMod:Sacrilege+1","floor":21},{"not_picked":["WordoMod:HoldTheFort","WordoMod:BurdenOfSin"],"picked":"WordoMod:GreatSeal","floor":22},{"not_picked":["WordoMod:Sacrilege","WordoMod:Malice","WordoMod:Exorcism"],"picked":"SKIP","floor":24},{"not_picked":["WordoMod:MentalFortitude+1","WordoMod:CurseBuckler","WordoMod:Combo"],"picked":"SKIP","floor":25},{"not_picked":["WordoMod:Rise","WordoMod:ConjureTheDamned"],"picked":"WordoMod:Cataclysm+1","floor":29},{"not_picked":["WordoMod:GreatSeal","WordoMod:MonkeysPaw"],"picked":"WordoMod:Miasma","floor":33},{"not_picked":["Languid","Injury"],"picked":"stsjorbsmod:Withering","floor":35},{"not_picked":["WordoMod:Reading+1","WordoMod:Vulgarity+1"],"picked":"WordoMod:BreakChains","floor":35},{"not_picked":["WordoMod:Vulgarity+1","WordoMod:Rise+1","WordoMod:TheCure"],"picked":"SKIP","floor":36},{"not_picked":["WordoMod:Vulgarity+1","WordoMod:Rise+1","WordoMod:TheCure"],"picked":"SKIP","floor":36},{"not_picked":["WordoMod:HoldTheFort+1","WordoMod:InfectiousCulture+1"],"picked":"WordoMod:Unchained","floor":38},{"not_picked":["WordoMod:Resurrection+1","WordoMod:BurdenOfSin+1","WordoMod:BloodThinning"],"picked":"SKIP","floor":39},{"not_picked":["WordoMod:ShackleGuard","WordoMod:BadMemories","WordoMod:Rise"],"picked":"SKIP","floor":40},{"not_picked":["WordoMod:MonkeysPaw","WordoMod:Repent","WordoMod:LordOfTheFlies"],"picked":"SKIP","floor":42},{"not_picked":["Looming Evil","Hallucinations"],"picked":"TheCursedMod:Dregs","floor":43},{"not_picked":["WordoMod:CurseBuckler+1","WordoMod:MonkeysPaw","WordoMod:ScatterAshes"],"picked":"SKIP","floor":44},{"not_picked":["WordoMod:CurseBuckler+1","WordoMod:Pestilence","WordoMod:ScatterAshes+1"],"picked":"SKIP","floor":45}],"player_experience":987506,"relics_obtained":[{"floor":4,"key":"infinitespire:FocusingShard"},{"floor":6,"key":"StuffTheSpire:Experiment12"},{"floor":7,"key":"RollingBoulder"},{"floor":9,"key":"aspiration:EmptySkull"},{"floor":12,"key":"Pet Ghost"},{"floor":24,"key":"halation:KoshaPiece"},{"floor":26,"key":"Vajra"},{"floor":29,"key":"WizardHat"},{"floor":36,"key":"BlackRope"},{"floor":37,"key":"RoseTintedShades"},{"floor":38,"key":"StuffTheSpire:Gunfinga"},{"floor":40,"key":"Anchor"},{"floor":42,"key":"ReplayTheSpireMod:Lightbulb"},{"floor":43,"key":"StuffTheSpire:DarkSteelAnvil"}],"event_choices":[{"cards_removed":["ReplayTheSpireMod:Restless Dread"],"damage_healed":0,"gold_gain":0,"player_choice":"Card Removal","damage_taken":7,"max_hp_gain":0,"max_hp_loss":0,"event_name":"Golden Wing","floor":5,"gold_loss":0},{"damage_healed":0,"gold_gain":99,"player_choice":"Steal","damage_taken":0,"max_hp_gain":0,"max_hp_loss":0,"event_name":"betterThird:BetterNest","floor":28,"gold_loss":0},{"damage_healed":19,"gold_gain":0,"player_choice":"Writhe","damage_taken":0,"max_hp_gain":0,"max_hp_loss":0,"event_name":"Winding Halls","floor":47,"gold_loss":0,"cards_obtained":["Writhe"]}],"is_beta":false,"boss_relics":[{"not_picked":["hubris:BlackHole","hubris:GrandSneckoEye"],"picked":"beaked:MawFillet"},{"not_picked":["Replay:Drink Me","energizedSpire:HugeHouse"],"picked":"hubris:Backtick"}],"items_purged_floors":[19],"is_endless":false,"potions_floor_spawned":[1,10,13,18,25,29,35,38],"ascension_level":4}}