{"host":"na09lpbrez4gbfiz","time":1611835430,"event":{"mods":["Act Like it!","BaseMod","BetterRewards","Colored Map","Colored Powertips","DeckTracker","Googly Eyes","Highlight Path","Minty Spire (QoL Compilation)","Quick Restart","Spicy Shops","StSLib","SuperFastMode","Synergy Search"],"gold_per_floor":[117,136,136,151,76,76,105,105,131,143,143,218,218,247,247,348,348,358,358,298,298],"floor_reached":20,"language":"ENG","playtime":460,"items_purged":["Strike_R"],"score":270,"play_id":"0c6d0b12-5703-4195-81f0-7d353612b4cc","local_time":"20210128130350","is_ascension_mode":true,"campfire_choices":[{"data":"Searing Blow","floor":6,"key":"SMITH"},{"data":"Searing Blow+1","floor":8,"key":"SMITH"},{"data":"Searing Blow+2","floor":11,"key":"SMITH"},{"data":"Searing Blow+3","floor":15,"key":"SMITH"}],"circlet_count":0,"master_deck":["AscendersBane","Strike_R","Strike_R","Strike_R","Defend_R","Defend_R","Defend_R","Defend_R","Bash","Searing Blow+4","Reaper","Sever Soul","Offering"],"relics":["Burning Blood","NeowsBlessing","Vajra","Orichalcum","Potion Belt","Pantograph","Black Star"],"acts_visited":["Exordium","TheCity"],"potions_floor_usage":[7,7,14,18],"damage_taken":[{"damage":0,"enemies":"2 Louse","floor":1,"turns":1},{"damage":0,"enemies":"Cultist","floor":2,"turns":1},{"damage":0,"enemies":"Jaw Worm","floor":4,"turns":1},{"damage":20,"enemies":"Lagavulin","floor":7,"turns":4},{"damage":19,"enemies":"Exordium Thugs","floor":10,"turns":5},{"damage":12,"enemies":"Gremlin Nob","floor":14,"turns":4},{"damage":49,"enemies":"The Guardian","floor":16,"turns":12},{"damage":48,"enemies":"3 Byrds","floor":18,"turns":8},{"damage":40,"enemies":"2 Thieves","floor":20,"turns":3}],"seed_played":"7694725650681185253","potions_obtained":[{"floor":2,"key":"ColorlessPotion"},{"floor":4,"key":"AttackPotion"},{"floor":7,"key":"Explosive Potion"},{"floor":10,"key":"HeartOfIron"},{"floor":16,"key":"ColorlessPotion"},{"floor":19,"key":"Block Potion"},{"floor":19,"key":"Dexterity Potion"},{"floor":19,"key":"Swift Potion"}],"is_trial":false,"path_per_floor":["M","M","?","M","$","R","E","R","T","M","R","?","?","E","R","B",null,"M","?","M"],"character_chosen":"IRONCLAD","items_purchased":[],"campfire_rested":0,"item_purchase_floors":[],"current_hp_per_floor":[78,80,80,80,80,80,66,66,66,53,53,42,42,36,36,18,65,27,27,0,0],"gold":298,"neow_bonus":"THREE_ENEMY_KILL","is_daily":false,"chose_seed":false,"campfire_upgraded":4,"win_rate":0.0,"timestamp":1611835430,"path_taken":["M","M","?","?","$","R","E","R","T","M","R","?","?","E","R","BOSS","M","?","M"],"items_purchased_type":[],"build_version":"2020-12-22","purchased_purges":1,"victory":false,"max_hp_per_floor":[80,80,80,80,80,80,80,80,80,80,80,80,80,80,80,80,80,80,80,80,80],"card_choices":[{"not_picked":["Clash","True Grit"],"picked":"Searing Blow","floor":1},{"not_picked":["Twin Strike","Sword Boomerang","Sever Soul"],"picked":"SKIP","floor":2},{"not_picked":["Flame Barrier","Flex","Body Slam"],"picked":"SKIP","floor":4},{"not_picked":["Entrench","Clash","Wild Strike"],"picked":"SKIP","floor":7},{"not_picked":["Dark Embrace","Wild Strike"],"picked":"Reaper","floor":10},{"not_picked":["Spot Weakness","Rampage","Pummel"],"picked":"SKIP","floor":14},{"not_picked":["Corruption","Feed"],"picked":"Offering","floor":16},{"not_picked":["Anger","Warcry","Wild Strike"],"picked":"SKIP","floor":18}],"player_experience":178614,"relics_obtained":[{"floor":3,"key":"Vajra"},{"floor":7,"key":"Orichalcum"},{"floor":9,"key":"Potion Belt"},{"floor":14,"key":"Pantograph"}],"event_choices":[{"damage_healed":0,"gold_gain":0,"player_choice":"Relic","damage_taken":0,"max_hp_gain":0,"max_hp_loss":0,"event_name":"Wheel of Change","floor":3,"gold_loss":0},{"damage_healed":0,"gold_gain":75,"player_choice":"Gather Gold","damage_taken":11,"max_hp_gain":0,"max_hp_loss":0,"event_name":"World of Goop","floor":12,"gold_loss":0},{"damage_healed":0,"gold_gain":0,"cards_transformed":["Strike_R"],"player_choice":"Transformed","damage_taken":0,"max_hp_gain":0,"max_hp_loss":0,"event_name":"Transmorgrifier","floor":13,"gold_loss":0,"cards_obtained":["Sever Soul"]},{"damage_healed":0,"gold_gain":0,"player_choice":"Got Potions","damage_taken":0,"max_hp_gain":0,"max_hp_loss":0,"event_name":"Lab","floor":19,"gold_loss":0}],"is_beta":false,"boss_relics":[{"not_picked":["Fusion Hammer","Mark of Pain"],"picked":"Black Star"}],"items_purged_floors":[5],"is_endless":false,"potions_floor_spawned":[2,4,7,10,16],"killed_by":"2 Thieves","ascension_level":10}}