{"host":"9slw7l0ws16384qq","time":1611852619,"event":{"mods":["A Penny For Your Troubles","BaseMod","Clockwork Mod","Colored Map","Evolution","Fiend Mod","Hermit","Hubris","Minty Spire (QoL Compilation)","Railgun Mod","Replay The Spire","Shedinja","StS++","StSLib","The Marked"],"gold_per_floor":[112,112,112,112,37,54,54,81,133,133,162,178,178,178,178,253,253,266,266,279,179,189,214,214,246,246,246,246,246,260,109,109,181,181,196,213,231,68,0,0,29,29,29,48,48,59,59,74,74,74,75],"floor_reached":52,"language":"FRA","playtime":1467,"items_purged":["TheRailgun:Discharge","TheRailgun:Zip","TheRailgun:Defend","TheRailgun:Defend","TheRailgun:Defend","TheRailgun:Defend"],"score":1452,"play_id":"de7b5022-ab14-4024-89bb-a15eed197f50","local_time":"20210128175019","is_ascension_mode":true,"campfire_choices":[{"floor":7,"key":"REST"},{"data":"TheRailgun:Strike","floor":10,"key":"SMITH"},{"data":"TheRailgun:Static","floor":13,"key":"SMITH"},{"data":"TheRailgun:Strike","floor":15,"key":"SMITH"},{"data":"TheRailgun:Level_6","floor":27,"key":"SMITH"},{"data":"TheRailgun:Negative_Field","floor":29,"key":"SMITH"},{"data":"TheRailgun:Magnetic_Flight","floor":32,"key":"SMITH"},{"data":"TheRailgun:Strike","floor":40,"key":"SMITH"},{"data":"TheRailgun:Sister_Noise","floor":42,"key":"SMITH"},{"data":"TheRailgun:Strike","floor":47,"key":"SMITH"},{"floor":49,"key":"RECALL"}],"circlet_count":0,"master_deck":["AscendersBane","TheRailgun:Strike+1","TheRailgun:Strike+1","TheRailgun:Strike+1","TheRailgun:Strike+1","TheRailgun:Static+1","TheRailgun:Battery_Pack+1","TheRailgun:Aerial_Shot+1","TheRailgun:Level_6+1","TheRailgun:Negative_Field+1","TheRailgun:Magnetic_Flight+1","TheRailgun:Aerial_Shot+1","TheRailgun:Sister_Noise+1","TheRailgun:Negative_Field+1"],"relics":["TheRailgun:CoinRelic","EVO:Axolotl","NeowsBlessing","ReplayFunnel","hubris:Towel","Molten Egg 2","hubris:ToyBattleship","Blood Vial","hubris:HollowSoul","Centennial Puzzle","Replay:Baseball","Mercury Hourglass","hubris:VirtuousBlindfold","Orichalcum","Red Mask","Vajra","Sundial"],"acts_visited":["Exordium","TheCity","TheBeyond"],"potions_floor_usage":[16,41,50,51],"damage_taken":[{"damage":0,"enemies":"Cultist","floor":1,"turns":1},{"damage":0,"enemies":"Jaw Worm","floor":6,"turns":1},{"damage":0,"enemies":"Lagavulin","floor":8,"turns":1},{"damage":4,"enemies":"3 Sentries","floor":11,"turns":4},{"damage":0,"enemies":"Small Slimes","floor":12,"turns":2},{"damage":4,"enemies":"Hexaghost","floor":16,"turns":7},{"damage":0,"enemies":"Chosen","floor":18,"turns":3},{"damage":0,"enemies":"Spheric Guardian","floor":20,"turns":2},{"damage":0,"enemies":"Snake Plant","floor":22,"turns":2},{"damage":12,"enemies":"Replay:Snechameleon","floor":23,"turns":5},{"damage":12,"enemies":"Gremlin Leader","floor":25,"turns":4},{"damage":0,"enemies":"3 Cultists","floor":30,"turns":2},{"damage":3,"enemies":"Automaton","floor":33,"turns":5},{"damage":0,"enemies":"Orb Walker","floor":35,"turns":3},{"damage":0,"enemies":"3 Shapes","floor":36,"turns":4},{"damage":6,"enemies":"3 Darklings","floor":37,"turns":3},{"damage":1,"enemies":"Reptomancer","floor":41,"turns":3},{"damage":0,"enemies":"Writhing Mass","floor":44,"turns":3},{"damage":0,"enemies":"Transient","floor":46,"turns":6},{"damage":0,"enemies":"4 Shapes","floor":48,"turns":3},{"damage":15,"enemies":"Replay:Hell Engine","floor":50,"turns":7},{"damage":21,"enemies":"Time Eater","floor":51,"turns":10}],"seed_played":"4696673723627019032","potions_obtained":[{"floor":11,"key":"BlessingOfTheForge"},{"floor":12,"key":"SkillPotion"},{"floor":16,"key":"Block Potion"},{"floor":23,"key":"PowerPotion"},{"floor":41,"key":"SkillPotion"}],"is_trial":false,"path_per_floor":["M","$","?","?","$","M","R","E","T","R","E","M","R","?","R","B",null,"M","?","M","$","M","E","?","E","T","R","?","R","M","$","R","B",null,"M","M","M","$","?","R","E","R","T","M","$","M","R","M","R_BF","B","B",null],"character_chosen":"THE_DEFAULT","items_purchased":["ReplayFunnel","TheRailgun:Magnetic_Flight","Orichalcum"],"campfire_rested":1,"item_purchase_floors":[2,31,38],"current_hp_per_floor":[59,17,17,17,17,17,36,36,36,36,32,34,34,34,34,32,57,59,59,61,61,63,53,53,43,43,43,43,43,58,58,58,62,64,65,65,59,59,59,59,64,64,64,65,65,65,65,65,65,61,44],"gold":75,"neow_bonus":"THREE_ENEMY_KILL","is_daily":false,"chose_seed":false,"campfire_upgraded":9,"win_rate":0.0,"timestamp":1611852619,"path_taken":["M","?","?","?","$","M","R","E","T","R","E","M","R","?","R","BOSS","M","?","M","$","M","E","?","E","T","R","?","R","M","$","R","BOSS","M","M","M","$","?","R","E","R","T","M","?","M","R","M","R_BF","BOSS","BOSS"],"items_purchased_type":["Relic","Card","Relic"],"build_version":"2020-12-22","purchased_purges":6,"victory":true,"max_hp_per_floor":[65,65,65,65,65,65,65,65,65,65,65,65,65,65,65,65,65,65,65,65,65,65,65,65,65,65,65,65,65,65,65,65,65,65,65,65,65,65,65,65,65,65,65,65,65,65,65,65,65,65,65],"card_choices":[{"not_picked":["TheRailgun:Discharge","TheRailgun:Gekotamania"],"picked":"TheRailgun:Battery_Pack","floor":1},{"not_picked":["TheRailgun:Iron_Dust_Field","TheRailgun:Iron_Dust_Sword","TheRailgun:Magnetic_Movement"],"picked":"SKIP","floor":6},{"not_picked":["TheRailgun:Charge","TheRailgun:Iron_Dust_Field","TheRailgun:Overload"],"picked":"SKIP","floor":8},{"not_picked":["TheRailgun:Lightning_Speed","TheRailgun:Electrical_Fire+1"],"picked":"TheRailgun:Aerial_Shot+1","floor":11},{"not_picked":["TheRailgun:Oneesama","TheRailgun:Thunderbolt+1","TheRailgun:Thundershock+1"],"picked":"SKIP","floor":12},{"not_picked":["TheRailgun:Rewiring","TheRailgun:Overload"],"picked":"TheRailgun:Level_6","floor":16},{"not_picked":["TheRailgun:Electrical_Fire+1","TheRailgun:Thunderbolt+1","TheRailgun:Static+1"],"picked":"SKIP","floor":18},{"not_picked":["TheRailgun:Pull","TheRailgun:Discharge","TheRailgun:Thunderjolt"],"picked":"SKIP","floor":20},{"not_picked":["TheRailgun:Electrical_Storm+1","TheRailgun:Aerial_Shot+1","TheRailgun:Mental_Out"],"picked":"SKIP","floor":22},{"not_picked":["TheRailgun:Gekotamania","TheRailgun:Circuitous","TheRailgun:Thunderjolt"],"picked":"SKIP","floor":23},{"not_picked":["TheRailgun:Circuit_Breaker","TheRailgun:Thundershock+1"],"picked":"TheRailgun:Negative_Field","floor":25},{"not_picked":["TheRailgun:Zip","TheRailgun:Coin_Flip","TheRailgun:Hypercharge+1"],"picked":"SKIP","floor":30},{"not_picked":["TheRailgun:Gekotamania+1","TheRailgun:Sister_Network"],"picked":"TheRailgun:Aerial_Shot+1","floor":35},{"not_picked":["TheRailgun:Charge","TheRailgun:Zap+1","TheRailgun:Oneesama"],"picked":"SKIP","floor":36},{"not_picked":["TheRailgun:Zap+1","TheRailgun:Charge","TheRailgun:Positive_Field"],"picked":"SKIP","floor":37},{"not_picked":["TheRailgun:Iron_Dust_Shield","TheRailgun:Stun_Shock+1"],"picked":"TheRailgun:Sister_Noise","floor":41},{"not_picked":["TheRailgun:Token_Collection","TheRailgun:Discharge+1"],"picked":"TheRailgun:Negative_Field+1","floor":44},{"not_picked":["TheRailgun:Sister_Network+1","TheRailgun:Sister_Noise","TheRailgun:Taser"],"picked":"SKIP","floor":46},{"not_picked":["TheRailgun:Oneesama","TheRailgun:Iron_Dust_Vial","TheRailgun:Discharge"],"picked":"SKIP","floor":48}],"player_experience":2075270,"relics_obtained":[{"floor":8,"key":"Molten Egg 2"},{"floor":9,"key":"hubris:ToyBattleship"},{"floor":11,"key":"Blood Vial"},{"floor":23,"key":"Centennial Puzzle"},{"floor":25,"key":"Replay:Baseball"},{"floor":26,"key":"Mercury Hourglass"},{"floor":41,"key":"Vajra"},{"floor":43,"key":"Sundial"}],"event_choices":[{"damage_healed":0,"gold_gain":0,"player_choice":"Ignored","damage_taken":0,"max_hp_gain":0,"max_hp_loss":0,"event_name":"Cursed Tome","floor":19,"gold_loss":0},{"damage_healed":0,"gold_gain":0,"player_choice":"Ignored","damage_taken":0,"max_hp_gain":0,"max_hp_loss":0,"event_name":"Vampires","floor":24,"gold_loss":0},{"damage_healed":0,"gold_gain":0,"player_choice":"Ignored","damage_taken":0,"max_hp_gain":0,"max_hp_loss":0,"event_name":"Transmorgrifier","floor":28,"gold_loss":0},{"damage_healed":0,"gold_gain":0,"player_choice":"Paid","damage_taken":0,"relics_obtained":["Red Mask"],"max_hp_gain":0,"max_hp_loss":0,"event_name":"Tomb of Lord Red Mask","floor":39,"gold_loss":68}],"is_beta":false,"boss_relics":[{"not_picked":["StSpp:CrystalBall","Honey Jar"],"picked":"hubris:HollowSoul"},{"not_picked":["Pandora\u0027s Box","ChewingGum"],"picked":"hubris:VirtuousBlindfold"}],"items_purged_floors":[2,2,2,2,5,21],"is_endless":false,"potions_floor_spawned":[11,12,16,23,25,30,33,35,36,41],"ascension_level":20}}