{"host":"takgv9cv6xf64vhq","time":1611820837,"event":{"mods":["BaseMod","Colored Powertips","Downfall","Hubris","LagranYue(拉格朗・月)","Marisa（F雨　魔理沙）","Minty Spire (QoL Compilation)","Replay The Spire","StSLib","The Animator","The Cursed","The Jungle","TheHeartMod"],"gold_per_floor":[110,130,100,113,126,126,137,165,241,241,252,252,105,121,121,217,217,235,235,250,250,250,250,277,158,235,235,265,364,364,381,381,481,481,495,507,627,627,3,3,30,30,30,45,57,91,91,91],"floor_reached":47,"language":"ZHS","playtime":2910,"items_purged":["Writhe"],"score":708,"play_id":"bc32bd51-f2d5-4c06-accd-60a383e43ac1","local_time":"20210128160037","is_ascension_mode":true,"campfire_choices":[{"data":"Armaments","floor":6.0,"key":"SMITH"},{"floor":10.0,"key":"DIG"},{"data":"Demonic Infusion","floor":15.0,"key":"SMITH"},{"data":"Looming Evil","floor":27.0,"key":"PURGE"},{"data":"Flex","floor":32.0,"key":"SMITH"},{"floor":40.0,"key":"RECALL"},{"data":"Barricade","floor":42.0,"key":"SMITH"}],"circlet_count":0,"master_deck":["Defend_R","Defend_R","Defend_R","Defend_R","Bash","Armaments+1","Pommel Strike","Flex","Demonic Infusion+1","Metallicize","ReplayTheSpireMod:Stacked","Heavy Blade","Carnage","hubris:StunningStrike","Flex+1","Dark Embrace","Bite","Bite","Bite","Headbutt+1","Cleave+1","Burning Pact+1","J.A.X.+1","hubris:SharpeningStone+1","Barricade+1","Flex+1","hubris:StunningStrike","Offering+1","Apotheosis+1","hubris:DuctTapeCard","ReplayReversal+1","Flame Barrier+1"],"relics":["hubris:Stopwatch","Replay:Multitool","Matryoshka","hubris:Reverence","PreservedInsect","Replay:WaspNest","ClockworkSouvenir","Busted Crown","Pen Nib","hubris:Towel","hubris:Icosahedron","Iron Hammer","ReplayTheSpireMod:CursedCoin","Pet Ghost","Toxic Egg 2","Chameleon Ring","Akabeko","SlaversCollar","Brimstone","ReplayTheSpireMod:TigerMarble","hubris:DuctTape","hubris:MysteriousPyramids","Orichalcum"],"acts_visited":["Exordium","TheCity","TheBeyond"],"potions_floor_usage":[46],"damage_taken":[{"damage":1.0,"enemies":"Cultist","floor":1.0,"turns":4.0},{"damage":0.0,"enemies":"2 Louse","floor":2.0,"turns":4.0},{"damage":3.0,"enemies":"Jaw Worm","floor":4.0,"turns":4.0},{"damage":3.0,"enemies":"Large Slime","floor":5.0,"turns":7.0},{"damage":7.0,"enemies":"Looter","floor":7.0,"turns":3.0},{"damage":16.0,"enemies":"Lagavulin","floor":8.0,"turns":8.0},{"damage":2.0,"enemies":"2 Fungi Beasts","floor":11.0,"turns":5.0},{"damage":0.0,"enemies":"Red Slaver","floor":14.0,"turns":1.0},{"damage":21.0,"enemies":"The Guardian","floor":16.0,"turns":6.0},{"damage":13.0,"enemies":"2 Thieves","floor":18.0,"turns":3.0},{"damage":10.0,"enemies":"Shell Parasite","floor":20.0,"turns":4.0},{"damage":21.0,"enemies":"Slavers","floor":24.0,"turns":4.0},{"damage":0.0,"enemies":"Book of Stabbing","floor":28.0,"turns":1.0},{"damage":0.0,"enemies":"Snake Plant","floor":31.0,"turns":3.0},{"damage":26.0,"enemies":"hubris:MusketHawk","floor":33.0,"turns":7.0},{"damage":9.0,"enemies":"3 Shapes","floor":35.0,"turns":4.0},{"damage":0.0,"enemies":"Orb Walker","floor":36.0,"turns":2.0},{"damage":13.0,"enemies":"Maw","floor":37.0,"turns":6.0},{"damage":9.0,"enemies":"Giant Head","floor":41.0,"turns":4.0},{"damage":9,"enemies":"Sphere and 2 Shapes","floor":44,"turns":1},{"damage":6,"enemies":"Jaw Worm Horde","floor":45,"turns":3},{"damage":15,"enemies":"Nemesis","floor":46,"turns":4},{"damage":0,"enemies":"Orin","floor":47,"turns":1}],"seed_played":"1705727179133179475","potions_obtained":[{"floor":1.0,"key":"Elixir"},{"floor":3.0,"key":"EssenceOfSteel"},{"floor":3.0,"key":"Flashbang"},{"floor":7.0,"key":"Block Potion"},{"floor":8.0,"key":"Strength Potion"},{"floor":11.0,"key":"Fire Potion"},{"floor":16.0,"key":"Fire Potion"},{"floor":18.0,"key":"FearPotion"},{"floor":20.0,"key":"BloodPotion"},{"floor":31.0,"key":"Adrenaline Potion"},{"floor":35.0,"key":"Fire Potion"},{"floor":41.0,"key":"Reflective Coating"},{"floor":46,"key":"Regen Potion"}],"is_trial":false,"path_per_floor":["M","M","?","M","M","R","M","E","T","R","M","T","$","M","R","B",null,"M","?","M","?","?","R","E","$","T","R","E","R","?","M","R","B",null,"M","M","M","?","$","R","E","R","T","M","M","E","?"],"character_chosen":"IRONCLAD","items_purchased":["ClockworkSouvenir","ReplayTheSpireMod:CursedCoin","Pet Ghost","Cleave+1","Brimstone","ReplayTheSpireMod:TigerMarble","Offering+1","Apotheosis+1"],"campfire_rested":0,"item_purchase_floors":[13,25,25,25,39,39,39,39],"current_hp_per_floor":[79,79,79,76,73,73,66,50,50,50,48,48,48,48,48,27,80,67,67,73,73,73,56,43,43,43,43,46,46,46,52,52,52,56,50,53,54,54,54,54,56,56,56,59,53,44,44,44],"gold":91,"neow_bonus":"BOSS_RELIC","is_daily":false,"chose_seed":false,"campfire_upgraded":4,"win_rate":0.0,"timestamp":1611820837,"path_taken":["M","?","?","M","M","R","M","E","T","R","?","?","$","M","R","BOSS","M","?","M","?","?","R","E","$","T","R","E","R","?","M","R","BOSS","M","M","M","?","$","R","E","R","T","M","?","E","?"],"items_purchased_type":["Relic","Relic","Relic","Card","Relic","Relic","Card","Card"],"build_version":"2020-12-22","purchased_purges":1,"victory":false,"max_hp_per_floor":[80,80,80,80,80,80,80,80,80,80,80,80,80,80,80,80,80,80,80,80,80,80,56,56,56,56,56,56,56,56,56,56,56,56,56,56,56,56,56,56,56,56,56,59,59,59,59,59],"card_choices":[{"not_picked":["Massacre","Thunderclap"],"picked":"Armaments","floor":1.0},{"not_picked":["Sword Boomerang","Dropkick"],"picked":"Pommel Strike","floor":2.0},{"not_picked":["Reckless Charge","Fire Breathing"],"picked":"Flex","floor":4.0},{"not_picked":["Perfected Strike","Flex"],"picked":"Demonic Infusion","floor":5.0},{"not_picked":["Dropkick","Havoc"],"picked":"Metallicize","floor":7.0},{"not_picked":["Body Slam","Anger"],"picked":"ReplayTheSpireMod:Stacked","floor":8.0},{"not_picked":["Thunderclap","Perfected Strike"],"picked":"Heavy Blade","floor":11.0},{"not_picked":["Body Slam","Warcry"],"picked":"Carnage","floor":14.0},{"not_picked":["Limit Break","Offering"],"picked":"hubris:StunningStrike","floor":16.0},{"not_picked":[],"picked":"Flex","floor":18.0},{"not_picked":[],"picked":"Dark Embrace","floor":20.0},{"not_picked":[],"picked":"Headbutt+1","floor":24.0},{"not_picked":[],"picked":"Burning Pact+1","floor":28.0},{"not_picked":[],"picked":"hubris:SharpeningStone+1","floor":31.0},{"not_picked":[],"picked":"Barricade","floor":33.0},{"not_picked":["Headbutt"],"picked":"SKIP","floor":35.0},{"not_picked":[],"picked":"Flex+1","floor":36.0},{"not_picked":["Perfected Strike"],"picked":"SKIP","floor":37.0},{"not_picked":["Sword Boomerang"],"picked":"SKIP","floor":41.0},{"not_picked":[],"picked":"ReplayReversal+1","floor":44},{"not_picked":["Perfected Strike"],"picked":"SKIP","floor":45},{"not_picked":[],"picked":"Flame Barrier+1","floor":46}],"player_experience":157359,"relics_obtained":[{"floor":8.0,"key":"Replay:Multitool"},{"floor":9.0,"key":"Matryoshka"},{"floor":10.0,"key":"hubris:Reverence"},{"floor":12.0,"key":"PreservedInsect"},{"floor":12.0,"key":"Replay:WaspNest"},{"floor":24.0,"key":"Iron Hammer"},{"floor":26.0,"key":"Toxic Egg 2"},{"floor":26.0,"key":"Chameleon Ring"},{"floor":28.0,"key":"Akabeko"},{"floor":41.0,"key":"hubris:DuctTape"},{"floor":43.0,"key":"hubris:MysteriousPyramids"},{"floor":46,"key":"Orichalcum"}],"event_choices":[{"damage_healed":0.0,"max_hp_gain":0.0,"max_hp_loss":0.0,"gold_gain":0.0,"event_name":"The Woman in Blue","player_choice":"Bought 2 Potions","floor":3.0,"gold_loss":0.0,"damage_taken":0.0},{"damage_healed":0.0,"max_hp_gain":0.0,"max_hp_loss":0.0,"gold_gain":0.0,"event_name":"The Mausoleum","player_choice":"Opened","floor":19.0,"gold_loss":0.0,"damage_taken":0.0,"relics_obtained":["Pen Nib"],"cards_obtained":["Writhe"]},{"damage_healed":0.0,"max_hp_gain":0.0,"max_hp_loss":24.0,"gold_gain":0.0,"event_name":"Vampires","player_choice":"Became a vampire","floor":23.0,"gold_loss":0.0,"damage_taken":0.0,"cards_obtained":["Bite","Bite","Bite","Bite","Bite"]},{"damage_healed":0.0,"max_hp_gain":0.0,"max_hp_loss":0.0,"gold_gain":99.0,"event_name":"Nest","player_choice":"Stole From Cult","floor":29.0,"gold_loss":0.0,"damage_taken":0.0},{"damage_healed":0.0,"max_hp_gain":0.0,"max_hp_loss":0.0,"gold_gain":0.0,"event_name":"Drug Dealer","player_choice":"Obtain J.A.X.","floor":30.0,"gold_loss":0.0,"damage_taken":0.0,"cards_obtained":["J.A.X."]},{"damage_healed":0.0,"max_hp_gain":0.0,"max_hp_loss":0.0,"gold_gain":0.0,"event_name":"Duplicator","player_choice":"Copied","floor":38.0,"gold_loss":0.0,"damage_taken":0.0,"cards_obtained":["hubris:StunningStrike"]},{"damage_healed":0,"gold_gain":0,"player_choice":"Fight","damage_taken":0,"max_hp_gain":0,"max_hp_loss":0,"event_name":"OrinTheCat","floor":47,"gold_loss":0}],"is_beta":false,"boss_relics":[{"not_picked":["hubris:ScarierMask","Calling Bell"],"picked":"Busted Crown"},{"not_picked":["SacredBark","Electric Blood"],"picked":"SlaversCollar"}],"items_purged_floors":[25],"is_endless":false,"potions_floor_spawned":[1,7,8,11,14,16,18,20,31,35,41,46],"killed_by":"Orin","ascension_level":1}}