{"host":"m6e09adb7fik7oct","time":1611799643,"event":{"mods":["AchievementEnabler","BaseMod","Better Altar","Better Note","Better Sensory Stone","Better Third Choice","BetterRewards","Block Reminder","Colored Map","Displayed Cursed Tome","Energized Spire","Evolution","Infinite Spire","Ironclad Rager","Key Reminder","Mad Scientist","Minty Spire (QoL Compilation)","Quick Restart","RNG Fix","Relic Stats","Reorder Act Four","Replay The Spire","StSLib","The Construct","The Jungle","The Marked","Trackpad","Transform Curses","Unceasing Turn Reminder","Wandering Minibosses","everything is the same but u backflip on backflip"],"gold_per_floor":[144,330,505,550,126,126,216,261,336,336,26,116,116,206,206,506,506,551,546,165,165,165,165],"floor_reached":22,"language":"ENG","playtime":4430,"items_purged":["Doubt","Shame"],"score":275,"play_id":"468913b6-5f80-4bd3-9d73-af87edb10c68","local_time":"20210127210723","daily_mods":["Draft","Flight","Midas"],"is_ascension_mode":false,"campfire_choices":[{"floor":6.0,"key":"REST"},{"floor":10.0,"key":"REST"},{"floor":13.0,"key":"REST"},{"floor":15.0,"key":"REST"}],"circlet_count":0,"master_deck":["Replay:BluntJabs","Adaptation","Evaluate+1","EmptyBody","SashWhip","FollowUp","CutThroughFate","ICR:YinYang","FollowUp","ClearTheMind","EmptyBody","Fasting2","Crescendo","FollowUp","BowlingBash","SignatureMove","Meditate","Replay:DivineShield","LikeWater","SandsOfTime+1","Consecrate","TalkToTheHand","Mayhem+1","Nirvana","DevaForm","WindmillStrike","Omniscience","Replay:Battleflow+1","Conclude","Shame"],"relics":["PureWater","EVO:Axolotl","Blue Doll","Replay:Wax Seal","Darkstone Periapt","Gremlin Food","infinitespire:Golems Mask","Bag of Preparation","Runic Pyramid","ReplayTheSpireMod:CursedCoin","trackpad:Compendium","Akabeko","theJungle:SneckoAutograph"],"acts_visited":["Exordium","Exordium"],"potions_floor_usage":[22,22],"damage_taken":[{"damage":0.0,"enemies":"Cultist","floor":1.0,"turns":2.0},{"damage":0.0,"enemies":"Small Slimes","floor":4.0,"turns":1.0},{"damage":11.0,"enemies":"Lagavulin","floor":7.0,"turns":4.0},{"damage":4.0,"enemies":"Jaw Worm","floor":8.0,"turns":3.0},{"damage":27.0,"enemies":"3 Sentries","floor":12.0,"turns":5.0},{"damage":1.0,"enemies":"Gremlin Nob","floor":14.0,"turns":3.0},{"damage":0.0,"enemies":"Slime Boss","floor":16.0,"turns":5.0},{"damage":17.0,"enemies":"theJungle:Flameango_and_Byrd","floor":18.0,"turns":4.0},{"damage":25.0,"enemies":"Shell Parasite","floor":19.0,"turns":6.0},{"damage":49,"enemies":"theJungle:2_Flameangoes","floor":22,"turns":4}],"seed_played":"9192803745042345800","potions_obtained":[{"floor":2.0,"key":"PowerPotion"},{"floor":7.0,"key":"SkillPotion"},{"floor":8.0,"key":"BlessingOfTheForge"},{"floor":12.0,"key":"FearPotion"}],"is_trial":false,"path_per_floor":["M","?","?","M","$","R","E","M","T","R","$","E","R","E","R","B",null,"M","M","$","?","M"],"character_chosen":"WATCHER","items_purchased":["Replay:DivineShield","Blue Doll","LikeWater","SandsOfTime","Gremlin Food","Mayhem+1","Nirvana","ReplayTheSpireMod:CursedCoin","trackpad:Compendium","Akabeko","Replay:Battleflow+1","Conclude"],"campfire_rested":4,"item_purchase_floors":[5,5,5,5,11,11,11,20,20,20,20,20],"current_hp_per_floor":[72,72,72,72,72,72,61,57,57,72,72,45,66,65,72,72,72,55,30,36,42,0,0],"gold":165,"neow_bonus":"","is_daily":true,"chose_seed":false,"campfire_upgraded":0,"win_rate":0.0,"timestamp":1611799643,"path_taken":["M","?","?","?","?","R","E","M","T","R","$","E","R","E","R","BOSS","M","M","$","?","?"],"items_purchased_type":["Card","Relic","Card","Card","Relic","Card","Card","Relic","Relic","Relic","Card","Card"],"build_version":"2020-12-22","purchased_purges":2,"victory":false,"max_hp_per_floor":[72,72,72,72,72,72,72,72,72,72,72,72,72,72,72,72,72,72,72,78,84,84,84],"relic_stats":{"Darkstone Periapt":12,"counters":[10,37],"Bag of Preparation":[8],"obtain_stats":[{"Darkstone Periapt":9,"Gremlin Food":11,"ReplayTheSpireMod:CursedCoin":20,"trackpad:PetRock":2,"Blue Doll":5,"Bag of Preparation":14,"EVO:Axolotl":0,"Akabeko":20,"theJungle:SneckoAutograph":21,"infinitespire:Golems Mask":12,"trackpad:Compendium":20,"PureWater":0,"Replay:Wax Seal":7,"Runic Pyramid":17},{"Darkstone Periapt":4,"Gremlin Food":4,"ReplayTheSpireMod:CursedCoin":9,"trackpad:PetRock":1,"Blue Doll":2,"Bag of Preparation":6,"EVO:Axolotl":0,"Akabeko":9,"theJungle:SneckoAutograph":9,"infinitespire:Golems Mask":5,"trackpad:Compendium":9,"PureWater":0,"Replay:Wax Seal":3,"Runic Pyramid":7},{"Darkstone Periapt":10,"Gremlin Food":10,"ReplayTheSpireMod:CursedCoin":33,"trackpad:PetRock":2,"Blue Doll":3,"Bag of Preparation":18,"EVO:Axolotl":0,"Akabeko":33,"theJungle:SneckoAutograph":33,"infinitespire:Golems Mask":15,"trackpad:Compendium":33,"PureWater":0,"Replay:Wax Seal":7,"Runic Pyramid":23}]},"card_choices":[{"not_picked":["Consecrate","PathToVictory"],"picked":"Replay:BluntJabs","floor":0.0},{"not_picked":["FlyingSleeves","WheelKick"],"picked":"Adaptation","floor":0.0},{"not_picked":["WreathOfFlame","CrushJoints"],"picked":"Evaluate","floor":0.0},{"not_picked":["ClearTheMind","Nirvana"],"picked":"EmptyBody","floor":0.0},{"not_picked":["EmptyFist","CrushJoints"],"picked":"SashWhip","floor":0.0},{"not_picked":["Worship","EmptyMind"],"picked":"FollowUp","floor":0.0},{"not_picked":["Protect","WindmillStrike"],"picked":"CutThroughFate","floor":0.0},{"not_picked":["EmptyBody","JustLucky"],"picked":"ICR:YinYang","floor":0.0},{"not_picked":["ICR:YinYang","Sanctity"],"picked":"FollowUp","floor":0.0},{"not_picked":["FlyingSleeves","CrushJoints"],"picked":"ClearTheMind","floor":0.0},{"not_picked":["Prostrate","CutThroughFate"],"picked":"EmptyBody","floor":0.0},{"not_picked":["Replay:ManipulateFuture","CrushJoints"],"picked":"Fasting2","floor":0.0},{"not_picked":["Replay:BluntJabs","JustLucky"],"picked":"Crescendo","floor":0.0},{"not_picked":["Evaluate","Pray"],"picked":"FollowUp","floor":0.0},{"not_picked":["ReachHeaven","Crescendo"],"picked":"BowlingBash","floor":0.0},{"not_picked":["Swivel","FollowUp"],"picked":"SignatureMove","floor":1.0},{"not_picked":["JustLucky","CutThroughFate"],"picked":"Meditate","floor":2.0},{"not_picked":["PathToVictory","ForeignInfluence","FollowUp"],"picked":"SKIP","floor":4.0},{"not_picked":["ThirdEye","PathToVictory"],"picked":"Consecrate","floor":7.0},{"not_picked":["Replay:Anticipation","Consecrate"],"picked":"TalkToTheHand","floor":8.0},{"not_picked":["ReachHeaven","CutThroughFate"],"picked":"DevaForm","floor":12.0},{"not_picked":["Protect","ICR:YinYang"],"picked":"WindmillStrike","floor":14.0},{"not_picked":["Wish","Blasphemy"],"picked":"Omniscience","floor":16.0},{"not_picked":["BowlingBash","ThirdEye","PathToVictory"],"picked":"SKIP","floor":18.0},{"not_picked":["Protect","JustLucky","Crescendo"],"picked":"SKIP","floor":19.0}],"player_experience":331178,"relics_obtained":[{"floor":2.0,"key":"trackpad:PetRock"},{"floor":7.0,"key":"Replay:Wax Seal"},{"floor":9.0,"key":"Darkstone Periapt"},{"floor":12.0,"key":"infinitespire:Golems Mask"},{"floor":14.0,"key":"Bag of Preparation"}],"event_choices":[{"damage_healed":0.0,"max_hp_gain":0.0,"max_hp_loss":0.0,"gold_gain":175.0,"event_name":"betterThird:BetterSerpent","player_choice":"AGREE","floor":3.0,"gold_loss":0.0,"damage_taken":330.0}],"is_beta":false,"boss_relics":[{"not_picked":["Coffee Dripper","ReplayTheSpireMod:DimensionalGlitch"],"picked":"Runic Pyramid"}],"items_purged_floors":[5,20],"is_endless":false,"potions_floor_spawned":[7,8,12,19],"killed_by":"theJungle:2_Flameangoes","ascension_level":0}}