{"host":"y7357sx8ps3jkgoj","time":1611874317,"event":{"mods":["BaseMod","Friendly Minions","Minty Spire (QoL Compilation)","Permanent Neow","Relic Stats","Shop Mod","StSLib","The Alterego","Uncapped","Unceasing Turn Reminder"],"gold_per_floor":[114,114,39,39,39,39,66,66,66,100,119,139,149,182,182,278,278,249,267,267,287,287,287,287],"floor_reached":23,"language":"ENG","playtime":2481,"items_purged":["Shame"],"score":306,"play_id":"caa7245b-bea4-4258-8687-5be15db6748c","local_time":"20210128165157","is_ascension_mode":true,"campfire_choices":[{"data":"alterego_mod:BrynhildrsRune","floor":6,"key":"SMITH"},{"data":"alterego_mod:Nekomimi","floor":8,"key":"SMITH"},{"data":"alterego_mod:IdEs","floor":15,"key":"SMITH"}],"circlet_count":0,"master_deck":["alterego_mod:Strike","alterego_mod:Strike+1","alterego_mod:Strike+1","alterego_mod:Defend","alterego_mod:Defend+1","alterego_mod:Defend","alterego_mod:Defend","alterego_mod:Impale","alterego_mod:BigMeatyClaws","alterego_mod:BrynhildrsRune+1","alterego_mod:Nekomimi+1","alterego_mod:IdEs+1","alterego_mod:Venus","CurseOfTheBell","alterego_mod:Smother+1","alterego_mod:Undulate+1","alterego_mod:MagicResistance"],"relics":["alterego_mod:MasochisticConstitution","Dead Branch","Centennial Puzzle","Eternal Feather","Orichalcum","Happy Flower","Calling Bell","Toy Ornithopter","Darkstone Periapt","Mango"],"acts_visited":["Exordium","TheCity"],"potions_floor_usage":[7,14,19,23,23],"damage_taken":[{"damage":38,"enemies":"Jaw Worm","floor":1,"turns":8},{"damage":23,"enemies":"3 Sentries","floor":7,"turns":16},{"damage":33,"enemies":"Gremlin Nob","floor":10,"turns":5},{"damage":2,"enemies":"2 Louse","floor":11,"turns":5},{"damage":2,"enemies":"Cultist","floor":12,"turns":3},{"damage":5,"enemies":"Large Slime","floor":13,"turns":10},{"damage":12,"enemies":"3 Sentries","floor":14,"turns":10},{"damage":34,"enemies":"The Guardian","floor":16,"turns":17},{"damage":37,"enemies":"2 Thieves","floor":18,"turns":5},{"damage":22,"enemies":"Spheric Guardian","floor":19,"turns":10},{"damage":15,"enemies":"Centurion and Healer","floor":21,"turns":13},{"damage":57,"enemies":"Book of Stabbing","floor":23,"turns":8}],"seed_played":"937307425428373327","potions_obtained":[{"floor":1,"key":"Block Potion"},{"floor":5,"key":"Block Potion"},{"floor":5,"key":"AttackPotion"},{"floor":7,"key":"FearPotion"},{"floor":12,"key":"Energy Potion"},{"floor":18,"key":"LiquidMemories"}],"is_trial":false,"path_per_floor":["M","?","$","?","?","R","E","R","T","E","M","M","M","E","R","B",null,"M","M","?","M","?","E"],"character_chosen":"The_Alterego","items_purchased":[],"campfire_rested":0,"item_purchase_floors":[],"current_hp_per_floor":[40,63,63,49,49,49,68,68,68,45,58,57,67,77,77,78,92,56,47,47,47,47,0,0],"gold":287,"neow_bonus":"ONE_RARE_RELIC","is_daily":false,"chose_seed":false,"campfire_upgraded":3,"win_rate":0.0,"timestamp":1611874317,"path_taken":["M","?","$","?","?","R","E","R","T","E","M","M","?","E","R","BOSS","M","M","?","?","?","E"],"items_purchased_type":[],"build_version":"2020-12-22","purchased_purges":1,"victory":false,"max_hp_per_floor":[71,71,71,71,71,71,72,72,72,73,74,75,76,77,77,78,92,93,94,94,95,95,95,95],"relic_stats":{"Darkstone Periapt":0,"Centennial Puzzle":[30],"Happy Flower":[17],"counters":[12,110],"Dead Branch":[102],"Eternal Feather":0,"Orichalcum":[96],"obtain_stats":[{"Calling Bell":17,"Darkstone Periapt":17,"alterego_mod:MasochisticConstitution":0,"Centennial Puzzle":7,"Happy Flower":14,"Dead Branch":0,"Eternal Feather":9,"Mango":17,"Orichalcum":10,"Toy Ornithopter":17},{"Calling Bell":8,"Darkstone Periapt":8,"alterego_mod:MasochisticConstitution":0,"Centennial Puzzle":2,"Happy Flower":7,"Dead Branch":0,"Eternal Feather":2,"Mango":8,"Orichalcum":3,"Toy Ornithopter":8},{"Calling Bell":74,"Darkstone Periapt":74,"alterego_mod:MasochisticConstitution":0,"Centennial Puzzle":24,"Happy Flower":57,"Dead Branch":0,"Eternal Feather":24,"Mango":74,"Orichalcum":29,"Toy Ornithopter":74}],"Toy Ornithopter":15},"card_choices":[{"not_picked":["alterego_mod:GoddessCore","alterego_mod:Jiggle","alterego_mod:Lingerie"],"picked":"SKIP","floor":1},{"not_picked":["alterego_mod:Belle","alterego_mod:Schoolgirl"],"picked":"alterego_mod:Nekomimi","floor":7},{"not_picked":["alterego_mod:Cooking","alterego_mod:Rip"],"picked":"alterego_mod:IdEs","floor":10},{"not_picked":["alterego_mod:1TonWallop","alterego_mod:SuperDuperMasochism","alterego_mod:Support"],"picked":"SKIP","floor":11},{"not_picked":["alterego_mod:Punishment","alterego_mod:Swimsuit","alterego_mod:Clap"],"picked":"SKIP","floor":12},{"not_picked":["alterego_mod:Cycle","alterego_mod:Bounce","alterego_mod:Lingerie"],"picked":"SKIP","floor":13},{"not_picked":["alterego_mod:Jiggle","alterego_mod:PerceptionDisorder","alterego_mod:Pet"],"picked":"SKIP","floor":14},{"not_picked":["alterego_mod:Weigh","alterego_mod:Palingenesis"],"picked":"alterego_mod:Venus","floor":16},{"not_picked":["alterego_mod:Cooking","alterego_mod:Skirt"],"picked":"alterego_mod:Smother+1","floor":18},{"not_picked":["alterego_mod:RidiculouslyBig+1","alterego_mod:Smother","alterego_mod:Jiggle+1"],"picked":"SKIP","floor":19},{"not_picked":["alterego_mod:1TonWallop","alterego_mod:Mirror"],"picked":"alterego_mod:Undulate+1","floor":21}],"player_experience":324761,"relics_obtained":[{"floor":7,"key":"Centennial Puzzle"},{"floor":9,"key":"Eternal Feather"},{"floor":10,"key":"Orichalcum"},{"floor":14,"key":"Happy Flower"},{"floor":17,"key":"Toy Ornithopter"},{"floor":17,"key":"Darkstone Periapt"},{"floor":17,"key":"Mango"}],"event_choices":[{"damage_healed":23,"gold_gain":0,"player_choice":"Banana","damage_taken":0,"max_hp_gain":0,"max_hp_loss":0,"event_name":"Big Fish","floor":2,"gold_loss":0},{"damage_healed":0,"gold_gain":0,"player_choice":"Entered Light","damage_taken":14,"max_hp_gain":0,"max_hp_loss":0,"event_name":"Shining Light","floor":4,"gold_loss":0,"cards_upgraded":["alterego_mod:Defend","alterego_mod:Strike"]},{"damage_healed":0,"gold_gain":0,"player_choice":"Got Potions","damage_taken":0,"max_hp_gain":0,"max_hp_loss":0,"event_name":"Lab","floor":5,"gold_loss":0},{"cards_removed":["alterego_mod:Strike"],"damage_healed":0,"gold_gain":0,"player_choice":"Offered Basic","damage_taken":0,"max_hp_gain":0,"max_hp_loss":0,"event_name":"Bonfire Elementals","floor":20,"gold_loss":0},{"damage_healed":0,"gold_gain":0,"player_choice":"Read","damage_taken":0,"max_hp_gain":0,"max_hp_loss":0,"event_name":"The Library","floor":22,"gold_loss":0,"cards_obtained":["alterego_mod:MagicResistance"]}],"is_beta":false,"boss_relics":[{"not_picked":["Busted Crown","SacredBark"],"picked":"Calling Bell"}],"items_purged_floors":[3],"is_endless":false,"potions_floor_spawned":[1,7,12,18],"killed_by":"Book of Stabbing","ascension_level":4}}