{"host":"p4v0hquynnreu717","time":1611846824,"event":{"mods":["BaseMod","Better Vampires","DeckTracker","Googly Eyes","Minty Spire (QoL Compilation)","Quick Restart","StSLib","SuperFastMode"],"gold_per_floor":[113,188,21,21,21,50,50,61,113,66,66,84,95,121,121,193,193,206,106,106,119,49,49,49,99,122,148,148,148],"floor_reached":28,"language":"ZHS","playtime":715,"items_purged":["Strike_G","Defend_G"],"score":511,"play_id":"1c8a03ae-f217-4684-b888-e533190ccc5b","local_time":"20210128231344","is_ascension_mode":true,"campfire_choices":[{"floor":7.0,"key":"REST"},{"data":"Blade Dance","floor":11.0,"key":"SMITH"},{"data":"Accuracy","floor":15.0,"key":"SMITH"},{"data":"Envenom","floor":23,"key":"SMITH"},{"data":"Noxious Fumes","floor":24,"key":"SMITH"}],"circlet_count":0,"master_deck":["AscendersBane","Defend_G","Defend_G","Defend_G","Defend_G","Survivor","Neutralize","Calculated Gamble","Noxious Fumes+1","Deadly Poison","Predator","Accuracy+1","Blade Dance+1","Acrobatics","Backflip","Malaise","Envenom+1","Terror+1","Masterful Stab+1","Night Terror+1","PiercingWail","Accuracy","Accuracy","Blade Dance+1"],"relics":["Runic Dome","Orichalcum","Potion Belt","Oddly Smooth Stone","WingedGreaves","Astrolabe","Kunai"],"acts_visited":["Exordium","TheCity"],"potions_floor_usage":[28],"damage_taken":[{"damage":8.0,"enemies":"Jaw Worm","floor":1.0,"turns":4.0},{"damage":20.0,"enemies":"3 Sentries","floor":6.0,"turns":9.0},{"damage":4.0,"enemies":"Small Slimes","floor":8.0,"turns":3.0},{"damage":0.0,"enemies":"Cultist","floor":12.0,"turns":4.0},{"damage":11.0,"enemies":"Lots of Slimes","floor":13.0,"turns":6.0},{"damage":6.0,"enemies":"Gremlin Nob","floor":14.0,"turns":4.0},{"damage":0.0,"enemies":"Slime Boss","floor":16.0,"turns":8.0},{"damage":0.0,"enemies":"Spheric Guardian","floor":18.0,"turns":2.0},{"damage":20,"enemies":"2 Thieves","floor":21,"turns":3},{"damage":30,"enemies":"Gremlin Leader","floor":27,"turns":7},{"damage":0,"enemies":"Cultist and Chosen","floor":28,"turns":1}],"seed_played":"1010947145508040237","potions_obtained":[{"floor":1.0,"key":"SkillPotion"},{"floor":13.0,"key":"Block Potion"},{"floor":14.0,"key":"Block Potion"},{"floor":16.0,"key":"FearPotion"},{"floor":18.0,"key":"AttackPotion"}],"is_trial":false,"path_per_floor":["M","?","$","?","?","E","R","M","T","$","R","M","M","E","R","B",null,"M","$","?","M","$","R","R","?","T","E","M"],"character_chosen":"THE_SILENT","items_purchased":["Noxious Fumes","Deadly Poison","Blade Dance","Accuracy"],"campfire_rested":1,"item_purchase_floors":[3,3,10,22],"current_hp_per_floor":[51,40,40,35,35,15,34,30,30,30,30,30,19,13,13,13,53,53,53,53,33,33,33,33,33,33,3,3,3],"gold":148,"neow_bonus":"BOSS_RELIC","is_daily":false,"chose_seed":false,"campfire_upgraded":4,"win_rate":0.0,"timestamp":1611846824,"path_taken":["M","?","$","?","?","E","R","M","T","$","R","?","M","E","R","BOSS","M","?","?","M","$","R","R","?","T","E","M"],"items_purchased_type":["Card","Card","Card","Card"],"build_version":"2020-12-22","purchased_purges":2,"victory":false,"max_hp_per_floor":[66,66,66,66,66,66,66,66,66,66,66,66,66,66,66,66,66,66,66,66,66,66,66,66,66,66,66,66,66],"card_choices":[{"not_picked":["Well Laid Plans","Escape Plan"],"picked":"Calculated Gamble","floor":1.0},{"not_picked":["Dodge and Roll","Sucker Punch"],"picked":"Predator","floor":6.0},{"not_picked":["Dash","Dagger Spray"],"picked":"Accuracy","floor":8.0},{"not_picked":["Dash","Concentrate"],"picked":"Acrobatics","floor":12.0},{"not_picked":["Slice","Well Laid Plans"],"picked":"Backflip","floor":13.0},{"not_picked":["Cloak And Dagger","Deflect"],"picked":"Malaise","floor":14.0},{"not_picked":["Night Terror","Phantasmal Killer"],"picked":"Envenom","floor":16.0},{"not_picked":["Eviscerate","Deflect"],"picked":"PiercingWail","floor":18.0},{"not_picked":["Expertise","Dagger Throw"],"picked":"Accuracy","floor":21},{"not_picked":["Flechettes","Caltrops"],"picked":"Blade Dance+1","floor":27}],"player_experience":785775,"relics_obtained":[{"floor":6.0,"key":"Potion Belt"},{"floor":9.0,"key":"Oddly Smooth Stone"},{"floor":14.0,"key":"WingedGreaves"},{"floor":27,"key":"Kunai"}],"event_choices":[{"damage_healed":0.0,"max_hp_gain":0.0,"max_hp_loss":0.0,"gold_gain":75.0,"event_name":"World of Goop","player_choice":"Gather Gold","floor":2.0,"gold_loss":0.0,"damage_taken":11.0},{"damage_healed":0.0,"max_hp_gain":0.0,"max_hp_loss":0.0,"gold_gain":0.0,"event_name":"Scrap Ooze","player_choice":"Success","floor":4.0,"gold_loss":0.0,"damage_taken":5.0,"relics_obtained":["Orichalcum"]},{"cards_removed":["Strike_G"],"damage_healed":0.0,"max_hp_gain":0.0,"max_hp_loss":0.0,"gold_gain":0.0,"event_name":"Purifier","player_choice":"Purged","floor":5.0,"gold_loss":0.0,"damage_taken":0.0},{"damage_healed":0.0,"max_hp_gain":0.0,"max_hp_loss":0.0,"gold_gain":0.0,"event_name":"The Mausoleum","player_choice":"Ignored","floor":20.0,"gold_loss":0.0,"damage_taken":0.0},{"damage_healed":0,"gold_gain":50,"player_choice":"Stole From Cult","damage_taken":0,"max_hp_gain":0,"max_hp_loss":0,"event_name":"Nest","floor":25,"gold_loss":0}],"is_beta":false,"boss_relics":[{"not_picked":["Velvet Choker","Empty Cage"],"picked":"Astrolabe"}],"items_purged_floors":[3,19],"is_endless":false,"potions_floor_spawned":[1,13,14,16,18],"killed_by":"Cultist and Chosen","ascension_level":15}}