{"host":"takgv9cv6xf64vhq","time":1611851795,"event":{"mods":["BaseMod","Colored Powertips","Downfall","Hubris","LagranYue(拉格朗・月)","Marisa（F雨　魔理沙）","Minty Spire (QoL Compilation)","Replay The Spire","StSLib","The Animator","The Cursed","The Jungle","TheHeartMod"],"gold_per_floor":[109,109,209,227,244,271,290,290,290,321,338,355,366,7,7,111,111,121,220,234,234,246,277,287,304,304,304,322,335,179,179,179,277,277,287,307,110,120,138,171,171,221,221,275,130,130,158,171,171,171,171,171,45,72,72],"floor_reached":56,"language":"ZHS","playtime":3940,"items_purged":["Zap"],"score":1420,"play_id":"a954f249-128b-439a-9e84-c36942b138d3","local_time":"20210129003635","is_ascension_mode":true,"campfire_choices":[{"data":"Self Repair","floor":8.0,"key":"SMITH"},{"data":"ReplayTheSpireMod:Fabricate Wheel","floor":15.0,"key":"SMITH"},{"data":"1","floor":27.0,"key":"LIFT"},{"data":"2","floor":32.0,"key":"LIFT"},{"data":"3","floor":41.0,"key":"LIFT"},{"floor":49.0,"key":"RECALL"},{"data":"hubris:EnhanceAbility","floor":52.0,"key":"SMITH"}],"circlet_count":0,"master_deck":["Dualcast","Hologram+1","Self Repair+1","Turbo","Core Surge","Panic Button","Coolheaded","FTL","Cold Snap","Beam Cell","Scrape","Seek","ReplayTheSpireMod:Omega Cannon","CurseOfTheBell","Turbo+1","Hologram+1","Melter+1","Sweeping Beam","Go for the Eyes+1","Beam Cell","Leap","Sweeping Beam+1","Cold Snap","Cold Snap","Sweeping Beam+1","Gash","Turbo","Core Surge","Auto Shields","Reboot","Gash","Conserve Battery","FIFO Queue","Static Discharge","Blizzard","ReplaySort","Ball Lightning+1","Lockon+1","Gash","Chill+1","Gash","Hologram+1","FTL","Glacier","Recycle+1","FTL+1","Capacitor+1","Leap+1","Gash+1","hubris:EnhanceAbility+1","Consume+1","Consume","Self Repair+1","Steam"],"relics":["bronze:MakeshiftBattery","ReplayTheSpireMod:Ninjato","Pen Nib","DataDisk","Bag of Marbles","Prayer Wheel","Calling Bell","Kunai","Girya","Orichalcum","Enchiridion","Replay:Mystery Machine","Strange Spoon","Pandora\u0027s Box","Prayer Wheel","Bronze Scales","Replay:Bottled Snecko","Incense Burner","hubris:BundleOfHerbs","Torii","ClockworkSouvenir","Happy Flower","LagranYue:MagicReflectiveArmorRelic"],"acts_visited":["Exordium","TheCity","TheBeyond","TheEnding"],"potions_floor_usage":[54,54],"damage_taken":[{"damage":6.0,"enemies":"Jaw Worm","floor":1.0,"turns":4.0},{"damage":0.0,"enemies":"2 Louse","floor":4.0,"turns":1.0},{"damage":0.0,"enemies":"Cultist","floor":5.0,"turns":4.0},{"damage":40.0,"enemies":"Gremlin Nob","floor":6.0,"turns":5.0},{"damage":9.0,"enemies":"Red Slaver","floor":7.0,"turns":4.0},{"damage":18.0,"enemies":"Lagavulin","floor":10.0,"turns":8.0},{"damage":16.0,"enemies":"Large Slime","floor":11.0,"turns":6.0},{"damage":0.0,"enemies":"Exordium Thugs","floor":12.0,"turns":3.0},{"damage":9.0,"enemies":"3 Louse","floor":13.0,"turns":4.0},{"damage":31.0,"enemies":"Slime Boss","floor":16.0,"turns":13.0},{"damage":3.0,"enemies":"3 Byrds","floor":18.0,"turns":3.0},{"damage":1.0,"enemies":"Shell Parasite","floor":20.0,"turns":3.0},{"damage":5.0,"enemies":"Cultist and Chosen","floor":22.0,"turns":5.0},{"damage":24.0,"enemies":"Gremlin Leader","floor":23.0,"turns":4.0},{"damage":0.0,"enemies":"Snake Plant","floor":24.0,"turns":3.0},{"damage":0.0,"enemies":"Centurion and Healer","floor":25.0,"turns":4.0},{"damage":0.0,"enemies":"Snecko","floor":28.0,"turns":3.0},{"damage":10.0,"enemies":"Chosen and Byrds","floor":29.0,"turns":4.0},{"damage":17.0,"enemies":"Pondfish","floor":33.0,"turns":10.0},{"damage":0.0,"enemies":"3 Darklings","floor":35.0,"turns":2.0},{"damage":0.0,"enemies":"3 Shapes","floor":36.0,"turns":2.0},{"damage":0.0,"enemies":"Sphere and 2 Shapes","floor":38.0,"turns":2.0},{"damage":12.0,"enemies":"3 Darklings","floor":39.0,"turns":3.0},{"damage":0.0,"enemies":"Giant Head","floor":40.0,"turns":3.0},{"damage":14.0,"enemies":"Mind Bloom Boss Battle","floor":42.0,"turns":4.0},{"damage":0.0,"enemies":"2 Orb Walkers","floor":44.0,"turns":3.0},{"damage":0.0,"enemies":"Nemesis","floor":47.0,"turns":5.0},{"damage":0.0,"enemies":"Transient","floor":48.0,"turns":5.0},{"damage":0.0,"enemies":"Donu and Deca","floor":50.0,"turns":5.0},{"damage":17,"enemies":"Shield and Spear","floor":54,"turns":4},{"damage":59,"enemies":"The Heart","floor":55,"turns":8}],"seed_played":"1016408755848824734","potions_obtained":[{"floor":4.0,"key":"Venom Potion"},{"floor":6.0,"key":"Block Potion"},{"floor":10.0,"key":"Elixir"},{"floor":11.0,"key":"Swift Potion"},{"floor":12.0,"key":"Fire Potion"},{"floor":16.0,"key":"Milkshake"},{"floor":20.0,"key":"GamblersBrew"},{"floor":22.0,"key":"FearPotion"},{"floor":23.0,"key":"Swift Potion"},{"floor":28.0,"key":"LiquidMemories"},{"floor":39.0,"key":"FairyPotion"},{"floor":44.0,"key":"Languid Potion"}],"is_trial":false,"path_per_floor":["M","?","?","M","M","E","M","R","T","E","M","M","M","$","R","B",null,"M","?","M","?","M","E","M","M","T","R","M","M","$","?","R","B",null,"M","M","$","M","M","E","R","?","T","?","$","?","E","M","R","B",null,"R","$","E","B",null],"character_chosen":"DEFECT","items_purchased":["Scrape","ReplayTheSpireMod:Fabricate Wheel","Bag of Marbles","Strange Spoon","Gash","Bronze Scales","ClockworkSouvenir","ColorlessPotion"],"campfire_rested":0,"item_purchase_floors":[14,14,14,30,37,37,45,53],"current_hp_per_floor":[69,69,69,69,75,42,40,40,40,32,26,36,37,37,37,6,75,75,75,74,58,63,49,59,69,69,69,75,75,75,75,75,68,75,75,75,75,75,73,75,75,61,61,61,61,61,75,75,75,75,75,75,75,75,36],"gold":72,"neow_bonus":"BOSS_RELIC","is_daily":false,"chose_seed":false,"campfire_upgraded":3,"win_rate":0.0,"timestamp":1611851795,"path_taken":["M","?","?","M","?","E","M","R","T","E","M","M","M","$","R","BOSS","M","?","M","?","M","E","M","M","T","R","M","?","$","?","R","BOSS","M","?","$","M","M","E","R","?","T","?","?","?","E","M","R","BOSS","R","$","E","BOSS"],"items_purchased_type":["Card","Card","Relic","Relic","Card","Relic","Relic","Potion"],"build_version":"2020-12-22","purchased_purges":1,"victory":true,"max_hp_per_floor":[75,75,75,75,75,75,75,75,75,75,75,75,75,75,75,75,75,75,75,75,75,75,75,75,75,75,75,75,75,75,75,75,75,75,75,75,75,75,75,75,75,75,75,75,75,75,75,75,75,75,75,75,75,75,75],"card_choices":[{"not_picked":["Stack","BasicCrystalCard"],"picked":"Hologram","floor":1.0},{"not_picked":["Stack","FIFO Queue"],"picked":"Self Repair","floor":4.0},{"not_picked":["Sweeping Beam","Beam Cell"],"picked":"Turbo","floor":5.0},{"not_picked":["Stack","Amplify"],"picked":"Core Surge","floor":6.0},{"not_picked":["Redo","Leap"],"picked":"Panic Button","floor":7.0},{"not_picked":["Fusion","Capacitor"],"picked":"Coolheaded","floor":10.0},{"not_picked":["Aggregate","BootSequence"],"picked":"FTL","floor":11.0},{"not_picked":["Steam","Compile Driver"],"picked":"Cold Snap","floor":12.0},{"not_picked":["Coolheaded","Panic Button"],"picked":"Beam Cell","floor":13.0},{"not_picked":["Amplify","ReplayRNGCard"],"picked":"ReplayTheSpireMod:Omega Cannon","floor":16.0},{"not_picked":["Blizzard+1","Reprogram"],"picked":"Turbo+1","floor":18.0},{"not_picked":["Crystallizer","Sunder"],"picked":"Hologram+1","floor":18.0},{"not_picked":["ReplayTheSpireMod:Reroute Power","hubris:PowerSurge"],"picked":"Melter+1","floor":20.0},{"not_picked":["Aggregate+1","Cold Snap"],"picked":"Sweeping Beam","floor":20.0},{"not_picked":["Genetic Algorithm","ReplaySort+1"],"picked":"Go for the Eyes+1","floor":22.0},{"not_picked":["BasicCrystalCard+1","Sweeping Beam"],"picked":"Beam Cell","floor":22.0},{"not_picked":["Coolheaded","Scrape+1"],"picked":"Leap","floor":23.0},{"not_picked":["Hyperbeam","Panic Button"],"picked":"Sweeping Beam+1","floor":24.0},{"not_picked":["BasicCrystalCard","Ball Lightning"],"picked":"Cold Snap","floor":24.0},{"not_picked":["Barrage","Doom and Gloom"],"picked":"Cold Snap","floor":25.0},{"not_picked":["Stack+1","Defragment"],"picked":"Sweeping Beam+1","floor":25.0},{"not_picked":["Conserve Battery+1","ReplaySort"],"picked":"Gash","floor":28.0},{"not_picked":["Coolheaded","Defragment"],"picked":"Turbo","floor":28.0},{"not_picked":["BootSequence","Turbo"],"picked":"Core Surge","floor":29.0},{"not_picked":["Stack+1","Redo"],"picked":"Auto Shields","floor":29.0},{"not_picked":["Hyperbeam","Electrodynamics"],"picked":"Reboot","floor":33.0},{"not_picked":["Go for the Eyes","Undo+1"],"picked":"Ball Lightning+1","floor":35.0},{"not_picked":["Leap","BasicCrystalCard"],"picked":"Lockon+1","floor":35.0},{"not_picked":["BasicCrystalCard","Crystallizer+1","Barrage+1"],"picked":"SKIP","floor":35.0},{"not_picked":["Leap","BasicCrystalCard"],"picked":"Gash","floor":36.0},{"not_picked":["Redo+1","ReplayTheSpireMod:Fabricate Wheel"],"picked":"Chill+1","floor":36.0},{"not_picked":["Electrodynamics","Ball Lightning","Redo"],"picked":"SKIP","floor":36.0},{"not_picked":["Beam Cell+1","Cold Snap+1"],"picked":"Hologram+1","floor":38.0},{"not_picked":["Conserve Battery+1","Beam Cell"],"picked":"FTL","floor":38.0},{"not_picked":["Sweeping Beam","FIFO Queue+1"],"picked":"Glacier","floor":38.0},{"not_picked":["Stack","FIFO Queue+1"],"picked":"Recycle+1","floor":39.0},{"not_picked":["Leap","Melter"],"picked":"FTL+1","floor":39.0},{"not_picked":["Creative AI","Storm"],"picked":"Capacitor+1","floor":39.0},{"not_picked":["Storm+1","BootSequence"],"picked":"Leap+1","floor":40.0},{"not_picked":["Conserve Battery","Steam"],"picked":"Gash+1","floor":42.0},{"not_picked":["Discovery","Swift Strike"],"picked":"hubris:EnhanceAbility","floor":46.0},{"not_picked":["BootSequence","Hologram","Doom and Gloom+1"],"picked":"SKIP","floor":47.0},{"not_picked":["Ball Lightning+1","Sweeping Beam"],"picked":"Consume+1","floor":48.0},{"not_picked":["Rebound+1","ReplayTheSpireMod:Calculation Training+1"],"picked":"Consume","floor":48.0},{"not_picked":["Beam Cell+1","ReplayTheSpireMod:Fabricate Wheel"],"picked":"Self Repair+1","floor":48.0},{"not_picked":["Chill+1","Rebound"],"picked":"Steam","floor":54}],"player_experience":171935,"relics_obtained":[{"floor":6.0,"key":"ReplayTheSpireMod:Ninjato"},{"floor":9.0,"key":"Pen Nib"},{"floor":10.0,"key":"DataDisk"},{"floor":17.0,"key":"Kunai"},{"floor":17.0,"key":"Girya"},{"floor":17.0,"key":"Orichalcum"},{"floor":21.0,"key":"Enchiridion"},{"floor":23.0,"key":"Replay:Mystery Machine"},{"floor":40.0,"key":"Replay:Bottled Snecko"},{"floor":42.0,"key":"Incense Burner"},{"floor":43.0,"key":"hubris:BundleOfHerbs"},{"floor":44.0,"key":"Torii"},{"floor":47.0,"key":"Happy Flower"},{"floor":54,"key":"LagranYue:MagicReflectiveArmorRelic"}],"event_choices":[{"damage_healed":0.0,"max_hp_gain":0.0,"max_hp_loss":0.0,"gold_gain":100.0,"event_name":"Wheel of Change","player_choice":"Gold","floor":3.0,"gold_loss":0.0,"damage_taken":0.0},{"damage_healed":0.0,"max_hp_gain":0.0,"max_hp_loss":0.0,"gold_gain":99.0,"event_name":"Nest","player_choice":"Stole From Cult","floor":19.0,"gold_loss":0.0,"damage_taken":0.0},{"damage_healed":0.0,"max_hp_gain":0.0,"max_hp_loss":0.0,"gold_gain":0.0,"event_name":"Cursed Tome","player_choice":"Obtained Book","floor":21.0,"gold_loss":0.0,"damage_taken":16.0},{"cards_removed":["Strike_B"],"damage_healed":0.0,"max_hp_gain":0.0,"max_hp_loss":0.0,"gold_gain":0.0,"event_name":"Purifier","player_choice":"Purged","floor":31.0,"gold_loss":0.0,"damage_taken":0.0},{"damage_healed":0.0,"max_hp_gain":0.0,"max_hp_loss":0.0,"gold_gain":0.0,"event_name":"MindBloom","player_choice":"Fight","floor":42.0,"gold_loss":0.0,"damage_taken":0.0},{"damage_healed":0.0,"max_hp_gain":0.0,"max_hp_loss":0.0,"gold_gain":0.0,"event_name":"Mysterious Sphere","player_choice":"Fight","floor":44.0,"gold_loss":0.0,"damage_taken":0.0},{"damage_healed":0.0,"max_hp_gain":0.0,"max_hp_loss":0.0,"gold_gain":0.0,"event_name":"SensoryStone","player_choice":"Memory 1","floor":46.0,"gold_loss":0.0,"damage_taken":0.0}],"is_beta":false,"boss_relics":[{"not_picked":["Runic Dome","Fusion Hammer"],"picked":"Calling Bell"},{"not_picked":["Snecko Eye","Nuclear Battery"],"picked":"Pandora\u0027s Box"}],"items_purged_floors":[53],"is_endless":false,"potions_floor_spawned":[4,6,10,11,12,16,20,22,23,28,39,40,44,47],"ascension_level":1}}