{"host":"clf2hd4adhiiw0zf","time":1611809103,"event":{"mods":["AchievementEnabler","BaseMod","Beaked The Cultist","Bestiary","Dark Map","Downfall","Gremlin Mod","Hermit","Jorbs\u0027s Wanderer Trilogy","Marisa????????","Minty Spire (QoL Compilation)","Shop Mod","StSLib","The Cursed","The Servant 0.9.4","Wide Potions"],"gold_per_floor":[99,99,99,99,199,227,252,265,277,311,111,129,157,157,177,177,177,177],"floor_reached":16,"language":"ENG","playtime":562,"items_purged":[],"score":161,"play_id":"efd4b9bc-fb40-46ba-8a53-dbf66d3c7653","local_time":"20210127214503","is_ascension_mode":true,"campfire_choices":[{"floor":1,"key":"RECALL"},{"data":"champ:FanOfKnives","floor":11,"key":"SMITH"}],"circlet_count":0,"master_deck":["champ:Strike","champ:Strike","champ:Strike","champ:Defend","champ:Defend","champ:Defend","champ:Defend","champ:Execute","champ:Taunt","champ:BerserkersShout","champ:GutPunch","champ:BladeFlurry","champ:HeavySlash","champ:FanOfKnives+1","champ:FlashCut","champ:StanceDance","champ:VampiricStrike","champ:HoldFirm","champ:CalledShot"],"relics":["champ:ChampionCrown","downfall:HeartsMalice","Pear","Champion Belt","Incense Burner","Vajra","downfall:HeartBlessingBlue","downfall:HeartBlessingRed","Gambling Chip"],"acts_visited":["Exordium"],"potions_floor_usage":[16],"damage_taken":[{"damage":0,"enemies":"Jaw Worm","floor":2,"turns":1},{"damage":0,"enemies":"Small Slimes","floor":3,"turns":1},{"damage":0,"enemies":"Small Slimes","floor":5,"turns":1},{"damage":42,"enemies":"Gremlin Nob","floor":6,"turns":4},{"damage":5,"enemies":"2 Louse","floor":8,"turns":3},{"damage":31,"enemies":"Blue Slaver","floor":9,"turns":4},{"damage":27,"enemies":"3 Sentries","floor":10,"turns":6},{"damage":29,"enemies":"3 Louse","floor":12,"turns":3},{"damage":14,"enemies":"Gremlin Nob","floor":13,"turns":4},{"damage":5,"enemies":"Exordium Wildlife","floor":15,"turns":2},{"damage":29,"enemies":"SI_SHIV_ARCHETYPE","floor":16,"turns":7}],"seed_played":"-8278922926572147948","potions_obtained":[{"floor":5,"key":"champ:CounterPotion"},{"floor":8,"key":"champ:UltimateStancePotion"}],"is_trial":false,"path_per_floor":["R","M","M","?","?","E","T","M","M","E","R","M","E","?","M","B"],"character_chosen":"THE_CHAMP","items_purchased":[],"campfire_rested":0,"item_purchase_floors":[],"current_hp_per_floor":[90,90,90,82,82,65,65,65,49,37,47,33,29,29,29,0,0,0],"gold":177,"neow_bonus":"THREE_ENEMY_KILL","is_daily":false,"chose_seed":false,"campfire_upgraded":1,"win_rate":0.0,"timestamp":1611809103,"path_taken":["R","M","M","?","?","E","T","M","M","E","R","M","E","?","M","BOSS"],"items_purchased_type":[],"build_version":"2020-12-22","purchased_purges":0,"victory":false,"max_hp_per_floor":[90,90,90,100,100,100,100,100,100,100,110,110,110,110,110,110,110,110],"card_choices":[{"not_picked":["champ:FlashCut","champ:Backstep"],"picked":"champ:BerserkersShout","floor":2},{"not_picked":["champ:Endure","champ:BladeFlurry"],"picked":"champ:GutPunch","floor":3},{"not_picked":["champ:AdrenalArmor","champ:CrownThrow"],"picked":"champ:BladeFlurry","floor":5},{"not_picked":["champ:PreciseThrust","champ:AdrenalArmor"],"picked":"champ:HeavySlash","floor":6},{"not_picked":["champ:EndlessRage","champ:CrookedStrike"],"picked":"champ:FanOfKnives","floor":8},{"not_picked":["champ:HeartStrike","champ:SetATrap"],"picked":"champ:FlashCut","floor":9},{"not_picked":["champ:ShieldSigil","champ:GladiatorStyle"],"picked":"champ:StanceDance","floor":10},{"not_picked":["champ:CrownThrow","champ:BladeFlurry"],"picked":"champ:VampiricStrike","floor":12},{"not_picked":["champ:EnGarde","champ:GutPunch"],"picked":"champ:HoldFirm","floor":13},{"not_picked":["champ:DeathBlow","champ:BladeFlurry"],"picked":"champ:CalledShot","floor":15}],"player_experience":137639,"relics_obtained":[{"floor":5,"key":"Champion Belt"},{"floor":6,"key":"Incense Burner"},{"floor":10,"key":"Vajra"},{"floor":13,"key":"Gambling Chip"}],"event_choices":[{"damage_healed":0,"gold_gain":0,"player_choice":"Success","damage_taken":18,"relics_obtained":["Pear"],"max_hp_gain":0,"max_hp_loss":0,"event_name":"Scrap Ooze","floor":4,"gold_loss":0}],"is_beta":false,"boss_relics":[],"items_purged_floors":[],"is_endless":false,"potions_floor_spawned":[5,8,10,13],"killed_by":"SI_SHIV_ARCHETYPE","ascension_level":3}}