{"host":"2j5d0uw0vihq8b8w","time":1611826924,"event":{"mods":["2.2 Compatiblity","AchievementEnabler","BaseMod","BetterRewards","Colored Map","Colored Powertips","Custom Start","DeckTracker","Minty Spire (QoL Compilation)","Permanent Neow","Quick Restart","Rare Cards Sparkle","StSLib","SuperFastMode"],"gold_per_floor":[114,114,64,89,89,89,105,105,132,132,161,190,290,342,342,342,342],"floor_reached":16,"language":"KOR","playtime":434,"items_purged":[],"score":100,"play_id":"6ed37e7f-e736-4608-957e-9a82734918bc","local_time":"20210128184204","is_ascension_mode":false,"campfire_choices":[{"data":"Entrench","floor":6.0,"key":"SMITH"},{"data":"Wild Strike","floor":8.0,"key":"SMITH"},{"data":"True Grit","floor":15.0,"key":"SMITH"}],"circlet_count":0,"master_deck":["Strike_R","Strike_R","Strike_R","Strike_R","Defend_R","Defend_R","Defend_R","Defend_R","Bash","Entrench+1","Wild Strike+1","Power Through","True Grit+1","Reaper"],"relics":["Burning Blood","Calipers","Golden Idol","CeramicFish","Bag of Preparation","Paper Frog"],"acts_visited":["Exordium"],"potions_floor_usage":[16,16],"damage_taken":[{"damage":8.0,"enemies":"2 Louse","floor":1.0,"turns":3.0},{"damage":9.0,"enemies":"Small Slimes","floor":4.0,"turns":4.0},{"damage":6.0,"enemies":"Cultist","floor":7.0,"turns":3.0},{"damage":0.0,"enemies":"3 Louse","floor":11.0,"turns":3.0},{"damage":36.0,"enemies":"Gremlin Gang","floor":12.0,"turns":7.0},{"damage":27.0,"enemies":"Lagavulin","floor":14.0,"turns":11.0},{"damage":14,"enemies":"Slime Boss","floor":16,"turns":9}],"seed_played":"1778364326694825731","potions_obtained":[{"floor":7.0,"key":"ColorlessPotion"},{"floor":11.0,"key":"GamblersBrew"},{"floor":12.0,"key":"SkillPotion"}],"is_trial":false,"path_per_floor":["M","?","?","M","?","R","M","R","T","?","M","M","?","E","R","B"],"character_chosen":"IRONCLAD","items_purchased":[],"campfire_rested":0,"item_purchase_floors":[],"current_hp_per_floor":[54,54,54,51,56,56,56,56,56,56,62,32,32,11,11,0,0],"gold":342,"neow_bonus":"ONE_RARE_RELIC","is_daily":false,"chose_seed":false,"campfire_upgraded":3,"win_rate":0.0,"timestamp":1611826924,"path_taken":["M","?","?","M","?","R","M","R","T","?","?","M","?","E","R","BOSS"],"items_purchased_type":[],"build_version":"2020-12-22","purchased_purges":0,"victory":false,"max_hp_per_floor":[80,74,74,74,79,79,79,79,79,79,79,79,79,79,79,79,79],"card_choices":[{"not_picked":["Clash","Battle Trance"],"picked":"Entrench","floor":1.0},{"not_picked":["Sever Soul","Wild Strike","Flex"],"picked":"SKIP","floor":4.0},{"not_picked":["Warcry","Heavy Blade"],"picked":"Wild Strike","floor":7.0},{"not_picked":["Shrug It Off","Metallicize"],"picked":"Power Through","floor":11.0},{"not_picked":["Infernal Blade","Pommel Strike"],"picked":"True Grit","floor":12.0},{"not_picked":["Sword Boomerang","Dual Wield"],"picked":"Reaper","floor":14.0}],"player_experience":611258,"relics_obtained":[{"floor":9.0,"key":"CeramicFish"},{"floor":14.0,"key":"Paper Frog"}],"event_choices":[{"damage_healed":0.0,"max_hp_gain":0.0,"max_hp_loss":6.0,"gold_gain":0.0,"event_name":"Golden Idol","player_choice":"Lose Max HP","floor":2.0,"gold_loss":0.0,"damage_taken":0.0,"relics_obtained":["Golden Idol"]},{"cards_removed":["Strike_R"],"damage_healed":0.0,"max_hp_gain":0.0,"max_hp_loss":0.0,"gold_gain":0.0,"event_name":"The Cleric","player_choice":"Card Removal","floor":3.0,"gold_loss":50.0,"damage_taken":0.0},{"damage_healed":0.0,"max_hp_gain":5.0,"max_hp_loss":0.0,"gold_gain":0.0,"event_name":"Big Fish","player_choice":"Donut","floor":5.0,"gold_loss":0.0,"damage_taken":0.0},{"damage_healed":0.0,"max_hp_gain":0.0,"max_hp_loss":0.0,"gold_gain":0.0,"event_name":"WeMeetAgain","player_choice":"Gave Potion","floor":10.0,"gold_loss":0.0,"damage_taken":0.0,"relics_obtained":["Bag of Preparation"]},{"damage_healed":0.0,"max_hp_gain":0.0,"max_hp_loss":0.0,"gold_gain":100.0,"event_name":"Golden Shrine","player_choice":"Pray","floor":13.0,"gold_loss":0.0,"damage_taken":0.0}],"is_beta":false,"boss_relics":[],"items_purged_floors":[],"is_endless":false,"potions_floor_spawned":[7,11,12],"killed_by":"Slime Boss","ascension_level":0}}