{"host":"r4aerl4ckfvw1dw3","time":1611878081,"event":{"mods":["BaseMod","BetterRewards","Minty Spire (QoL Compilation)","Quick Restart","StSLib"],"gold_per_floor":[116,191,209,225,245,271,271,289,316,342,342,342,51,63,63,164,164,178,197,214,67,67,96,96,114,114,124,143,143,162,181,181,181,181],"floor_reached":33,"language":"ENG","playtime":3957,"items_purged":[],"score":402,"play_id":"01e2f152-63ff-410f-b6bc-85e4b6c21e0a","local_time":"20210128155441","is_ascension_mode":true,"campfire_choices":[{"data":"Body Slam","floor":7.0,"key":"SMITH"},{"floor":12.0,"key":"REST"},{"floor":15.0,"key":"REST"},{"floor":24.0,"key":"RECALL"},{"floor":29.0,"key":"REST"},{"floor":32.0,"key":"REST"}],"circlet_count":0,"master_deck":["Strike_R","Strike_R","Strike_R","Strike_R","Strike_R","Defend_R","Defend_R+1","Defend_R","Defend_R","Bash","Metallicize","Thunderclap+1","Hemokinesis","Headbutt","Body Slam+1","Perfected Strike","Demon Form","Thunderclap","Iron Wave","Rampage","Limit Break","Headbutt","Iron Wave+1","Rampage","Flex","Impervious","Shrug It Off+1","Body Slam+1"],"relics":["Black Blood","Vajra","Bag of Marbles","Self Forming Clay","Sling","Juzu Bracelet","Torii"],"acts_visited":["Exordium","TheCity"],"potions_floor_usage":[33,33],"damage_taken":[{"damage":4.0,"enemies":"Small Slimes","floor":1.0,"turns":5.0},{"damage":4.0,"enemies":"Jaw Worm","floor":3.0,"turns":4.0},{"damage":3.0,"enemies":"2 Louse","floor":4.0,"turns":3.0},{"damage":13.0,"enemies":"Large Slime","floor":5.0,"turns":5.0},{"damage":20.0,"enemies":"3 Sentries","floor":6.0,"turns":8.0},{"damage":8.0,"enemies":"Blue Slaver","floor":8.0,"turns":4.0},{"damage":34.0,"enemies":"Lagavulin","floor":10.0,"turns":7.0},{"damage":0.0,"enemies":"Exordium Thugs","floor":14.0,"turns":3.0},{"damage":45.0,"enemies":"The Guardian","floor":16.0,"turns":9.0},{"damage":9.0,"enemies":"Shell Parasite","floor":18.0,"turns":5.0},{"damage":51.0,"enemies":"3 Byrds","floor":19.0,"turns":8.0},{"damage":19.0,"enemies":"Sentry and Sphere","floor":20.0,"turns":4.0},{"damage":19.0,"enemies":"Slavers","floor":23.0,"turns":3.0},{"damage":11.0,"enemies":"3 Cultists","floor":25.0,"turns":4.0},{"damage":24.0,"enemies":"Cultist and Chosen","floor":27.0,"turns":8.0},{"damage":23.0,"enemies":"Snake Plant","floor":28.0,"turns":4.0},{"damage":2.0,"enemies":"Centurion and Healer","floor":30.0,"turns":5.0},{"damage":46.0,"enemies":"Shelled Parasite and Fungi","floor":31.0,"turns":6.0},{"damage":64,"enemies":"Collector","floor":33,"turns":7}],"seed_played":"8789358771902787253","potions_obtained":[{"floor":5.0,"key":"DistilledChaos"},{"floor":8.0,"key":"Regen Potion"},{"floor":14.0,"key":"SpeedPotion"},{"floor":18.0,"key":"Regen Potion"},{"floor":23.0,"key":"Swift Potion"},{"floor":28.0,"key":"PowerPotion"},{"floor":30.0,"key":"GamblersBrew"}],"is_trial":false,"path_per_floor":["M","?","M","M","M","E","R","M","T","E","?","R","$","M","R","B",null,"M","M","M","$","?","E","R","M","T","M","M","R","M","M","R","B"],"character_chosen":"IRONCLAD","items_purchased":["Metallicize","Thunderclap","Rampage","Self Forming Clay","Sling"],"campfire_rested":4,"item_purchase_floors":[0,0,13,13,21],"current_hp_per_floor":[80,69,71,74,67,53,53,51,51,35,19,43,43,49,73,34,80,80,41,39,39,65,58,58,59,59,47,36,60,70,36,60,0,0],"gold":181,"neow_bonus":"","is_daily":false,"chose_seed":false,"campfire_upgraded":1,"win_rate":0.0,"timestamp":1611878081,"path_taken":["M","?","M","M","M","E","R","M","T","E","?","R","?","M","R","BOSS","M","M","M","$","?","E","R","M","T","M","M","R","M","M","R","BOSS"],"items_purchased_type":["Card","Card","Card","Relic","Relic"],"build_version":"2020-12-22","purchased_purges":0,"victory":false,"max_hp_per_floor":[80,80,80,80,80,80,80,80,80,80,80,80,80,80,80,80,80,80,80,80,80,80,80,80,80,80,80,80,80,80,80,80,80,80],"card_choices":[{"not_picked":["Pommel Strike","Body Slam"],"picked":"Hemokinesis","floor":1.0},{"not_picked":["Clash","Entrench"],"picked":"Headbutt","floor":3.0},{"not_picked":["Blood for Blood","Twin Strike"],"picked":"Body Slam","floor":4.0},{"not_picked":["Sever Soul","Burning Pact"],"picked":"Perfected Strike","floor":5.0},{"not_picked":["Seeing Red","Headbutt"],"picked":"Demon Form","floor":6.0},{"not_picked":["Clash","Wild Strike"],"picked":"Thunderclap","floor":8.0},{"not_picked":["Pommel Strike","Spot Weakness"],"picked":"Iron Wave","floor":10.0},{"not_picked":["Sever Soul","Searing Blow","Flex"],"picked":"SKIP","floor":14.0},{"not_picked":["Double Tap","Barricade"],"picked":"Limit Break","floor":16.0},{"not_picked":["Havoc","Pommel Strike"],"picked":"Headbutt","floor":18.0},{"not_picked":["Hemokinesis","Havoc","Evolve"],"picked":"SKIP","floor":19.0},{"not_picked":["Perfected Strike","Headbutt"],"picked":"Iron Wave+1","floor":20.0},{"not_picked":["Shockwave","True Grit"],"picked":"Rampage","floor":23.0},{"not_picked":["Sword Boomerang","Thunderclap"],"picked":"Flex","floor":25.0},{"not_picked":["Iron Wave","Clothesline","Burning Pact"],"picked":"SKIP","floor":27.0},{"not_picked":["Shrug It Off","Headbutt"],"picked":"Impervious","floor":28.0},{"not_picked":["Warcry","Battle Trance"],"picked":"Shrug It Off+1","floor":30.0},{"not_picked":["Second Wind+1","Clash+1"],"picked":"Body Slam+1","floor":31.0}],"player_experience":440570,"relics_obtained":[{"floor":6.0,"key":"Vajra"},{"floor":10.0,"key":"Bag of Marbles"},{"floor":23.0,"key":"Juzu Bracelet"},{"floor":26.0,"key":"Torii"}],"event_choices":[{"damage_healed":0.0,"max_hp_gain":0.0,"max_hp_loss":0.0,"gold_gain":75.0,"event_name":"World of Goop","player_choice":"Gather Gold","floor":2.0,"gold_loss":0.0,"damage_taken":11.0},{"damage_healed":0.0,"max_hp_gain":0.0,"max_hp_loss":0.0,"gold_gain":0.0,"event_name":"Shining Light","player_choice":"Entered Light","floor":11.0,"gold_loss":0.0,"damage_taken":16.0,"cards_upgraded":["Thunderclap","Defend_R"]},{"damage_healed":26.0,"max_hp_gain":0.0,"max_hp_loss":0.0,"gold_gain":0.0,"event_name":"The Library","player_choice":"Heal","floor":22.0,"gold_loss":0.0,"damage_taken":0.0}],"is_beta":false,"boss_relics":[{"not_picked":["Tiny House","Runic Pyramid"],"picked":"Black Blood"}],"items_purged_floors":[],"is_endless":false,"potions_floor_spawned":[1,5,8,14,18,23,28,30],"killed_by":"Collector","ascension_level":1}}