{"host":"n605f8gctjc87d7h","time":1611851757,"event":{"mods":["Aspiration","Bard","BaseMod","Better Match","Better Note","Better Skull","Better Third Choice","Conspire","Downfall","Halation","Hermit","Infinite Spire","Minty Spire (QoL Compilation)","Replay The Spire","Retaliation","Shade Mod","Spicy Shops","StSLib","The IronCluck","The Jungle"],"gold_per_floor":[99,99,126,146,160,160,186,212,226,226,245,270,270,289,299,299,299,299],"floor_reached":16,"language":"ENG","playtime":940,"items_purged":[],"score":102,"play_id":"ccc6f579-c7a6-4aba-bf36-6ee27bcb54e4","local_time":"20210128083557","is_ascension_mode":false,"campfire_choices":[{"data":"hexamod:Sear","floor":1,"key":"SMITH"},{"data":"hexamod:SuperheatedStrike","floor":6,"key":"SMITH"},{"data":"hexamod:ThermalTransfer","floor":10,"key":"SMITH"},{"floor":13,"key":"REST"}],"circlet_count":0,"master_deck":["hexamod:Strike","hexamod:Strike","hexamod:Strike","hexamod:Defend","hexamod:Defend","hexamod:Defend","hexamod:Defend","hexamod:Sear+1","hexamod:Float","Madness","hexamod:SpectersWail","hexamod:SuperheatedStrike+1","hexamod:FlamesFromBeyond","hexamod:ThermalTransfer+1","hexamod:NightmareGuise","hexamod:GhostShield","hexamod:Hexaguard"],"relics":["hexamod:SpiritBrand","Pen Nib","ReplayFunnel","conspire:Flyswatter","Odd Mushroom"],"acts_visited":["Exordium"],"potions_floor_usage":[15,16],"damage_taken":[{"damage":0,"enemies":"Cultist","floor":4,"turns":4},{"damage":1,"enemies":"Jaw Worm","floor":5,"turns":3},{"damage":16,"enemies":"3 Sentries","floor":8,"turns":8},{"damage":0,"enemies":"conspire:RoseBush","floor":9,"turns":2},{"damage":9,"enemies":"Exordium Wildlife","floor":11,"turns":3},{"damage":16,"enemies":"The Mushroom Lair","floor":12,"turns":4},{"damage":5,"enemies":"Exordium Thugs","floor":14,"turns":3},{"damage":0,"enemies":"Gremlin Gang","floor":15,"turns":3},{"damage":44,"enemies":"WA_ARCHETYPE_RETAIN","floor":16,"turns":7}],"seed_played":"3921188922337410515","potions_obtained":[{"floor":4,"key":"AttackPotion"},{"floor":5,"key":"Milkshake"},{"floor":12,"key":"Weak Potion"}],"is_trial":false,"path_per_floor":["R","?","T","M","M","R","T","E","M","R","M","?","R","M","M","B"],"character_chosen":"THE_SPIRIT","items_purchased":[],"campfire_rested":1,"item_purchase_floors":[],"current_hp_per_floor":[70,70,70,70,69,69,69,53,53,53,44,28,49,44,44,0,0,0],"gold":299,"neow_bonus":"RANDOM_COLORLESS","is_daily":false,"chose_seed":false,"campfire_upgraded":3,"win_rate":0.0,"timestamp":1611851757,"path_taken":["R","?","?","M","M","R","T","E","M","R","M","?","R","?","M","BOSS"],"items_purchased_type":[],"build_version":"2020-12-22","purchased_purges":0,"victory":false,"max_hp_per_floor":[70,70,70,70,70,70,70,70,70,70,70,70,70,70,70,70,70,70],"card_choices":[{"not_picked":["Replay:Bootleg Shield Generator","Jack Of All Trades"],"picked":"Madness","floor":0},{"not_picked":["hexamod:BacktrackSmack","hexamod:FastForward"],"picked":"hexamod:SpectersWail","floor":4},{"not_picked":["hexamod:NightmareStrike","hexamod:InspiringFlames"],"picked":"hexamod:SuperheatedStrike","floor":5},{"not_picked":["hexamod:SpectralAdrenaline","hexamod:ThermalTransfer"],"picked":"hexamod:FlamesFromBeyond","floor":8},{"not_picked":["hexamod:CatchUp","hexamod:ThirdSeal"],"picked":"hexamod:ThermalTransfer","floor":9},{"not_picked":["hexamod:StepThrough","hexamod:Firestarter"],"picked":"hexamod:NightmareGuise","floor":11},{"not_picked":["hexamod:BacktrackSmack","hexamod:BurningTouch"],"picked":"hexamod:GhostShield","floor":14},{"not_picked":["hexamod:NightmareStrike","hexamod:Again"],"picked":"hexamod:Hexaguard","floor":15}],"player_experience":778210,"relics_obtained":[{"floor":3,"key":"Pen Nib"},{"floor":7,"key":"ReplayFunnel"},{"floor":8,"key":"conspire:Flyswatter"},{"floor":12,"key":"Odd Mushroom"}],"event_choices":[{"damage_healed":0,"gold_gain":0,"player_choice":"Fought Mushrooms","damage_taken":0,"max_hp_gain":0,"max_hp_loss":0,"event_name":"Mushrooms","floor":12,"gold_loss":0}],"is_beta":false,"boss_relics":[],"items_purged_floors":[],"is_endless":false,"potions_floor_spawned":[4,5,12],"killed_by":"WA_ARCHETYPE_RETAIN","ascension_level":0}}