{"host":"lip44byzewa3adv8","time":1611869400,"event":{"mods":["BaseMod","Curses Come First","Minty Spire (QoL Compilation)","Relic Sorter","Relic Stats","StSLib","Synergy Search"],"gold_per_floor":[99,99,99,99,99,99,99,99,99,84,84,84,84,84,84,84,84,84,84,84,84,84,84,84,84,84,84,84,84,84,84,84],"floor_reached":31,"language":"ENG","playtime":1419,"items_purged":[],"score":285,"play_id":"36b32b3f-c3a2-4c2f-bd80-7393eaf3f3a9","local_time":"20210128163000","is_ascension_mode":false,"campfire_choices":[{"data":"Inflame","floor":8.0,"key":"SMITH"},{"data":"1","floor":15.0,"key":"LIFT"},{"floor":23.0,"key":"REST"}],"circlet_count":0,"master_deck":["Strike_R","Strike_R","Defend_R","Defend_R","Defend_R","Defend_R","Bash","Clash","Dual Wield","Inflame+1","Dropkick","Cleave","Cleave","Shrug It Off","Spot Weakness","Disarm","Impervious","Offering","Shrug It Off","Clothesline+1","Heavy Blade+1","Heavy Blade","Clothesline+1","Thunderclap","Dual Wield","Bludgeon"],"relics":["Ectoplasm","Kunai","Self Forming Clay","Girya","Bloody Idol","Runic Pyramid","MawBank","Gremlin Horn","Champion Belt"],"acts_visited":["Exordium","TheCity"],"potions_floor_usage":[28,31],"damage_taken":[{"damage":0.0,"enemies":"Cultist","floor":1.0,"turns":3.0},{"damage":5.0,"enemies":"Small Slimes","floor":2.0,"turns":2.0},{"damage":1.0,"enemies":"Jaw Worm","floor":3.0,"turns":3.0},{"damage":7.0,"enemies":"Gremlin Gang","floor":4.0,"turns":4.0},{"damage":1.0,"enemies":"3 Louse","floor":5.0,"turns":2.0},{"damage":16.0,"enemies":"Red Slaver","floor":6.0,"turns":4.0},{"damage":0.0,"enemies":"Looter","floor":10.0,"turns":2.0},{"damage":27.0,"enemies":"3 Sentries","floor":11.0,"turns":7.0},{"damage":14.0,"enemies":"Large Slime","floor":13.0,"turns":4.0},{"damage":2.0,"enemies":"Hexaghost","floor":16.0,"turns":7.0},{"damage":11.0,"enemies":"Chosen","floor":18.0,"turns":4.0},{"damage":18.0,"enemies":"Spheric Guardian","floor":19.0,"turns":6.0},{"damage":16.0,"enemies":"Chosen and Byrds","floor":20.0,"turns":7.0},{"damage":12.0,"enemies":"Snake Plant","floor":21.0,"turns":3.0},{"damage":9.0,"enemies":"Centurion and Healer","floor":22.0,"turns":4.0},{"damage":3.0,"enemies":"Slavers","floor":24.0,"turns":5.0},{"damage":6,"enemies":"3 Cultists","floor":27,"turns":4},{"damage":12,"enemies":"Book of Stabbing","floor":28,"turns":6},{"damage":8,"enemies":"Shelled Parasite and Fungi","floor":29,"turns":3},{"damage":4,"enemies":"Snake Plant","floor":31,"turns":2}],"seed_played":"3332546490462534903","potions_obtained":[{"floor":3.0,"key":"BlessingOfTheForge"},{"floor":5.0,"key":"Weak Potion"},{"floor":10.0,"key":"FearPotion"},{"floor":13.0,"key":"Fire Potion"},{"floor":16.0,"key":"Block Potion"},{"floor":22.0,"key":"HeartOfIron"},{"floor":28,"key":"BlessingOfTheForge"},{"floor":29,"key":"LiquidMemories"}],"is_trial":false,"path_per_floor":["M","M","M","M","M","M","?","R","T","M","E","?","M","?","R","B",null,"M","M","M","M","M","R","E","?","T","M","E","M","?","M"],"character_chosen":"IRONCLAD","items_purchased":[],"campfire_rested":1,"item_purchase_floors":[],"current_hp_per_floor":[80,75,74,67,66,50,50,50,50,50,23,20,6,6,6,4,74,63,45,29,17,8,30,27,27,27,21,9,1,1,0,0],"gold":84,"neow_bonus":"BOSS_RELIC","is_daily":false,"chose_seed":false,"campfire_upgraded":1,"win_rate":0.0,"timestamp":1611869400,"path_taken":["M","M","M","M","M","M","?","R","T","M","E","?","M","?","R","BOSS","M","M","M","M","M","R","E","?","T","M","E","M","?","M"],"items_purchased_type":[],"build_version":"2020-12-22","purchased_purges":0,"victory":false,"max_hp_per_floor":[80,80,80,80,80,80,80,80,80,80,80,80,80,74,74,74,74,74,74,74,74,74,74,74,74,74,74,74,74,74,74,74],"relic_stats":{"Gremlin Horn":[3,3],"counters":[20,82],"Self Forming Clay":[63],"Bloody Idol":0,"Ectoplasm":620,"Kunai":[23],"Champion Belt":[1],"MawBank":0,"obtain_stats":[{"Girya":12,"Gremlin Horn":26,"Self Forming Clay":11,"Golden Idol":14,"Bloody Idol":25,"Ectoplasm":0,"Kunai":9,"Champion Belt":28,"MawBank":24,"Burning Blood":0,"Runic Pyramid":17},{"Girya":8,"Gremlin Horn":16,"Self Forming Clay":8,"Golden Idol":9,"Bloody Idol":16,"Ectoplasm":0,"Kunai":6,"Champion Belt":18,"MawBank":16,"Burning Blood":0,"Runic Pyramid":10},{"Girya":27,"Gremlin Horn":67,"Self Forming Clay":27,"Golden Idol":31,"Bloody Idol":67,"Ectoplasm":0,"Kunai":18,"Champion Belt":77,"MawBank":67,"Burning Blood":0,"Runic Pyramid":38}]},"card_choices":[{"not_picked":["Wild Strike","Thunderclap"],"picked":"Clash","floor":1.0},{"not_picked":["Headbutt","Sever Soul"],"picked":"Dual Wield","floor":2.0},{"not_picked":["Thunderclap","Rage"],"picked":"Inflame","floor":3.0},{"not_picked":["Havoc","Anger"],"picked":"Dropkick","floor":4.0},{"not_picked":["Headbutt","Burning Pact"],"picked":"Cleave","floor":5.0},{"not_picked":["Havoc","Headbutt"],"picked":"Cleave","floor":6.0},{"not_picked":["Burning Pact","Wild Strike"],"picked":"Spot Weakness","floor":10.0},{"not_picked":["Anger","Pummel"],"picked":"Disarm","floor":11.0},{"not_picked":["Havoc","Clothesline"],"picked":"Impervious","floor":13.0},{"not_picked":["Brutality","Fiend Fire"],"picked":"Offering","floor":16.0},{"not_picked":["Combust","Anger","Headbutt"],"picked":"SKIP","floor":18.0},{"not_picked":["Hemokinesis+1","Pommel Strike"],"picked":"Shrug It Off","floor":19.0},{"not_picked":["Sever Soul","Havoc"],"picked":"Clothesline+1","floor":20.0},{"not_picked":["Wild Strike","Warcry"],"picked":"Heavy Blade+1","floor":21.0},{"not_picked":["Pommel Strike","Dark Embrace","Evolve+1"],"picked":"SKIP","floor":22.0},{"not_picked":["Evolve","Thunderclap"],"picked":"Heavy Blade","floor":24.0},{"not_picked":["Twin Strike","Flex","Barricade"],"picked":"SKIP","floor":27},{"not_picked":["Headbutt","Twin Strike"],"picked":"Clothesline+1","floor":28},{"not_picked":["Dark Embrace","Perfected Strike"],"picked":"Thunderclap","floor":29}],"player_experience":779529,"relics_obtained":[{"floor":9.0,"key":"Kunai"},{"floor":11.0,"key":"Self Forming Clay"},{"floor":24.0,"key":"MawBank"},{"floor":26.0,"key":"Gremlin Horn"},{"floor":28,"key":"Champion Belt"}],"event_choices":[{"damage_healed":0.0,"max_hp_gain":0.0,"max_hp_loss":0.0,"gold_gain":0.0,"cards_transformed":["Strike_R"],"event_name":"Living Wall","player_choice":"Change","floor":7.0,"gold_loss":0.0,"damage_taken":0.0,"cards_obtained":["Shrug It Off"]},{"damage_healed":0.0,"max_hp_gain":0.0,"max_hp_loss":0.0,"gold_gain":0.0,"event_name":"Scrap Ooze","player_choice":"Success","floor":12.0,"gold_loss":0.0,"damage_taken":3.0,"relics_obtained":["Girya"]},{"damage_healed":0.0,"max_hp_gain":0.0,"max_hp_loss":6.0,"gold_gain":0.0,"event_name":"Golden Idol","player_choice":"Lose Max HP","floor":14.0,"gold_loss":0.0,"damage_taken":0.0,"relics_obtained":["Golden Idol"]},{"damage_healed":0.0,"max_hp_gain":0.0,"max_hp_loss":0.0,"gold_gain":0.0,"event_name":"Forgotten Altar","player_choice":"Gave Idol","floor":25.0,"relics_lost":["Golden Idol"],"gold_loss":0.0,"damage_taken":0.0,"relics_obtained":["Bloody Idol"]},{"damage_healed":0,"gold_gain":0,"cards_transformed":["Strike_R","Strike_R"],"player_choice":"Became Test Subject","damage_taken":0,"max_hp_gain":0,"max_hp_loss":0,"event_name":"Drug Dealer","floor":30,"gold_loss":0,"cards_obtained":["Dual Wield","Bludgeon"]}],"is_beta":false,"boss_relics":[{"not_picked":["Fusion Hammer","Coffee Dripper"],"picked":"Runic Pyramid"}],"items_purged_floors":[],"is_endless":false,"potions_floor_spawned":[3,5,10,13,16,19,22,28,29],"killed_by":"Snake Plant","ascension_level":0}}