{"host":"7gewg82ormp6yt4e","time":1611839574,"event":{"mods":["BaseMod","Block Reminder","Colored Map","DeckTracker","Highlight Path","Minty Spire (QoL Compilation)","Relic Stats","StSLib","ojb\u0027s Info Mod"],"gold_per_floor":[110,110,123,123,136,136,175,175,175,175,18,61,79,92,92,92,92],"floor_reached":16,"language":"JPN","playtime":630,"items_purged":[],"score":220,"play_id":"b4a9c94a-b3b0-42eb-b436-38884354197a","local_time":"20210128221254","is_ascension_mode":true,"campfire_choices":[{"floor":6,"key":"REST"},{"data":"Chaos","floor":8,"key":"SMITH"},{"floor":15,"key":"REST"}],"circlet_count":0,"master_deck":["AscendersBane","Strike_B","Strike_B","Strike_B+1","Strike_B+1","Defend_B","Defend_B","Defend_B","Defend_B","Zap","Dualcast","FTL","Conserve Battery","Ball Lightning","Chaos+1","Parasite","Rebound","Recycle"],"relics":["Cracked Core","Golden Idol","HornCleat","Bronze Scales","Runic Capacitor","PreservedInsect"],"acts_visited":["Exordium"],"potions_floor_usage":[7,7,12],"damage_taken":[{"damage":9,"enemies":"Jaw Worm","floor":1,"turns":4},{"damage":2,"enemies":"2 Louse","floor":3,"turns":2},{"damage":0,"enemies":"Cultist","floor":5,"turns":3},{"damage":31,"enemies":"3 Sentries","floor":7,"turns":8},{"damage":19,"enemies":"Lagavulin","floor":12,"turns":7},{"damage":15,"enemies":"Gremlin Gang","floor":13,"turns":3},{"damage":0,"enemies":"2 Fungi Beasts","floor":14,"turns":3},{"damage":25,"enemies":"Slime Boss","floor":16,"turns":4}],"seed_played":"-6588680291872142749","potions_obtained":[{"floor":0,"key":"FearPotion"},{"floor":0,"key":"PowerPotion"},{"floor":7,"key":"FearPotion"},{"floor":13,"key":"PotionOfCapacity"}],"is_trial":false,"path_per_floor":["M","?","M","?","M","R","E","R","T","?","$","E","M","M","R","B"],"character_chosen":"DEFECT","items_purchased":["Runic Capacitor"],"campfire_rested":2,"item_purchase_floors":[11],"current_hp_per_floor":[55,34,32,32,32,51,20,20,20,36,36,17,2,2,21,0,0],"gold":92,"neow_bonus":"THREE_SMALL_POTIONS","is_daily":false,"chose_seed":false,"campfire_upgraded":1,"win_rate":0.0,"timestamp":1611839574,"path_taken":["M","?","M","?","M","R","E","R","T","?","$","E","?","M","R","BOSS"],"items_purchased_type":["Relic"],"build_version":"2020-12-22","purchased_purges":0,"victory":false,"max_hp_per_floor":[71,71,71,64,64,64,64,64,64,64,64,64,64,64,64,64,64],"relic_stats":{"counters":[8,34],"Golden Idol":27,"Bronze Scales":[19],"PreservedInsect":0,"obtain_stats":[{"HornCleat":7,"Golden Idol":4,"Bronze Scales":9,"PreservedInsect":12,"Runic Capacitor":11,"Cracked Core":0},{"HornCleat":4,"Golden Idol":2,"Bronze Scales":4,"PreservedInsect":5,"Runic Capacitor":4,"Cracked Core":0},{"HornCleat":17,"Golden Idol":6,"Bronze Scales":17,"PreservedInsect":24,"Runic Capacitor":17,"Cracked Core":0}]},"card_choices":[{"not_picked":["Reprogram","Skim"],"picked":"FTL","floor":1},{"not_picked":["Reinforced Body","Tempest"],"picked":"Conserve Battery","floor":3},{"not_picked":["Leap","Rip and Tear"],"picked":"Ball Lightning","floor":5},{"not_picked":["Buffer","Rebound"],"picked":"Chaos","floor":7},{"not_picked":["Recycle","Steam"],"picked":"Rebound","floor":12},{"not_picked":["Turbo","Force Field"],"picked":"Recycle","floor":13},{"not_picked":["BootSequence","Heatsinks","Steam"],"picked":"SKIP","floor":14}],"player_experience":2715495,"relics_obtained":[{"floor":7,"key":"HornCleat"},{"floor":9,"key":"Bronze Scales"},{"floor":12,"key":"PreservedInsect"}],"event_choices":[{"damage_healed":0,"gold_gain":0,"player_choice":"Entered Light","damage_taken":21,"max_hp_gain":0,"max_hp_loss":0,"event_name":"Shining Light","floor":2,"gold_loss":0,"cards_upgraded":["Strike_B","Strike_B"]},{"damage_healed":0,"gold_gain":0,"player_choice":"Lose Max HP","damage_taken":0,"relics_obtained":["Golden Idol"],"max_hp_gain":0,"max_hp_loss":7,"event_name":"Golden Idol","floor":4,"gold_loss":0},{"damage_healed":16,"gold_gain":0,"player_choice":"Healed and dodged fight","damage_taken":0,"max_hp_gain":0,"max_hp_loss":0,"event_name":"Mushrooms","floor":10,"gold_loss":0,"cards_obtained":["Parasite"]}],"is_beta":false,"boss_relics":[],"items_purged_floors":[],"is_endless":false,"potions_floor_spawned":[3,7,13],"killed_by":"Slime Boss","ascension_level":20}}