{"host":"qc8p2flj7wsy3zpg","time":1611850586,"event":{"mods":["BaseMod","Highlight Path","Minty Spire (QoL Compilation)","Relic Stats","StSLib"],"gold_per_floor":[110,127,6,6,17,43,43,69,95,95,113,113,130,146,146,220,220,231,281,43,43,60,87,87,121,121,121,156,156,191,191,191,268,268,283,308,319,371,371,400,400,435,435,435,435],"floor_reached":44,"language":"ENG","playtime":1861,"items_purged":["Strike_G"],"score":1200,"play_id":"39f93511-8749-4884-a9b0-f7a68598ba3e","local_time":"20210128101626","is_ascension_mode":true,"campfire_choices":[{"floor":7.0,"key":"REST"},{"floor":12.0,"key":"REST"},{"data":"Crippling Poison","floor":15.0,"key":"SMITH"},{"floor":24.0,"key":"REST"},{"data":"Corpse Explosion","floor":27.0,"key":"SMITH"},{"floor":32.0,"key":"REST"},{"floor":41.0,"key":"REST"}],"circlet_count":0,"master_deck":["AscendersBane","Strike_G+1","Strike_G","Defend_G","Defend_G","Defend_G","Defend_G","Defend_G","Survivor","Neutralize","Bane","Endless Agony+1","Crippling Poison+1","Infinite Blades","Sucker Punch","Deadly Poison","Neutralize","Predator","PiercingWail","Dagger Spray","Corpse Explosion+1","Deflect","Poisoned Stab","Dagger Throw","Deadly Poison","Burst","Blade Dance","Catalyst","Night Terror","Crippling Poison+1","Bullet Time"],"relics":["Ring of the Snake","Orichalcum","Pen Nib","Regal Pillow","Black Star","TwistedFunnel","Kunai","Pear","Potion Belt","Bag of Preparation","Bottled Lightning","Blood Vial","Mummified Hand","Juzu Bracelet","Anchor","SlaversCollar","Unceasing Top","Pocketwatch","InkBottle","Ancient Tea Set","Question Card","Darkstone Periapt"],"acts_visited":["Exordium","TheCity","TheBeyond"],"potions_floor_usage":[44],"damage_taken":[{"damage":0.0,"enemies":"2 Louse","floor":1.0,"turns":3.0},{"damage":1.0,"enemies":"Jaw Worm","floor":2.0,"turns":4.0},{"damage":0.0,"enemies":"Cultist","floor":5.0,"turns":4.0},{"damage":27.0,"enemies":"Gremlin Nob","floor":6.0,"turns":4.0},{"damage":12.0,"enemies":"Lagavulin","floor":8.0,"turns":7.0},{"damage":6.0,"enemies":"2 Fungi Beasts","floor":11.0,"turns":3.0},{"damage":0.0,"enemies":"3 Louse","floor":13.0,"turns":1.0},{"damage":0.0,"enemies":"Exordium Thugs","floor":14.0,"turns":3.0},{"damage":12.0,"enemies":"Hexaghost","floor":16.0,"turns":9.0},{"damage":6.0,"enemies":"3 Byrds","floor":18.0,"turns":2.0},{"damage":3.0,"enemies":"Chosen","floor":22.0,"turns":4.0},{"damage":28.0,"enemies":"Gremlin Leader","floor":23.0,"turns":7.0},{"damage":23.0,"enemies":"Book of Stabbing","floor":25.0,"turns":6.0},{"damage":0.0,"enemies":"Gremlin Leader","floor":28.0,"turns":7.0},{"damage":40.0,"enemies":"Slavers","floor":30.0,"turns":3.0},{"damage":59.0,"enemies":"Collector","floor":33.0,"turns":7.0},{"damage":9.0,"enemies":"Orb Walker","floor":35.0,"turns":3.0},{"damage":8.0,"enemies":"Mind Bloom Boss Battle","floor":36.0,"turns":6.0},{"damage":0.0,"enemies":"3 Darklings","floor":37.0,"turns":2.0},{"damage":31.0,"enemies":"2 Orb Walkers","floor":38.0,"turns":3.0},{"damage":52.0,"enemies":"Nemesis","floor":40.0,"turns":7.0},{"damage":12.0,"enemies":"Reptomancer","floor":42.0,"turns":3.0},{"damage":42,"enemies":"Nemesis","floor":44,"turns":4}],"seed_played":"3352678285967772148","potions_obtained":[{"floor":2.0,"key":"AttackPotion"},{"floor":6.0,"key":"CunningPotion"},{"floor":11.0,"key":"Explosive Potion"},{"floor":16.0,"key":"Explosive Potion"},{"floor":18.0,"key":"Swift Potion"},{"floor":23.0,"key":"CunningPotion"},{"floor":33.0,"key":"FearPotion"},{"floor":35.0,"key":"Dexterity Potion"},{"floor":37.0,"key":"EntropicBrew"}],"is_trial":false,"path_per_floor":["M","M","$","?","M","E","R","E","T","?","M","R","M","M","R","B",null,"M","?","$","?","M","E","R","E","T","R","E","?","E","?","R","B",null,"M","?","M","?","?","E","R","E","T","E"],"character_chosen":"THE_SILENT","items_purchased":["Crippling Poison","Infinite Blades","TwistedFunnel"],"campfire_rested":5,"item_purchase_floors":[3,3,20],"current_hp_per_floor":[65,64,64,42,42,15,36,24,24,24,18,54,54,54,54,42,65,59,59,59,59,56,38,77,54,54,54,54,82,42,42,81,23,67,60,54,56,27,67,15,50,40,40,0,0],"gold":435,"neow_bonus":"TEN_PERCENT_HP_BONUS","is_daily":false,"chose_seed":false,"campfire_upgraded":2,"win_rate":0.0,"timestamp":1611850586,"path_taken":["M","M","$","?","M","E","R","E","T","?","M","R","M","M","R","BOSS","M","?","$","?","M","E","R","E","T","R","E","?","E","?","R","BOSS","M","?","M","?","?","E","R","E","T","E"],"items_purchased_type":["Card","Card","Relic"],"build_version":"2020-12-22","purchased_purges":1,"victory":false,"max_hp_per_floor":[72,72,72,72,72,72,72,72,72,72,72,72,72,72,72,72,72,72,72,72,72,72,82,82,82,82,82,82,82,82,82,82,82,82,82,82,82,82,67,67,67,67,67,67,67],"relic_stats":{"Darkstone Periapt":0,"Regal Pillow":60,"counters":[23,102],"Pen Nib":[19],"Bag of Preparation":[20],"Juzu Bracelet":1,"Orichalcum":[300],"Question Card":0,"Blood Vial":13,"Mummified Hand":[3],"Black Star":6,"Kunai":[27],"obtain_stats":[{"TwistedFunnel":20,"Potion Belt":25,"Darkstone Periapt":42,"Regal Pillow":9,"Pear":23,"Pen Nib":8,"Bag of Preparation":25,"Juzu Bracelet":30,"Orichalcum":6,"Ancient Tea Set":40,"Question Card":42,"Blood Vial":28,"SlaversCollar":34,"Anchor":30,"Mummified Hand":28,"Black Star":17,"Kunai":23,"Bottled Lightning":26,"Unceasing Top":36,"InkBottle":40,"Ring of the Snake":0,"Pocketwatch":38},{"TwistedFunnel":10,"Potion Belt":13,"Darkstone Periapt":22,"Regal Pillow":5,"Pear":12,"Pen Nib":5,"Bag of Preparation":13,"Juzu Bracelet":15,"Orichalcum":4,"Ancient Tea Set":21,"Question Card":22,"Blood Vial":14,"SlaversCollar":16,"Anchor":15,"Mummified Hand":14,"Black Star":9,"Kunai":12,"Bottled Lightning":13,"Unceasing Top":18,"InkBottle":21,"Ring of the Snake":0,"Pocketwatch":20},{"TwistedFunnel":40,"Potion Belt":57,"Darkstone Periapt":98,"Regal Pillow":22,"Pear":51,"Pen Nib":22,"Bag of Preparation":57,"Juzu Bracelet":67,"Orichalcum":15,"Ancient Tea Set":95,"Question Card":98,"Blood Vial":64,"SlaversCollar":74,"Anchor":67,"Mummified Hand":64,"Black Star":38,"Kunai":51,"Bottled Lightning":57,"Unceasing Top":83,"InkBottle":95,"Ring of the Snake":0,"Pocketwatch":88}],"Unceasing Top":[1],"InkBottle":[3],"Ring of the Snake":[47],"Pocketwatch":[9]},"card_choices":[{"not_picked":["Slice","Dodge and Roll"],"picked":"Bane","floor":1.0},{"not_picked":["Sucker Punch","Footwork"],"picked":"Endless Agony","floor":2.0},{"not_picked":["Outmaneuver","Flying Knee"],"picked":"Sucker Punch","floor":5.0},{"not_picked":["Flechettes","Bullet Time"],"picked":"Deadly Poison","floor":8.0},{"not_picked":["Dagger Throw","Deadly Poison"],"picked":"Predator","floor":11.0},{"not_picked":["Calculated Gamble","Terror"],"picked":"PiercingWail","floor":13.0},{"not_picked":["Prepared","Backflip"],"picked":"Dagger Spray","floor":14.0},{"not_picked":["Doppelganger","A Thousand Cuts"],"picked":"Corpse Explosion","floor":16.0},{"not_picked":["Dodge and Roll","Deadly Poison"],"picked":"Deflect","floor":18.0},{"not_picked":["Slice","Crippling Poison"],"picked":"Dagger Throw","floor":22.0},{"not_picked":["Dagger Spray","Flying Knee"],"picked":"Deadly Poison","floor":23.0},{"not_picked":["Infinite Blades","Reflex"],"picked":"Burst","floor":25.0},{"not_picked":["Slice","Bane"],"picked":"Blade Dance","floor":28.0},{"not_picked":["Flechettes","Crippling Poison+1"],"picked":"Catalyst","floor":30.0},{"not_picked":["Glass Knife","A Thousand Cuts"],"picked":"Night Terror","floor":33.0},{"not_picked":["Quick Slash","Blade Dance"],"picked":"Crippling Poison+1","floor":36.0},{"not_picked":["Flechettes","Expertise"],"picked":"Bullet Time","floor":40.0}],"player_experience":2282593,"relics_obtained":[{"floor":6.0,"key":"Orichalcum"},{"floor":8.0,"key":"Pen Nib"},{"floor":9.0,"key":"Regal Pillow"},{"floor":23.0,"key":"Kunai"},{"floor":23.0,"key":"Pear"},{"floor":25.0,"key":"Potion Belt"},{"floor":25.0,"key":"Bag of Preparation"},{"floor":26.0,"key":"Bottled Lightning"},{"floor":28.0,"key":"Blood Vial"},{"floor":28.0,"key":"Mummified Hand"},{"floor":30.0,"key":"Juzu Bracelet"},{"floor":30.0,"key":"Anchor"},{"floor":36.0,"key":"Unceasing Top"},{"floor":38.0,"key":"Pocketwatch"},{"floor":40.0,"key":"InkBottle"},{"floor":40.0,"key":"Ancient Tea Set"},{"floor":42.0,"key":"Question Card"},{"floor":42.0,"key":"Darkstone Periapt"}],"event_choices":[{"damage_healed":0.0,"max_hp_gain":0.0,"max_hp_loss":0.0,"gold_gain":0.0,"event_name":"Shining Light","player_choice":"Entered Light","floor":4.0,"gold_loss":0.0,"damage_taken":22.0,"cards_upgraded":["Endless Agony","Strike_G"]},{"damage_healed":0.0,"max_hp_gain":0.0,"max_hp_loss":0.0,"gold_gain":0.0,"event_name":"Match and Keep!","player_choice":"1 cards matched","floor":10.0,"gold_loss":0.0,"damage_taken":0.0,"cards_obtained":["Neutralize"]},{"damage_healed":0.0,"max_hp_gain":0.0,"max_hp_loss":0.0,"gold_gain":50.0,"event_name":"Nest","player_choice":"Stole From Cult","floor":19.0,"gold_loss":0.0,"damage_taken":0.0},{"damage_healed":0.0,"max_hp_gain":0.0,"max_hp_loss":0.0,"gold_gain":0.0,"cards_transformed":["Strike_G","Strike_G"],"event_name":"Drug Dealer","player_choice":"Became Test Subject","floor":21.0,"gold_loss":0.0,"damage_taken":0.0,"cards_obtained":["Tactician","Poisoned Stab"]},{"cards_removed":["Tactician"],"damage_healed":28.0,"max_hp_gain":0.0,"max_hp_loss":0.0,"gold_gain":0.0,"event_name":"Bonfire Elementals","player_choice":"Offered Uncommon","floor":29.0,"gold_loss":0.0,"damage_taken":0.0},{"damage_healed":0.0,"max_hp_gain":0.0,"max_hp_loss":0.0,"gold_gain":0.0,"event_name":"The Mausoleum","player_choice":"Ignored","floor":31.0,"gold_loss":0.0,"damage_taken":0.0},{"damage_healed":0.0,"max_hp_gain":0.0,"max_hp_loss":0.0,"gold_gain":0.0,"event_name":"MindBloom","player_choice":"Fight","floor":36.0,"gold_loss":0.0,"damage_taken":0.0},{"damage_healed":0.0,"max_hp_gain":0.0,"max_hp_loss":0.0,"gold_gain":0.0,"event_name":"Mysterious Sphere","player_choice":"Fight","floor":38.0,"gold_loss":0.0,"damage_taken":0.0},{"damage_healed":67.0,"max_hp_gain":0.0,"max_hp_loss":15.0,"gold_gain":0.0,"event_name":"The Moai Head","player_choice":"Heal","floor":39.0,"gold_loss":0.0,"damage_taken":0.0}],"is_beta":false,"boss_relics":[{"not_picked":["HoveringKite","Runic Dome"],"picked":"Black Star"},{"not_picked":["Busted Crown","Sozu"],"picked":"SlaversCollar"}],"items_purged_floors":[20],"is_endless":false,"potions_floor_spawned":[2,6,11,16,18,22,23,33,35,37],"killed_by":"Nemesis","ascension_level":20}}