{"host":"ijtzdp8x8o2bpzki","time":1611841675,"event":{"mods":["AchievementEnabler","BaseMod","Colored Map","Colored Powertips","DeckTracker","Minty Spire (QoL Compilation)"],"gold_per_floor":[119,119,119,119,137,169,169,184,238,251,251,231,265,282,282,378,378,395,15,15,114,14,47,47,373,373,402,327,339,339,356,356,456,456,473,473,94,105,105,140,190,204,204,221,232,30,40,60,60,60],"floor_reached":51,"language":"ENG","playtime":1912,"items_purged":["Corruption","Rupture","Defend_R"],"score":870,"play_id":"89af5da3-143d-4798-ab7d-c0200be4d1d4","local_time":"20210128164755","is_ascension_mode":true,"campfire_choices":[{"data":"Spot Weakness","floor":7,"key":"SMITH"},{"data":"Perfected Strike","floor":11,"key":"SMITH"},{"floor":15,"key":"REST"},{"floor":24,"key":"REST"},{"floor":30,"key":"REST"},{"floor":32,"key":"REST"},{"data":"Limit Break","floor":49,"key":"SMITH"}],"circlet_count":0,"master_deck":["Strike_R","Strike_R","Strike_R+1","Strike_R","Strike_R+1","Bash","Armaments","Spot Weakness+1","Shrug It Off","Perfected Strike+1","Seeing Red","Demon Form","Heavy Blade","J.A.X.","Inflame","Cleave","Rage","Reaper+1","Pommel Strike","Apotheosis","Metallicize","Whirlwind","Limit Break+1","Twin Strike+1","Metallicize","Impervious","Inflame","Perfected Strike+1","Wild Strike+1"],"relics":["Burning Blood","PreservedInsect","Art of War","Du-Vu Doll","Whetstone","StoneCalendar","Velvet Choker","Incense Burner","Centennial Puzzle","Old Coin","MealTicket","Red Mask","Snecko Eye","Question Card","Magic Flower","Pear"],"acts_visited":["Exordium","TheCity","TheBeyond"],"potions_floor_usage":[13,18,27,29,33,40,50],"damage_taken":[{"damage":0,"enemies":"Small Slimes","floor":1,"turns":3},{"damage":0,"enemies":"2 Louse","floor":5,"turns":3},{"damage":34,"enemies":"3 Sentries","floor":6,"turns":7},{"damage":6,"enemies":"Cultist","floor":8,"turns":3},{"damage":0,"enemies":"Exordium Wildlife","floor":10,"turns":3},{"damage":9,"enemies":"Lagavulin","floor":13,"turns":6},{"damage":7,"enemies":"Red Slaver","floor":14,"turns":4},{"damage":24,"enemies":"The Guardian","floor":16,"turns":10},{"damage":29,"enemies":"3 Byrds","floor":18,"turns":6},{"damage":29,"enemies":"Book of Stabbing","floor":23,"turns":4},{"damage":35,"enemies":"Gremlin Leader","floor":25,"turns":5},{"damage":12,"enemies":"Masked Bandits","floor":27,"turns":5},{"damage":17,"enemies":"Spheric Guardian","floor":29,"turns":4},{"damage":21,"enemies":"Snecko","floor":31,"turns":3},{"damage":59,"enemies":"Automaton","floor":33,"turns":8},{"damage":30,"enemies":"3 Darklings","floor":35,"turns":5},{"damage":8,"enemies":"Orb Walker","floor":38,"turns":2},{"damage":39,"enemies":"Reptomancer","floor":40,"turns":3},{"damage":2,"enemies":"Mind Bloom Boss Battle","floor":41,"turns":4},{"damage":38,"enemies":"Jaw Worm Horde","floor":42,"turns":3},{"damage":13,"enemies":"3 Darklings","floor":44,"turns":3},{"damage":5,"enemies":"Maw","floor":45,"turns":3},{"damage":30,"enemies":"Sphere and 2 Shapes","floor":47,"turns":4},{"damage":32,"enemies":"4 Shapes","floor":48,"turns":3},{"damage":2,"enemies":"Time Eater","floor":50,"turns":5}],"seed_played":"8374685479641013276","potions_obtained":[{"floor":5,"key":"DistilledChaos"},{"floor":8,"key":"FairyPotion"},{"floor":12,"key":"PowerPotion"},{"floor":23,"key":"SpeedPotion"},{"floor":25,"key":"Explosive Potion"},{"floor":27,"key":"BloodPotion"},{"floor":31,"key":"PowerPotion"},{"floor":38,"key":"Explosive Potion"},{"floor":45,"key":"SneckoOil"}],"is_trial":false,"path_per_floor":["M","?","?","?","M","E","R","M","T","M","R","?","E","M","R","B",null,"M","$","?","?","$","E","R","E","T","?","?","M","R","M","R","B",null,"M","?","$","M","?","E","?","M","T","M","M","$","M","M","R","B",null],"character_chosen":"IRONCLAD","items_purchased":["Incense Burner","Apotheosis","Metallicize","Regen Potion","Whirlwind","Inflame"],"campfire_rested":4,"item_purchase_floors":[19,37,37,37,37,46],"current_hp_per_floor":[72,65,65,65,71,43,43,43,43,49,49,49,46,45,66,48,72,49,49,49,49,49,26,47,18,18,12,12,15,36,21,42,27,72,72,72,72,70,70,59,72,60,70,78,82,82,82,79,79,82],"gold":60,"neow_bonus":"TRANSFORM_TWO_CARDS","is_daily":false,"chose_seed":false,"campfire_upgraded":3,"win_rate":0.0,"timestamp":1611841675,"path_taken":["M","?","?","?","M","E","R","?","T","M","R","?","E","M","R","BOSS","M","$","?","?","$","E","R","E","T","?","?","M","R","M","R","BOSS","M","?","?","?","?","E","?","M","T","M","M","?","M","M","R","BOSS"],"items_purchased_type":["Relic","Card","Card","Potion","Card","Card"],"build_version":"2020-12-22","purchased_purges":3,"victory":true,"max_hp_per_floor":[72,72,72,72,72,72,72,72,72,72,72,72,72,72,72,72,72,72,72,72,72,72,72,72,72,72,72,72,72,72,72,72,72,72,72,72,72,72,72,72,72,72,82,82,82,82,82,82,82,82],"card_choices":[{"not_picked":["Body Slam","Heavy Blade"],"picked":"Shrug It Off","floor":1},{"not_picked":["Cleave","Dark Embrace"],"picked":"Spot Weakness","floor":5},{"not_picked":["Carnage","Burning Pact"],"picked":"Shrug It Off","floor":6},{"not_picked":["Body Slam","Clothesline"],"picked":"Shrug It Off","floor":8},{"not_picked":["Iron Wave","Battle Trance"],"picked":"Perfected Strike","floor":10},{"not_picked":["Reckless Charge","Dark Embrace"],"picked":"Corruption","floor":13},{"not_picked":["Body Slam","Flex"],"picked":"Seeing Red","floor":14},{"not_picked":["Impervious","Bludgeon"],"picked":"Demon Form","floor":16},{"not_picked":["Havoc","Rupture"],"picked":"Heavy Blade","floor":18},{"not_picked":["Blood for Blood","Thunderclap"],"picked":"Inflame","floor":23},{"not_picked":["Warcry","Burning Pact","Anger"],"picked":"SKIP","floor":25},{"not_picked":["Spot Weakness","Infernal Blade"],"picked":"Cleave","floor":27},{"not_picked":["Hemokinesis","Carnage"],"picked":"Rage","floor":29},{"not_picked":["Cleave","Thunderclap","Dark Embrace"],"picked":"SKIP","floor":31},{"not_picked":["Berserk","Corruption"],"picked":"Reaper","floor":33},{"not_picked":["Armaments","Clash"],"picked":"Pommel Strike","floor":35},{"not_picked":["Armaments+1","Sword Boomerang","Body Slam+1"],"picked":"SKIP","floor":38},{"not_picked":["Sword Boomerang","Pommel Strike+1"],"picked":"Limit Break","floor":40},{"not_picked":["Havoc+1","Armaments","Wild Strike+1"],"picked":"Twin Strike+1","floor":41},{"not_picked":["Armaments+1","Shockwave+1","Shrug It Off+1"],"picked":"Metallicize","floor":42},{"not_picked":["Anger","Thunderclap","Entrench","Clothesline+1"],"picked":"SKIP","floor":44},{"not_picked":["Thunderclap+1","Body Slam+1","Sword Boomerang+1"],"picked":"Impervious","floor":45},{"not_picked":["Body Slam","Clothesline","Anger"],"picked":"Perfected Strike+1","floor":47},{"not_picked":["Shrug It Off","Flex","Uppercut+1"],"picked":"Wild Strike+1","floor":48}],"player_experience":84772,"relics_obtained":[{"floor":6,"key":"Du-Vu Doll"},{"floor":9,"key":"Whetstone"},{"floor":13,"key":"StoneCalendar"},{"floor":23,"key":"Centennial Puzzle"},{"floor":25,"key":"Old Coin"},{"floor":26,"key":"MealTicket"},{"floor":27,"key":"Red Mask"},{"floor":40,"key":"Question Card"},{"floor":41,"key":"Magic Flower"},{"floor":43,"key":"Pear"}],"event_choices":[{"damage_healed":0,"gold_gain":0,"player_choice":"Success","damage_taken":7,"relics_obtained":["PreservedInsect"],"max_hp_gain":0,"max_hp_loss":0,"event_name":"Scrap Ooze","floor":2,"gold_loss":0},{"damage_healed":0,"gold_gain":0,"player_choice":"Ignored","damage_taken":0,"max_hp_gain":0,"max_hp_loss":0,"event_name":"Liars Game","floor":3,"gold_loss":0},{"cards_removed":["Shrug It Off"],"damage_healed":0,"gold_gain":0,"player_choice":"Gave Card","damage_taken":0,"relics_obtained":["Art of War"],"max_hp_gain":0,"max_hp_loss":0,"event_name":"WeMeetAgain","floor":4,"gold_loss":0},{"damage_healed":0,"gold_gain":0,"player_choice":"Bought 1 Potion","damage_taken":0,"max_hp_gain":0,"max_hp_loss":0,"event_name":"The Woman in Blue","floor":12,"gold_loss":0},{"damage_healed":0,"gold_gain":0,"player_choice":"Obtain J.A.X.","damage_taken":0,"max_hp_gain":0,"max_hp_loss":0,"event_name":"Drug Dealer","floor":20,"gold_loss":0,"cards_obtained":["J.A.X."]},{"damage_healed":0,"gold_gain":99,"player_choice":"Stole From Cult","damage_taken":0,"max_hp_gain":0,"max_hp_loss":0,"event_name":"Nest","floor":21,"gold_loss":0},{"damage_healed":0,"gold_gain":0,"player_choice":"Fought Bandits","damage_taken":0,"max_hp_gain":0,"max_hp_loss":0,"event_name":"Masked Bandits","floor":27,"gold_loss":0},{"cards_removed":["Defend_R"],"damage_healed":0,"gold_gain":0,"player_choice":"Gave Gold","damage_taken":0,"max_hp_gain":0,"max_hp_loss":0,"event_name":"Beggar","floor":28,"gold_loss":75},{"damage_healed":0,"gold_gain":0,"player_choice":"Forge","damage_taken":0,"max_hp_gain":0,"max_hp_loss":0,"event_name":"Accursed Blacksmith","floor":36,"gold_loss":0,"cards_upgraded":["Reaper"]},{"cards_removed":["Shrug It Off"],"damage_healed":0,"gold_gain":0,"player_choice":"Removed Skill","damage_taken":0,"max_hp_gain":0,"max_hp_loss":0,"event_name":"Falling","floor":39,"gold_loss":0},{"damage_healed":0,"gold_gain":0,"player_choice":"Fight","damage_taken":0,"max_hp_gain":0,"max_hp_loss":0,"event_name":"MindBloom","floor":41,"gold_loss":0}],"is_beta":false,"boss_relics":[{"not_picked":["Runic Dome","Astrolabe"],"picked":"Velvet Choker"},{"not_picked":["Sozu","Tiny House"],"picked":"Snecko Eye"}],"items_purged_floors":[19,22,46],"is_endless":false,"potions_floor_spawned":[5,8,23,25,27,31,38,45],"ascension_level":2}}