{"host":"r3jpcv8jxb97qdif","time":1611795213,"event":{"mods":["BaseMod","Best Route Mod","Colored Map","Downfall","Googly Eyes","Highlight Path","KinomotoSakuraMod(????)","Minty Spire (QoL Compilation)","StSLib","everything is the same but u backflip on backflip"],"gold_per_floor":[99,111,111,111,124,224,224,259,259,269,289,189,218,235,252,353,353,253,272,24,35,135,167,167,178,203,221,237,267,267,285,295,395,395,395,412,463,509,515,526,526,268,368,399,413,432,466,485,504,504],"floor_reached":51,"language":"ENG","playtime":5518,"items_purged":[],"score":991,"play_id":"2ab1670c-fb1a-4a5c-bee7-515c7a65d0b9","local_time":"20210127185333","is_ascension_mode":true,"campfire_choices":[{"data":"Slimebound:Split","floor":1.0,"key":"SMITH"},{"floor":9.0,"key":"REST"},{"floor":12.0,"key":"RECALL"},{"data":"Slimebound:DouseInSlime","floor":18.0,"key":"SMITH"},{"data":"expansioncontent:QuickStudy","floor":30.0,"key":"SMITH"},{"data":"Slimebound:Darklings","floor":35.0,"key":"SMITH"}],"circlet_count":0,"master_deck":["Slimebound:Strike_Slimebound","Slimebound:Tackle","Slimebound:Defend_Slimebound","Slimebound:Defend_Slimebound","Slimebound:Defend_Slimebound","Slimebound:Split+1","Slimebound:CorrosiveSpit","Slimebound:LeechLife","Slimebound:SplitSpecialist+1","Slimebound:GoopSpray","Slimebound:Chomp","Slimebound:MegaLick","Slimebound:Prepare","Slimebound:SplitLeeching","Slimebound:Schlurp","Slimebound:DouseInSlime+1","Slimebound:Prepare+1","Slimebound:Equalize+1","expansioncontent:QuickStudy+1","Slimebound:Prepare+1","Slimebound:SlimeBrawl+1","Slimebound:DuplicatedForm+1","Slimebound:HauntingLick+1","Slimebound:RainOfGoop+1","Slimebound:ItLooksTasty","Slimebound:LevelUp+1","Slimebound:Prepare+1","Slimebound:LeadByExample+1","Slimebound:Darklings+1","Slimebound:SlimeTap+1","Slimebound:SamplingLick+1","Mayhem+1","Slimebound:LeadByExample+1","expansioncontent:StudyTheSpire+1","expansioncontent:LastStand+1","Slimebound:FirmFortitude","Slimebound:SlimeBarrage","Slimebound:Gluttony+1","Slimebound:SpikyOuterGoop+1","Slimebound:MinionMaster+1","Slimebound:Recollect+1"],"relics":["Slimebound:AbsorbEndCombat","Unceasing Top","Mummified Hand","Slimebound:MaxSlimesRelic","downfall:HeartBlessingGreen","Ornamental Fan","Slimebound:TarBlob","downfall:HeartBlessingRed","Membership Card","downfall:GremlinWheel","Frozen Egg 2","Pantograph","Question Card","Sundial","Philosopher\u0027s Stone","Dead Branch","Gremlin Horn","Strawberry","Meat on the Bone","ClockworkSouvenir","Anchor","Vajra"],"acts_visited":["Exordium","TheCity","TheBeyond"],"potions_floor_usage":[48],"damage_taken":[{"damage":12.0,"enemies":"Jaw Worm","floor":2.0,"turns":3.0},{"damage":10.0,"enemies":"2 Louse","floor":5.0,"turns":3.0},{"damage":34.0,"enemies":"downfall:Heads","floor":6.0,"turns":7.0},{"damage":33.0,"enemies":"Gremlin Nob","floor":8.0,"turns":4.0},{"damage":8.0,"enemies":"Small Slimes","floor":10.0,"turns":3.0},{"damage":0.0,"enemies":"2 Fungi Beasts","floor":11.0,"turns":3.0},{"damage":12.0,"enemies":"Lagavulin","floor":13.0,"turns":5.0},{"damage":3.0,"enemies":"Red Slaver","floor":14.0,"turns":3.0},{"damage":0.0,"enemies":"3 Louse","floor":15.0,"turns":3.0},{"damage":23.0,"enemies":"WA_ARCHETYPE_RETAIN","floor":16.0,"turns":7.0},{"damage":0.0,"enemies":"Chosen","floor":19.0,"turns":3.0},{"damage":0.0,"enemies":"downfall:FleeingMerchant","floor":20.0,"turns":4.0},{"damage":6.0,"enemies":"Snake Plant","floor":21.0,"turns":3.0},{"damage":0.0,"enemies":"Snake Plant","floor":22.0,"turns":3.0},{"damage":17.0,"enemies":"Slavers","floor":23.0,"turns":4.0},{"damage":9.0,"enemies":"Centurion and Healer","floor":25.0,"turns":3.0},{"damage":19.0,"enemies":"Book of Stabbing","floor":26.0,"turns":4.0},{"damage":15.0,"enemies":"Cultist and Chosen","floor":27.0,"turns":4.0},{"damage":0.0,"enemies":"Snake Plant","floor":28.0,"turns":2.0},{"damage":15.0,"enemies":"Gremlin Leader","floor":29.0,"turns":3.0},{"damage":23.0,"enemies":"Shelled Parasite and Fungi","floor":31.0,"turns":3.0},{"damage":15.0,"enemies":"Sentry and Sphere","floor":32.0,"turns":3.0},{"damage":37.0,"enemies":"IC_MUSHROOM_ARCHETYPE","floor":33.0,"turns":6.0},{"damage":18.0,"enemies":"3 Shapes","floor":36.0,"turns":3.0},{"damage":19.0,"enemies":"2 Orb Walkers","floor":37.0,"turns":3.0},{"damage":20.0,"enemies":"downfall:FleeingMerchant","floor":39.0,"turns":3.0},{"damage":4.0,"enemies":"Orb Walker","floor":40.0,"turns":2.0},{"damage":18,"enemies":"Giant Head","floor":44,"turns":5},{"damage":0,"enemies":"Writhing Mass","floor":45,"turns":2},{"damage":7,"enemies":"4 Shapes","floor":46,"turns":2},{"damage":7,"enemies":"Reptomancer","floor":47,"turns":3},{"damage":0,"enemies":"Jaw Worm Horde","floor":48,"turns":2},{"damage":0,"enemies":"Sphere and 2 Shapes","floor":49,"turns":2},{"damage":15,"enemies":"DF_ARCHETYPE_ORBS","floor":50,"turns":4}],"seed_played":"4511210628382360341","potions_obtained":[{"floor":2.0,"key":"DistilledChaos"},{"floor":8.0,"key":"Dexterity Potion"},{"floor":14.0,"key":"bronze:BurnAndBuffPotion"},{"floor":15.0,"key":"sneckomod:MuddlingPotion"},{"floor":26.0,"key":"EssenceOfSteel"},{"floor":32.0,"key":"AttackPotion"},{"floor":40.0,"key":"ColorlessPotion"}],"is_trial":false,"path_per_floor":["R","M","?","?","M","?","T","E","R","M","M","R","E","M","M","B",null,"R","M","$","M","?","E","T","M","E","M","M","E","R","M","M","B",null,"R","M","?","?","$","M","T","$","?","E","M","M","E","M","M","B",null],"character_chosen":"SLIMEBOUND","items_purchased":["Membership Card","expansioncontent:QuickStudy","Mayhem+1","Gremlin Horn","Slimebound:LeadByExample+1","Strawberry","expansioncontent:StudyTheSpire","expansioncontent:LastStand","Slimebound:FirmFortitude","ClockworkSouvenir"],"campfire_rested":1,"item_purchase_floors":[20,20,39,39,39,39,42,42,42,42],"current_hp_per_floor":[65,55,43,43,43,35,35,8,27,31,39,39,46,58,65,53,65,65,65,65,65,65,52,52,65,65,65,65,65,65,61,65,65,65,65,65,62,62,69,70,70,70,70,72,72,72,72,72,72,72],"gold":504,"neow_bonus":"ONE_RANDOM_RARE_CARD","is_daily":false,"chose_seed":false,"campfire_upgraded":4,"win_rate":0.0,"timestamp":1611795213,"path_taken":["R","M","?","?","M","?","T","E","R","M","M","R","E","M","M","BOSS","R","M","$","M","?","E","T","?","E","M","M","E","R","M","M","BOSS","R","M","?","?","$","M","T","$","?","E","M","?","E","M","M","BOSS"],"items_purchased_type":["Relic","Card","Card","Relic","Card","Relic","Card","Card","Card","Relic"],"build_version":"2020-12-22","purchased_purges":0,"victory":true,"max_hp_per_floor":[65,65,65,65,65,65,65,65,65,65,65,65,65,65,65,65,65,65,65,65,65,65,65,65,65,65,65,65,65,65,65,65,65,65,65,65,65,65,72,72,72,72,72,72,72,72,72,72,72,72],"card_choices":[{"not_picked":["Slimebound:LivingWall","Slimebound:PressTheAttack"],"picked":"Slimebound:SplitSpecialist","floor":2.0},{"not_picked":["Slimebound:RollThrough","Slimebound:ServeAndProtect"],"picked":"Slimebound:GoopSpray","floor":5.0},{"not_picked":["Slimebound:FormOfPuddle","Slimebound:SplitAcid"],"picked":"Slimebound:MegaLick","floor":6.0},{"not_picked":["Slimebound:ItLooksTasty","Slimebound:Repurpose"],"picked":"Slimebound:Prepare","floor":8.0},{"not_picked":["Slimebound:ItLooksTasty","Slimebound:RollThrough"],"picked":"Slimebound:SplitLeeching","floor":10.0},{"not_picked":["Slimebound:GrowthPunch","Slimebound:SlimeSpikes","Slimebound:SplitBruiser"],"picked":"SKIP","floor":11.0},{"not_picked":["Slimebound:ProtectTheBoss","Slimebound:Replication"],"picked":"Slimebound:Schlurp","floor":13.0},{"not_picked":["Slimebound:LeadByExample","Slimebound:LivingWall","Slimebound:RallyTheTroops"],"picked":"SKIP","floor":14.0},{"not_picked":["Slimebound:SplitBruiser","Slimebound:SplitAcid","Slimebound:GoopSpray"],"picked":"SKIP","floor":15.0},{"not_picked":["Slimebound:Teamwork","Slimebound:FirmFortitude"],"picked":"Slimebound:DouseInSlime","floor":16.0},{"not_picked":["Slimebound:LeechEnergy","Slimebound:SlimeSpikes"],"picked":"Slimebound:Prepare+1","floor":19.0},{"not_picked":["Slimebound:Grow","Slimebound:SplitAcid"],"picked":"Slimebound:Equalize+1","floor":20.0},{"not_picked":["Slimebound:PressTheAttack","Slimebound:GoopSpray"],"picked":"Slimebound:Prepare+1","floor":21.0},{"not_picked":["Slimebound:SplitSpecialist","Slimebound:LeechEnergy"],"picked":"Slimebound:SlimeBrawl+1","floor":23.0},{"not_picked":["Slimebound:SplitSpecialist","Slimebound:LivingWall"],"picked":"Slimebound:DuplicatedForm+1","floor":25.0},{"not_picked":["Slimebound:SplitAcid","Slimebound:RainOfGoop"],"picked":"Slimebound:HauntingLick+1","floor":26.0},{"not_picked":["Slimebound:DivideAndConquer","Slimebound:Prepare","Slimebound:Chomp+1"],"picked":"Slimebound:RainOfGoop+1","floor":27.0},{"not_picked":["Slimebound:PressTheAttack","Slimebound:SamplingLick","Slimebound:Equalize"],"picked":"Slimebound:ItLooksTasty","floor":28.0},{"not_picked":["Slimebound:GoopTackle","Slimebound:DouseInSlime","Slimebound:Dissolve+1"],"picked":"Slimebound:LevelUp+1","floor":29.0},{"not_picked":["Slimebound:SlimeSpikes","Slimebound:SlimeTap","Slimebound:LeechEnergy"],"picked":"Slimebound:Prepare+1","floor":31.0},{"not_picked":["Slimebound:HauntingLick","Slimebound:FinishingTackle","Slimebound:DouseInSlime"],"picked":"Slimebound:LeadByExample+1","floor":32.0},{"not_picked":["Slimebound:PrepareCrush","Slimebound:Teamwork","Slimebound:Recycling+1"],"picked":"Slimebound:Darklings","floor":33.0},{"not_picked":["Slimebound:Replication+1","Slimebound:SplitAcid+1","Slimebound:GoopSpray"],"picked":"Slimebound:SlimeTap+1","floor":36.0},{"not_picked":["Slimebound:LivingWall","Slimebound:DivideAndConquer","Slimebound:SplitLeeching+1"],"picked":"Slimebound:SamplingLick+1","floor":37.0},{"not_picked":["Slimebound:SplitBruiser","Slimebound:GoopSpray","Slimebound:GrowthPunch","Slimebound:RollThrough+1"],"picked":"SKIP","floor":39.0},{"not_picked":["Slimebound:Recollect","Slimebound:SplitLeeching","Slimebound:SlimeSpikes+1","Slimebound:ItLooksTasty"],"picked":"SKIP","floor":40.0},{"not_picked":["Slimebound:RejuvenatingLick","Slimebound:GoopTackle+1","Slimebound:ComboTackle+1"],"picked":"Slimebound:SlimeBarrage","floor":44},{"not_picked":["Slimebound:RollThrough+1","Slimebound:LeechingTouch","Slimebound:MassRepurpose"],"picked":"Slimebound:Gluttony+1","floor":45},{"not_picked":["Slimebound:ComboTackle","Slimebound:SamplingLick","Slimebound:LeechingTouch"],"picked":"Slimebound:SpikyOuterGoop+1","floor":46},{"not_picked":["Slimebound:Nibble","Slimebound:GoopTackle+1","Slimebound:FinishingTackle"],"picked":"Slimebound:MinionMaster+1","floor":47},{"not_picked":["Slimebound:ItLooksTasty+1","Slimebound:GoopSpray","Slimebound:SplitAcid","Slimebound:Chomp+1"],"picked":"SKIP","floor":48},{"not_picked":["Slimebound:LeadByExample+1","Slimebound:SlimeSpikes+1","Slimebound:SplitMire"],"picked":"Slimebound:Recollect+1","floor":49}],"player_experience":755391,"relics_obtained":[{"floor":7.0,"key":"Mummified Hand"},{"floor":8.0,"key":"Slimebound:MaxSlimesRelic"},{"floor":13.0,"key":"Ornamental Fan"},{"floor":22.0,"key":"downfall:GremlinWheel"},{"floor":23.0,"key":"Frozen Egg 2"},{"floor":24.0,"key":"Pantograph"},{"floor":26.0,"key":"Question Card"},{"floor":29.0,"key":"Sundial"},{"floor":37.0,"key":"Dead Branch"},{"floor":41.0,"key":"Meat on the Bone"},{"floor":44,"key":"Anchor"},{"floor":47,"key":"Vajra"}],"event_choices":[{"damage_healed":0.0,"max_hp_gain":0.0,"max_hp_loss":0.0,"gold_gain":0.0,"event_name":"Scrap Ooze","player_choice":"Success","floor":3.0,"gold_loss":0.0,"damage_taken":12.0,"relics_obtained":["Unceasing Top"]},{"damage_healed":0.0,"max_hp_gain":0.0,"max_hp_loss":0.0,"gold_gain":0.0,"event_name":"Mysterious Sphere","player_choice":"Fight","floor":37.0,"gold_loss":0.0,"damage_taken":0.0}],"is_beta":false,"boss_relics":[{"not_picked":["SlaversCollar","Black Star"],"picked":"Slimebound:TarBlob"},{"not_picked":["bronze:MakeshiftBattery","Cursed Key"],"picked":"Philosopher\u0027s Stone"}],"items_purged_floors":[],"is_endless":false,"potions_floor_spawned":[2,8,14,15,21,25,26,29,32,36,40,46,47],"ascension_level":2}}