{"host":"xc18ixkpjvqrt8st","time":1611846232,"event":{"mods":["Act Like it!","BaseMod","Better Match","Better Third Choice","Conspire","Hallownest","Hermit","Hubris","Infinite Spire","Minty Spire (QoL Compilation)","Replay The Spire","Robot Space Explorer","Shop Mod","Spicy Shops","Spire Arcade","StSLib","The Animator","The Jungle","The Marked","The Sage"],"gold_per_floor":[109,109,209,22,44,69,69,79,79,105,120,140,150,179,179,283,283,268,280,57,73,85,85,85,97,121,121,132,157,168,168,168,176,176],"floor_reached":33,"language":"ENG","playtime":1831,"items_purged":[],"score":288,"play_id":"c900c5ac-c83a-4302-8b13-6902608ccf47","local_time":"20210128090352","is_ascension_mode":false,"campfire_choices":[{"floor":7,"key":"REST"},{"floor":15,"key":"REST"},{"floor":23,"key":"REST"},{"floor":27,"key":"REST"},{"floor":32,"key":"REST"}],"circlet_count":0,"master_deck":["animator:Strike_Elsword","animator:Defend_Elsword+1","animator:Strike+1","animator:Strike","animator:Strike","animator:Defend+1","animator:Defend","animator:Defend","animator:Chung","animator:Raven","animator:Benimaru","Aggregate+1","LessonLearned","animator:Megumin+8","animator:Aisha","animator:Laby","animator:Chung","animator:Witch","animator:Aisha","animator:Genos","animator:Tatsumaki","animator:Benimaru","animator:Hans","animator:Darkness+1","animator:Vanir","animator:Verdia","animator:MumenRider+1","animator:Aqua","animator:Melzalgald+1","animator:MumenRider+1","animator:Chris","infinitespire:Punishment","infinitespire:Collect"],"relics":["animator:LivingPicture","animator:TheMissingPiece","NeowsBlessing","Omamori","HandDrill","Replay:Bottled Steam","Smiling Mask","Black Star","Oddly Smooth Stone","Replay:Mystery Machine","Blood Vial","animator:WornHelmet","infinitespire:FocusingShard"],"acts_visited":["Exordium","TheCity"],"potions_floor_usage":[14,16,16,21],"damage_taken":[{"damage":0,"enemies":"Small Slimes","floor":1,"turns":1},{"damage":0,"enemies":"2 Louse","floor":5,"turns":1},{"damage":0,"enemies":"Gremlin Nob","floor":6,"turns":1},{"damage":11,"enemies":"infinitespire:Voidling","floor":8,"turns":4},{"damage":5,"enemies":"2 Fungi Beasts","floor":10,"turns":5},{"damage":3,"enemies":"Looter","floor":11,"turns":3},{"damage":7,"enemies":"3 Louse","floor":12,"turns":4},{"damage":7,"enemies":"Large Slime","floor":13,"turns":6},{"damage":4,"enemies":"Replay:BlueRogue","floor":14,"turns":6},{"damage":42,"enemies":"Slime Boss","floor":16,"turns":9},{"damage":11,"enemies":"2 Thieves","floor":18,"turns":5},{"damage":2,"enemies":"Shell Parasite","floor":19,"turns":5},{"damage":8,"enemies":"Snake Plant","floor":21,"turns":5},{"damage":13,"enemies":"Centurion and Healer","floor":22,"turns":7},{"damage":26,"enemies":"conspire:HollyBat","floor":25,"turns":8},{"damage":3,"enemies":"Chosen and Byrds","floor":28,"turns":6},{"damage":15,"enemies":"conspire:MimicChest","floor":29,"turns":7},{"damage":34,"enemies":"Shelled Parasite and Fungi","floor":30,"turns":5},{"damage":32,"enemies":"Pondfish","floor":33,"turns":7}],"seed_played":"-4708583816751659060","potions_obtained":[{"floor":1,"key":"Death Potion"},{"floor":8,"key":"Dexterity Potion"},{"floor":11,"key":"Venom Potion"},{"floor":14,"key":"LiquidMemories"},{"floor":16,"key":"LiquidMemories"},{"floor":19,"key":"Elixir"},{"floor":28,"key":"Elixir"},{"floor":30,"key":"Death Potion"}],"is_trial":false,"path_per_floor":["M","?","?","$","M","E","R","M","T","M","M","M","M","E","R","B",null,"M","M","$","M","M","R","?","M","T","R","M","?","M","AVR","R","B"],"character_chosen":"THE_ANIMATOR","items_purchased":["HandDrill","animator:Megumin","Oddly Smooth Stone","Replay:Mystery Machine"],"campfire_rested":5,"item_purchase_floors":[4,4,20,20],"current_hp_per_floor":[66,46,46,46,46,47,67,56,56,51,48,41,34,30,50,8,67,56,54,54,46,33,53,53,27,27,47,48,37,7,7,27,0,0],"gold":176,"neow_bonus":"THREE_ENEMY_KILL","is_daily":false,"chose_seed":false,"campfire_upgraded":0,"win_rate":0.0,"timestamp":1611846232,"path_taken":["M","?","?","$","M","E","R","?","T","M","M","M","M","E","R","BOSS","M","M","$","M","M","R","?","M","T","R","M","?","M","AVR","R","BOSS"],"items_purchased_type":["Relic","Card","Relic","Relic"],"build_version":"2020-12-22","purchased_purges":0,"victory":false,"max_hp_per_floor":[66,66,66,66,66,67,67,67,67,67,67,67,67,67,67,67,67,67,67,67,67,67,67,67,67,67,67,67,67,67,67,67,67,67],"card_choices":[{"not_picked":["animator:Melzalgald","animator:MumenRider"],"picked":"animator:Benimaru","floor":1},{"not_picked":["animator:Shuna","animator:WinryRockbell"],"picked":"animator:Aisha","floor":5},{"not_picked":["animator:Wiz","animator:HighElfArcher"],"picked":"animator:Laby","floor":6},{"not_picked":["animator:Ain","animator:Ara"],"picked":"animator:Chung","floor":8},{"not_picked":["animator:MaesHughes","animator:Ara"],"picked":"animator:Witch","floor":10},{"not_picked":["animator:Chung","animator:Benimaru"],"picked":"animator:Aisha","floor":11},{"not_picked":["animator:Ara","animator:SilverFang"],"picked":"animator:Genos","floor":12},{"not_picked":["animator:Sonic","animator:Genos"],"picked":"animator:Tatsumaki","floor":13},{"not_picked":["animator:Raven","animator:Layla"],"picked":"animator:Benimaru","floor":14},{"not_picked":["animator:Eris","animator:Greed"],"picked":"animator:Hans","floor":16},{"not_picked":["animator:Megumin","animator:Kazuma"],"picked":"animator:Darkness+1","floor":18},{"not_picked":["animator:Pride+1","animator:Ain"],"picked":"animator:Vanir","floor":19},{"not_picked":["animator:Kazuma","animator:Mitsurugi"],"picked":"animator:Verdia","floor":21},{"not_picked":["animator:Hans","animator:Mitsurugi"],"picked":"animator:MumenRider+1","floor":22},{"not_picked":["animator:Mitsurugi","animator:Fredrika"],"picked":"animator:Aqua","floor":25},{"not_picked":["animator:Kazuma+1","animator:SilverFang"],"picked":"animator:Melzalgald+1","floor":28},{"not_picked":["animator:Aisha","animator:Ciel+1"],"picked":"animator:MumenRider+1","floor":29},{"not_picked":["animator:Mitsurugi","animator:Megumin"],"picked":"animator:Chris","floor":30}],"player_experience":599752,"relics_obtained":[{"floor":6,"key":"Replay:Bottled Steam"},{"floor":14,"key":"Smiling Mask"},{"floor":26,"key":"Blood Vial"},{"floor":29,"key":"animator:WornHelmet"}],"event_choices":[{"damage_healed":0,"gold_gain":1,"player_choice":"Card Relic Card ","damage_taken":20,"max_hp_gain":0,"max_hp_loss":0,"event_name":"betterThird:BetterScrap","floor":2,"gold_loss":0,"cards_obtained":["Aggregate","LessonLearned"]},{"damage_healed":0,"gold_gain":100,"player_choice":"Pray","damage_taken":0,"max_hp_gain":0,"max_hp_loss":0,"event_name":"Golden Shrine","floor":3,"gold_loss":0},{"damage_healed":0,"gold_gain":0,"player_choice":"Ignored","damage_taken":0,"max_hp_gain":0,"max_hp_loss":0,"event_name":"Vampires","floor":24,"gold_loss":0}],"is_beta":false,"boss_relics":[{"not_picked":["hubris:Stopwatch","animator:CursedBlade"],"picked":"Black Star"}],"items_purged_floors":[],"is_endless":false,"potions_floor_spawned":[1,8,11,14,16,19,28,30],"killed_by":"Pondfish","ascension_level":0}}