{"host":"fvux6yoihym3ucic","time":1611798459,"event":{"mods":["BaseMod","Curses Come First","Downfall","Energized Spire","Hermit","Infinite Spire","Minty Spire (QoL Compilation)","Rare Cards Sparkle","Replay The Spire","Spire Arcade","StSLib","The Cursed"],"gold_per_floor":[18,34,34,45,55,55,55,84,124,124,124,124,124,137,137,240,240,253,253,253,267,267,267,287,324,351,351,363,395,395,395,395],"floor_reached":31,"language":"ENG","playtime":1341,"items_purged":[],"score":253,"play_id":"f3b33dac-e232-4306-b38c-2a6e881fafc7","local_time":"20210127204739","is_ascension_mode":false,"campfire_choices":[{"floor":6.0,"key":"RECALL"},{"floor":12.0,"key":"REST"},{"floor":15.0,"key":"REST"},{"floor":23.0,"key":"REST"},{"floor":27,"key":"REST"}],"circlet_count":0,"master_deck":["Strike_R+1","Strike_R+1","Strike_R+1","Strike_R+1","Defend_R+1","Defend_R+1","Bash","infinitespire:Menacing","Double Tap","Slimebound:CheckThePlaybook","Decay","Infernal Blade+1"],"relics":["Burning Blood","infinitespire:EmpoweringShard","infinitespire:CursedDice","Blue Doll","Empty Cage","Replay:WaspNest","Dream Catcher","Replay:PocketPolymizer","Blue Candle"],"acts_visited":["Exordium","TheCity"],"potions_floor_usage":[],"damage_taken":[{"damage":6.0,"enemies":"Cultist","floor":1.0,"turns":3.0},{"damage":0.0,"enemies":"Small Slimes","floor":2.0,"turns":3.0},{"damage":2.0,"enemies":"2 Louse","floor":4.0,"turns":3.0},{"damage":16.0,"enemies":"Blue Slaver","floor":5.0,"turns":4.0},{"damage":36.0,"enemies":"Gremlin Nob","floor":8.0,"turns":5.0},{"damage":6.0,"enemies":"Looter","floor":9.0,"turns":9.0},{"damage":10.0,"enemies":"Looter","floor":14.0,"turns":3.0},{"damage":84.0,"enemies":"Fading Forest","floor":16.0,"turns":11.0},{"damage":70.0,"enemies":"3 Byrds","floor":18.0,"turns":7.0},{"damage":22.0,"enemies":"Shell Parasite","floor":21.0,"turns":4.0},{"damage":12.0,"enemies":"Snecko","floor":24.0,"turns":3.0},{"damage":33.0,"enemies":"Shelled Parasite and Fungi","floor":25.0,"turns":5.0},{"damage":38,"enemies":"Shelled Parasite and Fungi","floor":28,"turns":5},{"damage":14,"enemies":"Gremlin Leader","floor":29,"turns":3},{"damage":29,"enemies":"Centurion and Healer","floor":31,"turns":6}],"seed_played":"5154806085267544047","potions_obtained":[{"floor":5.0,"key":"LifebloodPotion"},{"floor":8.0,"key":"Adrenaline Potion"},{"floor":14.0,"key":"ColorlessPotion"},{"floor":21.0,"key":"SpeedPotion"},{"floor":24.0,"key":"Milkshake"},{"floor":29,"key":"bronze:BurnAndBuffPotion"}],"is_trial":false,"path_per_floor":["M","M","T","M","M","R","$","E","MIM","?","?","R","?","M","R","B",null,"M","?","?","M","?","R","M","MIM","T","R","M","E","?","M"],"character_chosen":"IRONCLAD","items_purchased":[],"campfire_rested":4,"item_purchase_floors":[],"current_hp_per_floor":[96,96,96,96,86,86,86,56,56,56,56,84,60,56,84,30,96,32,32,32,16,16,42,36,9,9,35,37,29,24,0,0],"gold":395,"neow_bonus":"TWENTY_PERCENT_HP_BONUS","is_daily":false,"chose_seed":false,"campfire_upgraded":0,"win_rate":0.0,"timestamp":1611798459,"path_taken":["M","M","?","M","?","R","?","E","MIM","?","?","R","?","M","R","BOSS","M","?","?","M","?","R","M","?","MIM","R","?","E","?","M"],"items_purchased_type":[],"build_version":"2020-12-22","purchased_purges":0,"victory":false,"max_hp_per_floor":[96,96,96,96,96,96,96,96,96,96,96,96,96,96,96,96,96,96,96,87,87,87,87,87,87,87,87,87,87,87,87,87],"card_choices":[{"not_picked":["Wild Strike","Blood for Blood","Sentinel"],"picked":"SKIP","floor":1.0},{"not_picked":["Sever Soul","Thunderclap","ReplayTheSpireMod:Strike From Hell"],"picked":"SKIP","floor":2.0},{"not_picked":["Twin Strike","Thunderclap","Clothesline"],"picked":"SKIP","floor":4.0},{"not_picked":["Clothesline","Perfected Strike","Second Wind"],"picked":"SKIP","floor":5.0},{"not_picked":["Combust","Juggernaut","Fire Breathing"],"picked":"SKIP","floor":8.0},{"not_picked":["ReplayTheSpireMod:Book of Names","ReplayTheSpireMod:??????????????????????"],"picked":"infinitespire:Menacing","floor":13.0},{"not_picked":["Armaments","Spot Weakness","ReplayTheSpireMod:Muscle Training"],"picked":"SKIP","floor":14.0},{"not_picked":["Immolate","Exhume"],"picked":"Double Tap","floor":16.0},{"not_picked":["ReplayTheSpireMod:Strike From Hell","Hemokinesis","True Grit"],"picked":"SKIP","floor":18.0},{"not_picked":["Anger","Flex","Run Through"],"picked":"SKIP","floor":21.0},{"not_picked":["Pommel Strike+1","Feel No Pain+1","Warcry"],"picked":"SKIP","floor":24.0},{"not_picked":["Shrug It Off","Iron Wave"],"picked":"Infernal Blade+1","floor":28},{"not_picked":["infinitespire:OneForAll","Wild Strike","Clash"],"picked":"SKIP","floor":29}],"player_experience":27405,"relics_obtained":[{"floor":3.0,"key":"infinitespire:EmpoweringShard"},{"floor":8.0,"key":"infinitespire:CursedDice"},{"floor":9.0,"key":"Blue Doll"},{"floor":25.0,"key":"Replay:WaspNest"},{"floor":26,"key":"Dream Catcher"},{"floor":29,"key":"Replay:PocketPolymizer"}],"event_choices":[{"damage_healed":0.0,"max_hp_gain":0.0,"max_hp_loss":0.0,"gold_gain":0.0,"event_name":"Shining Light","player_choice":"Ignored","floor":11.0,"gold_loss":0.0,"damage_taken":0.0},{"damage_healed":0.0,"max_hp_gain":0.0,"max_hp_loss":0.0,"gold_gain":0.0,"event_name":"Back to Basics","player_choice":"Simplicity","floor":19.0,"gold_loss":0.0,"damage_taken":0.0,"cards_upgraded":["Strike_R","Strike_R","Strike_R","Strike_R","Defend_R","Defend_R"]},{"damage_healed":0.0,"max_hp_gain":0.0,"max_hp_loss":0.0,"gold_gain":0.0,"event_name":"Forgotten Altar","player_choice":"Smashed Altar","floor":22.0,"gold_loss":0.0,"damage_taken":0.0,"cards_obtained":["Decay"]}],"is_beta":false,"boss_relics":[{"not_picked":["Runic Dome","Philosopher\u0027s Stone"],"picked":"Empty Cage"}],"items_purged_floors":[],"is_endless":false,"potions_floor_spawned":[5,8,14,21,24,29],"killed_by":"Centurion and Healer","ascension_level":0}}