{"host":"pec1bvkeldr5yzx1","time":1611850737,"event":{"mods":["ATMod(°¢èªMod)","AchievementEnabler","Act Like it!","Aspiration","BaseMod","Better Altar","Better Match","Better Sensory Stone","Better Skull","Better Vampires","BetterRewards","Conspire","Dota2Spire","Energized Spire","Friendly Minions","GifTheSpireLib","Hubris","Minty Spire (QoL Compilation)","Replay The Spire","Spicy Shops","StSLib","Stuff the Spire","SuperFastMode","óô»ðÖ¸ÄÏ"],"gold_per_floor":[113,124,141,153,170,196,196,224,224,224,241,241,254,287,287,389,389,404,415,415,426,441,470,470,470,520,531,591,641,691,721,721,821,821,840,690,740,768,94,148,226,251,251,292,310,343,393,29,29,29,29,29,29,56,80],"floor_reached":56,"language":"ZHS","playtime":1419,"items_purged":["Normality","ReplayTheSpireMod:Doomed","StuffTheSpire:CuriosityCurse"],"score":1766,"play_id":"3372dbca-ea90-4c50-bacc-19dd7d4eb428","local_time":"20210129001857","is_ascension_mode":true,"campfire_choices":[{"floor":7.0,"key":"RECALL"},{"data":"Infinite Blades","floor":10.0,"key":"SMITH"},{"data":"Terror","floor":15.0,"key":"SMITH"},{"data":"AT_KingSlayer","floor":32.0,"key":"SMITH"},{"data":"AT_FocusSwordFire","floor":49,"key":"SMITH"},{"data":"AT_ShadowStep","floor":52,"key":"SMITH"}],"circlet_count":0,"master_deck":["Strike_G","Strike_G","Strike_G","Strike_G","Strike_G","Defend_G","Defend_G","Defend_G","Defend_G","Defend_G","Survivor","Neutralize","Poisoned Stab","Infinite Blades+1","Terror+1","PiercingWail","Swift Strike","Blade Dance","Outmaneuver","Poisoned Stab","Prepared","Dagger Throw","Flying Knee","AT_ShadowStep+1","Backstab","Heel Hook","Cloak And Dagger","Finisher","aspiration:Lunge","Deflect","AT_ShadowStep+1","StuffTheSpire:Innocence","hubris:Counter","AT_KingSlayer+1","Hidden Blade","Acrobatics","Choke+1","Die Die Die","Dagger Throw","conspire:SpireCoStock","conspire:SpireCoStock","conspire:SpireCoStock","conspire:SpireCoStock","Outmaneuver+1","Mayhem+1","AT_PowerWithin+1","AT_FocusSwordFire+1","AT_TinkerSharpsword+1","ReplayTheSpireMod:Exploit Weakness+1","Sucker Punch","After Image+1","AT_WindFlip+1","Hallucinations","Accuracy+1","Finisher+1","Flechettes+1"],"relics":["Ring of the Snake","AT_ATBox","aspiration:Nostalgia","Burning Blood","aspiration:Lifesprig","AT_BladeRuinedKing","Boot","hubris:Spice","ReplayTheSpireMod:CursedCoin","AT_DeathDance","StuffTheSpire:Nightcore","HornCleat","Dream Catcher","conspire:InfiniteJournal","hubris:Towel","Replay:Ringing Soul","SsserpentHead","aspiration:VileToxins","Golden Egg","aspiration:AnachronicSnailShell","StuffTheSpire:Wildfire","ReplayTheSpireMod:Ring of Challenge","Ring of Chaos","hubris:SlimyHat","aspiration:SeaSaltIceCream","aspiration:Nostalgia","Sizzling Blood"],"acts_visited":["Exordium","TheCity","TheBeyond","TheEnding"],"potions_floor_usage":[],"damage_taken":[{"damage":0.0,"enemies":"Jaw Worm","floor":1.0,"turns":1.0},{"damage":0.0,"enemies":"2 Louse","floor":2.0,"turns":2.0},{"damage":0.0,"enemies":"Small Slimes","floor":3.0,"turns":1.0},{"damage":0.0,"enemies":"2 Fungi Beasts","floor":4.0,"turns":2.0},{"damage":0.0,"enemies":"Exordium Thugs","floor":5.0,"turns":2.0},{"damage":0.0,"enemies":"Gremlin Nob","floor":6.0,"turns":2.0},{"damage":0.0,"enemies":"Lagavulin","floor":8.0,"turns":2.0},{"damage":0.0,"enemies":"Blue Slaver","floor":11.0,"turns":1.0},{"damage":0.0,"enemies":"3 Louse","floor":13.0,"turns":1.0},{"damage":8.0,"enemies":"3 Sentries","floor":14.0,"turns":3.0},{"damage":8.0,"enemies":"The Guardian","floor":16.0,"turns":3.0},{"damage":0.0,"enemies":"Spheric Guardian","floor":18.0,"turns":2.0},{"damage":1.0,"enemies":"2 Thieves","floor":19.0,"turns":2.0},{"damage":6.0,"enemies":"Cultist and Chosen","floor":21.0,"turns":2.0},{"damage":10.0,"enemies":"Shelled Parasite and Fungi","floor":22.0,"turns":2.0},{"damage":0.0,"enemies":"Gremlin Leader","floor":23.0,"turns":2.0},{"damage":14.0,"enemies":"Centurion and Healer","floor":27.0,"turns":2.0},{"damage":0.0,"enemies":"Snecko","floor":28.0,"turns":2.0},{"damage":2.0,"enemies":"Slavers","floor":31.0,"turns":4.0},{"damage":3.0,"enemies":"hubris:MusketHawk","floor":33.0,"turns":2.0},{"damage":0.0,"enemies":"3 Shapes","floor":35.0,"turns":2.0},{"damage":12.0,"enemies":"3 Darklings","floor":38.0,"turns":3.0},{"damage":21.0,"enemies":"Giant Head","floor":40.0,"turns":3.0},{"damage":0.0,"enemies":"conspire:MimicChest","floor":41.0,"turns":2.0},{"damage":0,"enemies":"Reptomancer","floor":42,"turns":2},{"damage":0,"enemies":"Nemesis","floor":44,"turns":3},{"damage":12,"enemies":"Sphere and 2 Shapes","floor":45,"turns":2},{"damage":0,"enemies":"Jaw Worm Horde","floor":46,"turns":3},{"damage":25,"enemies":"Replay:Hell Engine","floor":50,"turns":3},{"damage":1,"enemies":"Shield and Spear","floor":54,"turns":3},{"damage":43,"enemies":"The Heart","floor":55,"turns":4}],"seed_played":"522460785262591935","potions_obtained":[{"floor":4.0,"key":"LifebloodPotion"},{"floor":6.0,"key":"Toxic Potion"},{"floor":14.0,"key":"DuplicationPotion"}],"is_trial":false,"path_per_floor":["M","M","M","M","M","E","R","E","T","R","M","?","M","E","R","B",null,"M","M","?","M","M","E","?","?","T","M","M","?","?","E","R","B",null,"M","?","?","M","$","E","?","E","T","E","M","M","?","$","R","B",null,"R","$","E","B",null],"character_chosen":"THE_SILENT","items_purchased":["aspiration:Nostalgia","aspiration:Lifesprig","AT_BladeRuinedKing","Boot","Poisoned Stab","Infinite Blades","ReplayTheSpireMod:CursedCoin","AT_DeathDance","StuffTheSpire:Nightcore","Terror","PowerPotion","Golden Egg","Mayhem","AT_PowerWithin","hubris:SlimyHat","Accuracy","Finisher"],"campfire_rested":0,"item_purchase_floors":[0,0,0,0,0,0,0,0,0,0,0,39,39,39,48,48,48],"current_hp_per_floor":[42,48,54,60,66,72,72,78,78,78,78,78,78,84,84,82,78,78,78,59,59,55,64,67,67,67,62,71,74,74,80,80,83,75,78,81,81,78,81,69,78,80,72,75,72,81,84,87,87,68,87,87,87,94,61],"gold":80,"neow_bonus":"","is_daily":false,"chose_seed":false,"campfire_upgraded":5,"win_rate":0.0,"timestamp":1611850737,"path_taken":["M","M","M","M","M","E","R","E","T","R","M","?","M","E","R","BOSS","M","M","?","M","M","E","?","?","T","M","?","?","?","E","R","BOSS","M","?","?","M","$","E","?","E","T","E","M","M","?","?","R","BOSS","R","$","E","BOSS"],"items_purchased_type":["Relic","Relic","Relic","Relic","Card","Card","Relic","Relic","Relic","Card","Potion","Relic","Card","Card","Relic","Card","Card"],"build_version":"2020-12-22","purchased_purges":3,"victory":true,"max_hp_per_floor":[78,78,78,78,78,78,78,78,78,78,78,78,78,86,86,86,78,78,78,78,78,78,73,76,76,76,79,82,77,77,80,80,83,75,78,81,81,84,87,90,85,80,72,75,78,81,84,87,87,87,87,87,87,94,94],"card_choices":[{"not_picked":["Predator","StuffTheSpire:Fury"],"picked":"Outmaneuver","floor":1.0},{"not_picked":["StuffTheSpire:BumpUp","PiercingWail"],"picked":"Poisoned Stab","floor":2.0},{"not_picked":["StuffTheSpire:Python","Outmaneuver"],"picked":"Prepared","floor":3.0},{"not_picked":["Draining Mist","Blade Dance"],"picked":"Dagger Throw","floor":4.0},{"not_picked":["StuffTheSpire:ClusterCrunch","Burst"],"picked":"Flying Knee","floor":5.0},{"not_picked":["Quick Slash","Dagger Throw"],"picked":"AT_ShadowStep","floor":6.0},{"not_picked":["Dodge and Roll","Dagger Throw"],"picked":"Backstab","floor":8.0},{"not_picked":["Blade Dance","Slice"],"picked":"Heel Hook","floor":11.0},{"not_picked":["Prepared","Sucker Punch"],"picked":"Cloak And Dagger","floor":13.0},{"not_picked":["AT_MyraUnstableElement","Blade Dance"],"picked":"Finisher","floor":14.0},{"not_picked":["hubris:SpiceAddiction","Malaise"],"picked":"aspiration:Lunge","floor":16.0},{"not_picked":["StuffTheSpire:ClusterCrunch","Cloak And Dagger"],"picked":"Deflect","floor":18.0},{"not_picked":["StuffTheSpire:Python","StuffTheSpire:ClusterCrunch"],"picked":"AT_ShadowStep+1","floor":19.0},{"not_picked":["Quick Slash","StuffTheSpire:BrimstoneBlast"],"picked":"hubris:Counter","floor":21.0},{"not_picked":["conspire:DoublingDagger","Dagger Spray"],"picked":"AT_KingSlayer","floor":22.0},{"not_picked":["Dagger Throw","Deadly Poison"],"picked":"hubris:SpiceAddiction","floor":23.0},{"not_picked":["hubris:SpiceAddiction","AT_FocusSwordFire"],"picked":"Hidden Blade","floor":27.0},{"not_picked":["hubris:SlightOfHand+1","StuffTheSpire:Incursion"],"picked":"Acrobatics","floor":28.0},{"not_picked":["AT_WomanClash","Deflect"],"picked":"Choke+1","floor":31.0},{"not_picked":["Night Terror","AT_KingSlayer"],"picked":"Die Die Die","floor":33.0},{"not_picked":["hubris:SpiceAddiction","hubris:SpiceAddiction"],"picked":"Dagger Throw","floor":35.0},{"not_picked":["Dodge and Roll","StuffTheSpire:Incursion+1"],"picked":"Outmaneuver+1","floor":38.0},{"not_picked":["Prepared","hubris:SpiceAddiction"],"picked":"AT_FocusSwordFire","floor":40.0},{"not_picked":["Skewer","hubris:SpiceAddiction"],"picked":"AT_TinkerSharpsword+1","floor":41.0},{"not_picked":["Sucker Punch","PiercingWail+1"],"picked":"ReplayTheSpireMod:Exploit Weakness+1","floor":42},{"not_picked":["hubris:SpiceAddiction","PiercingWail+1"],"picked":"Sucker Punch","floor":44},{"not_picked":["Hidden Blade","Dagger Throw+1"],"picked":"After Image","floor":45},{"not_picked":["hubris:SpiceAddiction","Bane+1"],"picked":"AT_WindFlip+1","floor":46},{"not_picked":["Accuracy+1","Slice+1"],"picked":"Flechettes+1","floor":54}],"player_experience":117632,"relics_obtained":[{"floor":6.0,"key":"HornCleat"},{"floor":8.0,"key":"Dream Catcher"},{"floor":9.0,"key":"conspire:InfiniteJournal"},{"floor":14.0,"key":"hubris:Spice"},{"floor":23.0,"key":"Replay:Ringing Soul"},{"floor":31.0,"key":"aspiration:VileToxins"},{"floor":40.0,"key":"aspiration:AnachronicSnailShell"},{"floor":41.0,"key":"hubris:Spice"},{"floor":42,"key":"hubris:Spice"},{"floor":43,"key":"hubris:Spice"},{"floor":44,"key":"StuffTheSpire:Wildfire"},{"floor":47,"key":"ReplayTheSpireMod:Ring of Challenge"},{"floor":47,"key":"Ring of Chaos"},{"floor":54,"key":"aspiration:SeaSaltIceCream"}],"event_choices":[{"damage_healed":0.0,"max_hp_gain":0.0,"max_hp_loss":0.0,"gold_gain":0.0,"event_name":"FaceTrader","player_choice":"Trade","floor":25.0,"gold_loss":0.0,"damage_taken":0.0,"relics_obtained":["SsserpentHead"]},{"damage_healed":0.0,"max_hp_gain":0.0,"max_hp_loss":0.0,"gold_gain":0.0,"event_name":"Vampires","player_choice":"Ignored","floor":30.0,"gold_loss":0.0,"damage_taken":0.0},{"damage_healed":0.0,"max_hp_gain":0.0,"max_hp_loss":0.0,"gold_gain":0.0,"event_name":"conspire:Investor","player_choice":"Invest 4","floor":36.0,"gold_loss":0.0,"damage_taken":0.0},{"damage_healed":0.0,"max_hp_gain":0.0,"max_hp_loss":0.0,"gold_gain":0.0,"event_name":"Tomb of Lord Red Mask","player_choice":"Ignored","floor":37.0,"gold_loss":0.0,"damage_taken":0.0}],"is_beta":false,"boss_relics":[{"not_picked":["hubris:Spice","Fusion Hammer"],"picked":"hubris:Spice"},{"not_picked":["hubris:Spice","hubris:Spice"],"picked":"hubris:Spice"}],"items_purged_floors":[0,0,48],"is_endless":false,"potions_floor_spawned":[4,6,11,13,14,16,18,19,22,28,35,40,42,45,54],"ascension_level":2}}