{"host":"uvmuduost5bzvojs","time":1611858579,"event":{"mods":["Aspiration","Bard","BaseMod","Better Match","Block Reminder","Conspire","Hermit","Highlight Path","Hubris","Infinite Spire","Jorbs\u0027s Wanderer Trilogy","Mad Scientist","Marisa????????","Mimic Mod","Minty Spire (QoL Compilation)","Potionbrewer","Replay The Spire","Robot Space Explorer","StSLib","The Blackbeard","The Construct","The Cursed","The Disciple","The Hayseed","The Hierophant","The Juggle","The Jungle","The Poker Player","The Runesmith","The Servant 0.9.4","The Spell Scribe","The Valiant","TheBandit"],"gold_per_floor":[218,218,231,231,249,249,268,68,68,68,80,108,120,120,120,217,217,234,80,80,96,108,108,126,140,216,216,216,246,105,123,123,225,225,225,225,225],"floor_reached":35,"language":"ENG","playtime":1874,"items_purged":["conspire:Blindness"],"score":554,"play_id":"2c4b374c-5226-4d1c-bb30-a8480ce69600","local_time":"20210128132939","is_ascension_mode":false,"metric_token":2130,"campfire_choices":[{"data":"PokerPlayerMod:ClubShade","floor":6.0,"key":"SMITH"},{"data":"PokerPlayerMod:ClubShade","floor":10.0,"key":"SMITH"},{"data":"PokerPlayerMod:TrumpStrike","floor":15.0,"key":"SMITH"},{"data":"PokerPlayerMod:Sharpen","floor":23.0,"key":"SMITH"},{"data":"PokerPlayerMod:TheDieIsCast","floor":28.0,"key":"SMITH"},{"data":"PokerPlayerMod:DamnStraight","floor":32.0,"key":"SMITH"}],"circlet_count":0,"master_deck":["PokerPlayerMod:Diamond1","PokerPlayerMod:Diamond2","PokerPlayerMod:Diamond3","PokerPlayerMod:Diamond4","PokerPlayerMod:Diamond5","PokerPlayerMod:Spade1","PokerPlayerMod:Spade2","PokerPlayerMod:Spade3","PokerPlayerMod:Spade4","PokerPlayerMod:Club1","PokerPlayerMod:Club2","PokerPlayerMod:Heart2","PokerPlayerMod:TrumpStrike+1","PokerPlayerMod:BadJoker","PokerPlayerMod:Mulligan","PokerPlayerMod:Club3","PokerPlayerMod:ClubShade+1","Replay:Fractal Strike+1","PokerPlayerMod:Club4","PokerPlayerMod:HiddenCard","PokerPlayerMod:Club5","PokerPlayerMod:Spade5","PokerPlayerMod:ClubStrike","PokerPlayerMod:ClubShade+1","PokerPlayerMod:WasteCollection","PokerPlayerMod:TheDieIsCast+1","PokerPlayerMod:MagicTrick","PokerPlayerMod:Sharpen+1","PokerPlayerMod:Raise+1","PokerPlayerMod:Club6","PokerPlayerMod:Club6","PokerPlayerMod:DamnStraight+1","PokerPlayerMod:ClubDance+1","PokerPlayerMod:Promotion"],"relics":["PokerPlayerMod:DeckCase","ReplayTheSpireMod:CursedCoin","potionbrewer:AlchemistFlask","hubris:SlimyHat","PokerPlayerMod:AceCard","PokerPlayerMod:Splitter","Bottled Lightning","Pen Nib","hubris:BlackHole"],"acts_visited":["Exordium","TheCity","TheBeyond"],"potions_floor_usage":[],"damage_taken":[{"damage":2.0,"enemies":"Jaw Worm","floor":1.0,"turns":2.0},{"damage":0.0,"enemies":"Cultist","floor":3.0,"turns":2.0},{"damage":0.0,"enemies":"2 Louse","floor":5.0,"turns":2.0},{"damage":0.0,"enemies":"Large Slime","floor":7.0,"turns":2.0},{"damage":14.0,"enemies":"Exordium Thugs","floor":11.0,"turns":4.0},{"damage":8.0,"enemies":"Gremlin Nob","floor":12.0,"turns":3.0},{"damage":0.0,"enemies":"3 Louse","floor":13.0,"turns":3.0},{"damage":4.0,"enemies":"Slime Boss","floor":16.0,"turns":7.0},{"damage":5.0,"enemies":"Spheric Guardian","floor":18.0,"turns":3.0},{"damage":10.0,"enemies":"3 Byrds","floor":21.0,"turns":2.0},{"damage":0.0,"enemies":"3 Cultists","floor":22.0,"turns":2.0},{"damage":8.0,"enemies":"Cultist and Chosen","floor":24.0,"turns":4.0},{"damage":0.0,"enemies":"Centurion and Healer","floor":25.0,"turns":3.0},{"damage":5.0,"enemies":"conspire:Head Lice","floor":29.0,"turns":3.0},{"damage":13.0,"enemies":"Snake Plant","floor":31.0,"turns":2.0},{"damage":31.0,"enemies":"Pondfish","floor":33.0,"turns":7.0},{"damage":0,"enemies":"3 Shapes","floor":35,"turns":1}],"seed_played":"-1787294324055991853","potions_obtained":[{"floor":1.0,"key":"potionbrewer:CleansingPotion"},{"floor":3.0,"key":"potionbrewer:QuicksilverPotion"},{"floor":12.0,"key":"FearPotion"},{"floor":22.0,"key":"FairyPotion"}],"is_trial":false,"path_per_floor":["M","?","M","?","M","R","M","$","T","R","M","E","M","?","R","B",null,"M","$","?","M","M","R","M","M","T","?","R","E","$","M","R","B",null,"M"],"character_chosen":"THE_POKER_PLAYER","items_purchased":["ReplayTheSpireMod:CursedCoin","PokerPlayerMod:Club5","PokerPlayerMod:Spade5","PokerPlayerMod:ClubStrike","PokerPlayerMod:ClubShade","PokerPlayerMod:Splitter","PokerPlayerMod:Club6","PokerPlayerMod:DamnStraight"],"campfire_rested":0,"item_purchase_floors":[8,8,8,8,8,19,30,30],"current_hp_per_floor":[50,52,52,39,43,43,46,46,46,46,35,30,32,32,32,30,52,52,52,52,42,44,44,36,42,42,42,42,40,40,33,33,11,52,52,52,52],"gold":225,"neow_bonus":"HUNDRED_GOLD","is_daily":false,"chose_seed":false,"campfire_upgraded":6,"win_rate":0.0,"timestamp":1611858579,"path_taken":["M","?","?","?","M","R","M","$","T","R","M","E","M","?","R","BOSS","M","$","?","M","M","R","M","M","T","?","R","E","$","M","R","BOSS","M"],"items_purchased_type":["Relic","Card","Card","Card","Card","Relic","Card","Card"],"build_version":"2020-12-22","purchased_purges":1,"victory":false,"max_hp_per_floor":[52,52,52,52,52,52,52,52,52,52,52,52,52,52,52,52,52,52,52,52,52,52,52,52,52,52,52,52,52,52,52,52,52,52,52,52,52],"card_choices":[{"not_picked":["PokerPlayerMod:Spade2","PokerPlayerMod:Diamond2"],"picked":"PokerPlayerMod:Club3","floor":1.0},{"not_picked":["PokerPlayerMod:Spade1","PokerPlayerMod:Spade4"],"picked":"PokerPlayerMod:ClubShade","floor":3.0},{"not_picked":["infinitespire:FutureSight","infinitespire:Menacing"],"picked":"Replay:Fractal Strike","floor":4.0},{"not_picked":["PokerPlayerMod:Heart3","PokerPlayerMod:Manipulation"],"picked":"PokerPlayerMod:Club4","floor":5.0},{"not_picked":["PokerPlayerMod:PoorCopy","PokerPlayerMod:Spade1"],"picked":"PokerPlayerMod:HiddenCard","floor":7.0},{"not_picked":["PokerPlayerMod:Diamond1","PokerPlayerMod:ClubStrike"],"picked":"PokerPlayerMod:WasteCollection","floor":11.0},{"not_picked":["PokerPlayerMod:DiamondStrike","PokerPlayerMod:Spade1","PokerPlayerMod:Harden"],"picked":"SKIP","floor":12.0},{"not_picked":["PokerPlayerMod:Spade9","PokerPlayerMod:Spade2","PokerPlayerMod:Configure"],"picked":"SKIP","floor":13.0},{"not_picked":["PokerPlayerMod:Heart8","PokerPlayerMod:VarietyAttack"],"picked":"PokerPlayerMod:TheDieIsCast","floor":16.0},{"not_picked":["PokerPlayerMod:Spade2","PokerPlayerMod:Spade5"],"picked":"PokerPlayerMod:MagicTrick","floor":18.0},{"not_picked":["PokerPlayerMod:DiamondStrike","PokerPlayerMod:Diamond3"],"picked":"PokerPlayerMod:Spade1","floor":21.0},{"not_picked":["PokerPlayerMod:Spade4","PokerPlayerMod:Spade10+"],"picked":"PokerPlayerMod:Sharpen","floor":22.0},{"not_picked":["PokerPlayerMod:Heart1","PokerPlayerMod:MagicTrick","PokerPlayerMod:Diamond1"],"picked":"SKIP","floor":24.0},{"not_picked":["PokerPlayerMod:Diamond2","PokerPlayerMod:SpadeStrike","PokerPlayerMod:Spade2"],"picked":"SKIP","floor":25.0},{"not_picked":["PokerPlayerMod:CardBurn","PokerPlayerMod:DartThrow"],"picked":"PokerPlayerMod:Raise+1","floor":29.0},{"not_picked":["PokerPlayerMod:Diamond5","PokerPlayerMod:DamnStraight"],"picked":"PokerPlayerMod:ClubDance+1","floor":31.0},{"not_picked":["PokerPlayerMod:Heart10+","PokerPlayerMod:ChangeRules"],"picked":"PokerPlayerMod:Promotion","floor":33.0}],"player_experience":1889250,"relics_obtained":[{"floor":9.0,"key":"potionbrewer:AlchemistFlask"},{"floor":12.0,"key":"hubris:SlimyHat"},{"floor":26.0,"key":"Bottled Lightning"},{"floor":29.0,"key":"Pen Nib"}],"event_choices":[{"damage_healed":0.0,"max_hp_gain":0.0,"max_hp_loss":0.0,"gold_gain":0.0,"event_name":"Upgrade Shrine","player_choice":"Upgraded","floor":14.0,"gold_loss":0.0,"damage_taken":0.0,"cards_upgraded":["Replay:Fractal Strike"]},{"damage_healed":0.0,"max_hp_gain":0.0,"max_hp_loss":0.0,"gold_gain":0.0,"event_name":"Ghosts","player_choice":"Ignored","floor":20.0,"gold_loss":0.0,"damage_taken":0.0},{"cards_removed":["PokerPlayerMod:Spade1"],"damage_healed":0.0,"max_hp_gain":0.0,"max_hp_loss":0.0,"gold_gain":0.0,"event_name":"Purifier","player_choice":"Purged","floor":27.0,"gold_loss":0.0,"damage_taken":0.0}],"is_beta":false,"boss_relics":[{"not_picked":["ChewingGum","Busted Crown"],"picked":"PokerPlayerMod:AceCard"},{"not_picked":["Astrolabe","ReplayTheSpireMod:DimensionalGlitch"],"picked":"hubris:BlackHole"}],"items_purged_floors":[8],"is_endless":false,"potions_floor_spawned":[1,3,12,13,21,22,29,33],"killed_by":"3 Shapes","ascension_level":0}}