{"host":"jhohbi8xmmotmpw6","time":1611839750,"event":{"mods":["BaseMod","Downfall","Hermit","Hubris","Infinite Spire","Minty Spire (QoL Compilation)","Replay The Spire","StSLib","The Edgeheg","The Marked"],"gold_per_floor":[80,255,255,6,22,22,41,69,92,92,107,120,69,81,81,186,186,186,186],"floor_reached":18,"language":"ENG","playtime":1728,"items_purged":[],"score":187,"play_id":"893f78b6-2aa8-43c8-99b3-b0c5874b8c25","local_time":"20210129021550","is_ascension_mode":false,"campfire_choices":[{"data":"theEdgeheg:DrawBlade","floor":6.0,"key":"SMITH"},{"floor":15.0,"key":"REST"}],"circlet_count":0,"master_deck":["theEdgeheg:StarterShootAttack","theEdgeheg:StarterShootAttack+1","theEdgeheg:StarterShootAttack","theEdgeheg:StarterShootAttack","theEdgeheg:StarterDodgeSkill","theEdgeheg:StarterDodgeSkill","theEdgeheg:StarterDodgeSkill","theEdgeheg:BloodyKatana","theEdgeheg:ChaosControlSkill","theEdgeheg:GatherChaos","theEdgeheg:SkateboardTrick","Doubt","theEdgeheg:QuickKatana","theEdgeheg:DrawBlade+1","theEdgeheg:BlackKatana","theEdgeheg:GunSteal","theEdgeheg:DieDieDie","theEdgeheg:Sniper","theEdgeheg:Fastness","theEdgeheg:Grr","theEdgeheg:BlockingGF"],"relics":["theEdgeheg:UltimateLifeformRelic","theEdgeheg:GreenEmeraldRelic","hubris:Icosahedron","infinitespire:Satchel","Replay:Mystery Machine","hubris:ToyBattleship","Honey Jar"],"acts_visited":["Exordium","TheCity"],"potions_floor_usage":[16],"damage_taken":[{"damage":0.0,"enemies":"Small Slimes","floor":1.0,"turns":4.0},{"damage":1.0,"enemies":"Jaw Worm","floor":5.0,"turns":5.0},{"damage":0.0,"enemies":"2 Louse","floor":7.0,"turns":3.0},{"damage":0.0,"enemies":"Gremlin Nob","floor":8.0,"turns":7.0},{"damage":1.0,"enemies":"Blue Slaver","floor":11.0,"turns":6.0},{"damage":2.0,"enemies":"Lots of Slimes","floor":12.0,"turns":3.0},{"damage":0.0,"enemies":"Large Slime","floor":14.0,"turns":5.0},{"damage":3,"enemies":"Slime Boss","floor":16,"turns":14},{"damage":3,"enemies":"Spheric Guardian","floor":18,"turns":3}],"seed_played":"8557863394510828625","potions_obtained":[{"floor":5.0,"key":"LifebloodPotion"},{"floor":7.0,"key":"AttackPotion"},{"floor":8.0,"key":"AttackPotion"},{"floor":16,"key":"Swift Potion"}],"is_trial":false,"path_per_floor":["M","?","?","$","M","R","M","E","T","?","M","M","$","M","R","B",null,"M"],"character_chosen":"THE_DEFAULT","items_purchased":["infinitespire:Satchel","theEdgeheg:QuickKatana","theEdgeheg:DrawBlade","theEdgeheg:Fastness"],"campfire_rested":1,"item_purchase_floors":[4,4,4,13],"current_hp_per_floor":[5,5,5,5,5,5,5,5,5,5,5,3,3,3,4,2,3,0,0],"gold":186,"neow_bonus":"TEN_PERCENT_HP_BONUS","is_daily":false,"chose_seed":false,"campfire_upgraded":1,"win_rate":0.0,"timestamp":1611839750,"path_taken":["M","?","?","?","M","R","M","E","T","?","?","M","?","M","R","BOSS","M"],"items_purchased_type":["Relic","Card","Card","Card"],"build_version":"2020-12-22","purchased_purges":0,"victory":false,"max_hp_per_floor":[5,5,5,5,5,5,5,5,5,5,5,5,5,5,5,5,5,5,5],"card_choices":[{"not_picked":["theEdgeheg:RegularGun","theEdgeheg:ChaosWhip"],"picked":"theEdgeheg:SkateboardTrick","floor":1.0},{"not_picked":["theEdgeheg:ChaosCards","theEdgeheg:CoolExplosion"],"picked":"theEdgeheg:BlackKatana","floor":5.0},{"not_picked":["theEdgeheg:CrazyGirlfriend","theEdgeheg:BlackKatana"],"picked":"theEdgeheg:GunSteal","floor":7.0},{"not_picked":["theEdgeheg:ChaosCards","theEdgeheg:SkateboardTrick"],"picked":"theEdgeheg:DieDieDie","floor":8.0},{"not_picked":["theEdgeheg:HappiestTimmy","theEdgeheg:BetterDodge"],"picked":"theEdgeheg:Sniper","floor":11.0},{"not_picked":["theEdgeheg:ChaosControlSkill","theEdgeheg:SkateboardTrick","theEdgeheg:BloodyNodachi"],"picked":"SKIP","floor":12.0},{"not_picked":["theEdgeheg:Heh","theEdgeheg:BloodyKatana"],"picked":"theEdgeheg:Grr","floor":14.0},{"not_picked":["theEdgeheg:UnplayableBomb","theEdgeheg:NothingPersonal"],"picked":"theEdgeheg:BlockingGF","floor":16}],"player_experience":116652,"relics_obtained":[{"floor":8.0,"key":"Replay:Mystery Machine"},{"floor":9.0,"key":"hubris:ToyBattleship"}],"event_choices":[{"damage_healed":0.0,"max_hp_gain":0.0,"max_hp_loss":0.0,"gold_gain":175.0,"event_name":"Liars Game","player_choice":"AGREE","floor":2.0,"gold_loss":0.0,"damage_taken":0.0,"cards_obtained":["Doubt"]}],"is_beta":false,"boss_relics":[{"not_picked":["Replay:Drink Me","Calling Bell"],"picked":"Honey Jar"}],"items_purged_floors":[],"is_endless":false,"potions_floor_spawned":[5,7,8,11,16],"killed_by":"Spheric Guardian","ascension_level":0}}