{"host":"TacoTurd","time":1611794585,"event":{"mods":["BaseMod","Bestiary","Colored Map","Downfall","MarisaÅiñ∂âJÅ@ñÇóùçπÅj","Minty Spire (QoL Compilation)","Quick Restart","StSLib","SuperFastMode","The Bug Knight","The IronCluck","slay the spire mod where everything is the same but ironclad has a cowboy hat"],"gold_per_floor":[113,113,129,149,164,206,206,228,255,9,9,29,29,41,41,147,147,169,179,213,237,248,248,275,275,275],"floor_reached":25,"language":"ENG","playtime":1584,"items_purged":[],"score":232,"play_id":"218852ac-02c5-4170-be5c-11e7dc2c97fc","local_time":"20210127194305","is_ascension_mode":false,"campfire_choices":[{"data":"HollowMod:DescendingDark","floor":7,"key":"SMITH"},{"floor":13,"key":"REST"},{"data":"HollowMod:FocusHealStart","floor":15,"key":"SMITH"},{"data":"HollowMod:AwokenDreamNail","floor":23,"key":"SMITH"}],"circlet_count":0,"master_deck":["HollowMod:QuickDashStart","HollowMod:QuickDashStart","HollowMod:QuickDashStart","HollowMod:QuickDashStart","HollowMod:FocusHealStart+1","HollowMod:PogoStrike","HollowMod:SharpenedNail+1","HollowMod:LifebloodCore","HollowMod:DescendingDark+1","HollowMod:HeavyBlow","HollowMod:InfectedAttack","HollowMod:CycloneSlash+1","HollowMod:NewLastStag","HollowMod:SoulSplash","HollowMod:AwokenDreamNail+1","HollowMod:FallenFury+1","HollowMod:HowlingWraiths+1","HollowMod:SiblingsSouls","Slimebound:Tackle+1","Slimebound:Tackle+1","Slimebound:Tackle+1"],"relics":["HollowMod:VesselMask","CeramicFish","Juzu Bracelet","Velvet Choker","HollowMod:GreatKnightMask"],"acts_visited":["Exordium","TheCity"],"potions_floor_usage":[16,16,19],"damage_taken":[{"damage":0,"enemies":"Small Slimes","floor":1,"turns":3},{"damage":0,"enemies":"2 Louse","floor":3,"turns":1},{"damage":1,"enemies":"Cultist","floor":4,"turns":4},{"damage":0,"enemies":"3 Louse","floor":5,"turns":2},{"damage":33,"enemies":"HollowMod:MossKnight","floor":6,"turns":12},{"damage":0,"enemies":"2 Fungi Beasts","floor":8,"turns":2},{"damage":0,"enemies":"Large Slime","floor":12,"turns":3},{"damage":1,"enemies":"Blue Slaver","floor":14,"turns":4},{"damage":76,"enemies":"The Guardian","floor":16,"turns":12},{"damage":5,"enemies":"Chosen","floor":18,"turns":4},{"damage":20,"enemies":"2 Thieves","floor":19,"turns":3},{"damage":0,"enemies":"HollowMod:Zote","floor":20,"turns":2},{"damage":33,"enemies":"Centurion and Healer","floor":21,"turns":5},{"damage":17,"enemies":"Chosen and Byrds","floor":22,"turns":5},{"damage":20,"enemies":"Snake Plant","floor":25,"turns":1}],"seed_played":"-9147637754183753039","potions_obtained":[{"floor":8,"key":"Strength Potion"},{"floor":12,"key":"PowerPotion"},{"floor":14,"key":"Weak Potion"},{"floor":16,"key":"Strength Potion"},{"floor":18,"key":"AttackPotion"},{"floor":20,"key":"BlessingOfTheForge"}],"is_trial":false,"path_per_floor":["M","?","M","M","M","E","R","M","T","?","?","M","R","M","R","B",null,"M","M","?","M","M","R","?","M"],"character_chosen":"THE_BUGKNIGHT","items_purchased":[],"campfire_rested":1,"item_purchase_floors":[],"current_hp_per_floor":[82,66,66,71,71,48,48,48,48,48,48,48,72,71,71,1,82,77,57,57,30,19,19,19,0,0],"gold":275,"neow_bonus":"TEN_PERCENT_HP_BONUS","is_daily":false,"chose_seed":false,"campfire_upgraded":3,"win_rate":0.0,"timestamp":1611794585,"path_taken":["M","?","M","M","M","E","R","M","T","?","?","M","R","M","R","BOSS","M","M","?","M","M","R","?","M"],"items_purchased_type":[],"build_version":"2020-12-18","purchased_purges":0,"victory":false,"max_hp_per_floor":[82,82,82,82,82,82,82,82,82,82,82,82,82,82,82,82,82,82,82,82,82,82,82,82,82,82],"card_choices":[{"not_picked":["HollowMod:HeavyBlow","HollowMod:WraithStrike"],"picked":"HollowMod:SharpenedNail","floor":1},{"not_picked":["HollowMod:Grubsong","HollowMod:QuirrelsAssistance"],"picked":"HollowMod:LifebloodCore","floor":3},{"not_picked":["HollowMod:LifebloodCocoon","HollowMod:InfectionAssault"],"picked":"HollowMod:DescendingDark","floor":4},{"not_picked":["HollowMod:SiblingsShadow","HollowMod:SharpenedNail"],"picked":"HollowMod:HeavyBlow","floor":5},{"not_picked":["HollowMod:LifebloodCore","HollowMod:ShapeofUnn"],"picked":"HollowMod:InfectedAttack","floor":6},{"not_picked":["HollowMod:SoulSplash","HollowMod:WraithStrike"],"picked":"HollowMod:CycloneSlash","floor":8},{"not_picked":["HollowMod:CoiledNail","HollowMod:InfectedCysts"],"picked":"HollowMod:SoulSplash","floor":12},{"not_picked":["HollowMod:NewGlowingWomb","HollowMod:CornifersMapStart","HollowMod:HeavyBlow"],"picked":"SKIP","floor":14},{"not_picked":["HollowMod:ZotesMagnificence","HollowMod:NewInfectedGuardian"],"picked":"HollowMod:AwokenDreamNail","floor":16},{"not_picked":["HollowMod:CornifersMapStart+1","HollowMod:SoulShaman"],"picked":"HollowMod:FallenFury+1","floor":18},{"not_picked":["HollowMod:SoulStrike","HollowMod:CoiledNail+1","HollowMod:SoulShaman"],"picked":"SKIP","floor":19},{"not_picked":["HollowMod:QuirrelsAssistance+1","HollowMod:SharpenedNail"],"picked":"HollowMod:HowlingWraiths+1","floor":20},{"not_picked":["HollowMod:SoulVessel+1","HollowMod:InfectedAttack"],"picked":"HollowMod:SiblingsSouls","floor":21},{"not_picked":["HollowMod:VengefulVoid","HollowMod:SoulStrike","HollowMod:SiblingsSouls"],"picked":"SKIP","floor":22}],"player_experience":389613,"relics_obtained":[{"floor":6,"key":"CeramicFish"},{"floor":9,"key":"Juzu Bracelet"},{"floor":20,"key":"HollowMod:GreatKnightMask"}],"event_choices":[{"damage_healed":0,"gold_gain":0,"player_choice":"Entered Light","damage_taken":16,"max_hp_gain":0,"max_hp_loss":0,"event_name":"Shining Light","floor":2,"gold_loss":0,"cards_upgraded":["HollowMod:SharpenedNail","HollowMod:NailStrikeStart"]},{"damage_healed":0,"gold_gain":0,"player_choice":"Upgraded","damage_taken":0,"max_hp_gain":0,"max_hp_loss":0,"event_name":"Upgrade Shrine","floor":11,"gold_loss":0,"cards_upgraded":["HollowMod:CycloneSlash"]}],"is_beta":true,"boss_relics":[{"not_picked":["Runic Pyramid","Cursed Key"],"picked":"Velvet Choker"}],"items_purged_floors":[],"is_endless":false,"potions_floor_spawned":[8,12,14,16,18,20],"killed_by":"Snake Plant","ascension_level":0}}