{"host":"7tvb1em0d2fx72q7","time":1611809308,"event":{"mods":["BaseMod","Challenge The Spire","Minty Spire (QoL Compilation)","StSLib","everything is the same but u backflip on backflip"],"gold_per_floor":[110,123,143,143,2,2,32,32,57,57,107,127,146,0,0,73,73,89,89,89,106,116,116,145,145,145,177,177,177],"floor_reached":28,"language":"ENG","playtime":1231,"items_purged":[],"score":512,"play_id":"95d77dae-592a-486f-84b3-51cec9af1fb4","local_time":"20210127234828","is_ascension_mode":true,"campfire_choices":[{"data":"Uppercut","floor":6,"key":"SMITH"},{"data":"Bludgeon","floor":8,"key":"SMITH"},{"data":"Bash","floor":10,"key":"SMITH"},{"data":"Disarm","floor":15,"key":"SMITH"},{"floor":23,"key":"REST"},{"floor":25,"key":"REST"}],"circlet_count":0,"master_deck":["AscendersBane","Strike_R","Defend_R","Defend_R","Defend_R","Defend_R","Bash+1","Blood for Blood","Sever Soul","Pommel Strike","Uppercut+1","Cleave","Bludgeon+1","Armaments","Second Wind","Disarm+1","True Grit","Double Tap","Iron Wave","Wild Strike","Shrug It Off","Feel No Pain","Second Wind","Demon Form"],"relics":["Velvet Choker","MealTicket","Shovel","Blood Vial","Empty Cage","Ice Cream","Question Card","The Courier"],"acts_visited":["Exordium","TheCity"],"potions_floor_usage":[18,21,27,27],"damage_taken":[{"damage":4,"enemies":"Small Slimes","floor":1,"turns":3},{"damage":6,"enemies":"Cultist","floor":2,"turns":3},{"damage":5,"enemies":"2 Louse","floor":3,"turns":3},{"damage":40,"enemies":"3 Sentries","floor":7,"turns":7},{"damage":5,"enemies":"Red Slaver","floor":12,"turns":3},{"damage":5,"enemies":"Large Slime","floor":13,"turns":3},{"damage":4,"enemies":"Hexaghost","floor":16,"turns":9},{"damage":16,"enemies":"Spheric Guardian","floor":18,"turns":4},{"damage":15,"enemies":"Shell Parasite","floor":21,"turns":3},{"damage":33,"enemies":"Cultist and Chosen","floor":22,"turns":6},{"damage":22,"enemies":"Book of Stabbing","floor":24,"turns":7},{"damage":40,"enemies":"Slavers","floor":27,"turns":7},{"damage":17,"enemies":"Centurion and Healer","floor":28,"turns":1}],"seed_played":"7491790924926481918","potions_obtained":[{"floor":1,"key":"Weak Potion"},{"floor":2,"key":"Dexterity Potion"},{"floor":16,"key":"Swift Potion"},{"floor":21,"key":"Weak Potion"},{"floor":22,"key":"SkillPotion"},{"floor":24,"key":"LiquidMemories"}],"is_trial":false,"path_per_floor":["M","M","M","?","$","R","E","R","T","R","?","M","M","$","R","B",null,"M","$","?","M","M","R","E","R","T","E","M"],"character_chosen":"IRONCLAD","items_purchased":["Uppercut","Cleave","Disarm","True Grit"],"campfire_rested":2,"item_purchase_floors":[5,5,14,14],"current_hp_per_floor":[64,58,53,53,68,68,28,28,28,28,28,25,22,37,37,35,65,51,66,66,53,22,44,24,46,46,8,0,0],"gold":177,"neow_bonus":"BOSS_RELIC","is_daily":false,"chose_seed":false,"campfire_upgraded":4,"win_rate":0.0,"timestamp":1611809308,"path_taken":["M","M","M","?","?","R","E","R","T","R","?","M","M","$","R","BOSS","M","?","?","M","M","R","E","R","T","E","?"],"items_purchased_type":["Card","Card","Card","Card"],"build_version":"2020-12-22","purchased_purges":0,"victory":false,"max_hp_per_floor":[75,75,75,75,75,75,75,75,75,75,75,75,75,75,75,75,75,75,75,75,75,75,75,75,75,75,75,75,75],"card_choices":[{"not_picked":["Burning Pact","Flex"],"picked":"Blood for Blood","floor":1},{"not_picked":["Perfected Strike","Reckless Charge"],"picked":"Sever Soul","floor":2},{"not_picked":["Headbutt","Shrug It Off"],"picked":"Pommel Strike","floor":3},{"not_picked":["Double Tap","Reckless Charge"],"picked":"Bludgeon","floor":7},{"not_picked":["Spot Weakness","Sword Boomerang"],"picked":"Armaments","floor":12},{"not_picked":["Clash","Wild Strike"],"picked":"Second Wind","floor":13},{"not_picked":["Demon Form","Juggernaut"],"picked":"Double Tap","floor":16},{"not_picked":["Iron Wave","Sword Boomerang","Wild Strike"],"picked":"SKIP","floor":18},{"not_picked":["Iron Wave","Heavy Blade"],"picked":"Shrug It Off","floor":21},{"not_picked":["Flex","Warcry"],"picked":"Feel No Pain","floor":22},{"not_picked":["Spot Weakness","Pommel Strike"],"picked":"Second Wind","floor":24},{"not_picked":["Armaments","Sword Boomerang+1","Perfected Strike"],"picked":"Demon Form","floor":27}],"player_experience":1974698,"relics_obtained":[{"floor":7,"key":"Shovel"},{"floor":9,"key":"Blood Vial"},{"floor":24,"key":"Ice Cream"},{"floor":26,"key":"Question Card"},{"floor":27,"key":"The Courier"}],"event_choices":[{"damage_healed":0,"gold_gain":0,"player_choice":"Gave Potion","damage_taken":0,"relics_obtained":["MealTicket"],"max_hp_gain":0,"max_hp_loss":0,"event_name":"WeMeetAgain","floor":4,"gold_loss":0},{"damage_healed":0,"gold_gain":50,"player_choice":"Pray","damage_taken":0,"max_hp_gain":0,"max_hp_loss":0,"event_name":"Golden Shrine","floor":11,"gold_loss":0},{"damage_healed":0,"gold_gain":0,"cards_transformed":["Strike_R","Strike_R"],"player_choice":"Became Test Subject","damage_taken":0,"max_hp_gain":0,"max_hp_loss":0,"event_name":"Drug Dealer","floor":20,"gold_loss":0,"cards_obtained":["Iron Wave","Wild Strike"]}],"is_beta":false,"boss_relics":[{"not_picked":["Calling Bell","Runic Cube"],"picked":"Empty Cage"}],"items_purged_floors":[],"is_endless":false,"potions_floor_spawned":[1,2,16,21,22,24],"killed_by":"Centurion and Healer","ascension_level":20}}