{"host":"gfmw02tnhhvp9jba","time":1611855302,"event":{"mods":["AchievementEnabler","BaseMod","Colored Map","Conspire","Downfall","Highlight Path","Minty Spire (QoL Compilation)","Replay The Spire","StSLib"],"gold_per_floor":[115,115,115,127,127,127,159,175,175,175,190,202,215,20,20,119,119,135,135,135,151,161,186,36,36,36,36,36,55,136,153,216,321,321,339,356,356,356],"floor_reached":37,"language":"ENG","playtime":1801,"items_purged":["Strike_P"],"score":466,"play_id":"08332080-ac19-4f6c-9fde-d7ec920555df","local_time":"20210128183502","is_ascension_mode":false,"campfire_choices":[{"data":"DevaForm","floor":10,"key":"SMITH"},{"floor":25,"key":"REST"},{"floor":27,"key":"REST"}],"circlet_count":0,"master_deck":["Strike_P+1","Defend_P","Eruption","Vigilance","DevaForm+1","FlyingSleeves+1","ClearTheMind","WindmillStrike+1","LessonLearned+1","Consecrate","LikeWater+1","FearNoEvil","Omniscience+1","Replay:DivineShield","Adaptation+1","Scrawl"],"relics":["PureWater","NeowsBlessing","conspire:Boomerang","Replay:Purple Gloves","BargainBundle","Empty Cage","Replay:WaspNest","Mercury Hourglass","ClockworkSouvenir","Lantern","Frozen Egg 2","Black Star"],"acts_visited":["Exordium","TheCity","TheBeyond"],"potions_floor_usage":[12,16,23,23,33,33,35,37],"damage_taken":[{"damage":0,"enemies":"Cultist","floor":1,"turns":1},{"damage":0,"enemies":"Jaw Worm","floor":4,"turns":1},{"damage":0,"enemies":"Lagavulin","floor":7,"turns":1},{"damage":9,"enemies":"Small Slimes","floor":8,"turns":4},{"damage":0,"enemies":"2 Fungi Beasts","floor":11,"turns":3},{"damage":23,"enemies":"Exordium Thugs","floor":12,"turns":6},{"damage":5,"enemies":"Looter","floor":13,"turns":4},{"damage":0,"enemies":"Slime Boss","floor":16,"turns":9},{"damage":5,"enemies":"Chosen","floor":18,"turns":4},{"damage":0,"enemies":"Spheric Guardian","floor":21,"turns":3},{"damage":22,"enemies":"3 Cultists","floor":22,"turns":4},{"damage":29,"enemies":"conspire:SneckoGhost","floor":23,"turns":7},{"damage":8,"enemies":"Snake Plant","floor":29,"turns":4},{"damage":1,"enemies":"Snecko","floor":31,"turns":5},{"damage":43,"enemies":"Champ","floor":33,"turns":11},{"damage":18,"enemies":"3 Shapes","floor":35,"turns":7},{"damage":44,"enemies":"3 Darklings","floor":36,"turns":5},{"damage":21,"enemies":"Jaw Worm Horde","floor":37,"turns":2}],"seed_played":"-8788527905983257648","potions_obtained":[{"floor":3,"key":"Swift Potion"},{"floor":3,"key":"LiquidMemories"},{"floor":3,"key":"Venom Potion"},{"floor":12,"key":"FearPotion"},{"floor":16,"key":"champ:CounterPotion"},{"floor":23,"key":"Block Potion"},{"floor":31,"key":"LifebloodPotion"},{"floor":33,"key":"ColorlessPotion"},{"floor":35,"key":"Cursed Concoction"}],"is_trial":false,"path_per_floor":["M","?","?","M","?","?","E","M","T","R","M","M","M","$","R_BF","B",null,"M","?","?","M","M","E","$","R","T","R","?","M","T","M","R_BF","B",null,"M","M","M"],"character_chosen":"WATCHER","items_purchased":["BargainBundle","LikeWater","FearNoEvil","ClockworkSouvenir"],"campfire_rested":2,"item_purchase_floors":[14,14,14,24],"current_hp_per_floor":[72,72,72,72,72,72,72,63,63,63,63,40,35,35,56,56,72,67,67,67,67,45,16,16,37,37,58,58,50,50,49,49,6,72,54,10,0,0],"gold":356,"neow_bonus":"THREE_ENEMY_KILL","is_daily":false,"chose_seed":false,"campfire_upgraded":1,"win_rate":0.0,"timestamp":1611855302,"path_taken":["M","?","?","?","?","?","E","?","T","R","M","M","M","$","R_BF","BOSS","M","?","?","M","M","E","?","R","T","R","?","M","?","M","R_BF","BOSS","M","M","M"],"items_purchased_type":["Relic","Card","Card","Relic"],"build_version":"2020-12-22","purchased_purges":1,"victory":false,"max_hp_per_floor":[72,72,72,72,72,72,72,72,72,72,72,72,72,72,72,72,72,72,72,72,72,72,72,72,72,72,72,72,72,72,72,72,72,72,72,72,72,72],"card_choices":[{"not_picked":["Replay:AtTheReady","Pray","PathToVictory"],"picked":"SKIP","floor":1},{"not_picked":["Protect","EmptyBody"],"picked":"FlyingSleeves","floor":4},{"not_picked":["Vengeance","FlyingSleeves"],"picked":"ClearTheMind","floor":7},{"not_picked":["Replay:BluntJabs","Protect"],"picked":"WindmillStrike","floor":8},{"not_picked":["EmptyFist","WindmillStrike","Evaluate"],"picked":"SKIP","floor":11},{"not_picked":["TalkToTheHand","JustLucky"],"picked":"LessonLearned","floor":12},{"not_picked":["PathToVictory","EmptyMind"],"picked":"Consecrate","floor":13},{"not_picked":["Blasphemy","Devotion"],"picked":"Omniscience","floor":16},{"not_picked":["Evaluate","EmptyBody+1","PathToVictory"],"picked":"SKIP","floor":18},{"not_picked":["WheelKick+1","Meditate","Perseverance+1"],"picked":"SKIP","floor":21},{"not_picked":["Consecrate","CrushJoints"],"picked":"Replay:DivineShield","floor":22},{"not_picked":["WreathOfFlame+1","ConjureBlade","EmptyFist"],"picked":"SKIP","floor":23},{"not_picked":["Halt","Indignation","Protect+1"],"picked":"SKIP","floor":29},{"not_picked":["Replay:AtTheReady","Nirvana+1"],"picked":"Adaptation+1","floor":31},{"not_picked":["Ragnarok","Replay:AllIn"],"picked":"Scrawl","floor":33},{"not_picked":["Consecrate+1","ReachHeaven","CrushJoints+1"],"picked":"SKIP","floor":35},{"not_picked":["PathToVictory+1","Replay:ManipulateFuture","JustLucky+1"],"picked":"SKIP","floor":36}],"player_experience":98500,"relics_obtained":[{"floor":7,"key":"conspire:Boomerang"},{"floor":9,"key":"Replay:Purple Gloves"},{"floor":23,"key":"Mercury Hourglass"},{"floor":26,"key":"Lantern"},{"floor":30,"key":"Frozen Egg 2"}],"event_choices":[{"damage_healed":0,"gold_gain":0,"cards_transformed":["Strike_P"],"player_choice":"Change","damage_taken":0,"max_hp_gain":0,"max_hp_loss":0,"event_name":"Living Wall","floor":2,"gold_loss":0,"cards_obtained":["DevaForm"]},{"damage_healed":0,"gold_gain":0,"player_choice":"Got Potions","damage_taken":0,"max_hp_gain":0,"max_hp_loss":0,"event_name":"Lab","floor":3,"gold_loss":0},{"cards_removed":["Defend_P"],"damage_healed":0,"gold_gain":0,"player_choice":"Purged","damage_taken":0,"max_hp_gain":0,"max_hp_loss":0,"event_name":"Purifier","floor":6,"gold_loss":0},{"cards_removed":["Defend_P"],"damage_healed":0,"gold_gain":0,"player_choice":"Elegance","damage_taken":0,"max_hp_gain":0,"max_hp_loss":0,"event_name":"Back to Basics","floor":19,"gold_loss":0},{"damage_healed":0,"gold_gain":0,"player_choice":"Ignored","damage_taken":0,"max_hp_gain":0,"max_hp_loss":0,"event_name":"Ghosts","floor":28,"gold_loss":0}],"is_beta":false,"boss_relics":[{"not_picked":["ReplayTheSpireMod:DimensionalGlitch","Velvet Choker"],"picked":"Empty Cage"},{"not_picked":["Philosopher\u0027s Stone","VioletLotus"],"picked":"Black Star"}],"items_purged_floors":[14],"is_endless":false,"potions_floor_spawned":[11,12,13,16,23,31,33,35],"killed_by":"Jaw Worm Horde","ascension_level":0}}