{"host":"8ef2eyqaps3igadt","time":1611830682,"event":{"mods":["AchievementEnabler","Act Like it!","Aspiration","BaseMod","Better Altar","Better Match","Better Skull","Better Third Choice","Better Vampires","BetterRewards","Conspire","Curses Come First","Defuse TimeMaze Blight","Disable Question Mark Monsters","Displayed Cursed Tome","Energized Spire","Fox Events","GifTheSpireLib","Hallownest","Highlight Path","Hubris","Infinite Spire","Marked Mod","Mimic Mod","Minty Spire (QoL Compilation)","Quick Restart","Replay The Spire","Shop Mod","Spicy Shops","Spikes Relics","StS++","StSLib","Stuff the Spire","SuperFastMode","The Marked","Trackpad","Unceasing Turn Reminder","Virulent Crown","Wandering Minibosses"],"gold_per_floor":[112,112,147,222,239,26,56,56,87,104,131,142,142,142,142,265,265,284,129,129,145,145,145,184,184,233,258,258,86,86,86,86,215,215,234,234,234,258,278,278,311,324,324,367,387,387,430,454,454,584,584,586,586,586,586,586,585,589,589,589,240,254,266,286,286,286,383,383,395,401,401,401,302,302,310,320,339,340,344,356,356,356,356,445,445,445,448,181,183,175,180,0,39,68,72,72,66,66,71,71,43,43],"floor_reached":101,"language":"ENG","playtime":3213,"items_purged":["Decay","Parasite","Regret"],"score":2192,"play_id":"40c8f6e7-c9b8-4e27-8cc5-a7f676cbd7d8","local_time":"20210128114442","is_ascension_mode":true,"campfire_choices":[{"floor":8.0,"key":"REST"},{"floor":13.0,"key":"REST"},{"data":"Demon Form","floor":15.0,"key":"SMITH"},{"floor":23.0,"key":"REST"},{"floor":25.0,"key":"REST"},{"floor":28.0,"key":"REST"},{"data":"Barricade","floor":30.0,"key":"SMITH"},{"data":"Uppercut","floor":32.0,"key":"SMITH"},{"floor":40.0,"key":"REST"},{"floor":46.0,"key":"REST"},{"floor":49.0,"key":"REST"},{"floor":59.0,"key":"REST"},{"floor":66.0,"key":"REST"},{"data":"Feed","floor":66.0,"key":"SMITH"},{"data":"infinitespire:UltimateForm","floor":74.0,"key":"SMITH"},{"data":"infinitespire:OneForAll","floor":83,"key":"SMITH"},{"data":"Evolve","floor":98,"key":"SMITH"},{"data":"Juggernaut","floor":100,"key":"SMITH"}],"circlet_count":1,"master_deck":["Strike_R+1","Strike_R+1","Strike_R+1","Strike_R+1","Strike_R+1","Defend_R+1","Defend_R+1","Defend_R+1","Defend_R+1","Bash","Rage+1","Uppercut+1","Heavy Blade+1","Inflame","Barricade+1","StuffTheSpire:Resist+1","infinitespire:OneForAll+1","Spot Weakness","conspire:Charge+1","infinitespire:UltimateForm+1","conspire:HitWhereItHurts+1","Inflame+1","hubris:InfiniteBlow","Metallicize+1","Clash","Massacre+1","infinitespire:Starlight+1","Juggernaut+1","Evolve+1","Feed+1","Injury","Injury","RitualDagger","Impervious","Juggernaut+1"],"relics":["Burning Blood","NeowsBlessing","Replay:Mystery Machine","Pen Nib","Gremlin Food","trackpad:ByrdCharm","Golden Idol","MerchantsRug","Nloth\u0027s Gift","hubris:ChampionShield","Iron Hammer","StuffTheSpire:Experiment12","Vajra","ExplosiveVial","energizedSpire:MagnifyingGlass","hubris:FruitBowl","hubris:EvacipatedBox","Red Skull","MealTicket","StuffTheSpire:OldFever","energizedSpire:NeverEndingSparkler","Mercury Hourglass","wanderingMiniBosses:Inkheart","hubris:Metronome","aspiration:HatOfInfinitePower","aspiration:Lifesprig","energizedSpire:RedRose","aspiration:AnachronicSnailShell","ChewingGum","StuffTheSpire:RedRose","infinitespire:Magic Flask","HandDrill","hubris:Reverence","Circlet","trackpad:CultistFigurine","Philosopher\u0027s Stone","infinitespire:Joker Card","Bag of Preparation","Gremlin Horn","StuffTheSpire:Gunfinga","Busted Crown","Quantum Egg","Nunchaku","StuffTheSpire:Wildfire","Red Mask","aspiration:DSix","infinitespire:CheckeredPen","Pondfish Scales"],"acts_visited":["Exordium","TheCity","TheBeyond","Exordium","TheCity","TheBeyond"],"potions_floor_usage":[84,87,95,95],"damage_taken":[{"damage":0.0,"enemies":"Small Slimes","floor":1.0,"turns":1.0},{"damage":0.0,"enemies":"Jaw Worm","floor":3.0,"turns":2.0},{"damage":0.0,"enemies":"Jaw Worm","floor":5.0,"turns":1.0},{"damage":31.0,"enemies":"Lagavulin","floor":7.0,"turns":7.0},{"damage":12.0,"enemies":"2 Louse","floor":9.0,"turns":8.0},{"damage":0.0,"enemies":"2 Louse","floor":10.0,"turns":4.0},{"damage":30.0,"enemies":"Gremlin Nob","floor":11.0,"turns":5.0},{"damage":0.0,"enemies":"2 Fungi Beasts","floor":12.0,"turns":4.0},{"damage":0.0,"enemies":"Hexaghost","floor":16.0,"turns":9.0},{"damage":13.0,"enemies":"Chosen","floor":18.0,"turns":7.0},{"damage":13.0,"enemies":"Spheric Guardian","floor":21.0,"turns":6.0},{"damage":32.0,"enemies":"Book of Stabbing","floor":24.0,"turns":6.0},{"damage":0.0,"enemies":"Centurion and Healer","floor":26.0,"turns":4.0},{"damage":30.0,"enemies":"Centurion and Healer","floor":27.0,"turns":5.0},{"damage":54.0,"enemies":"conspire:MysteriousRune","floor":33.0,"turns":10.0},{"damage":7.0,"enemies":"Orb Walker","floor":35.0,"turns":4.0},{"damage":2.0,"enemies":"3 Shapes","floor":38.0,"turns":7.0},{"damage":2.0,"enemies":"Jaw Worm Horde","floor":39.0,"turns":4.0},{"damage":0.0,"enemies":"Giant Head","floor":41.0,"turns":6.0},{"damage":21.0,"enemies":"Sphere and 2 Shapes","floor":42.0,"turns":7.0},{"damage":20.0,"enemies":"Nightmare","floor":44.0,"turns":6.0},{"damage":21.0,"enemies":"4 Shapes","floor":45.0,"turns":5.0},{"damage":0.0,"enemies":"Reptomancer","floor":47.0,"turns":6.0},{"damage":8.0,"enemies":"Writhing Mass","floor":48.0,"turns":4.0},{"damage":48.0,"enemies":"Donu and Deca","floor":50.0,"turns":8.0},{"damage":0.0,"enemies":"Small Slimes","floor":52.0,"turns":3.0},{"damage":48.0,"enemies":"Nightmare","floor":57.0,"turns":8.0},{"damage":0.0,"enemies":"Cultist","floor":58.0,"turns":2.0},{"damage":0.0,"enemies":"2 Louse","floor":62.0,"turns":1.0},{"damage":0.0,"enemies":"2 Fungi Beasts","floor":63.0,"turns":1.0},{"damage":0.0,"enemies":"Lagavulin","floor":64.0,"turns":4.0},{"damage":28.0,"enemies":"Hexaghost","floor":67.0,"turns":4.0},{"damage":0.0,"enemies":"Spheric Guardian","floor":69.0,"turns":2.0},{"damage":0.0,"enemies":"Shell Parasite","floor":70.0,"turns":1.0},{"damage":8.0,"enemies":"3 Cultists","floor":73.0,"turns":4.0},{"damage":0,"enemies":"Centurion and Healer","floor":75,"turns":2},{"damage":4,"enemies":"conspire:Head Lice","floor":76,"turns":4},{"damage":0,"enemies":"Shelled Parasite and Fungi","floor":77,"turns":5},{"damage":0,"enemies":"Gremlin Leader","floor":78,"turns":6},{"damage":1,"enemies":"Shelled Parasite and Fungi","floor":79,"turns":4},{"damage":9,"enemies":"Slavers","floor":80,"turns":3},{"damage":7,"enemies":"Champ","floor":84,"turns":7},{"damage":1,"enemies":"3 Shapes","floor":86,"turns":3},{"damage":0,"enemies":"3 Darklings","floor":87,"turns":3},{"damage":1,"enemies":"Spire Growth","floor":89,"turns":4},{"damage":7,"enemies":"Writhing Mass","floor":90,"turns":4},{"damage":0,"enemies":"Reptomancer","floor":91,"turns":4},{"damage":127,"enemies":"Nightmare","floor":93,"turns":7},{"damage":0,"enemies":"3 Darklings","floor":94,"turns":4},{"damage":1,"enemies":"Nemesis","floor":95,"turns":5},{"damage":0,"enemies":"3 Darklings","floor":97,"turns":5},{"damage":0,"enemies":"4 Shapes","floor":99,"turns":3},{"damage":229,"enemies":"conspire:OrnateMirror","floor":101,"turns":5}],"seed_played":"1539341105712585917","potions_obtained":[{"floor":1.0,"key":"StSpp:InhibitionPotion"},{"floor":4.0,"key":"LifebloodPotion"},{"floor":4.0,"key":"conspire:TimeTravelPotion"},{"floor":27.0,"key":"DistilledChaos"},{"floor":41.0,"key":"BloodPotion"},{"floor":44.0,"key":"EssenceOfSteel"},{"floor":47.0,"key":"PowerPotion"},{"floor":48.0,"key":"SkillPotion"},{"floor":58.0,"key":"Fire Potion"},{"floor":89,"key":"ColorlessPotion"},{"floor":93,"key":"Adrenaline Potion"},{"floor":97,"key":"Regen Potion"},{"floor":99,"key":"BloodPotion"}],"is_trial":false,"path_per_floor":["M","?","MIM","?","M","$","E","R","MIM","M","E","M","R","?","R","B",null,"M","$","?","M","?","R","E","R","MIM","M","R","$","R","AVR","R","B",null,"M","$","AVR","M","M","R","E","M","T","NM","M","R","E","M","R","B",null,"M","?","AVR","?","?","NM","M","R","T","$","M","M","E","?","R","B",null,"M","M","?","?","M","R","M","E","MIM","E","M","E","?","?","R","B",null,"M","M","$","M","M","E","?","NM","MIM","E","$","M","R","M","R","B"],"character_chosen":"IRONCLAD","items_purchased":["Gremlin Food","Inflame","MerchantsRug","StuffTheSpire:Experiment12","Vajra","hubris:FruitBowl","hubris:EvacipatedBox","Red Skull","MealTicket","Whetstone","HandDrill","Quantum Egg","Nunchaku"],"campfire_rested":10,"item_purchase_floors":[6,6,19,29,29,36,36,36,36,61,61,88,88],"current_hp_per_floor":[80,80,80,60,66,66,41,65,59,65,41,47,71,51,51,57,80,73,73,73,66,66,80,54,78,80,56,80,80,80,80,80,32,80,79,21,21,25,29,53,59,64,64,50,35,59,65,63,80,38,80,80,80,76,76,57,35,56,81,81,86,86,86,86,65,86,85,92,92,92,92,86,90,90,96,104,110,116,116,119,119,119,119,128,128,134,140,140,140,145,146,146,29,65,120,135,158,158,164,164,0,0],"gold":43,"neow_bonus":"THREE_ENEMY_KILL","is_daily":false,"chose_seed":false,"campfire_upgraded":8,"win_rate":0.0,"timestamp":1611830682,"path_taken":["M","?","?","?","M","$","E","R","MIM","M","E","?","R","?","R","BOSS","M","$","?","?","?","R","E","R","MIM","M","R","$","R","AVR","R","BOSS","M","?","AVR","M","?","R","E","?","T","NM","M","R","E","M","R","BOSS","M","?","AVR","?","?","NM","M","R","T","$","M","?","E","?","R","BOSS","M","M","?","?","M","R","?","E","MIM","E","M","E","?","?","R","BOSS","M","M","$","?","M","E","?","NM","MIM","E","$","M","R","M","R","BOSS"],"items_purchased_type":["Relic","Card","Relic","Relic","Relic","Relic","Relic","Relic","Relic","Relic","Relic","Relic","Relic"],"build_version":"2020-12-22","purchased_purges":3,"victory":false,"max_hp_per_floor":[80,80,80,80,80,80,80,80,80,80,80,80,80,80,80,80,80,80,80,80,80,80,80,80,80,80,80,80,80,80,80,80,80,80,80,80,80,80,80,80,80,80,80,80,80,80,80,80,80,80,80,80,80,76,76,76,86,86,86,86,86,86,86,86,86,86,92,92,92,92,92,92,98,98,98,104,110,116,116,122,122,122,122,128,128,134,140,140,140,146,146,146,146,146,152,152,158,158,164,164,164,164],"card_choices":[{"not_picked":["Flex","Searing Blow","ReplayTheSpireMod:LeadingStrike"],"picked":"SKIP","floor":1.0},{"not_picked":["Dropkick","Havoc"],"picked":"Rage","floor":3.0},{"not_picked":["Ghostly Armor","Disarm"],"picked":"Uppercut","floor":4.0},{"not_picked":["Body Slam","True Grit"],"picked":"Heavy Blade","floor":5.0},{"not_picked":["Blood for Blood","Perfected Strike"],"picked":"Demon Form","floor":7.0},{"not_picked":["Clothesline","Shrug It Off","StuffTheSpire:Incineration"],"picked":"SKIP","floor":10.0},{"not_picked":["Warcry","Wild Strike","Shrug It Off"],"picked":"SKIP","floor":11.0},{"not_picked":["ReplayTheSpireMod:Muscle Training","Pommel Strike","Dual Wield"],"picked":"SKIP","floor":12.0},{"not_picked":["Juggernaut","StSpp:Betrayal"],"picked":"Barricade","floor":16.0},{"not_picked":["hubris:CleavingFinish","ReplayTheSpireMod:Strike From Hell"],"picked":"StuffTheSpire:Resist","floor":18.0},{"not_picked":["Life Link","Shrug It Off","Iron Wave"],"picked":"SKIP","floor":21.0},{"not_picked":["Havoc","Pommel Strike"],"picked":"infinitespire:OneForAll","floor":24.0},{"not_picked":["StSpp:MuscleMemory+1","ReplayReversal"],"picked":"Spot Weakness","floor":26.0},{"not_picked":["Invigoration+1","hubris:ReadiedAction"],"picked":"conspire:Charge","floor":27.0},{"not_picked":["Brutality","StSpp:BladeOfBlood"],"picked":"conspire:HitWhereItHurts","floor":33.0},{"not_picked":["Defy Death+1","StuffTheSpire:BloodClot"],"picked":"Inflame+1","floor":35.0},{"not_picked":["Sentinel","ReplayReversal","Replay:Undeath\u0027s Touch"],"picked":"SKIP","floor":38.0},{"not_picked":["Clothesline","Headbutt+1","Body Slam"],"picked":"SKIP","floor":39.0},{"not_picked":["Armaments","Replay:Many Hands","StuffTheSpire:Slingshot"],"picked":"SKIP","floor":41.0},{"not_picked":["StSpp:TheBiggerTheyAre+1","StuffTheSpire:Incineration","Clothesline+1"],"picked":"SKIP","floor":42.0},{"not_picked":["StSpp:TheBiggerTheyAre+1","StuffTheSpire:Incineration","Clothesline+1"],"picked":"SKIP","floor":42.0},{"not_picked":["infinitespire:Gouge","ReplayTheSpireMod:??????????????????????"],"picked":"hubris:InfiniteBlow","floor":44.0},{"not_picked":["True Grit","StSpp:Turnabout","Headbutt+1"],"picked":"SKIP","floor":44.0},{"not_picked":["True Grit","StSpp:Turnabout","Headbutt+1"],"picked":"SKIP","floor":44.0},{"not_picked":["Sword Boomerang","Flame Barrier","StuffTheSpire:Incineration+1"],"picked":"SKIP","floor":45.0},{"not_picked":["Heavy Blade","True Grit+1","Eclipse"],"picked":"SKIP","floor":47.0},{"not_picked":["Clothesline+1","BarbarianYell"],"picked":"Metallicize+1","floor":48.0},{"not_picked":["Headbutt","Twin Strike"],"picked":"Clash","floor":52.0},{"not_picked":["infinitespire:Gouge","infinitespire:SevenWalls"],"picked":"infinitespire:Starlight","floor":56.0},{"not_picked":["StuffTheSpire:Slingshot","ReplayTheSpireMod:Strike From Hell","Body Slam"],"picked":"SKIP","floor":57.0},{"not_picked":["Sword Boomerang","Headbutt","Searing Blow"],"picked":"SKIP","floor":58.0},{"not_picked":["Shrug It Off","StuffTheSpire:Slingshot"],"picked":"Juggernaut","floor":62.0},{"not_picked":["StSpp:TheBiggerTheyAre","StSpp:Sprint"],"picked":"Evolve","floor":63.0},{"not_picked":["Life Link","StSpp:IntoTheAbyss"],"picked":"Feed","floor":64.0},{"not_picked":["Notoriety","StuffTheSpire:GnomedCurse"],"picked":"Injury","floor":68.0},{"not_picked":["Overencumbered","Writhe"],"picked":"Injury","floor":68.0},{"not_picked":["Looming Evil","Languid"],"picked":"ReplayTheSpireMod:IOU","floor":68.0},{"not_picked":["Hemogenesis","Burning Pact","Sword Boomerang+1"],"picked":"SKIP","floor":69.0},{"not_picked":["Perfected Strike+1","Havoc","Heavy Blade"],"picked":"SKIP","floor":70.0},{"not_picked":["Clothesline","ReplayTheSpireMod:LeadingStrike","Havoc+1"],"picked":"SKIP","floor":73.0},{"not_picked":["Wild Strike","Thunderclap","Body Slam"],"picked":"SKIP","floor":75},{"not_picked":["Carnage","StuffTheSpire:RockThrow"],"picked":"Impervious","floor":76},{"not_picked":["conspire:Charge","Bludgeon","Sword Boomerang+1"],"picked":"SKIP","floor":78},{"not_picked":["Pommel Strike","StSpp:Succumb+1","Cleave"],"picked":"SKIP","floor":79},{"not_picked":["ReplayTheSpireMod:LeadingStrike+1","Heavy Blade","ReplayTheSpireMod:Strike From Hell"],"picked":"SKIP","floor":80},{"not_picked":["Feed","conspire:HitWhereItHurts"],"picked":"Juggernaut","floor":84},{"not_picked":["Body Slam+1"],"picked":"SKIP","floor":86},{"not_picked":["Iron Wave"],"picked":"SKIP","floor":87},{"not_picked":["Armaments+1"],"picked":"SKIP","floor":89},{"not_picked":["Sever Soul"],"picked":"SKIP","floor":90},{"not_picked":["Feed"],"picked":"SKIP","floor":91},{"not_picked":["StSpp:Sprint"],"picked":"SKIP","floor":93},{"not_picked":["Sword Boomerang+1"],"picked":"SKIP","floor":95},{"not_picked":["Life Link+1"],"picked":"SKIP","floor":97},{"not_picked":["Shockwave"],"picked":"SKIP","floor":99}],"player_experience":9163,"relics_obtained":[{"floor":2.0,"key":"Replay:Mystery Machine"},{"floor":3.0,"key":"Pen Nib"},{"floor":7.0,"key":"trackpad:ByrdCharm"},{"floor":11.0,"key":"hubris:Zylophone"},{"floor":24.0,"key":"hubris:ChampionShield"},{"floor":26.0,"key":"Iron Hammer"},{"floor":41.0,"key":"Mercury Hourglass"},{"floor":42.0,"key":"wanderingMiniBosses:Inkheart"},{"floor":43.0,"key":"hubris:Metronome"},{"floor":44.0,"key":"aspiration:HatOfInfinitePower"},{"floor":47.0,"key":"aspiration:Lifesprig"},{"floor":57.0,"key":"Strawberry"},{"floor":60.0,"key":"infinitespire:Magic Flask"},{"floor":64.0,"key":"hubris:Reverence"},{"floor":76,"key":"Bag of Preparation"},{"floor":77,"key":"Gremlin Horn"},{"floor":78,"key":"StuffTheSpire:Gunfinga"},{"floor":91,"key":"StuffTheSpire:Wildfire"},{"floor":93,"key":"aspiration:DSix"},{"floor":94,"key":"infinitespire:CheckeredPen"},{"floor":95,"key":"Pondfish Scales"}],"event_choices":[{"damage_healed":0.0,"max_hp_gain":0.0,"max_hp_loss":0.0,"gold_gain":0.0,"event_name":"Golden Idol","player_choice":"Take Damage","floor":14.0,"gold_loss":0.0,"damage_taken":20.0,"relics_obtained":["Golden Idol"]},{"damage_healed":0.0,"max_hp_gain":0.0,"max_hp_loss":0.0,"gold_gain":0.0,"event_name":"The Woman in Blue","player_choice":"Bought 0 Potions","floor":20.0,"gold_loss":0.0,"damage_taken":0.0},{"damage_healed":0.0,"max_hp_gain":0.0,"max_hp_loss":0.0,"gold_gain":0.0,"event_name":"N\u0027loth","player_choice":"Traded Relic","floor":22.0,"relics_lost":["hubris:Zylophone"],"gold_loss":0.0,"damage_taken":0.0,"relics_obtained":["Nloth\u0027s Gift"]},{"damage_healed":0.0,"max_hp_gain":0.0,"max_hp_loss":0.0,"gold_gain":0.0,"event_name":"Golden Idol","player_choice":"Take Damage","floor":65.0,"gold_loss":0.0,"damage_taken":21.0,"relics_obtained":["Circlet"]},{"damage_healed":0.0,"max_hp_gain":0.0,"max_hp_loss":0.0,"gold_gain":0.0,"event_name":"betterThird:BetterNest","player_choice":"Dagger","floor":72.0,"gold_loss":0.0,"damage_taken":6.0,"cards_obtained":["RitualDagger"]},{"damage_healed":0,"gold_gain":0,"player_choice":"Simplicity","damage_taken":0,"max_hp_gain":0,"max_hp_loss":4,"event_name":"betterThird:BetterWriting","floor":81,"gold_loss":0},{"damage_healed":0,"gold_gain":0,"player_choice":"Upgraded","damage_taken":0,"max_hp_gain":0,"max_hp_loss":0,"event_name":"Upgrade Shrine","floor":82,"gold_loss":0,"cards_upgraded":["Juggernaut"]},{"damage_healed":0,"gold_gain":0,"player_choice":"Paid","damage_taken":0,"relics_obtained":["Red Mask"],"max_hp_gain":0,"max_hp_loss":0,"event_name":"Tomb of Lord Red Mask","floor":92,"gold_loss":180}],"is_beta":false,"boss_relics":[{"not_picked":["Calling Bell","aspiration:RitualDagger"],"picked":"Ooze Armor"},{"not_picked":["Honey Jar","Ring of Chaos"],"picked":"energizedSpire:MagnifyingGlass"},{"not_picked":["energizedSpire:DeadBattery","Tiny House","infinitespire:Burning Sword"],"picked":"energizedSpire:RedRose"},{"not_picked":["conspire:RunicOctahedron","Runic Pyramid","trackpad:Trackpad"],"picked":"Replay:Ancient Bell"},{"not_picked":["MawBank","aspiration:HiddenCompartment","Cursed Key"],"picked":"trackpad:CultistFigurine"},{"not_picked":["StuffTheSpire:Tea","Letter Opener","Matryoshka"],"picked":"Philosopher\u0027s Stone"},{"not_picked":["conspire:InfiniteJournal","Replay:Towering Pillar of Hats","energizedSpire:StickyHand"],"picked":"infinitespire:Joker Card"},{"not_picked":["hubris:TerracottaHorce","Honey Jar","StSpp:Magatama"],"picked":"Busted Crown"}],"items_purged_floors":[6,54,61],"is_endless":true,"potions_floor_spawned":[1,12,24,27,33,38,41,44,47,48,58,62,70,76,78,79,84,89,91,93,97,99],"killed_by":"conspire:OrnateMirror","ascension_level":2}}