{"host":"gobyjzz6xbwq9f9i","time":1611804345,"event":{"mods":["AchievementEnabler","BaseMod","Bestiary","Colored Map","Minty Spire (QoL Compilation)"],"gold_per_floor":[109,119,119,119,119,119,158,158,158,178,209,225,225,240,240,369,369,390,431,444,359,359,359,397,397,397,438,461,479,18,18,18,18,18],"floor_reached":33,"language":"ENG","playtime":1074,"items_purged":["Strike_R"],"score":465,"play_id":"ef1d7dd4-96c9-499b-ae4c-ecbf25f3fe95","local_time":"20210127192545","is_ascension_mode":true,"campfire_choices":[{"floor":6,"key":"REST"},{"floor":8,"key":"REST"},{"data":"Rampage","floor":13,"key":"SMITH"},{"data":"Shrug It Off","floor":15,"key":"SMITH"},{"data":"Wild Strike","floor":23,"key":"SMITH"},{"data":"Bash","floor":25,"key":"SMITH"},{"data":"Offering","floor":32,"key":"SMITH"}],"circlet_count":0,"master_deck":["AscendersBane","Strike_R","Strike_R","Strike_R+1","Strike_R+1","Defend_R","Defend_R","Defend_R+1","Defend_R","Bash+1","Wild Strike+1","Anger","Pommel Strike","Shrug It Off","Shrug It Off+1","Rampage+1","Evolve","Offering+1","Twin Strike+1","Spot Weakness+1","True Grit+1","Pommel Strike+1","Inflame","Fire Breathing+1"],"relics":["Burning Blood","Golden Idol","Singing Bowl","Paper Frog","Sundial","Whetstone","Coffee Dripper","Red Mask","Blue Candle","War Paint","Gambling Chip","InkBottle","Smiling Mask","Torii","MutagenicStrength"],"acts_visited":["Exordium","TheCity"],"potions_floor_usage":[7,16,19,19,33,33],"damage_taken":[{"damage":14,"enemies":"Jaw Worm","floor":1,"turns":5},{"damage":7,"enemies":"Small Slimes","floor":2,"turns":4},{"damage":35,"enemies":"3 Sentries","floor":7,"turns":9},{"damage":3,"enemies":"2 Louse","floor":10,"turns":2},{"damage":30,"enemies":"Lagavulin","floor":11,"turns":7},{"damage":0,"enemies":"Large Slime","floor":12,"turns":4},{"damage":5,"enemies":"2 Fungi Beasts","floor":14,"turns":3},{"damage":33,"enemies":"Hexaghost","floor":16,"turns":10},{"damage":8,"enemies":"Chosen","floor":18,"turns":4},{"damage":19,"enemies":"Masked Bandits","floor":19,"turns":4},{"damage":11,"enemies":"2 Thieves","floor":20,"turns":4},{"damage":32,"enemies":"Gremlin Leader","floor":24,"turns":4},{"damage":21,"enemies":"Book of Stabbing","floor":27,"turns":3},{"damage":0,"enemies":"Snecko","floor":28,"turns":2},{"damage":6,"enemies":"Centurion and Healer","floor":29,"turns":3},{"damage":31,"enemies":"Automaton","floor":33,"turns":4}],"seed_played":"-4753321500653525986","potions_obtained":[{"floor":2,"key":"DuplicationPotion"},{"floor":7,"key":"FairyPotion"},{"floor":11,"key":"Block Potion"},{"floor":14,"key":"LiquidBronze"},{"floor":18,"key":"SteroidPotion"},{"floor":27,"key":"Dexterity Potion"},{"floor":29,"key":"GamblersBrew"}],"is_trial":false,"path_per_floor":["M","M","?","?","?","R","E","R","T","M","E","M","R","M","R","B",null,"M","?","M","?","?","R","E","R","T","E","M","M","$","?","R","B"],"character_chosen":"IRONCLAD","items_purchased":["Torii","CultistPotion"],"campfire_rested":2,"item_purchase_floors":[30,30],"current_hp_per_floor":[59,58,34,34,16,44,15,43,43,46,22,28,28,29,29,34,81,79,66,61,61,61,61,37,37,37,22,28,28,28,28,28,0,0],"gold":18,"neow_bonus":"TWENTY_PERCENT_HP_BONUS","is_daily":false,"chose_seed":false,"campfire_upgraded":5,"win_rate":0.0,"timestamp":1611804345,"path_taken":["M","M","?","?","?","R","E","R","T","M","E","M","R","M","R","BOSS","M","?","M","?","?","R","E","R","T","E","M","M","$","?","R","BOSS"],"items_purchased_type":["Relic","Potion"],"build_version":"2020-12-22","purchased_purges":1,"victory":false,"max_hp_per_floor":[96,96,96,96,96,96,96,96,96,96,96,96,96,96,96,96,96,96,96,96,96,96,96,98,98,98,98,98,98,98,98,98,98,98],"card_choices":[{"not_picked":["Cleave","Headbutt"],"picked":"Wild Strike","floor":1},{"not_picked":["Shockwave","Fire Breathing"],"picked":"Anger","floor":2},{"not_picked":["Warcry","Perfected Strike"],"picked":"Pommel Strike","floor":7},{"not_picked":["Armaments","Dual Wield"],"picked":"Shrug It Off","floor":10},{"not_picked":["Brutality","Anger"],"picked":"Shrug It Off","floor":11},{"not_picked":["Metallicize","Twin Strike"],"picked":"Rampage","floor":12},{"not_picked":["Clash","Heavy Blade"],"picked":"Evolve","floor":14},{"not_picked":["Reaper","Corruption"],"picked":"Offering","floor":16},{"not_picked":["Flex","Whirlwind"],"picked":"Twin Strike+1","floor":18},{"not_picked":["Havoc","Heavy Blade"],"picked":"Spot Weakness","floor":19},{"not_picked":["Sword Boomerang","Twin Strike+1"],"picked":"True Grit+1","floor":20},{"not_picked":["Body Slam","Rampage","Ghostly Armor"],"picked":"Singing Bowl","floor":24},{"not_picked":["Rampage","Pummel"],"picked":"Pommel Strike+1","floor":27},{"not_picked":["Fiend Fire","Heavy Blade"],"picked":"Inflame","floor":28},{"not_picked":["Dark Embrace","Warcry"],"picked":"Fire Breathing+1","floor":29}],"player_experience":1187931,"relics_obtained":[{"floor":7,"key":"Paper Frog"},{"floor":9,"key":"Sundial"},{"floor":11,"key":"Whetstone"},{"floor":19,"key":"Red Mask"},{"floor":24,"key":"Gambling Chip"},{"floor":26,"key":"InkBottle"},{"floor":27,"key":"Smiling Mask"}],"event_choices":[{"damage_healed":0,"gold_gain":0,"player_choice":"Take Damage","damage_taken":24,"relics_obtained":["Golden Idol"],"max_hp_gain":0,"max_hp_loss":0,"event_name":"Golden Idol","floor":3,"gold_loss":0},{"damage_healed":0,"gold_gain":0,"player_choice":"Ignored","damage_taken":0,"max_hp_gain":0,"max_hp_loss":0,"event_name":"Liars Game","floor":4,"gold_loss":0},{"damage_healed":0,"gold_gain":0,"player_choice":"Success","damage_taken":18,"relics_obtained":["Singing Bowl"],"max_hp_gain":0,"max_hp_loss":0,"event_name":"Scrap Ooze","floor":5,"gold_loss":0},{"damage_healed":0,"gold_gain":0,"player_choice":"Fought Bandits","damage_taken":0,"max_hp_gain":0,"max_hp_loss":0,"event_name":"Masked Bandits","floor":19,"gold_loss":0},{"damage_healed":0,"gold_gain":0,"player_choice":"Obtained Relic","damage_taken":0,"relics_obtained":["Blue Candle"],"max_hp_gain":0,"max_hp_loss":0,"event_name":"Addict","floor":21,"gold_loss":85},{"damage_healed":0,"gold_gain":0,"player_choice":"Opened","damage_taken":0,"relics_obtained":["War Paint"],"max_hp_gain":0,"max_hp_loss":0,"event_name":"The Mausoleum","floor":22,"gold_loss":0},{"damage_healed":0,"gold_gain":0,"player_choice":"Inject Mutagens","damage_taken":0,"relics_obtained":["MutagenicStrength"],"max_hp_gain":0,"max_hp_loss":0,"event_name":"Drug Dealer","floor":31,"gold_loss":0}],"is_beta":false,"boss_relics":[{"not_picked":["Ectoplasm","Runic Pyramid"],"picked":"Coffee Dripper"}],"items_purged_floors":[30],"is_endless":false,"potions_floor_spawned":[2,7,11,14,18,27,29],"killed_by":"Automaton","ascension_level":10}}