{"host":"dl909bjyolgrn2uw","time":1611857370,"event":{"mods":["2.2 Compatiblity","AlwaysNeverKeys","BaseMod","Bestiary","Better Altar","Better Note","Better Sensory Stone","Better Skull","Better Vampires","Better-Laid Plans","BetterRewards","Colored Powertips","Curses Come First","Disable Question Mark Monsters","Displayed Cursed Tome","Emptier Cage","Evolution","Minty Spire (QoL Compilation)","Permanent Neow","Quick Restart","Rare Cards Sparkle","Relic Stats","Shop Mod","Spicy Shops","StSLib","SuperFastMode","Transform Curses"],"gold_per_floor":[118,268,284,302,322,355,355,355,355,371,404,404,404,417,417,493,493,506,205,205,205,205,205,218,234,234,265,265,291,303,313,313,391,391,401,401,0,19,19,19,37,0,0,10,44,44,69,79,79,79],"floor_reached":51,"language":"ENG","playtime":3936,"items_purged":["Strike_G","Accuracy","A Thousand Cuts"],"score":2112,"play_id":"1b062276-d6a7-4f9d-a888-da7b5dd779cd","local_time":"20210128120930","is_ascension_mode":true,"campfire_choices":[{"data":"Footwork","floor":7.0,"key":"SMITH"},{"data":"Caltrops","floor":13.0,"key":"SMITH"},{"data":"Caltrops","floor":15.0,"key":"SMITH"},{"data":"Adrenaline","floor":23.0,"key":"SMITH"},{"data":"Tactician","floor":28.0,"key":"SMITH"},{"data":"Bouncing Flask","floor":32.0,"key":"SMITH"},{"data":"Wraith Form v2","floor":40.0,"key":"SMITH"},{"data":"Wraith Form v2","floor":46.0,"key":"SMITH"},{"data":"Tactician","floor":49,"key":"SMITH"}],"circlet_count":0,"master_deck":["AscendersBane","Survivor","Neutralize","Footwork+1","Dash","Deflect+1","Dash","Leg Sweep","Dagger Throw","Backstab","Caltrops+1","Bouncing Flask+1","Deflect","Bane","Caltrops+1","Infinite Blades","Corpse Explosion","Secret Weapon","Calculated Gamble","PiercingWail","Doppelganger","Backflip","Tools of the Trade","Outmaneuver","Night Terror","Unload","Burst","Blur","Underhanded Strike","Venomology","Backstab+1","Acrobatics","Well Laid Plans","Well Laid Plans+1","Tactician+1","Adrenaline+1","Blade Dance+1","Blade Dance","RitualDagger","PiercingWail+1","Prepared","Blur+1","Acrobatics+1","Wraith Form v2+1","Deflect+1","Malaise","Tactician+1","Deflect+1","After Image","Wraith Form v2+1","Tactician+1"],"relics":["Ring of the Snake","EVO:Axolotl","OrangePellets","Prayer Wheel","War Paint","Membership Card","Gambling Chip","Mango","White Beast Statue","Ninja Scroll","Regal Pillow","Pandora\u0027s Box","Shuriken","Snake Skull","Orrery","Singing Bowl","Strawberry","HornCleat","Coffee Dripper","Sling","ClockworkSouvenir","FossilizedHelix","Pantograph","Red Mask","Thread and Needle","Shovel","Ornamental Fan"],"acts_visited":["TheCity","TheBeyond"],"potions_floor_usage":[47,50],"damage_taken":[{"damage":0.0,"enemies":"Cultist","floor":1.0,"turns":4.0},{"damage":0.0,"enemies":"Small Slimes","floor":3.0,"turns":3.0},{"damage":0.0,"enemies":"Jaw Worm","floor":4.0,"turns":3.0},{"damage":0.0,"enemies":"3 Louse","floor":5.0,"turns":4.0},{"damage":13.0,"enemies":"3 Sentries","floor":6.0,"turns":8.0},{"damage":0.0,"enemies":"Blue Slaver","floor":10.0,"turns":3.0},{"damage":9.0,"enemies":"Lagavulin","floor":11.0,"turns":6.0},{"damage":0.0,"enemies":"2 Fungi Beasts","floor":14.0,"turns":1.0},{"damage":0.0,"enemies":"Hexaghost","floor":16.0,"turns":8.0},{"damage":10.0,"enemies":"Chosen","floor":18.0,"turns":6.0},{"damage":0.0,"enemies":"Spheric Guardian","floor":24.0,"turns":2.0},{"damage":8.0,"enemies":"Cultist and Chosen","floor":25.0,"turns":5.0},{"damage":11.0,"enemies":"Book of Stabbing","floor":27.0,"turns":4.0},{"damage":0.0,"enemies":"Slavers","floor":29.0,"turns":3.0},{"damage":12.0,"enemies":"Chosen and Byrds","floor":30.0,"turns":3.0},{"damage":1.0,"enemies":"Snake Plant","floor":31.0,"turns":2.0},{"damage":11.0,"enemies":"Champ","floor":33.0,"turns":10.0},{"damage":0.0,"enemies":"Orb Walker","floor":35.0,"turns":2.0},{"damage":0.0,"enemies":"3 Darklings","floor":38.0,"turns":3.0},{"damage":0.0,"enemies":"4 Shapes","floor":41.0,"turns":1.0},{"damage":0.0,"enemies":"Spire Growth","floor":44.0,"turns":4.0},{"damage":0.0,"enemies":"Reptomancer","floor":45.0,"turns":8.0},{"damage":0,"enemies":"Giant Head","floor":47,"turns":8},{"damage":0,"enemies":"Jaw Worm Horde","floor":48,"turns":2},{"damage":0,"enemies":"Donu and Deca","floor":50,"turns":10}],"seed_played":"-2870204486774281607","potions_obtained":[{"floor":1.0,"key":"Regen Potion"},{"floor":5.0,"key":"Swift Potion"},{"floor":10.0,"key":"BlessingOfTheForge"},{"floor":11.0,"key":"Energy Potion"},{"floor":24.0,"key":"SpeedPotion"},{"floor":27.0,"key":"LiquidMemories"},{"floor":29.0,"key":"BlessingOfTheForge"},{"floor":31.0,"key":"FearPotion"},{"floor":33.0,"key":"BlessingOfTheForge"},{"floor":35.0,"key":"GamblersBrew"}],"is_trial":false,"path_per_floor":["M","?","M","M","M","E","R","?","T","M","E","?","R","M","R","B",null,"M","$","?","?","?","R","M","M","T","E","R","E","M","M","R","B",null,"M","?","$","M","T","R","M","?","T","M","E","R","E","M","R","B",null],"character_chosen":"THE_SILENT","items_purchased":["OrangePellets","Footwork","Prayer Wheel","Dash","Deflect","War Paint","Membership Card","Dash","Fruit Juice","Leg Sweep","Gambling Chip","Dagger Throw","Shuriken","Well Laid Plans","Snake Skull","Orrery","Sling","Malaise","ClockworkSouvenir","FossilizedHelix","BlessingOfTheForge"],"campfire_rested":0,"item_purchase_floors":[0,0,0,0,0,0,0,0,0,0,0,0,19,19,19,19,37,37,37,37,37],"current_hp_per_floor":[73,73,73,73,78,65,65,65,65,65,56,56,56,56,56,56,78,75,75,75,69,69,69,69,61,61,59,59,59,49,50,50,39,83,85,85,85,87,87,87,91,91,91,91,91,91,93,95,95,110],"gold":79,"neow_bonus":"","is_daily":false,"chose_seed":false,"campfire_upgraded":9,"win_rate":0.0,"timestamp":1611857370,"path_taken":["M","?","M","M","M","E","R","?","T","M","E","?","R","M","R","BOSS","M","$","?","?","?","R","M","M","T","E","R","E","M","M","R","BOSS","M","?","?","M","?","R","M","?","T","M","E","R","E","M","R","BOSS"],"items_purchased_type":["Relic","Card","Relic","Card","Card","Relic","Relic","Card","Potion","Card","Relic","Card","Relic","Card","Relic","Relic","Relic","Card","Relic","Relic","Potion"],"build_version":"2020-12-22","purchased_purges":3,"victory":true,"max_hp_per_floor":[80,80,80,80,85,85,85,85,85,85,85,85,85,85,85,85,85,85,85,85,85,85,85,85,85,85,94,94,94,96,98,98,98,98,100,100,100,102,102,102,106,106,106,106,106,106,108,110,110,110],"relic_stats":{"Regal Pillow":0,"Singing Bowl":18,"counters":[113,535],"Snake Skull":[53],"War Paint":["Deflect","Defend_G"],"OrangePellets":[21],"Shovel":0,"Shuriken":[62],"Ornamental Fan":[28],"Gambling Chip":[71],"Pantograph":15,"Prayer Wheel":16,"Pandora\u0027s Box":["Outmaneuver","Night Terror","Unload","Burst","Accuracy","Blur","Underhanded Strike","A Thousand Cuts","Venomology"],"obtain_stats":[{"Ice Cream":19,"Gremlin Horn":9,"Vajra":6,"EVO:Axolotl":0,"Whetstone":46,"Boot":48,"Sling":37,"Centennial Puzzle":43,"HornCleat":29,"DollysMirror":47,"Strawberry":27,"MealTicket":7,"Prayer Wheel":0,"Necronomicon":20,"Astrolabe":17,"Oddly Smooth Stone":0,"Pen Nib":24,"Letter Opener":26,"War Paint":12,"Paper Crane":12,"Akabeko":42,"Du-Vu Doll":12,"Runic Dome":0,"OrangePellets":0,"Shuriken":46,"Molten Egg 2":43,"Pandora\u0027s Box":17,"StrikeDummy":31,"Meat on the Bone":47,"Regal Pillow":11,"Singing Bowl":9,"Mango":14,"StoneCalendar":28,"Snake Skull":19,"Juzu Bracelet":8,"Ancient Tea Set":0,"ClockworkSouvenir":47,"Dream Catcher":12,"Nunchaku":37,"Shovel":45,"Ninja Scroll":25,"Pantograph":6,"Gambling Chip":0,"WingedGreaves":36,"Red Mask":30,"Cracked Core":0,"Runic Pyramid":17,"Ring of the Snake":0,"Potion Belt":26,"Inserter":17,"Golden Idol":3,"Thread and Needle":43,"PreservedInsect":0,"Omamori":23,"Orichalcum":31,"White Beast Statue":40,"Mercury Hourglass":31,"Peace Pipe":44,"CaptainsWheel":42,"Anchor":26,"Busted Crown":34,"Ornamental Fan":47,"Orrery":0,"Coffee Dripper":0,"Art of War":27,"Membership Card":19,"Bottled Lightning":25,"FossilizedHelix":37},{"Ice Cream":12,"Gremlin Horn":24,"Vajra":65,"EVO:Axolotl":0,"Whetstone":86,"Boot":87,"Sling":106,"Centennial Puzzle":57,"HornCleat":102,"DollysMirror":59,"Strawberry":101,"MealTicket":6,"Prayer Wheel":88,"Necronomicon":12,"Astrolabe":70,"Oddly Smooth Stone":60,"Pen Nib":14,"Letter Opener":14,"War Paint":41,"Paper Crane":68,"Akabeko":85,"Du-Vu Doll":8,"Runic Dome":1,"OrangePellets":33,"Shuriken":86,"Molten Egg 2":85,"Pandora\u0027s Box":97,"StrikeDummy":79,"Meat on the Bone":59,"Regal Pillow":95,"Singing Bowl":6,"Mango":27,"StoneCalendar":78,"Snake Skull":98,"Juzu Bracelet":24,"Ancient Tea Set":18,"ClockworkSouvenir":59,"Dream Catcher":26,"Nunchaku":82,"Shovel":110,"Ninja Scroll":49,"Pantograph":38,"Gambling Chip":88,"WingedGreaves":82,"Red Mask":50,"Cracked Core":0,"Runic Pyramid":43,"Ring of the Snake":0,"Potion Belt":49,"Inserter":28,"Golden Idol":62,"Thread and Needle":108,"PreservedInsect":33,"Omamori":47,"Orichalcum":17,"White Beast Statue":56,"Mercury Hourglass":51,"Peace Pipe":58,"CaptainsWheel":57,"Anchor":77,"Busted Crown":52,"Ornamental Fan":59,"Orrery":60,"Coffee Dripper":0,"Art of War":15,"Membership Card":12,"Bottled Lightning":77,"FossilizedHelix":106},{"Ice Cream":38,"Gremlin Horn":75,"Vajra":292,"EVO:Axolotl":0,"Whetstone":410,"Boot":415,"Sling":499,"Centennial Puzzle":264,"HornCleat":482,"DollysMirror":275,"Strawberry":479,"MealTicket":19,"Prayer Wheel":422,"Necronomicon":38,"Astrolabe":312,"Oddly Smooth Stone":280,"Pen Nib":45,"Letter Opener":45,"War Paint":165,"Paper Crane":298,"Akabeko":405,"Du-Vu Doll":23,"Runic Dome":1,"OrangePellets":129,"Shuriken":410,"Molten Egg 2":405,"Pandora\u0027s Box":462,"StrikeDummy":361,"Meat on the Bone":275,"Regal Pillow":453,"Singing Bowl":19,"Mango":90,"StoneCalendar":352,"Snake Skull":468,"Juzu Bracelet":75,"Ancient Tea Set":58,"ClockworkSouvenir":275,"Dream Catcher":86,"Nunchaku":386,"Shovel":515,"Ninja Scroll":216,"Pantograph":148,"Gambling Chip":422,"WingedGreaves":386,"Red Mask":221,"Cracked Core":0,"Runic Pyramid":178,"Ring of the Snake":0,"Potion Belt":216,"Inserter":101,"Golden Idol":283,"Thread and Needle":503,"PreservedInsect":129,"Omamori":203,"Orichalcum":55,"White Beast Statue":258,"Mercury Hourglass":229,"Peace Pipe":270,"CaptainsWheel":264,"Anchor":347,"Busted Crown":236,"Ornamental Fan":275,"Orrery":280,"Coffee Dripper":0,"Art of War":48,"Membership Card":38,"Bottled Lightning":347,"FossilizedHelix":499}],"Ring of the Snake":[158]},"card_choices":[{"not_picked":["Calculated Gamble","Endless Agony"],"picked":"Backstab","floor":1.0},{"not_picked":["Dodge and Roll","Calculated Gamble"],"picked":"Caltrops","floor":1.0},{"not_picked":["Concentrate","Dash"],"picked":"Bouncing Flask","floor":3.0},{"not_picked":["Terror","Slice","Poisoned Stab"],"picked":"SKIP","floor":3.0},{"not_picked":["Poisoned Stab","Finisher"],"picked":"Deflect","floor":4.0},{"not_picked":["Distraction","Reflex"],"picked":"Bane","floor":4.0},{"not_picked":["Underhanded Strike","Flying Knee"],"picked":"Caltrops","floor":5.0},{"not_picked":["Dagger Spray","Finisher"],"picked":"Infinite Blades","floor":5.0},{"not_picked":["Deadly Poison","PiercingWail"],"picked":"Corpse Explosion","floor":6.0},{"not_picked":["Madness","Panacea"],"picked":"Secret Weapon","floor":8.0},{"not_picked":["Riddle With Holes","Dagger Throw"],"picked":"Calculated Gamble","floor":10.0},{"not_picked":["Dagger Spray","Blade Dance","Blur"],"picked":"SKIP","floor":10.0},{"not_picked":["Dash","Blade Dance"],"picked":"PiercingWail","floor":11.0},{"not_picked":["Concentrate","Deadly Poison"],"picked":"Backflip","floor":14.0},{"not_picked":["Cloak And Dagger","Outmaneuver","Underhanded Strike"],"picked":"SKIP","floor":14.0},{"not_picked":["Glass Knife","Grand Finale"],"picked":"Tools of the Trade","floor":16.0},{"not_picked":["Bane","Dagger Spray"],"picked":"Backstab+1","floor":18.0},{"not_picked":["PiercingWail","Bane"],"picked":"Acrobatics","floor":18.0},{"not_picked":["Dagger Spray","Dodge and Roll"],"picked":"Well Laid Plans+1","floor":19.0},{"not_picked":["Deadly Poison","Flying Knee"],"picked":"Tactician","floor":19.0},{"not_picked":["Eviscerate","PiercingWail"],"picked":"Adrenaline","floor":19.0},{"not_picked":["Poisoned Stab","Expertise"],"picked":"Blade Dance+1","floor":19.0},{"not_picked":["Finisher","Poisoned Stab"],"picked":"Blade Dance","floor":19.0},{"not_picked":["Dagger Throw","Choke","Poisoned Stab"],"picked":"SKIP","floor":24.0},{"not_picked":["Night Terror","Bane","Dagger Spray"],"picked":"SKIP","floor":24.0},{"not_picked":["Outmaneuver","Deflect"],"picked":"PiercingWail+1","floor":25.0},{"not_picked":["Crippling Poison","Heel Hook+1","Blade Dance"],"picked":"SKIP","floor":25.0},{"not_picked":["Riddle With Holes","Eviscerate","Venomology"],"picked":"Singing Bowl","floor":27.0},{"not_picked":["Dagger Spray+1","Choke"],"picked":"Prepared","floor":29.0},{"not_picked":["Sucker Punch","Flying Knee","Prepared"],"picked":"Singing Bowl","floor":30.0},{"not_picked":["Deadly Poison","Crippling Poison"],"picked":"Blur+1","floor":30.0},{"not_picked":["Flying Knee","Predator","Outmaneuver"],"picked":"Singing Bowl","floor":31.0},{"not_picked":["Prepared","Terror"],"picked":"Acrobatics+1","floor":31.0},{"not_picked":["Unload","Malaise"],"picked":"Wraith Form v2","floor":33.0},{"not_picked":["Sucker Punch","Escape Plan","Acrobatics"],"picked":"Singing Bowl","floor":35.0},{"not_picked":["Dash+1","Deadly Poison"],"picked":"Deflect+1","floor":35.0},{"not_picked":["Blade Dance","Reflex","Outmaneuver"],"picked":"Singing Bowl","floor":38.0},{"not_picked":["Slice","Outmaneuver+1"],"picked":"Tactician+1","floor":38.0},{"not_picked":["Sucker Punch","Predator","Expertise"],"picked":"Singing Bowl","floor":41.0},{"not_picked":["Crippling Poison","Accuracy","Slice"],"picked":"Singing Bowl","floor":41.0},{"not_picked":["Backstab","Dodge and Roll"],"picked":"Deflect+1","floor":44.0},{"not_picked":["Outmaneuver","Deadly Poison+1"],"picked":"After Image","floor":44.0},{"not_picked":["Choke+1","Quick Slash+1"],"picked":"Wraith Form v2","floor":45.0},{"not_picked":["Deadly Poison+1","Heel Hook","Poisoned Stab"],"picked":"Singing Bowl","floor":47},{"not_picked":["Infinite Blades","Poisoned Stab","Well Laid Plans"],"picked":"Singing Bowl","floor":48},{"not_picked":["Caltrops+1","Footwork"],"picked":"Tactician","floor":48}],"player_experience":330815,"relics_obtained":[{"floor":6.0,"key":"White Beast Statue"},{"floor":9.0,"key":"Ninja Scroll"},{"floor":11.0,"key":"Regal Pillow"},{"floor":26.0,"key":"Singing Bowl"},{"floor":27.0,"key":"Strawberry"},{"floor":29.0,"key":"HornCleat"},{"floor":39.0,"key":"Pantograph"},{"floor":43.0,"key":"Thread and Needle"},{"floor":45.0,"key":"Shovel"},{"floor":47,"key":"Ornamental Fan"}],"event_choices":[{"damage_healed":0.0,"max_hp_gain":0.0,"max_hp_loss":0.0,"gold_gain":150.0,"event_name":"Liars Game","player_choice":"AGREE","floor":2.0,"gold_loss":0.0,"damage_taken":0.0,"cards_obtained":["Doubt"]},{"damage_healed":0.0,"max_hp_gain":0.0,"max_hp_loss":0.0,"gold_gain":1.0,"event_name":"betterStone:BetterStone","player_choice":"1","floor":8.0,"gold_loss":0.0,"damage_taken":0.0},{"damage_healed":0.0,"max_hp_gain":0.0,"max_hp_loss":0.0,"gold_gain":0.0,"cards_transformed":["Doubt"],"event_name":"Transmorgrifier","player_choice":"Transformed","floor":12.0,"gold_loss":0.0,"damage_taken":0.0,"cards_obtained":["Doppelganger"]},{"damage_healed":0.0,"max_hp_gain":0.0,"max_hp_loss":0.0,"gold_gain":0.0,"event_name":"Ghosts","player_choice":"Ignored","floor":20.0,"gold_loss":0.0,"damage_taken":0.0},{"damage_healed":0.0,"max_hp_gain":0.0,"max_hp_loss":0.0,"gold_gain":0.0,"event_name":"Nest","player_choice":"Joined the Cult","floor":21.0,"gold_loss":0.0,"damage_taken":6.0,"cards_obtained":["RitualDagger"]},{"damage_healed":0.0,"max_hp_gain":0.0,"max_hp_loss":0.0,"gold_gain":0.0,"event_name":"Match and Keep!","player_choice":"0 cards matched","floor":22.0,"gold_loss":0.0,"damage_taken":0.0,"cards_obtained":[]},{"damage_healed":0.0,"max_hp_gain":0.0,"max_hp_loss":0.0,"gold_gain":0.0,"event_name":"Lab","player_choice":"Got Potions","floor":36.0,"gold_loss":0.0,"damage_taken":0.0},{"damage_healed":0.0,"max_hp_gain":0.0,"max_hp_loss":0.0,"gold_gain":0.0,"event_name":"Tomb of Lord Red Mask","player_choice":"Paid","floor":42.0,"gold_loss":37.0,"damage_taken":0.0,"relics_obtained":["Red Mask"]}],"is_beta":false,"boss_relics":[{"not_picked":["SacredBark","HoveringKite"],"picked":"Pandora\u0027s Box"},{"not_picked":["Runic Pyramid","Ring of the Serpent"],"picked":"Coffee Dripper"}],"items_purged_floors":[0,19,37],"is_endless":false,"potions_floor_spawned":[1,5,10,11,14,16,18,24,25,27,29,30,31,33,35,38,41,44,45,47,48],"ascension_level":15}}