{"host":"xi8yg1ddhptuxb9d","time":1611861179,"event":{"mods":["AchievementEnabler","AlwaysNeverKeys","BaseMod","Block Reminder","Minty Spire (QoL Compilation)","Relic Sorter","StSLib"],"gold_per_floor":[113,83,96,116,133,165,165,198,198,211,211,211,239,259,259,333,333,288,288,288,288,288,288,288,137,137,137,137,137,137,137,137,137,137,137,137,137,137,137,137,137,137,137,137,137,62,62,62,62,62],"floor_reached":51,"language":"ENG","playtime":3120,"items_purged":["Bloodletting"],"score":1299,"play_id":"daa92a6b-13c1-4873-b2a1-b01def73c429","local_time":"20210128141259","is_ascension_mode":true,"campfire_choices":[{"floor":7.0,"key":"REST"},{"floor":11.0,"key":"REST"},{"floor":15.0,"key":"REST"},{"data":"Limit Break","floor":24.0,"key":"SMITH"},{"data":"Pommel Strike","floor":32,"key":"SMITH"},{"data":"Inflame","floor":40,"key":"SMITH"},{"floor":45,"key":"REST"},{"data":"Flex","floor":47,"key":"SMITH"},{"data":"Brutality","floor":49,"key":"SMITH"}],"circlet_count":0,"master_deck":["AscendersBane","Bash","Exhume","Seeing Red","Intimidate","Inflame+1","Flex+1","Feed+1","Blood for Blood","Impervious","Shrug It Off","Headbutt","Twin Strike","Brutality+1","Thunderclap","Limit Break+1","Flame Barrier","Ghostly","Ghostly","Ghostly","Ghostly","Ghostly","Pommel Strike+1","Heavy Blade+1","Shrug It Off+1","Clothesline","Double Tap+1","Double Tap+1","Uppercut+1","Madness+1","Flame Barrier+1"],"relics":["Pandora\u0027s Box","Darkstone Periapt","Eternal Feather","Pantograph","Matryoshka","Ectoplasm","Frozen Egg 2","White Beast Statue","Omamori","Blood Vial","Toxic Egg 2","Happy Flower","Pear","Busted Crown","CaptainsWheel","Boot","Ancient Tea Set","Gambling Chip"],"acts_visited":["Exordium","TheCity","TheBeyond"],"potions_floor_usage":[33,38,41,50],"damage_taken":[{"damage":7.0,"enemies":"Small Slimes","floor":1.0,"turns":4.0},{"damage":7.0,"enemies":"Cultist","floor":3.0,"turns":4.0},{"damage":3.0,"enemies":"Jaw Worm","floor":4.0,"turns":6.0},{"damage":14.0,"enemies":"Blue Slaver","floor":5.0,"turns":7.0},{"damage":22.0,"enemies":"3 Sentries","floor":6.0,"turns":6.0},{"damage":27.0,"enemies":"Lagavulin","floor":8.0,"turns":6.0},{"damage":4.0,"enemies":"Large Slime","floor":10.0,"turns":4.0},{"damage":34.0,"enemies":"3 Sentries","floor":13.0,"turns":8.0},{"damage":13.0,"enemies":"Looter","floor":14.0,"turns":3.0},{"damage":56.0,"enemies":"Hexaghost","floor":16.0,"turns":8.0},{"damage":22.0,"enemies":"2 Thieves","floor":18.0,"turns":4.0},{"damage":22.0,"enemies":"3 Byrds","floor":19.0,"turns":5.0},{"damage":10.0,"enemies":"Cultist and Chosen","floor":21.0,"turns":8.0},{"damage":13.0,"enemies":"Book of Stabbing","floor":23.0,"turns":6.0},{"damage":24.0,"enemies":"Snake Plant","floor":27.0,"turns":7.0},{"damage":32.0,"enemies":"Chosen and Byrds","floor":29.0,"turns":8.0},{"damage":6,"enemies":"Sentry and Sphere","floor":31,"turns":6},{"damage":30,"enemies":"Champ","floor":33,"turns":10},{"damage":5,"enemies":"3 Shapes","floor":35,"turns":5},{"damage":5,"enemies":"Orb Walker","floor":36,"turns":4},{"damage":33,"enemies":"2 Orb Walkers","floor":38,"turns":7},{"damage":19,"enemies":"Giant Head","floor":41,"turns":7},{"damage":26,"enemies":"Spire Growth","floor":44,"turns":5},{"damage":9,"enemies":"Reptomancer","floor":48,"turns":6},{"damage":11,"enemies":"Time Eater","floor":50,"turns":8}],"seed_played":"5347526744567587541","potions_obtained":[{"floor":2.0,"key":"PowerPotion"},{"floor":2.0,"key":"EntropicBrew"},{"floor":6.0,"key":"SmokeBomb"},{"floor":10.0,"key":"GamblersBrew"},{"floor":16.0,"key":"Strength Potion"},{"floor":18.0,"key":"BloodPotion"},{"floor":23.0,"key":"FearPotion"},{"floor":29.0,"key":"LiquidBronze"},{"floor":33,"key":"PowerPotion"},{"floor":38,"key":"SteroidPotion"},{"floor":41,"key":"Block Potion"},{"floor":44,"key":"SteroidPotion"}],"is_trial":false,"path_per_floor":["M","?","M","M","M","E","R","E","T","M","R","?","E","M","R","B",null,"M","M","?","M","T","E","R","$","T","M","T","M","?","M","R","B",null,"M","M","?","?","?","R","E","?","T","M","R","$","R","E","R","B",null],"character_chosen":"IRONCLAD","items_purchased":["Blood Vial"],"campfire_rested":4,"item_purchase_floors":[25],"current_hp_per_floor":[67,67,60,60,49,33,60,36,36,35,70,70,44,35,77,46,95,77,59,59,53,53,44,59,59,59,41,51,25,53,49,64,55,78,79,80,68,41,41,59,42,42,42,22,70,70,88,81,99,94],"gold":62,"neow_bonus":"BOSS_RELIC","is_daily":false,"chose_seed":false,"campfire_upgraded":5,"win_rate":0.0,"timestamp":1611861179,"path_taken":["M","?","M","?","M","E","R","E","T","M","R","?","E","M","R","BOSS","M","M","?","M","?","E","R","$","T","M","?","M","?","M","R","BOSS","M","M","?","?","?","R","E","?","T","M","R","?","R","E","R","BOSS"],"items_purchased_type":["Relic"],"build_version":"2020-12-22","purchased_purges":1,"victory":true,"max_hp_per_floor":[81,81,81,84,87,93,93,96,96,99,99,99,107,111,111,111,111,115,119,59,63,63,67,67,67,67,71,81,85,85,85,85,85,85,89,93,93,97,97,97,97,97,97,101,101,101,101,101,101,105],"card_choices":[{"not_picked":["Flex","Whirlwind","Warcry"],"picked":"SKIP","floor":1.0},{"not_picked":["Wild Strike","Carnage"],"picked":"Shrug It Off","floor":3.0},{"not_picked":["True Grit","Carnage","Sword Boomerang"],"picked":"SKIP","floor":4.0},{"not_picked":["Armaments","Havoc","Fire Breathing"],"picked":"SKIP","floor":5.0},{"not_picked":["Dark Embrace","Corruption"],"picked":"Headbutt","floor":6.0},{"not_picked":["True Grit","Spot Weakness","Wild Strike"],"picked":"SKIP","floor":8.0},{"not_picked":["Reckless Charge","Dark Embrace"],"picked":"Twin Strike","floor":10.0},{"not_picked":["Anger","Sword Boomerang"],"picked":"Brutality","floor":13.0},{"not_picked":["Metallicize","Whirlwind"],"picked":"Thunderclap","floor":14.0},{"not_picked":["Impervious","Juggernaut"],"picked":"Limit Break","floor":16.0},{"not_picked":["Iron Wave","Metallicize"],"picked":"Flame Barrier","floor":18.0},{"not_picked":["Clash","Body Slam","Havoc"],"picked":"SKIP","floor":19.0},{"not_picked":["Clash","Reckless Charge"],"picked":"Pommel Strike","floor":21.0},{"not_picked":["Seeing Red","Flame Barrier"],"picked":"Heavy Blade+1","floor":23.0},{"not_picked":["Entrench+1","Headbutt"],"picked":"Shrug It Off+1","floor":27.0},{"not_picked":["Fire Breathing+1","Warcry+1"],"picked":"Clothesline","floor":29.0},{"not_picked":["Hemokinesis","Sword Boomerang"],"picked":"Double Tap+1","floor":31},{"not_picked":["Berserk+1","Juggernaut+1"],"picked":"Double Tap+1","floor":33},{"not_picked":["Clothesline"],"picked":"SKIP","floor":35},{"not_picked":[],"picked":"Uppercut+1","floor":36},{"not_picked":["Searing Blow+1"],"picked":"SKIP","floor":41},{"not_picked":[],"picked":"Flame Barrier+1","floor":44},{"not_picked":["Power Through+1"],"picked":"SKIP","floor":48}],"player_experience":683946,"relics_obtained":[{"floor":6.0,"key":"Darkstone Periapt"},{"floor":8.0,"key":"Eternal Feather"},{"floor":9.0,"key":"Pantograph"},{"floor":13.0,"key":"Matryoshka"},{"floor":22.0,"key":"Frozen Egg 2"},{"floor":22.0,"key":"White Beast Statue"},{"floor":23.0,"key":"Omamori"},{"floor":26.0,"key":"Toxic Egg 2"},{"floor":26.0,"key":"Happy Flower"},{"floor":28.0,"key":"Pear"},{"floor":38,"key":"CaptainsWheel"},{"floor":41,"key":"Boot"},{"floor":43,"key":"Ancient Tea Set"},{"floor":48,"key":"Gambling Chip"}],"event_choices":[{"damage_healed":0.0,"max_hp_gain":0.0,"max_hp_loss":0.0,"gold_gain":0.0,"event_name":"The Woman in Blue","player_choice":"Bought 2 Potions","floor":2.0,"gold_loss":0.0,"damage_taken":0.0},{"damage_healed":0.0,"max_hp_gain":0.0,"max_hp_loss":0.0,"gold_gain":0.0,"event_name":"Living Wall","player_choice":"Grow","floor":12.0,"gold_loss":0.0,"damage_taken":0.0,"cards_upgraded":["Feed"]},{"damage_healed":0.0,"max_hp_gain":0.0,"max_hp_loss":60.0,"gold_gain":0.0,"event_name":"Ghosts","player_choice":"Became a Ghost","floor":20.0,"gold_loss":0.0,"damage_taken":0.0,"cards_obtained":["Ghostly","Ghostly","Ghostly","Ghostly","Ghostly"]},{"damage_healed":28.0,"max_hp_gain":0.0,"max_hp_loss":0.0,"gold_gain":0.0,"event_name":"The Library","player_choice":"Heal","floor":30.0,"gold_loss":0.0,"damage_taken":0.0},{"damage_healed":0,"gold_gain":0,"player_choice":"Embrace Madness","damage_taken":12,"max_hp_gain":0,"max_hp_loss":0,"event_name":"Winding Halls","floor":37,"gold_loss":0,"cards_obtained":["Madness","Madness"]},{"damage_healed":0,"gold_gain":0,"player_choice":"Fight","damage_taken":0,"max_hp_gain":0,"max_hp_loss":0,"event_name":"Mysterious Sphere","floor":38,"gold_loss":0},{"damage_healed":0,"gold_gain":0,"player_choice":"Ignored","damage_taken":0,"max_hp_gain":0,"max_hp_loss":0,"event_name":"The Moai Head","floor":39,"gold_loss":0},{"cards_removed":["Madness"],"damage_healed":0,"gold_gain":0,"player_choice":"Removed Skill","damage_taken":0,"max_hp_gain":0,"max_hp_loss":0,"event_name":"Falling","floor":42,"gold_loss":0}],"is_beta":false,"boss_relics":[{"not_picked":["Tiny House","Velvet Choker"],"picked":"Ectoplasm"},{"not_picked":["SacredBark","SlaversCollar"],"picked":"Busted Crown"}],"items_purged_floors":[46],"is_endless":false,"potions_floor_spawned":[6,10,13,16,18,21,23,27,29,31,33,35,36,38,41,44,48],"ascension_level":14}}