{"host":"hixkpep13ay54y5b","time":1611847368,"event":{"mods":["AchievementEnabler","BaseMod","BetterRewards","Colored Map","Hubris","Infinite Spire","Minty Spire (QoL Compilation)","Quick Restart","Replay The Spire","Shop Mod","StSLib","SuperFastMode"],"gold_per_floor":[112,112,131,145,145,177,177,197,223,257,257,80,92,112,112,214,214,235,254,100,25,25,37,79,2,49,60,60,78,78,97,97,207,207,207,207,207],"floor_reached":36,"language":"ENG","playtime":889,"items_purged":["infinitespire:Neurotoxin+1","Strike_G","Strike_G","Strike_G","Strike_G","Strike_G","Neutralize","Survivor","Defend_G","Poisoned Stab"],"score":769,"play_id":"cc79709a-947f-4513-9b18-89f9f823bbc2","local_time":"20210128102248","is_ascension_mode":false,"campfire_choices":[{"data":"Defend_G","floor":7,"key":"SMITH"},{"data":"Defend_G","floor":11,"key":"SMITH"},{"data":"Defend_G","floor":15,"key":"SMITH"},{"data":"Bouncing Flask","floor":30,"key":"SMITH"},{"floor":32,"key":"REST"},{"floor":35,"key":"REST"}],"circlet_count":0,"master_deck":["infinitespire:Neurotoxin+1","Defend_G+1","Defend_G+1","Defend_G+1","After Image+1","Bouncing Flask+1","Noxious Fumes+1","Noxious Fumes+1","infinitespire:SealOfDarkness+","Corpse Explosion+1"],"relics":["Ring of the Snake","MerchantsRug","Bag of Preparation","Potion Belt","hubris:EmptyBottle","Blue Doll","Iron Hammer","infinitespire:FocusingShard","CeramicFish","Golden Egg","Membership Card","Pondfish Scales","Replay:Baseball","Pen Nib","Bag of Marbles","hubris:Potato","hubris:TerracottaHorce","Mummified Hand","Oddly Smooth Stone","Happy Flower"],"acts_visited":["Exordium","TheCity","TheEnding"],"potions_floor_usage":[3,4,10,10,12,12,13],"damage_taken":[{"damage":0.0,"enemies":"Cultist","floor":1.0,"turns":1.0},{"damage":0,"enemies":"Small Slimes","floor":3,"turns":2},{"damage":0,"enemies":"2 Louse","floor":4,"turns":2},{"damage":0,"enemies":"Lagavulin","floor":6,"turns":1},{"damage":0,"enemies":"Large Slime","floor":8,"turns":1},{"damage":0,"enemies":"3 Sentries","floor":10,"turns":14},{"damage":0,"enemies":"Exordium Wildlife","floor":13,"turns":2},{"damage":0,"enemies":"Looter","floor":14,"turns":1},{"damage":0,"enemies":"Fading Forest","floor":16,"turns":3},{"damage":0,"enemies":"Chosen","floor":18,"turns":1},{"damage":0,"enemies":"2 Thieves","floor":19,"turns":4},{"damage":0,"enemies":"Sentry and Sphere","floor":23,"turns":3},{"damage":0,"enemies":"Nightmare","floor":24,"turns":1},{"damage":0,"enemies":"Snecko","floor":27,"turns":1},{"damage":0,"enemies":"Centurion and Healer","floor":29,"turns":3},{"damage":0,"enemies":"3 Cultists","floor":31,"turns":4},{"damage":5,"enemies":"hubris:MusketHawk","floor":33,"turns":2}],"seed_played":"-8589245538171553404","potions_obtained":[{"floor":1,"key":"AttackPotion"},{"floor":6,"key":"PowerPotion"},{"floor":10,"key":"AttackPotion"},{"floor":13,"key":"Fire Potion"},{"floor":14,"key":"Poison Potion"},{"floor":31,"key":"Toxic Potion"}],"is_trial":false,"path_per_floor":["M","?","M","M","?","E","R","M","T","E","R","$","M","M","R","B",null,"M","M","$","?","?","M","NM","$","T","M","?","M","R","M","R","B",null,"R","$"],"character_chosen":"THE_SILENT","items_purchased":["MerchantsRug","Bag of Preparation","Potion Belt","After Image","DistilledChaos","Poison Potion","hubris:EmptyBottle","Blue Doll","Iron Hammer","infinitespire:FocusingShard","CeramicFish","FairyPotion","Golden Egg","Membership Card","Fruit Juice","Pondfish Scales","Fruit Juice","hubris:Potato","Noxious Fumes","Oddly Smooth Stone"],"campfire_rested":2,"item_purchase_floors":[0,0,0,0,0,0,0,0,0,0,0,0,0,0,0,0,12,12,20,25],"current_hp_per_floor":[38,38,38,38,38,38,38,38,38,38,38,48,48,48,48,48,90,90,90,90,90,93,93,93,93,93,93,93,93,93,93,93,88,92,93,93,93],"gold":207,"neow_bonus":"","is_daily":false,"chose_seed":false,"campfire_upgraded":4,"win_rate":0.0,"timestamp":1611847368,"path_taken":["M","?","?","M","?","E","R","M","T","E","R","$","M","M","R","BOSS","M","M","$","?","?","M","NM","?","T","M","?","M","R","?","R","BOSS","R","$"],"items_purchased_type":["Relic","Relic","Relic","Card","Potion","Potion","Relic","Relic","Relic","Relic","Relic","Potion","Relic","Relic","Potion","Relic","Potion","Relic","Card","Relic"],"build_version":"2020-12-22","purchased_purges":10,"victory":false,"max_hp_per_floor":[80,80,80,80,80,80,80,80,80,80,80,90,90,90,90,90,90,90,90,90,90,93,93,93,93,93,93,93,93,93,93,93,93,93,93,93,93],"card_choices":[{"not_picked":["Dodge and Roll","Prepared","Cloak And Dagger"],"picked":"SKIP","floor":1},{"not_picked":["Slice","Dodge and Roll","Cloak And Dagger"],"picked":"SKIP","floor":3},{"not_picked":["Deflect","Accuracy","ReplayTheSpireMod:Shiv Toss"],"picked":"SKIP","floor":4},{"not_picked":["Underhanded Strike","ReplayTheSpireMod:The Works","Slice"],"picked":"SKIP","floor":6},{"not_picked":["Fluid Movement","Bane","Caltrops"],"picked":"SKIP","floor":8},{"not_picked":["Accuracy","Predator","Cloak And Dagger"],"picked":"SKIP","floor":10},{"not_picked":["Reflex","Dagger Throw","infinitespire:Neurotoxin"],"picked":"SKIP","floor":13},{"not_picked":["Choke","Blade Dance","Escape Plan"],"picked":"SKIP","floor":14},{"not_picked":["Backflip","Bane"],"picked":"Poisoned Stab","floor":18},{"not_picked":["Blade Dance","Terror"],"picked":"Bouncing Flask","floor":19},{"not_picked":["Dagger Throw+1","Flying Knee+1","Acrobatics"],"picked":"SKIP","floor":23},{"not_picked":["infinitespire:FinalStrike","Replay:Fractal Strike"],"picked":"infinitespire:SealOfDarkness+","floor":24},{"not_picked":["Slice","Bane","Cloak And Dagger"],"picked":"SKIP","floor":24},{"not_picked":["Flying Knee","Quick Slash","Dagger Spray"],"picked":"SKIP","floor":27},{"not_picked":["Hidden Blade","Setup+1","ReplayTheSpireMod:Shiv Toss"],"picked":"SKIP","floor":29},{"not_picked":["Prepared","Sucker Punch","Poisoned Stab+1"],"picked":"SKIP","floor":31},{"not_picked":["Wraith Form v2","Atom Bomb"],"picked":"Corpse Explosion","floor":33}],"player_experience":151651,"relics_obtained":[{"floor":6,"key":"Replay:Baseball"},{"floor":9,"key":"Pen Nib"},{"floor":10,"key":"Bag of Marbles"},{"floor":24,"key":"Mummified Hand"},{"floor":26,"key":"Happy Flower"}],"event_choices":[{"damage_healed":0,"gold_gain":0,"player_choice":"Ignored","damage_taken":0,"max_hp_gain":0,"max_hp_loss":0,"event_name":"WeMeetAgain","floor":2,"gold_loss":0},{"cards_removed":["Defend_G"],"damage_healed":0,"gold_gain":0,"player_choice":"Gave Gold","damage_taken":0,"max_hp_gain":0,"max_hp_loss":0,"event_name":"Beggar","floor":21,"gold_loss":75},{"damage_healed":0,"gold_gain":0,"player_choice":"Ignored","damage_taken":0,"max_hp_gain":0,"max_hp_loss":0,"event_name":"Ghosts","floor":28,"gold_loss":0}],"is_beta":false,"boss_relics":[{"not_picked":["Replay:Bronze Core","Ectoplasm"],"picked":"hubris:TerracottaHorce"},{"not_picked":["Snecko Scales","Philosopher\u0027s Stone","Snecko Eye"]}],"items_purged_floors":[0,0,0,0,0,0,0,0,0,20],"is_endless":true,"potions_floor_spawned":[1,6,10,13,14,19,24,31,33],"ascension_level":0}}