{"host":"1ecbliur7lfoj0sl","time":1611824549,"event":{"mods":["BaseMod","Minty Spire (QoL Compilation)","StSLib","The Administrix","Waifu the Spire"],"gold_per_floor":[112,187,137,156,156,156,183,183,183,212,242,259,259,277,277,374,374,388,388,405,16,30,59,59,90,115,128,128,228,228,263,263,359,359,370,386,52,69,69,103,119,56,56,73,73,73,73,105,105,105,105,105,14,39,39],"floor_reached":56,"language":"ZHS","playtime":4146,"items_purged":["AdministrixMod:Strike_Administrix","AdministrixMod:Defend_Administrix","AdministrixMod:Defend_Administrix"],"score":1397,"play_id":"c4e52685-ddeb-4fa3-950e-ed5cf4fee2ed","local_time":"20210128170229","is_ascension_mode":true,"campfire_choices":[{"data":"AdministrixMod:ImmortalGrace","floor":6.0,"key":"SMITH"},{"data":"AdministrixMod:LifeforceNet","floor":8.0,"key":"SMITH"},{"data":"AdministrixMod:HaveItAll","floor":15.0,"key":"SMITH"},{"data":"AdministrixMod:Mastermind","floor":28,"key":"SMITH"},{"data":"AdministrixMod:LuminaryPath","floor":30,"key":"SMITH"},{"floor":32,"key":"RECALL"},{"data":"AdministrixMod:HaveItAll","floor":45,"key":"SMITH"},{"data":"AdministrixMod:RebukeDesires","floor":47,"key":"SMITH"},{"data":"AdministrixMod:Untouchable","floor":49,"key":"SMITH"},{"data":"AdministrixMod:FeastOfDew","floor":52,"key":"SMITH"}],"circlet_count":0,"master_deck":["AdministrixMod:RedCloak","AdministrixMod:Defend_Administrix+1","AdministrixMod:BlueCloak","AdministrixMod:ImmortalGrace+1","AdministrixMod:HaveItAll+1","AdministrixMod:Convergence+1","AdministrixMod:Mastermind+1","AdministrixMod:LuminaryPath+1","AdministrixMod:FeastOfDew+1","AdministrixMod:FuneraryRites+1","AdministrixMod:ChooseYourEnd","AdministrixMod:RebukeDesires+1","AdministrixMod:ImmortalGrace+1","AdministrixMod:HaveItAll+1","AdministrixMod:BishamonBlessing+1","AdministrixMod:ImmortalPurity+1","AdministrixMod:Untouchable+1","Panache+1"],"relics":["AdministrixMod:ConductorRitualBaton","Frozen Egg 2","Bag of Preparation","Vajra","Eternal Feather","Oddly Smooth Stone","FaceOfCleric","Black Star","Unceasing Top","StoneCalendar","War Paint","Happy Flower","InkBottle","FossilizedHelix","Dream Catcher","Potion Belt","Empty Cage","Membership Card","Sundial","White Beast Statue","Centennial Puzzle","Orichalcum","Torii","Pantograph","Lantern","Pen Nib"],"acts_visited":["Exordium","TheCity","TheBeyond","TheEnding"],"potions_floor_usage":[25,55,55,55,55],"damage_taken":[{"damage":0.0,"enemies":"Cultist","floor":1.0,"turns":4.0},{"damage":1.0,"enemies":"Small Slimes","floor":4.0,"turns":3.0},{"damage":15.0,"enemies":"3 Sentries","floor":7.0,"turns":7.0},{"damage":24.0,"enemies":"Lagavulin","floor":10.0,"turns":6.0},{"damage":0.0,"enemies":"Jaw Worm","floor":12.0,"turns":3.0},{"damage":3.0,"enemies":"Lots of Slimes","floor":14.0,"turns":2.0},{"damage":21.0,"enemies":"The Guardian","floor":16.0,"turns":7.0},{"damage":8.0,"enemies":"Spheric Guardian","floor":18.0,"turns":4.0},{"damage":8,"enemies":"Shell Parasite","floor":20,"turns":6},{"damage":11,"enemies":"Snecko","floor":22,"turns":5},{"damage":48,"enemies":"Gremlin Leader","floor":23,"turns":6},{"damage":18,"enemies":"Book of Stabbing","floor":25,"turns":4},{"damage":13,"enemies":"Snake Plant","floor":27,"turns":3},{"damage":4,"enemies":"Colosseum Slavers","floor":29,"turns":2},{"damage":19,"enemies":"Colosseum Nobs","floor":29,"turns":3},{"damage":19,"enemies":"Slavers","floor":31,"turns":5},{"damage":11,"enemies":"Collector","floor":33,"turns":6},{"damage":26,"enemies":"3 Darklings","floor":35,"turns":4},{"damage":0,"enemies":"Orb Walker","floor":36,"turns":3},{"damage":10,"enemies":"Spire Growth","floor":38,"turns":4},{"damage":61,"enemies":"Reptomancer","floor":40,"turns":5},{"damage":0,"enemies":"Jaw Worm Horde","floor":41,"turns":3},{"damage":0,"enemies":"Maw","floor":44,"turns":3},{"damage":0,"enemies":"Nemesis","floor":48,"turns":3},{"damage":22,"enemies":"Time Eater","floor":50,"turns":6},{"damage":0,"enemies":"Shield and Spear","floor":54,"turns":4},{"damage":12,"enemies":"The Heart","floor":55,"turns":7}],"seed_played":"3709428659439602272","potions_obtained":[{"floor":4.0,"key":"PowerPotion"},{"floor":12.0,"key":"Regen Potion"},{"floor":23,"key":"Fire Potion"},{"floor":31,"key":"GamblersBrew"},{"floor":33,"key":"SneckoOil"},{"floor":41,"key":"AdministrixMod:AttunementTonic"},{"floor":44,"key":"PowerPotion"},{"floor":54,"key":"AttackPotion"}],"is_trial":false,"path_per_floor":["M","?","?","M","?","R","E","R","T","E","?","M","?","M","R","B",null,"M","?","M","$","M","E","?","E","T","M","R","?","R","E","R","B",null,"M","M","$","M","?","E","M","$","T","M","R","?","R","E","R","B",null,"R","$","E","B",null],"character_chosen":"TheAdministrix","items_purchased":["Unceasing Top","Membership Card","Sundial","Panache+1"],"campfire_rested":0,"item_purchase_floors":[21,37,37,53],"current_hp_per_floor":[65,54,54,53,41,41,26,26,26,2,2,2,2,20,26,6,67,60,60,53,53,43,22,9,23,23,11,20,24,33,15,24,14,82,57,58,58,49,49,26,27,27,27,28,37,37,46,47,56,60,86,86,86,87,86],"gold":39,"neow_bonus":"REMOVE_CARD","is_daily":false,"chose_seed":false,"campfire_upgraded":9,"win_rate":0.0,"timestamp":1611824549,"path_taken":["M","?","?","M","?","R","E","R","T","E","?","M","?","?","R","BOSS","M","?","M","$","?","E","?","E","T","M","R","?","R","E","R","BOSS","M","M","$","M","?","E","M","$","T","M","R","?","R","E","R","BOSS","R","$","E","BOSS"],"items_purchased_type":["Relic","Relic","Relic","Card"],"build_version":"2020-12-22","purchased_purges":3,"victory":true,"max_hp_per_floor":[65,65,65,65,65,65,65,65,65,65,65,65,65,66,66,67,67,68,68,69,69,70,71,76,77,77,78,78,80,80,81,81,82,82,83,84,84,85,85,86,87,87,87,88,88,84,84,85,85,86,86,86,86,87,88],"card_choices":[{"not_picked":["AdministrixMod:FuneraryRites","AdministrixMod:QuietConspiracy","AdministrixMod:RebukeDesires"],"picked":"SKIP","floor":1.0},{"not_picked":["AdministrixMod:NoblePath","AdministrixMod:GuanyinBlessing"],"picked":"AdministrixMod:ImmortalGrace","floor":4.0},{"not_picked":["AdministrixMod:BegetEternity","AdministrixMod:ReachToHeaven"],"picked":"AdministrixMod:LifeforceNet","floor":7.0},{"not_picked":["AdministrixMod:FuneraryRites","AdministrixMod:LightOfYourLife"],"picked":"AdministrixMod:HaveItAll","floor":10.0},{"not_picked":["AdministrixMod:RegentEdict","AdministrixMod:ChooseYourEnd","AdministrixMod:CrackingPangu"],"picked":"SKIP","floor":12.0},{"not_picked":["AdministrixMod:LightOfYourLife","AdministrixMod:ImmortalPurity"],"picked":"AdministrixMod:Convergence+1","floor":14.0},{"not_picked":["AdministrixMod:FaithfulFlames+1","AdministrixMod:DeathByGlamour+1"],"picked":"AdministrixMod:Mastermind","floor":16.0},{"not_picked":["AdministrixMod:CrackingPangu","AdministrixMod:TouchOfCinnabar","AdministrixMod:Wuji+1"],"picked":"SKIP","floor":18.0},{"not_picked":["AdministrixMod:CrackingPangu","AdministrixMod:TouchOfCinnabar","AdministrixMod:Wuji+1"],"picked":"SKIP","floor":18.0},{"not_picked":["AdministrixMod:BishamonBlessing+1","AdministrixMod:QuietConspiracy","AdministrixMod:NoblePath+1"],"picked":"SKIP","floor":20},{"not_picked":["AdministrixMod:BishamonBlessing+1","AdministrixMod:FeastOfDew+1","AdministrixMod:Wuji+1"],"picked":"SKIP","floor":22},{"not_picked":["AdministrixMod:FeastOfDew","AdministrixMod:WickedPunishment"],"picked":"AdministrixMod:FuneraryRites","floor":23},{"not_picked":["AdministrixMod:JustRewards+1","AdministrixMod:Untouchable"],"picked":"AdministrixMod:ChooseYourEnd","floor":25},{"not_picked":["AdministrixMod:ExtolVirtue","AdministrixMod:CrackingPangu","AdministrixMod:PassageOfAges"],"picked":"SKIP","floor":27},{"not_picked":["AdministrixMod:TouchOfCinnabar","AdministrixMod:BrewingCloister"],"picked":"AdministrixMod:RebukeDesires","floor":29},{"not_picked":["AdministrixMod:ImmortalPurity","AdministrixMod:DiversionaryTactic","AdministrixMod:LightOfYourLife"],"picked":"SKIP","floor":31},{"not_picked":["AdministrixMod:QuietConspiracy+1","AdministrixMod:ImmortalPurity+1","AdministrixMod:NoblePath+1"],"picked":"SKIP","floor":35},{"not_picked":["AdministrixMod:BloodlessSapphire+1","AdministrixMod:PlateOfAntiquity+1"],"picked":"AdministrixMod:ImmortalGrace+1","floor":36},{"not_picked":["AdministrixMod:SipOfSparks","AdministrixMod:RegentEdict","AdministrixMod:SealAway"],"picked":"SKIP","floor":38},{"not_picked":["AdministrixMod:DiversionaryTactic","AdministrixMod:MixOfMercury+1"],"picked":"AdministrixMod:HaveItAll","floor":40},{"not_picked":["AdministrixMod:NewWardrobe","AdministrixMod:FuneraryRites"],"picked":"AdministrixMod:BishamonBlessing+1","floor":41},{"not_picked":["AdministrixMod:RegentEdict","AdministrixMod:JustRewards+1"],"picked":"AdministrixMod:ImmortalPurity+1","floor":44},{"not_picked":["AdministrixMod:ExtolVirtue+1","AdministrixMod:PlateOfAntiquity+1"],"picked":"AdministrixMod:Untouchable","floor":48},{"not_picked":["AdministrixMod:Transition","AdministrixMod:ReachToHeaven","AdministrixMod:TenDesires"],"picked":"SKIP","floor":54}],"player_experience":8804,"relics_obtained":[{"floor":7.0,"key":"Bag of Preparation"},{"floor":9.0,"key":"Vajra"},{"floor":10.0,"key":"Eternal Feather"},{"floor":23,"key":"StoneCalendar"},{"floor":23,"key":"War Paint"},{"floor":25,"key":"Happy Flower"},{"floor":25,"key":"InkBottle"},{"floor":29,"key":"FossilizedHelix"},{"floor":31,"key":"Dream Catcher"},{"floor":31,"key":"Potion Belt"},{"floor":40,"key":"White Beast Statue"},{"floor":40,"key":"Centennial Puzzle"},{"floor":43,"key":"Orichalcum"},{"floor":48,"key":"Torii"},{"floor":48,"key":"Pantograph"},{"floor":54,"key":"Lantern"},{"floor":54,"key":"Pen Nib"}],"event_choices":[{"damage_healed":0.0,"max_hp_gain":0.0,"max_hp_loss":0.0,"gold_gain":75.0,"event_name":"World of Goop","player_choice":"Gather Gold","floor":2.0,"gold_loss":0.0,"damage_taken":11.0},{"cards_removed":["AdministrixMod:Defend_Administrix"],"damage_healed":0.0,"max_hp_gain":0.0,"max_hp_loss":0.0,"gold_gain":0.0,"event_name":"The Cleric","player_choice":"Card Removal","floor":3.0,"gold_loss":50.0,"damage_taken":0.0},{"damage_healed":0.0,"max_hp_gain":0.0,"max_hp_loss":0.0,"gold_gain":0.0,"event_name":"Scrap Ooze","player_choice":"Success","floor":5.0,"gold_loss":0.0,"damage_taken":12.0,"relics_obtained":["Frozen Egg 2"]},{"damage_healed":0.0,"max_hp_gain":0.0,"max_hp_loss":0.0,"gold_gain":30.0,"event_name":"Dead Adventurer","player_choice":"Searched \u00273\u0027 times","floor":11.0,"gold_loss":0.0,"damage_taken":0.0,"relics_obtained":["Oddly Smooth Stone"]},{"damage_healed":0.0,"max_hp_gain":0.0,"max_hp_loss":0.0,"gold_gain":0.0,"event_name":"FaceTrader","player_choice":"Trade","floor":13.0,"gold_loss":0.0,"damage_taken":0.0,"relics_obtained":["FaceOfCleric"]},{"damage_healed":0,"gold_gain":0,"player_choice":"2 cards matched","damage_taken":0,"max_hp_gain":0,"max_hp_loss":0,"event_name":"Match and Keep!","floor":19,"gold_loss":0,"cards_obtained":["AdministrixMod:LuminaryPath","AdministrixMod:FeastOfDew"]},{"damage_healed":0,"gold_gain":0,"player_choice":"Shed Blood","damage_taken":18,"max_hp_gain":5,"max_hp_loss":0,"event_name":"Forgotten Altar","floor":24,"gold_loss":0},{"damage_healed":0,"gold_gain":0,"player_choice":"Fight","damage_taken":0,"max_hp_gain":0,"max_hp_loss":0,"event_name":"Colosseum","floor":29,"gold_loss":0},{"damage_healed":0,"gold_gain":0,"player_choice":"Fought Nobs","damage_taken":0,"max_hp_gain":0,"max_hp_loss":0,"event_name":"Colosseum","floor":29,"gold_loss":0},{"cards_removed":["AdministrixMod:LifeforceNet"],"damage_healed":0,"gold_gain":0,"player_choice":"Removed Attack","damage_taken":0,"max_hp_gain":0,"max_hp_loss":0,"event_name":"Falling","floor":39,"gold_loss":0},{"damage_healed":0,"gold_gain":0,"player_choice":"Max HP","damage_taken":0,"max_hp_gain":0,"max_hp_loss":4,"event_name":"Winding Halls","floor":46,"gold_loss":0}],"is_beta":false,"boss_relics":[{"not_picked":["Cursed Key","Runic Pyramid"],"picked":"Black Star"},{"not_picked":["Sozu","Fusion Hammer"],"picked":"Empty Cage"}],"items_purged_floors":[21,37,42],"is_endless":false,"potions_floor_spawned":[4,12,16,18,20,23,31,33,38,41,44,48,54],"ascension_level":1}}