{"host":"Jedit","time":1611874748,"event":{"mods":["BaseMod","Minty Spire (QoL Compilation)","Relic Stats","StSLib"],"gold_per_floor":[114,86,8,22,22,53,53,66,66,77,102,174,192,207,207,281,281,296,296,314,314,324,324,355,373,373,403,403,433,450,450,450,525,525,535,535,306,320,333,366,378,415,427,457,504,534,546,583,595,607,619,619],"floor_reached":51,"language":"ENG","playtime":2220,"items_purged":["Masterful Stab"],"score":1764,"play_id":"72af6636-656d-4fcc-a190-285d89195ddb","local_time":"20210128225908","is_ascension_mode":true,"campfire_choices":[{"data":"Glass Knife","floor":7,"key":"SMITH"},{"data":"Dagger Spray","floor":15,"key":"SMITH"},{"data":"Envenom","floor":23,"key":"SMITH"},{"data":"Cloak And Dagger","floor":32,"key":"SMITH"},{"floor":41,"key":"RECALL"},{"floor":49,"key":"REST"}],"circlet_count":0,"master_deck":["AscendersBane","Strike_G+1","Strike_G+1","Strike_G+1","Strike_G+1","Strike_G+1","Defend_G+1","Defend_G+1","Defend_G+1","Defend_G+1","Defend_G+1","Neutralize","Dagger Spray","Sucker Punch","Glass Knife+1","Backflip","Dagger Spray+1","Finisher+1","Slice+1","Backstab+1","Backflip+1","Envenom+1","Deflect","Slice+1","Heel Hook+1","Cloak And Dagger+1","Corpse Explosion+1","Cloak And Dagger+1","Deflect","Backflip","Neutralize+1","Unload+1","Flying Knee+1","Footwork","Slice+1","Footwork","Sucker Punch+1","Riddle With Holes+1"],"relics":["Ring of the Snake","NeowsBlessing","InkBottle","Molten Egg 2","Shuriken","Meat on the Bone","Black Star","Art of War","Turnip","HornCleat","Potion Belt","Mango","Du-Vu Doll","Centennial Puzzle","Busted Crown","MawBank","Smiling Mask","Incense Burner","Happy Flower","War Paint","Tingsha","Blue Candle"],"acts_visited":["Exordium","TheCity","TheBeyond"],"potions_floor_usage":[11,16,25,27,33,33,40,40,40,50,50],"damage_taken":[{"damage":0,"enemies":"Cultist","floor":1,"turns":1},{"damage":0,"enemies":"2 Louse","floor":4,"turns":1},{"damage":0,"enemies":"Gremlin Nob","floor":6,"turns":1},{"damage":0,"enemies":"Jaw Worm","floor":8,"turns":3},{"damage":3,"enemies":"Exordium Wildlife","floor":10,"turns":3},{"damage":15,"enemies":"3 Sentries","floor":11,"turns":6},{"damage":0,"enemies":"2 Fungi Beasts","floor":13,"turns":3},{"damage":0,"enemies":"Blue Slaver","floor":14,"turns":1},{"damage":27,"enemies":"The Guardian","floor":16,"turns":11},{"damage":0,"enemies":"3 Byrds","floor":18,"turns":2},{"damage":0,"enemies":"Chosen","floor":20,"turns":3},{"damage":10,"enemies":"Snecko","floor":22,"turns":3},{"damage":0,"enemies":"Gremlin Leader","floor":24,"turns":7},{"damage":2,"enemies":"Snake Plant","floor":25,"turns":3},{"damage":33,"enemies":"Book of Stabbing","floor":27,"turns":6},{"damage":7,"enemies":"Slavers","floor":29,"turns":3},{"damage":5,"enemies":"3 Cultists","floor":30,"turns":4},{"damage":24,"enemies":"Automaton","floor":33,"turns":10},{"damage":13,"enemies":"3 Darklings","floor":35,"turns":2},{"damage":0,"enemies":"3 Shapes","floor":38,"turns":4},{"damage":10,"enemies":"Spire Growth","floor":39,"turns":3},{"damage":0,"enemies":"Giant Head","floor":40,"turns":4},{"damage":4,"enemies":"Mind Bloom Boss Battle","floor":42,"turns":6},{"damage":8,"enemies":"Maw","floor":44,"turns":5},{"damage":0,"enemies":"Nemesis","floor":45,"turns":5},{"damage":33,"enemies":"Transient","floor":46,"turns":6},{"damage":23,"enemies":"Giant Head","floor":48,"turns":7},{"damage":37,"enemies":"Awakened One","floor":50,"turns":12},{"damage":21,"enemies":"Time Eater","floor":51,"turns":4}],"seed_played":"-5046334678809219803","potions_obtained":[{"floor":1,"key":"Explosive Potion"},{"floor":6,"key":"Block Potion"},{"floor":13,"key":"CultistPotion"},{"floor":14,"key":"GhostInAJar"},{"floor":20,"key":"Dexterity Potion"},{"floor":29,"key":"PowerPotion"},{"floor":30,"key":"SpeedPotion"},{"floor":38,"key":"Strength Potion"},{"floor":45,"key":"Strength Potion"},{"floor":48,"key":"Strength Potion"}],"is_trial":false,"path_per_floor":["M","$","$","M","?","E","R","M","T","M","E","T","M","M","R","B",null,"M","?","M","?","M","R","E","M","T","E","?","E","M","?","R","B",null,"M","?","$","M","M","E","R","?","T","M","E","M","?","E","R","B","B"],"character_chosen":"THE_SILENT","items_purchased":["Sucker Punch","Glass Knife","Footwork","EntropicBrew"],"campfire_rested":1,"item_purchase_floors":[2,3,37,37],"current_hp_per_floor":[59,59,59,59,64,64,64,64,64,61,46,46,46,46,46,31,61,61,61,61,61,51,51,51,49,49,42,42,47,54,54,54,42,74,61,61,61,61,51,51,51,47,47,51,51,30,30,19,44,19,0,0],"gold":619,"neow_bonus":"THREE_ENEMY_KILL","is_daily":false,"chose_seed":false,"campfire_upgraded":4,"win_rate":0.0,"timestamp":1611874748,"path_taken":["M","?","$","M","?","E","R","M","T","M","E","?","M","M","R","BOSS","M","?","M","?","M","R","E","M","T","E","?","E","?","?","R","BOSS","M","?","$","?","M","E","R","?","T","M","E","M","?","E","R","BOSS","BOSS"],"items_purchased_type":["Card","Card","Card","Potion"],"build_version":"2020-12-18","purchased_purges":1,"victory":false,"max_hp_per_floor":[66,66,66,66,71,71,71,71,71,71,71,71,71,71,71,71,71,71,71,71,71,71,71,71,71,71,85,85,85,85,85,85,85,85,85,85,85,85,85,85,85,85,85,85,85,85,85,85,85,85,85,85],"relic_stats":{"Happy Flower":[9],"counters":[29,129],"Blue Candle":[0],"Tingsha":[3],"War Paint":["Backflip","Cloak And Dagger"],"MawBank":132,"Smiling Mask":0,"Centennial Puzzle":[30],"Busted Crown":18,"Shuriken":[90],"Turnip":[7],"Black Star":6,"Art of War":[4],"obtain_stats":[{"Potion Belt":27,"NeowsBlessing":0,"Happy Flower":45,"Blue Candle":48,"Mango":27,"Tingsha":48,"Incense Burner":42,"War Paint":45,"MawBank":40,"Smiling Mask":40,"Du-Vu Doll":29,"Centennial Puzzle":29,"HornCleat":26,"Busted Crown":34,"Shuriken":11,"Molten Egg 2":9,"Turnip":24,"Black Star":17,"Art of War":24,"InkBottle":6,"Ring of the Snake":0,"Meat on the Bone":12},{"Potion Belt":15,"NeowsBlessing":0,"Happy Flower":25,"Blue Candle":27,"Mango":15,"Tingsha":27,"Incense Burner":23,"War Paint":25,"MawBank":22,"Smiling Mask":22,"Du-Vu Doll":16,"Centennial Puzzle":16,"HornCleat":14,"Busted Crown":18,"Shuriken":6,"Molten Egg 2":4,"Turnip":13,"Black Star":9,"Art of War":13,"InkBottle":3,"Ring of the Snake":0,"Meat on the Bone":6},{"Potion Belt":54,"NeowsBlessing":0,"Happy Flower":100,"Blue Candle":113,"Mango":54,"Tingsha":113,"Incense Burner":90,"War Paint":100,"MawBank":84,"Smiling Mask":84,"Du-Vu Doll":57,"Centennial Puzzle":57,"HornCleat":48,"Busted Crown":71,"Shuriken":15,"Molten Egg 2":6,"Turnip":45,"Black Star":30,"Art of War":45,"InkBottle":3,"Ring of the Snake":0,"Meat on the Bone":15}],"InkBottle":[57],"Ring of the Snake":[58],"Meat on the Bone":108},"card_choices":[{"not_picked":["Flechettes","PiercingWail"],"picked":"Dagger Spray","floor":1},{"not_picked":["Eviscerate","Concentrate"],"picked":"Masterful Stab","floor":4},{"not_picked":["Flechettes","Quick Slash"],"picked":"Backflip","floor":6},{"not_picked":["Riddle With Holes","Quick Slash"],"picked":"Dagger Spray","floor":8},{"not_picked":["Bane+1","Riddle With Holes+1"],"picked":"Finisher+1","floor":10},{"not_picked":["PiercingWail","Reflex"],"picked":"Slice+1","floor":11},{"not_picked":["Dodge and Roll","Dash+1"],"picked":"Backstab+1","floor":13},{"not_picked":["Concentrate","PiercingWail"],"picked":"Backflip","floor":14},{"not_picked":["Bullet Time","Die Die Die+1"],"picked":"Envenom","floor":16},{"not_picked":["Flying Knee+1","Dagger Throw+1"],"picked":"Deflect","floor":18},{"not_picked":["Acrobatics","Sucker Punch+1"],"picked":"Heel Hook+1","floor":20},{"not_picked":["Dagger Throw+1","Predator+1"],"picked":"Cloak And Dagger","floor":22},{"not_picked":["Underhanded Strike+1","Riddle With Holes+1"],"picked":"Corpse Explosion","floor":24},{"not_picked":["Finisher+1","Concentrate+1"],"picked":"Skewer+1","floor":25},{"not_picked":["Expertise+1","Dodge and Roll"],"picked":"Cloak And Dagger","floor":27},{"not_picked":["Finisher+1","Heel Hook+1"],"picked":"Deflect","floor":29},{"not_picked":["Infinite Blades","Flying Knee+1"],"picked":"Backflip","floor":30},{"not_picked":["Doppelganger","Tools of the Trade"],"picked":"Unload+1","floor":33},{"not_picked":["Flying Knee+1"],"picked":"SKIP","floor":35},{"not_picked":[],"picked":"Slice+1","floor":38},{"not_picked":["Outmaneuver+1"],"picked":"SKIP","floor":39},{"not_picked":[],"picked":"Footwork","floor":40},{"not_picked":["Predator+1"],"picked":"SKIP","floor":44},{"not_picked":["Eviscerate+1"],"picked":"SKIP","floor":45},{"not_picked":[],"picked":"Sucker Punch+1","floor":46},{"not_picked":[],"picked":"Riddle With Holes+1","floor":48}],"player_experience":3457761,"relics_obtained":[{"floor":6,"key":"InkBottle"},{"floor":9,"key":"Molten Egg 2"},{"floor":11,"key":"Shuriken"},{"floor":12,"key":"Meat on the Bone"},{"floor":24,"key":"Art of War"},{"floor":24,"key":"Turnip"},{"floor":26,"key":"HornCleat"},{"floor":27,"key":"Potion Belt"},{"floor":27,"key":"Mango"},{"floor":29,"key":"Du-Vu Doll"},{"floor":29,"key":"Centennial Puzzle"},{"floor":40,"key":"MawBank"},{"floor":40,"key":"Smiling Mask"},{"floor":42,"key":"Incense Burner"},{"floor":45,"key":"Happy Flower"},{"floor":45,"key":"War Paint"},{"floor":48,"key":"Tingsha"},{"floor":48,"key":"Blue Candle"}],"event_choices":[{"damage_healed":0,"gold_gain":0,"player_choice":"Donut","damage_taken":0,"max_hp_gain":5,"max_hp_loss":0,"event_name":"Big Fish","floor":5,"gold_loss":0},{"damage_healed":0,"gold_gain":0,"player_choice":"Read","damage_taken":0,"max_hp_gain":0,"max_hp_loss":0,"event_name":"The Library","floor":19,"gold_loss":0,"cards_obtained":["Slice"]},{"damage_healed":0,"gold_gain":0,"player_choice":"Simplicity","damage_taken":0,"max_hp_gain":0,"max_hp_loss":0,"event_name":"Back to Basics","floor":21,"gold_loss":0,"cards_upgraded":["Strike_G","Strike_G","Strike_G","Strike_G","Strike_G","Defend_G","Defend_G","Defend_G","Defend_G","Defend_G"]},{"damage_healed":0,"gold_gain":0,"player_choice":"Upgraded","damage_taken":0,"max_hp_gain":0,"max_hp_loss":0,"event_name":"Upgrade Shrine","floor":28,"gold_loss":0,"cards_upgraded":["Corpse Explosion"]},{"damage_healed":0,"gold_gain":0,"player_choice":"1 cards matched","damage_taken":0,"max_hp_gain":0,"max_hp_loss":0,"event_name":"Match and Keep!","floor":31,"gold_loss":0,"cards_obtained":["Neutralize"]},{"damage_healed":0,"gold_gain":0,"cards_transformed":["Skewer"],"player_choice":"Transformed","damage_taken":0,"max_hp_gain":0,"max_hp_loss":0,"event_name":"Transmorgrifier","floor":36,"gold_loss":0,"cards_obtained":["Flying Knee"]},{"damage_healed":0,"gold_gain":0,"player_choice":"Fight","damage_taken":0,"max_hp_gain":0,"max_hp_loss":0,"event_name":"MindBloom","floor":42,"gold_loss":0},{"cards_removed":["Survivor"],"damage_healed":0,"gold_gain":0,"player_choice":"Removed Skill","damage_taken":0,"max_hp_gain":0,"max_hp_loss":0,"event_name":"Falling","floor":47,"gold_loss":0}],"is_beta":true,"boss_relics":[{"not_picked":["WristBlade","HoveringKite"],"picked":"Black Star"},{"not_picked":["SlaversCollar","Ring of the Serpent"],"picked":"Busted Crown"}],"items_purged_floors":[37],"is_endless":false,"potions_floor_spawned":[1,6,13,14,20,22,29,30,38,45,48],"killed_by":"Time Eater","ascension_level":20}}