{"host":"d744ndivyohnro60","time":1611793489,"event":{"mods":["BaseMod","Bestiary","Colored Powertips","Minty Spire (QoL Compilation)","Relic Stats"],"gold_per_floor":[125,154,166,178,190,232,255,267,304,316,512,563,604,642,654,666,666],"floor_reached":16,"language":"ENG","playtime":517,"items_purged":[],"score":155,"play_id":"a1b435a7-dadf-4638-93d1-4e5d4f07cb3b","local_time":"20210127192449","is_ascension_mode":true,"campfire_choices":[{"floor":8,"key":"REST"},{"data":"Consume","floor":10,"key":"SMITH"},{"data":"Stack","floor":15,"key":"SMITH"}],"circlet_count":0,"master_deck":["Strike_B","Strike_B","Strike_B","Strike_B","Defend_B","Defend_B","Defend_B","Defend_B","Zap","Dualcast","Ball Lightning","Sunder","Consume+1","Stack+1","Doubt","Reboot","Skim","Leap"],"relics":["Cracked Core","MawBank","Juzu Bracelet","Cables","CeramicFish","Strawberry"],"acts_visited":["Exordium"],"potions_floor_usage":[6,12],"damage_taken":[{"damage":8,"enemies":"2 Louse","floor":1,"turns":2},{"damage":1,"enemies":"Cultist","floor":2,"turns":3},{"damage":35,"enemies":"Lagavulin","floor":6,"turns":5},{"damage":0,"enemies":"Small Slimes","floor":7,"turns":1},{"damage":0,"enemies":"Gremlin Nob","floor":12,"turns":2},{"damage":3,"enemies":"Blue Slaver","floor":13,"turns":2},{"damage":4,"enemies":"Red Slaver","floor":14,"turns":2},{"damage":47,"enemies":"The Guardian","floor":16,"turns":9}],"seed_played":"336189862867233721","potions_obtained":[{"floor":1,"key":"Energy Potion"},{"floor":2,"key":"BlessingOfTheForge"},{"floor":14,"key":"FearPotion"}],"is_trial":false,"path_per_floor":["M","M","?","$","?","E","M","R","T","R","?","E","M","M","R","B"],"character_chosen":"DEFECT","items_purchased":[],"campfire_rested":1,"item_purchase_floors":[],"current_hp_per_floor":[67,66,66,66,59,24,24,46,46,46,46,53,50,46,46,0,0],"gold":666,"neow_bonus":"RANDOM_COMMON_RELIC","is_daily":false,"chose_seed":false,"campfire_upgraded":2,"win_rate":0.0,"timestamp":1611793489,"path_taken":["M","M","?","$","?","E","M","R","T","R","?","E","M","M","R","BOSS"],"items_purchased_type":[],"build_version":"2020-12-22","purchased_purges":0,"victory":false,"max_hp_per_floor":[75,75,75,75,75,75,75,75,75,75,75,82,82,82,82,82,82],"relic_stats":{"counters":[8,26],"CeramicFish":36,"Juzu Bracelet":0,"MawBank":192,"obtain_stats":[{"CeramicFish":9,"Strawberry":12,"Juzu Bracelet":5,"Cracked Core":0,"MawBank":0,"Cables":6},{"CeramicFish":4,"Strawberry":5,"Juzu Bracelet":2,"Cracked Core":0,"MawBank":0,"Cables":3},{"CeramicFish":11,"Strawberry":13,"Juzu Bracelet":5,"Cracked Core":0,"MawBank":0,"Cables":10}],"Cables":[15,15,0,0,0]},"card_choices":[{"not_picked":["Rebound","Cold Snap"],"picked":"Ball Lightning","floor":1},{"not_picked":["Darkness","Steam"],"picked":"Sunder","floor":2},{"not_picked":["Rebound","Melter"],"picked":"Consume","floor":6},{"not_picked":["Streamline","Redo"],"picked":"Stack","floor":7},{"not_picked":["Rip and Tear","Leap"],"picked":"Reboot","floor":12},{"not_picked":["Capacitor","Coolheaded"],"picked":"Skim","floor":13},{"not_picked":["Rebound","Barrage"],"picked":"Leap","floor":14}],"player_experience":149441,"relics_obtained":[{"floor":6,"key":"Cables"},{"floor":9,"key":"CeramicFish"},{"floor":12,"key":"Strawberry"}],"event_choices":[{"damage_healed":0,"gold_gain":0,"player_choice":"Bought 0 Potions","damage_taken":0,"max_hp_gain":0,"max_hp_loss":0,"event_name":"The Woman in Blue","floor":3,"gold_loss":0},{"damage_healed":0,"gold_gain":0,"player_choice":"Success","damage_taken":7,"relics_obtained":["Juzu Bracelet"],"max_hp_gain":0,"max_hp_loss":0,"event_name":"Scrap Ooze","floor":5,"gold_loss":0},{"damage_healed":0,"gold_gain":175,"player_choice":"AGREE","damage_taken":0,"max_hp_gain":0,"max_hp_loss":0,"event_name":"Liars Game","floor":11,"gold_loss":0,"cards_obtained":["Doubt"]}],"is_beta":false,"boss_relics":[],"items_purged_floors":[],"is_endless":false,"potions_floor_spawned":[1,2,14],"killed_by":"The Guardian","ascension_level":3}}