{"host":"1vzdexsn8vtq5lt7","time":1611832396,"event":{"mods":["Act Like it!","BaseMod","Colored Map","Colored Powertips","Conspire","Downfall","Easy Mod","Energized Spire","Minty Spire (QoL Compilation)","Quick Restart","Relic Stats","Replay The Spire","StSLib","SuperFastMode","TestMod","【功能Mod】Neow奖励","【功能Mod】混沌之环修复补丁","【功能Mod】精心准备","【遗物卡牌】REMEMod","没有小屋子和绿帽子啦"],"gold_per_floor":[99,109,142,198,251,280,307,347,447,480,480,99,99,139,176,279,279,279,322,357,399,441,452,529,429,447,505,519,532,557,581,603,708,708,708,725,748,793,76,76,99,151,32,45,45,45,45,45,45],"floor_reached":47,"language":"ZHS","playtime":2853,"items_purged":["hexamod:Strike","hexamod:Strike","hexamod:Defend"],"score":634,"play_id":"ac3c8ea9-02f4-4d4a-bea4-81476ca6235d","local_time":"20210128191316","is_ascension_mode":false,"campfire_choices":[{"data":"HandOfGreed","floor":11.0,"key":"SMITH"},{"data":"hexamod:UnleashSpirits","floor":13.0,"key":"SMITH"},{"data":"hexamod:SpectersWail","floor":18.0,"key":"SMITH"},{"data":"hexamod:Rewind","floor":25.0,"key":"SMITH"},{"data":"hexamod:HexaLevel","floor":35.0,"key":"SMITH"},{"floor":46,"key":"RECALL"}],"circlet_count":0,"master_deck":["EasyMod:card_1","hexamod:Strike+1","hexamod:Strike","hexamod:Defend","hexamod:Defend","hexamod:Sear","hexamod:Float","HandOfGreed+1","hexamod:GhostOfSpirePresent","hexamod:GhostOfSpirePast+1","hexamod:GhostShield+1","hexamod:NightmareStrike","hexamod:SpectersWail+1","hexamod:GhostLash","hexamod:UnleashSpirits+1","hexamod:EtherealExpedition","hexamod:NightmareStrike","hexamod:NightmareGuise","hexamod:ThirdSeal","hexamod:TimeOfNeed","hexamod:Rewind+1","hexamod:RadiantFlame","hexamod:GhostShield+1","hexamod:GhostLash+1","hexamod:NightmareStrike+1","hexamod:FirstSeal","hexamod:DynamicBlow","hexamod:RecurringNightmare+1","hexamod:NightmareGuise+1","hexamod:Hexaguard","hexamod:ExtraCrispy","hexamod:SecondSeal","hexamod:Hexaguard","hexamod:GhostflameInferno+1","hexamod:SixthSeal","hexamod:HexaLevel+1","hexamod:ChargedBarrage+1","hexamod:EmpoweredFlame+1","hexamod:ForkedFlame","REME_MawOfCthun","expansioncontent:StudyTheSpire"],"relics":["hexamod:SpiritBrand","testmod-TestBox","REME_ComplimentaryCards","testmod-Alchemist","Bronze Scales","EasyMod:Easy_5","energizedSpire:NeverEndingSparkler","Snack Pack","downfall:HeartBlessingGreen","ReplayTheSpireMod:TigerMarble","conspire:Dentures","White Beast Statue","EasyMod:Easy_8","Juzu Bracelet","Replay:Baseball","Blue Candle"],"acts_visited":["Exordium","TheCity","TheBeyond"],"potions_floor_usage":[42,43,44,47,47],"damage_taken":[{"damage":0.0,"enemies":"Cultist","floor":2.0,"turns":3.0},{"damage":3.0,"enemies":"conspire:RoseBush","floor":3.0,"turns":6.0},{"damage":0.0,"enemies":"Small Slimes","floor":4.0,"turns":3.0},{"damage":7.0,"enemies":"Exordium Thugs","floor":5.0,"turns":4.0},{"damage":6.0,"enemies":"Replay:BlueRogue","floor":6.0,"turns":3.0},{"damage":10.0,"enemies":"3 Louse","floor":8.0,"turns":2.0},{"damage":4.0,"enemies":"Exordium Wildlife","floor":10.0,"turns":3.0},{"damage":0.0,"enemies":"downfall:FleeingMerchant","floor":12.0,"turns":4.0},{"damage":9.0,"enemies":"Gremlin Gang","floor":14.0,"turns":3.0},{"damage":7.0,"enemies":"Exordium Thugs","floor":15.0,"turns":4.0},{"damage":0.0,"enemies":"WA_ARCHETYPE_RETAIN","floor":16.0,"turns":3.0},{"damage":16.0,"enemies":"conspire:FuzzyDice","floor":19.0,"turns":5.0},{"damage":0.0,"enemies":"3 Byrds","floor":20.0,"turns":3.0},{"damage":10.0,"enemies":"conspire:HollyBat","floor":21.0,"turns":9.0},{"damage":5.0,"enemies":"Chosen and Byrds","floor":22.0,"turns":6.0},{"damage":6.0,"enemies":"Shelled Parasite and Fungi","floor":23.0,"turns":3.0},{"damage":0.0,"enemies":"Snecko","floor":26.0,"turns":4.0},{"damage":3.0,"enemies":"Replay:Snechameleon","floor":27.0,"turns":4.0},{"damage":21.0,"enemies":"Snake Plant","floor":28.0,"turns":2.0},{"damage":0.0,"enemies":"Centurion and Healer","floor":29.0,"turns":6.0},{"damage":0.0,"enemies":"conspire:SneckoGhost","floor":30.0,"turns":5.0},{"damage":5.0,"enemies":"Shelled Parasite and Fungi","floor":31.0,"turns":4.0},{"damage":4.0,"enemies":"conspire:HollyBat","floor":32.0,"turns":7.0},{"damage":50.0,"enemies":"DF_ARCHETYPE_CLAW","floor":33.0,"turns":9.0},{"damage":0.0,"enemies":"Orb Walker","floor":36.0,"turns":3.0},{"damage":13.0,"enemies":"3 Darklings","floor":37.0,"turns":6.0},{"damage":15.0,"enemies":"4 Shapes","floor":38.0,"turns":5.0},{"damage":0.0,"enemies":"downfall:FleeingMerchant","floor":39.0,"turns":4.0},{"damage":14,"enemies":"Giant Head","floor":42,"turns":9},{"damage":0,"enemies":"downfall:FleeingMerchant","floor":43,"turns":5},{"damage":11,"enemies":"Spire Growth","floor":44,"turns":4},{"damage":42,"enemies":"Nemesis","floor":47,"turns":6}],"seed_played":"-7674892301343960018","potions_obtained":[{"floor":3.0,"key":"PowerPotion"},{"floor":4.0,"key":"SkillPotion"},{"floor":14.0,"key":"Adrenaline Potion"},{"floor":15.0,"key":"Doom Potion"},{"floor":21.0,"key":"testmod-TimePotion"},{"floor":28.0,"key":"Swift Potion"},{"floor":29.0,"key":"FearPotion"},{"floor":31.0,"key":"hexamod:EctoCoolerPotion"},{"floor":33.0,"key":"SpeedPotion"},{"floor":36.0,"key":"testmod-TimePotion"},{"floor":38.0,"key":"SteroidPotion"},{"floor":40.0,"key":"Flashbang"},{"floor":42,"key":"bronze:BurnAndBuffPotion"},{"floor":43,"key":"AttackPotion"},{"floor":44,"key":"Fire Potion"}],"is_trial":false,"path_per_floor":["R_BF","M","M","M","M","E","T","M","?","M","R","$","R","M","M","B",null,"R","M","M","M","M","M","T","R","M","E","M","M","E","M","M","B",null,"R","M","M","M","$","?","T","E","$","M","?","R","E"],"character_chosen":"THE_SPIRIT","items_purchased":["hexamod:UnleashSpirits","hexamod:EtherealExpedition","hexamod:NightmareStrike","hexamod:ForkedFlame","White Beast Statue","REME_MawOfCthun","Replay:Baseball","expansioncontent:StudyTheSpire"],"campfire_rested":0,"item_purchase_floors":[12,12,12,39,39,39,43,43],"current_hp_per_floor":[70,70,67,67,60,54,54,44,44,42,42,42,42,33,27,27,70,70,54,54,51,46,49,49,49,56,62,50,57,57,64,70,43,70,70,70,66,56,56,56,56,49,58,47,42,42,0,0,0],"gold":45,"neow_bonus":"ONE_RANDOM_RARE_CARD","is_daily":false,"chose_seed":false,"campfire_upgraded":5,"win_rate":0.0,"timestamp":1611832396,"path_taken":["R_BF","M","?","M","M","E","T","M","?","M","R","$","R","?","M","BOSS","R","M","M","?","M","M","T","R","M","E","M","M","E","M","M","BOSS","R","M","M","M","$","?","T","E","?","M","?","R","E"],"items_purchased_type":["Card","Card","Card","Card","Relic","Card","Relic","Card"],"build_version":"2020-12-22","purchased_purges":3,"victory":false,"max_hp_per_floor":[70,70,70,70,70,70,70,70,70,70,70,70,70,70,70,70,70,70,70,70,70,70,70,70,70,70,70,70,70,70,70,70,70,70,70,70,70,70,70,70,70,70,70,70,70,70,70,70,70],"relic_stats":{"counters":[32,147],"Bronze Scales":[311],"Blue Candle":[0],"Juzu Bracelet":0,"obtain_stats":[{"conspire:Dentures":30,"testmod-TestBox":0,"Blue Candle":45,"downfall:HeartBlessingGreen":25,"Juzu Bracelet":42,"White Beast Statue":39,"EasyMod:Easy_5":7,"Replay:Baseball":43,"testmod-Alchemist":0,"energizedSpire:NeverEndingSparkler":17,"EasyMod:Easy_8":41,"Bronze Scales":6,"Snack Pack":24,"ReplayTheSpireMod:TigerMarble":27,"hexamod:SpiritBrand":0,"REME_ComplimentaryCards":0},{"conspire:Dentures":21,"testmod-TestBox":0,"Blue Candle":31,"downfall:HeartBlessingGreen":16,"Juzu Bracelet":29,"White Beast Statue":28,"EasyMod:Easy_5":5,"Replay:Baseball":30,"testmod-Alchemist":0,"energizedSpire:NeverEndingSparkler":11,"EasyMod:Easy_8":28,"Bronze Scales":5,"Snack Pack":16,"ReplayTheSpireMod:TigerMarble":18,"hexamod:SpiritBrand":0,"REME_ComplimentaryCards":0},{"conspire:Dentures":85,"testmod-TestBox":0,"Blue Candle":141,"downfall:HeartBlessingGreen":64,"Juzu Bracelet":132,"White Beast Statue":123,"EasyMod:Easy_5":19,"Replay:Baseball":137,"testmod-Alchemist":0,"energizedSpire:NeverEndingSparkler":38,"EasyMod:Easy_8":123,"Bronze Scales":19,"Snack Pack":64,"ReplayTheSpireMod:TigerMarble":72,"hexamod:SpiritBrand":0,"REME_ComplimentaryCards":0}]},"card_choices":[{"not_picked":["hexamod:ThermalTransfer","hexamod:InspiringFlames"],"picked":"hexamod:GhostShield","floor":2.0},{"not_picked":["hexamod:AdvancingGuard","hexamod:GhostShield"],"picked":"hexamod:NightmareStrike","floor":3.0},{"not_picked":["hexamod:NecessarySacrifice","hexamod:FastForward","hexamod:Incineration"],"picked":"SKIP","floor":4.0},{"not_picked":["hexamod:GhostShield","hexamod:ShieldOfDarkness"],"picked":"hexamod:SpectersWail","floor":5.0},{"not_picked":["hexamod:SpectersWail","hexamod:GhostShield","hexamod:BacktrackSmack"],"picked":"SKIP","floor":6.0},{"not_picked":["hexamod:SpectersWail","hexamod:Firestarter","hexamod:ShieldOfDarkness"],"picked":"SKIP","floor":8.0},{"not_picked":["hexamod:EtherealExpedition","hexamod:Haunt"],"picked":"hexamod:GhostLash","floor":10.0},{"not_picked":["hexamod:Incineration","hexamod:GhostShield","hexamod:HauntingEcho"],"picked":"SKIP","floor":12.0},{"not_picked":["hexamod:WildfireWeapon","hexamod:ThermalTransfer"],"picked":"hexamod:NightmareGuise","floor":14.0},{"not_picked":["hexamod:ShieldOfDarkness","hexamod:HauntingEcho"],"picked":"hexamod:ThirdSeal","floor":15.0},{"not_picked":["hexamod:UnleashSpirits","hexamod:SearingWound"],"picked":"hexamod:TimeOfNeed","floor":16.0},{"not_picked":["hexamod:NightmareStrike","hexamod:AdvancingGuard+1"],"picked":"hexamod:Rewind","floor":19.0},{"not_picked":["hexamod:RetreatToShadows","hexamod:BacktrackSmack+1","hexamod:NightmareGuise"],"picked":"SKIP","floor":19.0},{"not_picked":["hexamod:FastForward","hexamod:SoulSteal+1"],"picked":"hexamod:RadiantFlame","floor":20.0},{"not_picked":["hexamod:SpectersWail","hexamod:AdvancingGuard"],"picked":"hexamod:GhostShield+1","floor":20.0},{"not_picked":["hexamod:InspiringFlames","hexamod:Again"],"picked":"hexamod:GhostLash+1","floor":21.0},{"not_picked":["hexamod:SpectralAdrenaline","hexamod:FastForward"],"picked":"hexamod:NightmareStrike+1","floor":21.0},{"not_picked":["hexamod:NightmareGuise","hexamod:NightmareStrike+1","hexamod:TurnItUp"],"picked":"SKIP","floor":22.0},{"not_picked":["hexamod:InspiringFlames","hexamod:RetreatToShadows","hexamod:ThermalTransfer+1"],"picked":"SKIP","floor":22.0},{"not_picked":["hexamod:SpectralAdrenaline","hexamod:NightmareStrike"],"picked":"hexamod:FirstSeal","floor":23.0},{"not_picked":["hexamod:Firestarter","hexamod:BurningTouch","hexamod:GhostShield"],"picked":"SKIP","floor":23.0},{"not_picked":["hexamod:SpectersWail","hexamod:SearingWound"],"picked":"hexamod:DynamicBlow","floor":26.0},{"not_picked":["hexamod:RetreatToShadows","hexamod:TurnItUp"],"picked":"hexamod:RecurringNightmare+1","floor":27.0},{"not_picked":["hexamod:ShieldOfDarkness+1","hexamod:RecurringNightmare"],"picked":"hexamod:NightmareGuise+1","floor":27.0},{"not_picked":["hexamod:HauntingEcho","hexamod:BurningTouch"],"picked":"hexamod:Hexaguard","floor":28.0},{"not_picked":["hexamod:StepThrough","hexamod:SwordOfDarkness","hexamod:BurningTouch"],"picked":"SKIP","floor":28.0},{"not_picked":["hexamod:HauntingEcho+1","hexamod:Incineration"],"picked":"hexamod:ExtraCrispy","floor":29.0},{"not_picked":["hexamod:InspiringFlames","hexamod:SpectersWail+1","hexamod:FastForward"],"picked":"SKIP","floor":29.0},{"not_picked":["hexamod:NecessarySacrifice","hexamod:HeatShield"],"picked":"hexamod:SecondSeal","floor":30.0},{"not_picked":["hexamod:FirstSeal","hexamod:FastForward","hexamod:NightmareStrike"],"picked":"SKIP","floor":30.0},{"not_picked":["hexamod:GhostOfSpirePresent","hexamod:GhostShield"],"picked":"hexamod:Hexaguard","floor":31.0},{"not_picked":["hexamod:GhostOfSpirePast","hexamod:HeatMetal+1","hexamod:Rewind"],"picked":"SKIP","floor":31.0},{"not_picked":["hexamod:SpectersWail","hexamod:SkipABeat","hexamod:GhostflameBarrier+1"],"picked":"SKIP","floor":32.0},{"not_picked":["hexamod:SkipABeat","hexamod:Incineration","hexamod:EtherealExpedition"],"picked":"SKIP","floor":32.0},{"not_picked":["hexamod:WildfireWeapon","hexamod:VolcanoVisage"],"picked":"hexamod:GhostflameInferno","floor":33.0},{"not_picked":["hexamod:TimeOfNeed","hexamod:GhostOfSpirePresent"],"picked":"hexamod:SixthSeal","floor":33.0},{"not_picked":["hexamod:GhostOfSpirePresent","hexamod:VolcanoVisage"],"picked":"hexamod:HexaLevel","floor":33.0},{"not_picked":["hexamod:Firestarter","hexamod:HauntingEcho+1","hexamod:SpectersWail"],"picked":"SKIP","floor":36.0},{"not_picked":["hexamod:HeatMetal","hexamod:ThermalTransfer+1","hexamod:Firestarter"],"picked":"SKIP","floor":37.0},{"not_picked":["hexamod:AdvancingGuard+1","hexamod:SwordOfDarkness","hexamod:BurningTouch+1"],"picked":"SKIP","floor":37.0},{"not_picked":["hexamod:GhostShield","hexamod:HeatMetal+1"],"picked":"hexamod:ChargedBarrage+1","floor":38.0},{"not_picked":["hexamod:GhostLash","hexamod:NightmareGuise"],"picked":"hexamod:EmpoweredFlame+1","floor":38.0},{"not_picked":["hexamod:RainOfEmbers","hexamod:Rewind","hexamod:Hexaguard+1"],"picked":"SKIP","floor":39.0},{"not_picked":["hexamod:NightmareStrike","hexamod:GhostOfSpirePast+1","hexamod:GhostflameBarrier"],"picked":"SKIP","floor":39.0},{"not_picked":["hexamod:PhantomCloak+1","hexamod:RetreatToShadows+1","hexamod:BacktrackSmack+1"],"picked":"SKIP","floor":42},{"not_picked":["hexamod:AdvancingGuard+1","hexamod:Firestarter+1","hexamod:HeatShield+1"],"picked":"SKIP","floor":42},{"not_picked":["hexamod:AdvancingGuard","hexamod:TurnItUp","hexamod:HauntingEcho"],"picked":"SKIP","floor":43},{"not_picked":["hexamod:SpectersWail","hexamod:FastForward+1","hexamod:SpectralAdrenaline"],"picked":"SKIP","floor":43},{"not_picked":["hexamod:CatchUp+1","hexamod:NightmareGuise","hexamod:BacktrackSmack"],"picked":"SKIP","floor":44},{"not_picked":["hexamod:GhostLash","hexamod:ChargedBarrage+1","hexamod:EmpoweredFlame"],"picked":"SKIP","floor":44}],"player_experience":230521,"relics_obtained":[{"floor":6.0,"key":"Bronze Scales"},{"floor":7.0,"key":"EasyMod:Easy_5"},{"floor":24.0,"key":"Snack Pack"},{"floor":27.0,"key":"ReplayTheSpireMod:TigerMarble"},{"floor":30.0,"key":"conspire:Dentures"},{"floor":41.0,"key":"EasyMod:Easy_8"},{"floor":42,"key":"Juzu Bracelet"}],"event_choices":[{"damage_healed":0.0,"max_hp_gain":0.0,"max_hp_loss":0.0,"gold_gain":100.0,"event_name":"Wheel of Change","player_choice":"Gold","floor":9.0,"gold_loss":0.0,"damage_taken":0.0},{"damage_healed":0.0,"max_hp_gain":0.0,"max_hp_loss":0.0,"gold_gain":0.0,"event_name":"Lab","player_choice":"Got Potions","floor":40.0,"gold_loss":0.0,"damage_taken":0.0}],"is_beta":false,"boss_relics":[{"not_picked":["Replay:Grab Bag","energizedSpire:SpiderWeb"],"picked":"energizedSpire:NeverEndingSparkler"},{"not_picked":["conspire:RoyalGoblet","Fusion Hammer","testmod-Fanaticism"]}],"items_purged_floors":[12,39,43],"is_endless":false,"potions_floor_spawned":[3,4,14,15,21,26,28,29,31,33,36,38,42,43,44],"killed_by":"Nemesis","ascension_level":0}}