{"host":"pqdmw9ziw952p6hk","time":1611866884,"event":{"mods":["BaseMod","Block Reminder","Colored Map","Minty Spire (QoL Compilation)","Permanent Neow","Quick Restart"],"gold_per_floor":[113,133,35,45,145,173,190,190,240,252,26,61,25,45,45,149,149,166,28,127,50,67,67,67,67,91,91,111,440,440,458,458,559,559,572,572,24,43,0,0,18,53,53,53,7,27,27,58,58,58,58],"floor_reached":50,"language":"ENG","playtime":3100,"items_purged":["Strike_B","Defend_B"],"score":551,"play_id":"dd725f61-b53c-4105-b358-4cdb0ab45fbe","local_time":"20210128204804","is_ascension_mode":false,"campfire_choices":[{"data":"Doom and Gloom","floor":8.0,"key":"SMITH"},{"data":"Zap","floor":10.0,"key":"SMITH"},{"data":"Sweeping Beam","floor":15.0,"key":"SMITH"},{"data":"Creative AI","floor":23,"key":"SMITH"},{"data":"Self Repair","floor":30,"key":"SMITH"},{"floor":32,"key":"REST"},{"data":"Tempest","floor":40,"key":"SMITH"},{"data":"Reboot","floor":44,"key":"SMITH"},{"data":"Leap","floor":47,"key":"SMITH"},{"data":"Barrage","floor":49,"key":"SMITH"}],"circlet_count":0,"master_deck":["Strike_B+1","Strike_B+1","Defend_B+1","Defend_B+1","Defend_B+1","Zap+1","Dualcast","CurseOfTheBell","Cold Snap","Doom and Gloom+1","Gash","Leap+1","Sweeping Beam+1","Capacitor","Tempest+1","Melter","Creative AI+1","Conserve Battery+1","Self Repair+1","Glacier","Beam Cell+1","Gash+1","Reboot+1","Coolheaded+1","Gash","Barrage+1"],"relics":["Calling Bell","Omamori","Mercury Hourglass","Peace Pipe","Matryoshka","Strawberry","MawBank","Vajra","Bottled Flame","Nuclear Battery","Question Card","Lantern","Old Coin","Philosopher\u0027s Stone","Ornamental Fan","Eternal Feather","Red Mask","Pen Nib","Bronze Scales","MealTicket"],"acts_visited":["Exordium","TheCity","TheBeyond"],"potions_floor_usage":[28,28,33,48,48,48,48,48,50,50],"damage_taken":[{"damage":1.0,"enemies":"Jaw Worm","floor":1.0,"turns":5.0},{"damage":0.0,"enemies":"Cultist","floor":2.0,"turns":4.0},{"damage":7.0,"enemies":"Small Slimes","floor":4.0,"turns":3.0},{"damage":8.0,"enemies":"3 Sentries","floor":6.0,"turns":6.0},{"damage":3.0,"enemies":"Blue Slaver","floor":7.0,"turns":5.0},{"damage":17.0,"enemies":"Lagavulin","floor":12.0,"turns":7.0},{"damage":8.0,"enemies":"Looter","floor":14.0,"turns":3.0},{"damage":18.0,"enemies":"The Guardian","floor":16.0,"turns":9.0},{"damage":22,"enemies":"Shell Parasite","floor":18,"turns":5},{"damage":3,"enemies":"3 Byrds","floor":22,"turns":4},{"damage":1,"enemies":"Snecko","floor":28,"turns":6},{"damage":24,"enemies":"Slavers","floor":29,"turns":4},{"damage":4,"enemies":"Snake Plant","floor":31,"turns":5},{"damage":65,"enemies":"Collector","floor":33,"turns":14},{"damage":38,"enemies":"3 Darklings","floor":35,"turns":5},{"damage":0,"enemies":"Orb Walker","floor":38,"turns":3},{"damage":10,"enemies":"Spire Growth","floor":41,"turns":4},{"damage":16,"enemies":"Reptomancer","floor":42,"turns":7},{"damage":8,"enemies":"Maw","floor":46,"turns":7},{"damage":34,"enemies":"Giant Head","floor":48,"turns":9},{"damage":83,"enemies":"Time Eater","floor":50,"turns":10}],"seed_played":"8025725868769922372","potions_obtained":[{"floor":6.0,"key":"Dexterity Potion"},{"floor":12.0,"key":"Fire Potion"},{"floor":14.0,"key":"Fruit Juice"},{"floor":18,"key":"EssenceOfDarkness"},{"floor":22,"key":"Block Potion"},{"floor":35,"key":"SteroidPotion"},{"floor":42,"key":"EntropicBrew"},{"floor":48,"key":"AttackPotion"}],"is_trial":false,"path_per_floor":["M","M","$","M","?","E","M","R","T","R","$","E","$","M","R","B",null,"M","$","?","$","M","R","?","?","T","?","M","E","R","M","R","B",null,"M","?","$","M","?","R","M","E","T","R","$","M","R","E","R","B"],"character_chosen":"DEFECT","items_purchased":["Gash","Capacitor","Vajra","FocusPotion","Melter","Self Repair","Glacier","Ornamental Fan","Swift Potion","Eternal Feather","Gash"],"campfire_rested":1,"item_purchase_floors":[3,11,11,11,13,19,21,37,37,37,45],"current_hp_per_floor":[74,74,74,67,67,59,56,56,63,63,63,46,46,43,43,25,87,65,65,65,65,69,69,69,69,69,69,75,51,51,57,83,28,87,59,59,59,69,69,81,81,75,75,87,87,87,87,68,83,0,0],"gold":58,"neow_bonus":"BOSS_RELIC","is_daily":false,"chose_seed":false,"campfire_upgraded":9,"win_rate":0.0,"timestamp":1611866884,"path_taken":["M","M","$","M","?","E","M","R","T","R","$","E","?","M","R","BOSS","M","$","?","$","M","R","?","?","T","?","M","E","R","M","R","BOSS","M","?","$","M","?","R","M","E","T","R","$","M","R","E","R","BOSS"],"items_purchased_type":["Card","Card","Relic","Potion","Card","Card","Card","Relic","Potion","Relic","Card"],"build_version":"2020-12-22","purchased_purges":2,"victory":false,"max_hp_per_floor":[75,75,75,75,75,75,75,75,82,82,82,82,82,87,87,87,87,87,87,87,87,87,87,87,87,87,87,87,87,87,87,87,87,87,87,87,87,87,87,87,87,87,87,87,87,87,87,87,87,87,87],"card_choices":[{"not_picked":["Darkness","Double Energy"],"picked":"Cold Snap","floor":1.0},{"not_picked":["Chaos","Darkness"],"picked":"Doom and Gloom","floor":2.0},{"not_picked":["Gash","Ball Lightning"],"picked":"Leap","floor":4.0},{"not_picked":["Consume","BootSequence","Force Field"],"picked":"SKIP","floor":6.0},{"not_picked":["Cold Snap","Double Energy"],"picked":"Sweeping Beam","floor":7.0},{"not_picked":["Stack","Redo"],"picked":"Tempest","floor":12.0},{"not_picked":["Fusion","Hello World","Streamline"],"picked":"SKIP","floor":14.0},{"not_picked":["Seek","Multi-Cast"],"picked":"Creative AI","floor":16.0},{"not_picked":["Streamline+1","Compile Driver"],"picked":"Conserve Battery+1","floor":18},{"not_picked":["Auto Shields","Compile Driver","Hello World"],"picked":"SKIP","floor":22},{"not_picked":["Heatsinks","Leap","Streamline"],"picked":"Beam Cell+1","floor":28},{"not_picked":["Reboot","Blizzard","Compile Driver+1"],"picked":"Gash+1","floor":29},{"not_picked":["Cold Snap","Streamline","Sweeping Beam","Conserve Battery+1"],"picked":"SKIP","floor":31},{"not_picked":["Seek","Creative AI","Rainbow"],"picked":"Reboot","floor":33},{"not_picked":["Gash+1","Steam+1","Cold Snap","Go for the Eyes+1"],"picked":"SKIP","floor":35},{"not_picked":["Tempest+1","BootSequence+1","Storm","Conserve Battery"],"picked":"SKIP","floor":38},{"not_picked":["Conserve Battery","Chaos+1","Force Field"],"picked":"Coolheaded+1","floor":41},{"not_picked":["Beam Cell+1","Reprogram","Leap","Cold Snap+1"],"picked":"SKIP","floor":42},{"not_picked":["Streamline","Self Repair+1","Genetic Algorithm","Gash"],"picked":"SKIP","floor":46},{"not_picked":["Go for the Eyes","Ball Lightning+1","Redo"],"picked":"Barrage","floor":48}],"player_experience":8010,"relics_obtained":[{"floor":0.0,"key":"Omamori"},{"floor":0.0,"key":"Mercury Hourglass"},{"floor":0.0,"key":"Peace Pipe"},{"floor":6.0,"key":"Matryoshka"},{"floor":9.0,"key":"Strawberry"},{"floor":9.0,"key":"MawBank"},{"floor":12.0,"key":"Bottled Flame"},{"floor":26,"key":"Question Card"},{"floor":26,"key":"Lantern"},{"floor":29,"key":"Old Coin"},{"floor":42,"key":"Pen Nib"},{"floor":43,"key":"Bronze Scales"},{"floor":48,"key":"MealTicket"}],"event_choices":[{"damage_healed":0.0,"max_hp_gain":0.0,"max_hp_loss":0.0,"gold_gain":100.0,"event_name":"Golden Shrine","player_choice":"Pray","floor":5.0,"gold_loss":0.0,"damage_taken":0.0},{"damage_healed":0,"gold_gain":99,"player_choice":"Stole From Cult","damage_taken":0,"max_hp_gain":0,"max_hp_loss":0,"event_name":"Nest","floor":20,"gold_loss":0},{"damage_healed":0,"gold_gain":0,"player_choice":"Simplicity","damage_taken":0,"max_hp_gain":0,"max_hp_loss":0,"event_name":"Back to Basics","floor":25,"gold_loss":0,"cards_upgraded":["Strike_B","Strike_B","Strike_B","Defend_B","Defend_B","Defend_B"]},{"damage_healed":0,"gold_gain":0,"player_choice":"Bought 0 Potions","damage_taken":0,"max_hp_gain":0,"max_hp_loss":0,"event_name":"The Woman in Blue","floor":27,"gold_loss":0},{"cards_removed":["Strike_B"],"damage_healed":0,"gold_gain":0,"player_choice":"Removed Attack","damage_taken":0,"max_hp_gain":0,"max_hp_loss":0,"event_name":"Falling","floor":36,"gold_loss":0},{"damage_healed":0,"gold_gain":0,"player_choice":"Paid","damage_taken":0,"relics_obtained":["Red Mask"],"max_hp_gain":0,"max_hp_loss":0,"event_name":"Tomb of Lord Red Mask","floor":39,"gold_loss":43}],"is_beta":false,"boss_relics":[{"not_picked":["Empty Cage","Cursed Key"],"picked":"Nuclear Battery"},{"not_picked":["SacredBark","SlaversCollar"],"picked":"Philosopher\u0027s Stone"}],"items_purged_floors":[3,19],"is_endless":false,"potions_floor_spawned":[6,12,14,18,22,35,42,48],"killed_by":"Time Eater","ascension_level":0}}