{"host":"vyjryxuuuxkt43k4","time":1611842814,"event":{"mods":["AchievementEnabler","BaseMod","Colored Map","DeckTracker","Keyboard Shortcuts","Minty Spire (QoL Compilation)","Permanent Neow","Quick Restart","Rare Cards Sparkle","StSLib","SuperFastMode","everything is the same but u backflip on backflip"],"gold_per_floor":[112,37,37,37,58,58,77,77,101,144,144,160,160,178,178,277,277,291,291,51,51,64,64,104,117,117,152,177,177,190,234,234,330,330,351,375,8,8,23,58,81,116,139,154,185,185,198,217,217,217,217,217,217,29,72,72],"floor_reached":57,"language":"KOR","playtime":2709,"items_purged":["Strike_R"],"score":3133,"play_id":"b45781ce-77d1-438c-bc71-c58ea4ce6e2c","local_time":"20210128230654","is_ascension_mode":true,"campfire_choices":[{"floor":6.0,"key":"REST"},{"data":"Pommel Strike","floor":8.0,"key":"SMITH"},{"data":"Demon Form","floor":11.0,"key":"SMITH"},{"data":"Whirlwind","floor":13.0,"key":"SMITH"},{"data":"Sword Boomerang","floor":15.0,"key":"SMITH"},{"data":"Corruption","floor":23.0,"key":"SMITH"},{"data":"Dark Embrace","floor":29.0,"key":"SMITH"},{"data":"Feel No Pain","floor":32.0,"key":"SMITH"},{"floor":46.0,"key":"DIG"},{"floor":49.0,"key":"RECALL"},{"floor":53.0,"key":"DIG"}],"circlet_count":0,"master_deck":["AscendersBane","Defend_R","Defend_R","Defend_R","Bash","Demon Form+1","Dual Wield","Feel No Pain+1","Pommel Strike+1","Shrug It Off","Whirlwind+1","Sword Boomerang+1","Corruption+1","Body Slam+1","Offering+1","Sentinel+1","Shrug It Off","Dark Embrace+1","Seeing Red","Rage+1","Impervious","Reaper","Havoc+1","Entrench","Double Tap","Disarm","Intimidate","Power Through","Feel No Pain+1","Evolve+1","Blood for Blood+1","Magnetism+1","Battle Trance"],"relics":["Burning Blood","Regal Pillow","Golden Idol","Happy Flower","Du-Vu Doll","Astrolabe","Medical Kit","Enchiridion","Bottled Tornado","HornCleat","Turnip","Omamori","Busted Crown","Letter Opener","Frozen Egg 2","Shovel","Blood Vial","Meat on the Bone","Bottled Lightning","Oddly Smooth Stone"],"acts_visited":["Exordium","TheCity","TheBeyond","TheEnding"],"potions_floor_usage":[],"damage_taken":[{"damage":16.0,"enemies":"2 Louse","floor":1.0,"turns":5.0},{"damage":6.0,"enemies":"Small Slimes","floor":5.0,"turns":8.0},{"damage":9.0,"enemies":"Jaw Worm","floor":7.0,"turns":4.0},{"damage":22.0,"enemies":"3 Sentries","floor":10.0,"turns":11.0},{"damage":3.0,"enemies":"Exordium Thugs","floor":12.0,"turns":4.0},{"damage":14.0,"enemies":"Blue Slaver","floor":14.0,"turns":4.0},{"damage":15.0,"enemies":"Hexaghost","floor":16.0,"turns":7.0},{"damage":0.0,"enemies":"3 Byrds","floor":18.0,"turns":2.0},{"damage":6.0,"enemies":"Chosen","floor":22.0,"turns":3.0},{"damage":19.0,"enemies":"Slavers","floor":24.0,"turns":2.0},{"damage":6.0,"enemies":"Snecko","floor":25.0,"turns":3.0},{"damage":6.0,"enemies":"Gremlin Leader","floor":27.0,"turns":1.0},{"damage":6.0,"enemies":"Sentry and Sphere","floor":28.0,"turns":2.0},{"damage":6.0,"enemies":"3 Cultists","floor":30.0,"turns":3.0},{"damage":6.0,"enemies":"Book of Stabbing","floor":31.0,"turns":1.0},{"damage":6.0,"enemies":"Automaton","floor":33.0,"turns":3.0},{"damage":14.0,"enemies":"Orb Walker","floor":35.0,"turns":2.0},{"damage":6.0,"enemies":"3 Darklings","floor":36.0,"turns":1.0},{"damage":6.0,"enemies":"Maw","floor":39.0,"turns":1.0},{"damage":6.0,"enemies":"Nemesis","floor":40.0,"turns":5.0},{"damage":15.0,"enemies":"4 Shapes","floor":41.0,"turns":2.0},{"damage":6.0,"enemies":"Reptomancer","floor":42.0,"turns":1.0},{"damage":6.0,"enemies":"Spire Growth","floor":44.0,"turns":2.0},{"damage":7.0,"enemies":"Nemesis","floor":45.0,"turns":3.0},{"damage":6.0,"enemies":"3 Darklings","floor":47.0,"turns":2.0},{"damage":36.0,"enemies":"Transient","floor":48.0,"turns":6.0},{"damage":22.0,"enemies":"Donu and Deca","floor":50.0,"turns":5.0},{"damage":59.0,"enemies":"Awakened One","floor":51.0,"turns":6.0},{"damage":17.0,"enemies":"Shield and Spear","floor":55.0,"turns":3.0},{"damage":66,"enemies":"The Heart","floor":56,"turns":8}],"seed_played":"5346623207532534388","potions_obtained":[{"floor":10.0,"key":"PowerPotion"},{"floor":16.0,"key":"SkillPotion"},{"floor":18.0,"key":"HeartOfIron"},{"floor":25.0,"key":"DuplicationPotion"},{"floor":27.0,"key":"PowerPotion"}],"is_trial":false,"path_per_floor":["M","$","?","?","M","R","M","R","T","E","R","M","R","M","R","B",null,"M","?","$","?","M","R","E","M","T","E","M","R","M","E","R","B",null,"M","M","$","?","M","E","M","E","T","M","E","R","M","M","R","B","B",null,"R","$","E","B",null],"character_chosen":"IRONCLAD","items_purchased":["Medical Kit","Seeing Red","Letter Opener","Disarm","Magnetism+1"],"campfire_rested":1,"item_purchase_floors":[20,20,37,37,54],"current_hp_per_floor":[40,40,22,22,22,57,54,54,54,38,38,41,41,33,33,24,57,63,63,63,42,42,42,29,29,29,29,39,39,68,68,68,68,68,67,67,67,67,67,67,68,68,68,68,68,68,68,68,68,58,46,63,63,63,54,30],"gold":72,"neow_bonus":"TRANSFORM_TWO_CARDS","is_daily":false,"chose_seed":false,"campfire_upgraded":7,"win_rate":0.0,"timestamp":1611842814,"path_taken":["M","$","?","?","M","R","M","R","T","E","R","M","R","?","R","BOSS","M","?","$","?","?","R","E","?","T","E","M","R","M","E","R","BOSS","M","M","$","?","?","E","M","E","T","M","E","R","M","M","R","BOSS","BOSS","R","$","E","BOSS"],"items_purchased_type":["Relic","Card","Relic","Card","Card"],"build_version":"2020-12-22","purchased_purges":1,"victory":true,"max_hp_per_floor":[75,75,75,68,68,68,68,68,68,68,68,68,68,68,68,68,68,68,68,68,68,68,68,68,68,68,68,68,68,68,68,68,68,68,68,68,68,68,68,68,68,68,68,68,68,68,68,68,68,68,68,68,68,68,68,68],"card_choices":[{"not_picked":["Iron Wave","Warcry"],"picked":"Feel No Pain","floor":1.0},{"not_picked":["Headbutt","Whirlwind"],"picked":"Pommel Strike","floor":5.0},{"not_picked":["Heavy Blade","Reckless Charge"],"picked":"Shrug It Off","floor":7.0},{"not_picked":["Flex","Iron Wave","Infernal Blade"],"picked":"SKIP","floor":10.0},{"not_picked":["Spot Weakness","Clothesline"],"picked":"Whirlwind","floor":12.0},{"not_picked":["Thunderclap","Armaments"],"picked":"Sword Boomerang","floor":14.0},{"not_picked":["Barricade","Double Tap"],"picked":"Corruption","floor":16.0},{"not_picked":["Sword Boomerang","Clothesline"],"picked":"Shrug It Off","floor":18.0},{"not_picked":["Dropkick","Headbutt"],"picked":"Rage+1","floor":22.0},{"not_picked":["Clash","Clothesline"],"picked":"Impervious","floor":24.0},{"not_picked":["True Grit","Clash","Clothesline"],"picked":"SKIP","floor":25.0},{"not_picked":["Reckless Charge","Metallicize"],"picked":"Reaper","floor":27.0},{"not_picked":["Twin Strike","Inflame"],"picked":"Havoc+1","floor":28.0},{"not_picked":["Anger","Sword Boomerang","Clothesline"],"picked":"SKIP","floor":30.0},{"not_picked":["Clash","Feed"],"picked":"Entrench","floor":31.0},{"not_picked":["Limit Break","Brutality"],"picked":"Double Tap","floor":33.0},{"not_picked":["Rampage"],"picked":"SKIP","floor":35.0},{"not_picked":["Anger+1"],"picked":"SKIP","floor":36.0},{"not_picked":["Heavy Blade"],"picked":"SKIP","floor":39.0},{"not_picked":["Heavy Blade"],"picked":"SKIP","floor":39.0},{"not_picked":[],"picked":"Power Through","floor":40.0},{"not_picked":[],"picked":"Feel No Pain+1","floor":41.0},{"not_picked":["Headbutt"],"picked":"SKIP","floor":42.0},{"not_picked":[],"picked":"Evolve+1","floor":44.0},{"not_picked":["Pommel Strike"],"picked":"SKIP","floor":45.0},{"not_picked":[],"picked":"Blood for Blood+1","floor":47.0},{"not_picked":["Burning Pact"],"picked":"SKIP","floor":48.0},{"not_picked":[],"picked":"Battle Trance","floor":55.0}],"player_experience":463883,"relics_obtained":[{"floor":9.0,"key":"Happy Flower"},{"floor":10.0,"key":"Du-Vu Doll"},{"floor":21.0,"key":"Enchiridion"},{"floor":24.0,"key":"Bottled Tornado"},{"floor":26.0,"key":"HornCleat"},{"floor":27.0,"key":"Turnip"},{"floor":31.0,"key":"Omamori"},{"floor":40.0,"key":"Frozen Egg 2"},{"floor":42.0,"key":"Shovel"},{"floor":45.0,"key":"Blood Vial"},{"floor":46.0,"key":"Meat on the Bone"},{"floor":53.0,"key":"Bottled Lightning"},{"floor":55.0,"key":"Oddly Smooth Stone"}],"event_choices":[{"damage_healed":0.0,"max_hp_gain":0.0,"max_hp_loss":0.0,"gold_gain":0.0,"event_name":"Scrap Ooze","player_choice":"Success","floor":3.0,"gold_loss":0.0,"damage_taken":18.0,"relics_obtained":["Regal Pillow"]},{"damage_healed":0.0,"max_hp_gain":0.0,"max_hp_loss":7.0,"gold_gain":0.0,"event_name":"Golden Idol","player_choice":"Lose Max HP","floor":4.0,"gold_loss":0.0,"damage_taken":0.0,"relics_obtained":["Golden Idol"]},{"damage_healed":0.0,"max_hp_gain":0.0,"max_hp_loss":0.0,"gold_gain":0.0,"event_name":"The Library","player_choice":"Read","floor":19.0,"gold_loss":0.0,"damage_taken":0.0,"cards_obtained":["Dark Embrace"]},{"damage_healed":0.0,"max_hp_gain":0.0,"max_hp_loss":0.0,"gold_gain":0.0,"event_name":"Cursed Tome","player_choice":"Obtained Book","floor":21.0,"gold_loss":0.0,"damage_taken":21.0},{"damage_healed":0.0,"max_hp_gain":0.0,"max_hp_loss":0.0,"gold_gain":0.0,"event_name":"Match and Keep!","player_choice":"1 cards matched","floor":38.0,"gold_loss":0.0,"damage_taken":0.0,"cards_obtained":["Intimidate"]}],"is_beta":false,"boss_relics":[{"not_picked":["Ectoplasm","Runic Pyramid"],"picked":"Astrolabe"},{"not_picked":["Sozu","Empty Cage"],"picked":"Busted Crown"}],"items_purged_floors":[2],"is_endless":false,"potions_floor_spawned":[10,16,18,25,27,28,33,35,39,41,42,48],"ascension_level":20}}