{"host":"qrt7o4dq2qslzw13","time":1611860387,"event":{"mods":["BaseMod","Colored Map","Colored Powertips","Minty Spire (QoL Compilation)","Quick Restart","Replay The Spire","Shop Mod","StSLib","SuperFastMode"],"gold_per_floor":[13,13,29,29,43,77,90,90,90,100,9,28,62,78,78,179,179,195,213,9,28,44,44,57,57,57,57,83,105,105,144,144,154,154],"floor_reached":33,"language":"ENG","playtime":1058,"items_purged":[],"score":492,"play_id":"52993680-7efe-47fe-95ad-456d0a76d791","local_time":"20210128135947","is_ascension_mode":true,"campfire_choices":[{"floor":8.0,"key":"REST"},{"floor":15.0,"key":"REST"},{"floor":23.0,"key":"REST"},{"floor":25.0,"key":"REST"},{"data":"Catalyst","floor":27.0,"key":"SMITH"},{"floor":30.0,"key":"REST"},{"floor":32.0,"key":"REST"}],"circlet_count":0,"master_deck":["AscendersBane","Strike_G","Strike_G","Strike_G","Strike_G","Strike_G","Defend_G","Defend_G","Defend_G","Defend_G","Defend_G","Survivor","Neutralize+1","Master of Strategy","PiercingWail","Deadly Poison","Flying Knee","Sneak Up","Doppelganger","Deadly Poison","Specialist","Deadly Poison","ReplayTheSpireMod:The Works","Bane","Corpse Explosion","CurseOfTheBell","Predator+1","Acrobatics","Deflect","Catalyst+1","Hidden Blade","Calculated Gamble","Blur","Leg Sweep","ReplayTheSpireMod:From All Sides"],"relics":["Ring of the Snake","Mercury Hourglass","Vampiric Spirits","Incense Burner","Calling Bell","Regal Pillow","Replay:Accelerometer","Ice Cream","ReplayTheSpireMod:TigerMarble","Replay:Wax Seal","Replay:Bandana","Meat on the Bone"],"acts_visited":["Exordium","TheCity"],"potions_floor_usage":[],"damage_taken":[{"damage":7.0,"enemies":"2 Louse","floor":1.0,"turns":3.0},{"damage":2.0,"enemies":"Cultist","floor":3.0,"turns":4.0},{"damage":2.0,"enemies":"Jaw Worm","floor":5.0,"turns":5.0},{"damage":37.0,"enemies":"Gremlin Nob","floor":6.0,"turns":5.0},{"damage":0.0,"enemies":"Looter","floor":7.0,"turns":4.0},{"damage":0.0,"enemies":"3 Louse","floor":10.0,"turns":2.0},{"damage":1.0,"enemies":"Blue Slaver","floor":12.0,"turns":4.0},{"damage":23.0,"enemies":"3 Sentries","floor":13.0,"turns":7.0},{"damage":0.0,"enemies":"Gremlin Gang","floor":14.0,"turns":4.0},{"damage":31.0,"enemies":"The Guardian","floor":16.0,"turns":8.0},{"damage":2.0,"enemies":"Chosen","floor":18.0,"turns":4.0},{"damage":2.0,"enemies":"Spheric Guardian","floor":19.0,"turns":4.0},{"damage":9.0,"enemies":"Centurion and Healer","floor":21.0,"turns":6.0},{"damage":24.0,"enemies":"Snecko","floor":22.0,"turns":4.0},{"damage":41.0,"enemies":"Sentry and Sphere","floor":24.0,"turns":7.0},{"damage":22.0,"enemies":"Replay:Snechameleon","floor":28.0,"turns":5.0},{"damage":24.0,"enemies":"Snake Plant","floor":29.0,"turns":5.0},{"damage":9.0,"enemies":"Gremlin Leader","floor":31.0,"turns":6.0},{"damage":70,"enemies":"Pondfish","floor":33,"turns":9}],"seed_played":"4738271874705399581","potions_obtained":[{"floor":3.0,"key":"Swift Potion"},{"floor":4.0,"key":"Regen Potion"},{"floor":13.0,"key":"Swift Potion"},{"floor":14.0,"key":"ColorlessPotion"},{"floor":16.0,"key":"Strength Potion"},{"floor":18.0,"key":"GamblersBrew"},{"floor":21.0,"key":"LiquidMemories"},{"floor":24.0,"key":"FearPotion"},{"floor":29.0,"key":"Energy Potion"},{"floor":31.0,"key":"Energy Potion"}],"is_trial":false,"path_per_floor":["M","?","M","?","M","E","M","R","T","M","$","M","E","M","R","B",null,"M","M","$","M","M","R","M","R","T","R","E","M","R","E","R","B"],"character_chosen":"THE_SILENT","items_purchased":["Specialist","ReplayTheSpireMod:TigerMarble","Deflect"],"campfire_rested":6,"item_purchase_floors":[11,20,20],"current_hp_per_floor":[56,56,54,54,52,24,24,45,45,46,46,45,22,22,43,15,56,54,52,52,43,19,55,14,50,50,50,28,6,42,35,70,0,0],"gold":154,"neow_bonus":"RANDOM_COLORLESS_2","is_daily":false,"chose_seed":false,"campfire_upgraded":1,"win_rate":0.0,"timestamp":1611860387,"path_taken":["M","?","M","?","M","E","M","R","T","M","$","M","E","?","R","BOSS","M","M","$","M","M","R","M","R","T","R","E","?","R","E","R","BOSS"],"items_purchased_type":["Card","Relic","Card"],"build_version":"2020-12-22","purchased_purges":0,"victory":false,"max_hp_per_floor":[70,70,70,70,70,70,70,70,70,70,70,70,70,70,70,70,70,70,70,70,70,70,70,70,70,70,70,70,70,70,70,70,70,70],"card_choices":[{"not_picked":["Secret Technique","Sadistic Nature"],"picked":"Master of Strategy","floor":0.0},{"not_picked":["Prepared","Bane"],"picked":"PiercingWail","floor":1.0},{"not_picked":["Outmaneuver","Flying Knee"],"picked":"Deadly Poison","floor":3.0},{"not_picked":["Cloak And Dagger","Distraction"],"picked":"Flying Knee","floor":5.0},{"not_picked":["Prepared","ReplayTheSpireMod:Speed Training"],"picked":"Sneak Up","floor":6.0},{"not_picked":["Quick Slash","Sucker Punch"],"picked":"Doppelganger","floor":7.0},{"not_picked":["ReplayTheSpireMod:Tripwire","All Out Attack"],"picked":"Deadly Poison","floor":10.0},{"not_picked":["ReplayTheSpireMod:Tripwire","ReplayTheSpireMod:Speed Training"],"picked":"Deadly Poison","floor":12.0},{"not_picked":["Prepared","Hidden Blade"],"picked":"ReplayTheSpireMod:The Works","floor":13.0},{"not_picked":["Deadly Poison","Poisoned Stab"],"picked":"Bane","floor":14.0},{"not_picked":["Die Die Die","Unload"],"picked":"Corpse Explosion","floor":16.0},{"not_picked":["Hidden Blade","Dagger Throw"],"picked":"Predator+1","floor":18.0},{"not_picked":["Blade Dance","Infinite Blades"],"picked":"Acrobatics","floor":19.0},{"not_picked":["Poisoned Stab","Dodge and Roll+1"],"picked":"Catalyst","floor":21.0},{"not_picked":["Cloak And Dagger+1","Flying Knee+1"],"picked":"Hidden Blade","floor":22.0},{"not_picked":["Sucker Punch+1","Eviscerate"],"picked":"Calculated Gamble","floor":24.0},{"not_picked":["Predator","Outmaneuver"],"picked":"Blur","floor":28.0},{"not_picked":["Acrobatics+1","Deflect"],"picked":"Leg Sweep","floor":29.0},{"not_picked":["Heel Hook","Poisoned Stab+1"],"picked":"ReplayTheSpireMod:From All Sides","floor":31.0}],"player_experience":604095,"relics_obtained":[{"floor":6.0,"key":"Mercury Hourglass"},{"floor":9.0,"key":"Vampiric Spirits"},{"floor":13.0,"key":"Incense Burner"},{"floor":17.0,"key":"Regal Pillow"},{"floor":17.0,"key":"Replay:Accelerometer"},{"floor":17.0,"key":"Ice Cream"},{"floor":26.0,"key":"Replay:Wax Seal"},{"floor":28.0,"key":"Replay:Bandana"},{"floor":31.0,"key":"Meat on the Bone"}],"event_choices":[{"damage_healed":0.0,"max_hp_gain":0.0,"max_hp_loss":0.0,"gold_gain":0.0,"event_name":"Living Wall","player_choice":"Grow","floor":2.0,"gold_loss":0.0,"damage_taken":0.0,"cards_upgraded":["Neutralize"]},{"damage_healed":0.0,"max_hp_gain":0.0,"max_hp_loss":0.0,"gold_gain":0.0,"event_name":"Lab","player_choice":"Got Potions","floor":4.0,"gold_loss":0.0,"damage_taken":0.0}],"is_beta":false,"boss_relics":[{"not_picked":["Honey Jar","Sozu"],"picked":"Calling Bell"}],"items_purged_floors":[],"is_endless":false,"potions_floor_spawned":[3,13,14,16,18,21,24,29,31],"killed_by":"Pondfish","ascension_level":11}}