{"host":"rvofswtrkybk7ok8","time":1611832877,"event":{"mods":["ATMod(°¢èªMod)","BaseMod","Card Filter","Colored Map","Downfall","Minty Spire (QoL Compilation)","Quick Restart","StSLib"],"gold_per_floor":[0,10,10,10,21,75,75,75,75,175,191,191,491,491,508,607,607,607,623,623,641,641,658,658,658,688,294,194,333,351,473,483,590,590,590,615,641,658,658,658,685,789,864,950,993,993,212,212,326,351,351,415,316,316,391,416],"floor_reached":57,"language":"ZHS","playtime":3901,"items_purged":["champ:Strike","champ:CrownThrow","champ:Defend","champ:Backstep","champ:ShieldSigil"],"score":1382,"play_id":"45779d69-4507-48bb-89bb-9834b370b1cb","local_time":"20210128192117","is_ascension_mode":true,"campfire_choices":[{"data":"AT_KneejerkReflex","floor":1.0,"key":"SMITH"},{"floor":9.0,"key":"RECALL"},{"data":"champ:StanceDance","floor":13.0,"key":"SMITH"},{"data":"champ:StanceDance","floor":18.0,"key":"SMITH"},{"data":"champ:ShieldWall","floor":28.0,"key":"SMITH"},{"data":"Limit Break","floor":35,"key":"SMITH"},{"data":"Deep Breath","floor":46,"key":"SMITH"},{"data":"expansioncontent:QuickStudy","floor":54,"key":"SMITH"}],"circlet_count":0,"master_deck":["champ:Defend","champ:Defend","champ:Execute","champ:Taunt+1","AT_KneejerkReflex+1","champ:ShieldWall+1","champ:ShieldSigil+1","champ:StanceDance+1","champ:StanceDance+1","champ:DefensiveShout","Double Tap","champ:EnGarde+1","champ:FocusedDefense+1","Entrench+1","champ:HoldFirm","Limit Break+1","Deep Breath+1","Cloak And Dagger+1","champ:Lariat","AT_RobotInSpace+1","expansioncontent:QuickStudy+1"],"relics":["champ:ChampionCrown","AT_ATBox","Dead Branch","champ:LiftRelic","PrismaticShard","War Paint","Matryoshka","Blue Candle","Potion Belt","downfall:HeartBlessingRed","downfall:HeartBlessingBlue","Astrolabe","Gambling Chip","downfall:RedIOU","CeramicFish","champ:FightingForDummies","TheAbacus","Bottled Flame","downfall:HeartBlessingGreen","Lizard Tail","Chemical X","Bottled Lightning","Guardian:PocketSentry","Toy Ornithopter","Frozen Eye","Empty Cage","AT_MibuBalloonWealth","AT_ChloranthyRing","Pocketwatch","StoneCalendar","Omamori","StrikeDummy","ClockworkSouvenir","AT_ImmortalShieldbow","Lantern","champ:GladiatorsBookOfMartialProwess"],"acts_visited":["Exordium","TheCity","TheBeyond","TheEnding"],"potions_floor_usage":[55,56,56,56],"damage_taken":[{"damage":11.0,"enemies":"2 Louse","floor":2.0,"turns":3.0},{"damage":15.0,"enemies":"Small Slimes","floor":5.0,"turns":4.0},{"damage":60.0,"enemies":"downfall:FleeingMerchant","floor":6.0,"turns":4.0},{"damage":14.0,"enemies":"Jaw Worm","floor":11.0,"turns":2.0},{"damage":26.0,"enemies":"Exordium Wildlife","floor":15.0,"turns":3.0},{"damage":45.0,"enemies":"SI_SHIV_ARCHETYPE","floor":16.0,"turns":7.0},{"damage":17.0,"enemies":"Chosen","floor":19.0,"turns":4.0},{"damage":0.0,"enemies":"3 Byrds","floor":21.0,"turns":3.0},{"damage":14.0,"enemies":"Centurion and Healer","floor":23.0,"turns":6.0},{"damage":45.0,"enemies":"Gremlin Leader","floor":26.0,"turns":10.0},{"damage":10.0,"enemies":"downfall:FleeingMerchant","floor":27.0,"turns":2.0},{"damage":10.0,"enemies":"Snake Plant","floor":30.0,"turns":4.0},{"damage":0.0,"enemies":"3 Cultists","floor":32.0,"turns":4.0},{"damage":0,"enemies":"WA_ARCHETYPE_CALM","floor":33,"turns":8},{"damage":14,"enemies":"Orb Walker","floor":36,"turns":4},{"damage":5,"enemies":"3 Shapes","floor":37,"turns":5},{"damage":36,"enemies":"Maw","floor":38,"turns":7},{"damage":10,"enemies":"2 Orb Walkers","floor":42,"turns":4},{"damage":0,"enemies":"2 Orb Walkers","floor":43,"turns":6},{"damage":0,"enemies":"Sphere and 2 Shapes","floor":44,"turns":6},{"damage":49,"enemies":"Transient","floor":45,"turns":5},{"damage":6,"enemies":"4 Shapes","floor":49,"turns":3},{"damage":25,"enemies":"DF_ARCHETYPE_ORBS","floor":50,"turns":7},{"damage":39,"enemies":"downfall:CharBossMerchant","floor":52,"turns":5},{"damage":41,"enemies":"downfall:NeowBoss","floor":55,"turns":9},{"damage":33,"enemies":"downfall:NeowBossFinal","floor":56,"turns":5}],"seed_played":"760479701299745555","potions_obtained":[{"floor":11.0,"key":"Fire Potion"},{"floor":15.0,"key":"champ:CounterPotion"},{"floor":16.0,"key":"BlessingOfTheForge"},{"floor":21.0,"key":"LiquidBronze"},{"floor":23.0,"key":"champ:OpenerPotion"},{"floor":30.0,"key":"bronze:BurnAndBuffPotion"},{"floor":37,"key":"champ:TechniquePotion"},{"floor":49,"key":"Strength Potion"},{"floor":52,"key":"LiquidMemories"}],"is_trial":false,"path_per_floor":["R","M","?","?","M","$","T","?","R","?","M","T","R","?","M","B",null,"R","M","?","M","?","M","T","?","E","$","R","$","M","$","M","B",null,"R","M","M","M","?","T","T","?","?","M","M","R","$","?","M","B",null,"E","$","R","B","B",null],"character_chosen":"THE_CHAMP","items_purchased":["PrismaticShard","champ:StanceDance","War Paint","champ:FightingForDummies","TheAbacus","Bottled Flame","champ:ShieldSigil","champ:Backstep","Lizard Tail","Chemical X","Bottled Lightning","champ:SetATrap","Guardian:PocketSentry","champ:HoldFirm","Toy Ornithopter","Frozen Eye","champ:GladiatorForm","Omamori","StrikeDummy","ClockworkSouvenir","champ:Lariat","Lantern","champ:GladiatorsBookOfMartialProwess","expansioncontent:QuickStudy"],"campfire_rested":0,"item_purchase_floors":[6,6,6,27,27,27,27,27,29,29,29,29,31,31,31,31,31,47,47,47,47,53,53,53],"current_hp_per_floor":[90,89,89,89,89,79,79,74,74,74,70,70,80,80,64,29,100,100,93,93,93,93,89,89,89,54,54,54,54,54,54,54,54,100,100,86,86,50,50,50,50,50,50,50,35,35,35,35,29,4,100,91,91,91,60,52],"gold":416,"neow_bonus":"ONE_RARE_RELIC","is_daily":false,"chose_seed":false,"campfire_upgraded":7,"win_rate":0.0,"timestamp":1611832877,"path_taken":["R","M","?","?","M","$","T","?","R","?","?","?","R","?","M","BOSS","R","M","?","M","?","?","T","?","E","$","R","?","?","$","M","BOSS","R","M","M","M","?","?","T","?","?","M","?","R","$","?","M","BOSS","E","$","R","BOSS","BOSS"],"items_purchased_type":["Relic","Card","Relic","Relic","Relic","Relic","Card","Card","Relic","Relic","Relic","Card","Relic","Card","Relic","Relic","Card","Relic","Relic","Relic","Card","Relic","Relic","Card"],"build_version":"2020-12-22","purchased_purges":5,"victory":true,"max_hp_per_floor":[90,90,90,90,90,90,90,90,90,90,90,90,100,100,100,100,100,100,100,100,100,100,100,100,100,100,100,100,100,100,100,100,100,100,100,100,100,100,100,100,100,100,100,100,100,100,100,100,100,100,100,100,100,100,100,100],"card_choices":[{"not_picked":["champ:AdrenalArmor","champ:FaceSlap"],"picked":"champ:CrownThrow","floor":2.0},{"not_picked":["champ:DefensiveShout","champ:CrookedStrike"],"picked":"champ:ShieldWall","floor":5.0},{"not_picked":["champ:BringItOn","champ:FocusedDefense"],"picked":"champ:ShieldSigil","floor":6.0},{"not_picked":["Guardian:CrystalBeam","Guardian:Reroute"],"picked":"champ:StanceDance","floor":11.0},{"not_picked":["bronze:WhirlingStrike","Cleave"],"picked":"champ:DefensiveShout","floor":15.0},{"not_picked":["Guardian:Gem_Synthetic","bronze:Assembly"],"picked":"Double Tap","floor":16.0},{"not_picked":["hexamod:Hexaguard","bronze:Allocate","FlyingSleeves"],"picked":"SKIP","floor":19.0},{"not_picked":["Slimebound:RollThrough","sneckomod:UnknownCommonAttack"],"picked":"Entrench+1","floor":21.0},{"not_picked":["Hologram","champ:Haymaker+1","hexamod:ShieldOfDarkness+1"],"picked":"SKIP","floor":23.0},{"not_picked":["Acrobatics","bronze:FineTuning","Wireheading+1"],"picked":"SKIP","floor":26.0},{"not_picked":["Slimebound:Darklings","EmptyBody","Guardian:Gem_Lightblue"],"picked":"SKIP","floor":27.0},{"not_picked":["bronze:CutThrough+1","AT_DiedThrough+1","hexamod:ShieldOfDarkness"],"picked":"SKIP","floor":30.0},{"not_picked":["AT_OneInchPunch","Meditate+1","Barrage"],"picked":"SKIP","floor":32.0},{"not_picked":["sneckomod:MorePower","bronze:FindAndReplace"],"picked":"Limit Break","floor":33},{"not_picked":["sneckomod:QuickMove","Adaptation+1"],"picked":"Deep Breath","floor":36},{"not_picked":["Guardian:RefractedBeam+1","Blade Dance"],"picked":"Cloak And Dagger+1","floor":37},{"not_picked":["bronze:Branch","Prepared","sneckomod:IronFang"],"picked":"SKIP","floor":38},{"not_picked":["hexamod:SwordOfDarkness+1","Guardian:RollAttack+1","champ:BerserkersShout"],"picked":"SKIP","floor":44},{"not_picked":["champ:Circumvent+1","Accuracy","bronze:GetLatest+1"],"picked":"SKIP","floor":45},{"not_picked":["Slimebound:HungryTackle","sneckomod:DangerNoodle","sneckomod:SoulRoll+1"],"picked":"SKIP","floor":49},{"not_picked":["Slimebound:Prepare+1","sneckomod:UnknownClassBLUE+1"],"picked":"AT_RobotInSpace+1","floor":52}],"player_experience":727235,"relics_obtained":[{"floor":7.0,"key":"Matryoshka"},{"floor":12.0,"key":"Potion Belt"},{"floor":24.0,"key":"AT_ArchangelStaff"},{"floor":24.0,"key":"Gambling Chip"},{"floor":26.0,"key":"CeramicFish"},{"floor":40,"key":"AT_MibuBalloonWealth"},{"floor":41,"key":"AT_ChloranthyRing"},{"floor":42,"key":"Pocketwatch"},{"floor":43,"key":"StoneCalendar"},{"floor":52,"key":"AT_ImmortalShieldbow"}],"event_choices":[{"cards_removed":["champ:Strike"],"damage_healed":0,"gold_gain":0,"player_choice":"Removed Attack","damage_taken":0,"max_hp_gain":0,"max_hp_loss":0,"event_name":"Falling","floor":39,"gold_loss":0},{"damage_healed":0,"gold_gain":0,"player_choice":"Fight","damage_taken":0,"max_hp_gain":0,"max_hp_loss":0,"event_name":"Mysterious Sphere","floor":42,"gold_loss":0},{"cards_removed":["champ:BringItOn"],"damage_healed":0,"gold_gain":0,"player_choice":"Card Removal","damage_taken":0,"max_hp_gain":0,"max_hp_loss":0,"event_name":"Wheel of Change","floor":48,"gold_loss":0}],"is_beta":false,"boss_relics":[{"not_picked":["Fusion Hammer","Snecko Eye"],"picked":"Astrolabe"},{"not_picked":["SacredBark","bronze:MakeshiftBattery"],"picked":"Empty Cage"}],"items_purged_floors":[6,27,29,31,47],"is_endless":false,"potions_floor_spawned":[11,15,16,21,23,30,37,38,49,52],"ascension_level":1}}