{"host":"bq4pt811tk9yrmjl","time":1611838664,"event":{"mods":["AchievementEnabler","BaseMod","Colored Map","Colored Powertips","Defuse TimeMaze Blight","Hermit","Minty Spire (QoL Compilation)","StSLib","SuperFastMode"],"gold_per_floor":[114,189,189,201,50,50,76,76,148,148,148,166,166,177,177,282,282,282,126,140,140,159,187,187,187,213,243,243,158,173,188,188,285,285,303,303,303,353,367,367,394,16,41,41,60,60,60,75,75,75,75,75,0,34,34,34],"floor_reached":55,"language":"ENG","playtime":1420,"items_purged":[],"score":793,"play_id":"aea7ba4f-7cea-4042-9a42-3533fff7e91c","local_time":"20210128105744","is_ascension_mode":true,"campfire_choices":[{"data":"Leg Sweep","floor":6.0,"key":"SMITH"},{"data":"Neutralize","floor":10.0,"key":"SMITH"},{"data":"Accuracy","floor":13.0,"key":"SMITH"},{"data":"Blade Dance","floor":15.0,"key":"SMITH"},{"data":"Envenom","floor":24.0,"key":"SMITH"},{"floor":28.0,"key":"RECALL"},{"floor":32.0,"key":"REST"},{"data":"Survivor","floor":40.0,"key":"SMITH"},{"data":"Panacea","floor":44,"key":"SMITH"},{"data":"Bullet Time","floor":47,"key":"SMITH"},{"data":"Escape Plan","floor":49,"key":"SMITH"},{"data":"Backstab","floor":52,"key":"SMITH"}],"circlet_count":0,"master_deck":["Strike_G+1","Strike_G+1","Defend_G+1","Defend_G+1","Defend_G+1","Defend_G+1","Defend_G+1","Survivor+1","Neutralize+1","Backstab+1","Accuracy+1","Leg Sweep+1","Deflect+1","Blade Dance+1","Envenom+1","Night Terror+1","Heel Hook+1","Dodge and Roll+1","Terror+1","Escape Plan+1","Bullet Time+1","Panacea+1","Distraction+1","Noxious Fumes+1","Skewer+1","Cloak And Dagger"],"relics":["Ring of the Snake","NeowsBlessing","Unceasing Top","FossilizedHelix","Astrolabe","Ancient Tea Set","Happy Flower","War Paint","Frozen Egg 2","MealTicket","Busted Crown","Mango","Bag of Marbles","Lee\u0027s Waffle","Art of War","Nunchaku","Eternal Feather","Blue Candle"],"acts_visited":["Exordium","TheCity","TheBeyond","TheEnding"],"potions_floor_usage":[50,54,54],"damage_taken":[{"damage":0.0,"enemies":"2 Louse","floor":1.0,"turns":1.0},{"damage":0.0,"enemies":"Jaw Worm","floor":4.0,"turns":1.0},{"damage":0.0,"enemies":"Lagavulin","floor":7.0,"turns":1.0},{"damage":0.0,"enemies":"Small Slimes","floor":12.0,"turns":4.0},{"damage":0.0,"enemies":"3 Louse","floor":14.0,"turns":3.0},{"damage":26.0,"enemies":"Slime Boss","floor":16.0,"turns":13.0},{"damage":0.0,"enemies":"2 Thieves","floor":18.0,"turns":1.0},{"damage":2.0,"enemies":"3 Byrds","floor":20.0,"turns":7.0},{"damage":0.0,"enemies":"Snake Plant","floor":22.0,"turns":7.0},{"damage":12.0,"enemies":"Book of Stabbing","floor":23.0,"turns":9.0},{"damage":0.0,"enemies":"Slavers","floor":27.0,"turns":7.0},{"damage":0.0,"enemies":"Shelled Parasite and Fungi","floor":30.0,"turns":5.0},{"damage":0.0,"enemies":"Centurion and Healer","floor":31.0,"turns":8.0},{"damage":24.0,"enemies":"Automaton","floor":33.0,"turns":14.0},{"damage":0.0,"enemies":"Orb Walker","floor":35.0,"turns":2.0},{"damage":0.0,"enemies":"Mind Bloom Boss Battle","floor":38.0,"turns":4.0},{"damage":0.0,"enemies":"3 Shapes","floor":39.0,"turns":5.0},{"damage":10,"enemies":"Giant Head","floor":41,"turns":7},{"damage":0,"enemies":"Writhing Mass","floor":45,"turns":6},{"damage":0,"enemies":"Maw","floor":48,"turns":7},{"damage":94,"enemies":"Time Eater","floor":50,"turns":19},{"damage":59,"enemies":"Shield and Spear","floor":54,"turns":9},{"damage":0,"enemies":"The Heart","floor":55,"turns":2}],"seed_played":"6544803681304436907","potions_obtained":[{"floor":4.0,"key":"LiquidMemories"},{"floor":16.0,"key":"SmokeBomb"},{"floor":20.0,"key":"SteroidPotion"},{"floor":22.0,"key":"FairyPotion"},{"floor":31.0,"key":"Energy Potion"},{"floor":33.0,"key":"Fire Potion"},{"floor":39.0,"key":"Explosive Potion"},{"floor":45,"key":"SneckoOil"},{"floor":48,"key":"Regen Potion"},{"floor":54,"key":"BlessingOfTheForge"}],"is_trial":false,"path_per_floor":["M","?","?","M","$","R","E","T","T","R","$","M","R","M","R","B",null,"M","$","M","?","M","E","R","?","T","E","R","?","M","M","R","B",null,"M","?","?","?","M","R","E","$","T","R","M","T","R","M","R","B",null,"R","$","E","B"],"character_chosen":"THE_SILENT","items_purchased":["Accuracy","Leg Sweep","Ancient Tea Set","Lee\u0027s Waffle","Noxious Fumes+1","Art of War","EssenceOfSteel"],"campfire_rested":1,"item_purchase_floors":[5,5,19,42,42,42,53],"current_hp_per_floor":[70,59,59,59,59,59,59,59,59,59,59,59,59,59,59,33,70,70,70,68,68,68,56,56,56,56,56,56,56,56,56,70,46,70,70,70,70,84,84,84,74,91,91,91,91,91,91,91,91,12,91,91,91,32,32,32],"gold":34,"neow_bonus":"THREE_ENEMY_KILL","is_daily":false,"chose_seed":false,"campfire_upgraded":10,"win_rate":0.0,"timestamp":1611838664,"path_taken":["M","?","?","M","$","R","E","?","T","R","$","M","R","M","R","BOSS","M","$","M","?","M","E","R","?","T","E","R","?","M","M","R","BOSS","M","?","?","?","M","R","E","?","T","R","M","?","R","M","R","BOSS","R","$","E","BOSS"],"items_purchased_type":["Card","Card","Relic","Relic","Card","Relic","Potion"],"build_version":"2020-12-22","purchased_purges":0,"victory":false,"max_hp_per_floor":[70,70,70,70,70,70,70,70,70,70,70,70,70,70,70,70,70,70,70,70,70,70,70,70,70,70,70,70,70,70,70,70,70,70,70,70,70,84,84,84,84,91,91,91,91,91,91,91,91,91,91,91,91,91,91,91],"card_choices":[{"not_picked":["Quick Slash","Outmaneuver","Prepared"],"picked":"SKIP","floor":1.0},{"not_picked":["Corpse Explosion","Bane"],"picked":"Backstab","floor":4.0},{"not_picked":["Quick Slash","Deadly Poison"],"picked":"Deflect","floor":7.0},{"not_picked":["PiercingWail","Noxious Fumes"],"picked":"Blade Dance","floor":12.0},{"not_picked":["Caltrops","Terror","Deadly Poison"],"picked":"SKIP","floor":14.0},{"not_picked":["Doppelganger","Tools of the Trade"],"picked":"Envenom","floor":16.0},{"not_picked":["Flechettes","Dagger Throw+1","Riddle With Holes"],"picked":"SKIP","floor":20.0},{"not_picked":["Tactician","Poisoned Stab"],"picked":"Terror","floor":22.0},{"not_picked":["Unload","Quick Slash","Outmaneuver"],"picked":"SKIP","floor":23.0},{"not_picked":["Deflect","Storm of Steel"],"picked":"Escape Plan","floor":27.0},{"not_picked":["Underhanded Strike","Flying Knee","Predator"],"picked":"SKIP","floor":30.0},{"not_picked":["Quick Slash","Deflect"],"picked":"Caltrops+1","floor":31.0},{"not_picked":["Night Terror","Burst"],"picked":"Bullet Time","floor":33.0},{"not_picked":["Prepared+1"],"picked":"SKIP","floor":35.0},{"not_picked":[],"picked":"Panacea","floor":36.0},{"not_picked":[],"picked":"Distraction+1","floor":38.0},{"not_picked":["Deflect"],"picked":"SKIP","floor":39.0},{"not_picked":["Dagger Spray"],"picked":"SKIP","floor":41},{"not_picked":["Poisoned Stab"],"picked":"SKIP","floor":45},{"not_picked":[],"picked":"Skewer+1","floor":48},{"not_picked":[],"picked":"Cloak And Dagger","floor":54}],"player_experience":278357,"relics_obtained":[{"floor":7.0,"key":"Unceasing Top"},{"floor":8.0,"key":"FossilizedHelix"},{"floor":23.0,"key":"Happy Flower"},{"floor":26.0,"key":"War Paint"},{"floor":27.0,"key":"Frozen Egg 2"},{"floor":38.0,"key":"Mango"},{"floor":41,"key":"Bag of Marbles"},{"floor":43,"key":"Nunchaku"},{"floor":46,"key":"Eternal Feather"},{"floor":54,"key":"Blue Candle"}],"event_choices":[{"damage_healed":0.0,"max_hp_gain":0.0,"max_hp_loss":0.0,"gold_gain":75.0,"event_name":"World of Goop","player_choice":"Gather Gold","floor":2.0,"gold_loss":0.0,"damage_taken":11.0},{"damage_healed":0.0,"max_hp_gain":0.0,"max_hp_loss":0.0,"gold_gain":0.0,"event_name":"Golden Wing","player_choice":"Ignored","floor":3.0,"gold_loss":0.0,"damage_taken":0.0},{"damage_healed":0.0,"max_hp_gain":0.0,"max_hp_loss":0.0,"gold_gain":0.0,"event_name":"Back to Basics","player_choice":"Simplicity","floor":21.0,"gold_loss":0.0,"damage_taken":0.0,"cards_upgraded":["Strike_G","Strike_G","Defend_G","Defend_G","Defend_G","Defend_G","Defend_G"]},{"damage_healed":0.0,"max_hp_gain":0.0,"max_hp_loss":0.0,"gold_gain":0.0,"event_name":"Ghosts","player_choice":"Ignored","floor":25.0,"gold_loss":0.0,"damage_taken":0.0},{"damage_healed":0.0,"max_hp_gain":0.0,"max_hp_loss":0.0,"gold_gain":0.0,"event_name":"Addict","player_choice":"Obtained Relic","floor":29.0,"gold_loss":85.0,"damage_taken":0.0,"relics_obtained":["MealTicket"]},{"damage_healed":0.0,"max_hp_gain":0.0,"max_hp_loss":0.0,"gold_gain":0.0,"event_name":"SensoryStone","player_choice":"Memory 1","floor":36.0,"gold_loss":0.0,"damage_taken":0.0},{"cards_removed":["Caltrops"],"damage_healed":0.0,"max_hp_gain":0.0,"max_hp_loss":0.0,"gold_gain":0.0,"event_name":"Falling","player_choice":"Removed Power","floor":37.0,"gold_loss":0.0,"damage_taken":0.0},{"damage_healed":0.0,"max_hp_gain":0.0,"max_hp_loss":0.0,"gold_gain":0.0,"event_name":"MindBloom","player_choice":"Fight","floor":38.0,"gold_loss":0.0,"damage_taken":0.0}],"is_beta":false,"boss_relics":[{"not_picked":["Tiny House","Snecko Eye"],"picked":"Astrolabe"},{"not_picked":["SlaversCollar","Sozu"],"picked":"Busted Crown"}],"items_purged_floors":[],"is_endless":false,"potions_floor_spawned":[4,16,20,22,31,33,39,45,48,54],"killed_by":"The Heart","ascension_level":1}}