{"host":"gfcy6tva0ju5i6qm","time":1611815174,"event":{"mods":["AchievementEnabler","Act Like it!","Bartender","BaseMod","Best Route Mod","Better Altar","Better Match","Better Note","Better Sensory Stone","Better Skull","Block Reminder","Colored Map","Colored Powertips","DeckTracker","Energized Spire","Friendly Minions","GifTheSpireLib","Hermit","Jorbs\u0027s Wanderer Trilogy","Minty Spire (QoL Compilation)","Rare Cards Sparkle","Shop Mod","StSLib","The Bladedancer","The Bug Knight","The Cursed","The Disciple","The Hierophant","The Judge","TheFirefly","everything is the same but u backflip on backflip"],"gold_per_floor":[111,122,140,153,78,78,78,112,112,146,146,158,170,195,195,297,297,316,331,331,351,351,386,486,486,486],"floor_reached":25,"language":"ENG","playtime":2002,"items_purged":["Strike_R"],"score":292,"play_id":"0ba54c4f-dfc7-4c8b-92d6-c36c8ffd0c1a","local_time":"20210128012614","is_ascension_mode":true,"campfire_choices":[{"data":"Feel No Pain","floor":6.0,"key":"SMITH"},{"data":"Rampage","floor":11.0,"key":"SMITH"},{"data":"Evolve","floor":15.0,"key":"SMITH"}],"circlet_count":0,"master_deck":["Strike_R","Strike_R","Strike_R","Defend_R","Defend_R","Defend_R","Defend_R","Bash","Fiend Fire","Twin Strike","Feel No Pain+1","Burning Pact","Wild Strike","Master of Strategy","Rampage+1","Evolve+1","Havoc","Ghostly Armor","Exhume","True Grit","Armaments","Dark Embrace","DevaForm+1"],"relics":["Burning Blood","Champion Belt","StoneCalendar","Letter Opener","Happy Flower","Velvet Choker","Art of War"],"acts_visited":["Exordium","TheCity"],"potions_floor_usage":[21,23],"damage_taken":[{"damage":2.0,"enemies":"Jaw Worm","floor":1.0,"turns":3.0},{"damage":0.0,"enemies":"2 Louse","floor":2.0,"turns":2.0},{"damage":1.0,"enemies":"Cultist","floor":3.0,"turns":4.0},{"damage":13.0,"enemies":"Blue Slaver","floor":4.0,"turns":5.0},{"damage":30.0,"enemies":"Gremlin Nob","floor":8.0,"turns":4.0},{"damage":22.0,"enemies":"Lagavulin","floor":10.0,"turns":7.0},{"damage":7.0,"enemies":"Red Slaver","floor":12.0,"turns":4.0},{"damage":1.0,"enemies":"3 Louse","floor":13.0,"turns":3.0},{"damage":21.0,"enemies":"Gremlin Nob","floor":14.0,"turns":4.0},{"damage":7.0,"enemies":"Hexaghost","floor":16.0,"turns":7.0},{"damage":5.0,"enemies":"3 Byrds","floor":18.0,"turns":5.0},{"damage":5.0,"enemies":"Shell Parasite","floor":19.0,"turns":6.0},{"damage":13,"enemies":"Snake Plant","floor":21,"turns":5},{"damage":23,"enemies":"Gremlin Leader","floor":23,"turns":7},{"damage":57,"enemies":"Slavers","floor":25,"turns":3}],"seed_played":"-8822486338443515118","potions_obtained":[{"floor":4.0,"key":"Explosive Potion"},{"floor":8.0,"key":"Dexterity Potion"},{"floor":10.0,"key":"BlessingOfTheForge"},{"floor":13.0,"key":"Weak Potion"},{"floor":18.0,"key":"Explosive Potion"},{"floor":21,"key":"Ancient Potion"}],"is_trial":false,"path_per_floor":["M","M","M","M","$","R","?","E","T","E","R","M","M","E","R","B",null,"M","M","?","M","?","E","?","E"],"character_chosen":"IRONCLAD","items_purchased":[],"campfire_rested":0,"item_purchase_floors":[],"current_hp_per_floor":[80,80,80,73,73,73,73,49,49,33,33,32,37,22,22,21,80,80,80,80,73,73,56,56,0,0],"gold":486,"neow_bonus":"ONE_RANDOM_RARE_CARD","is_daily":false,"chose_seed":false,"campfire_upgraded":3,"win_rate":0.0,"timestamp":1611815174,"path_taken":["M","M","M","M","$","R","?","E","T","E","R","M","M","E","R","BOSS","M","M","?","?","?","E","?","E"],"items_purchased_type":[],"build_version":"2020-12-22","purchased_purges":1,"victory":false,"max_hp_per_floor":[80,80,80,80,80,80,80,80,80,80,80,80,80,80,80,80,80,80,80,80,80,80,80,80,80,80],"card_choices":[{"not_picked":["Wild Strike","Rage"],"picked":"Twin Strike","floor":1.0},{"not_picked":["Body Slam","Clash"],"picked":"Feel No Pain","floor":2.0},{"not_picked":["Body Slam","Combust"],"picked":"Burning Pact","floor":3.0},{"not_picked":["Anger","Clash"],"picked":"Wild Strike","floor":4.0},{"not_picked":["Secret Weapon","Enlightenment"],"picked":"Master of Strategy","floor":7.0},{"not_picked":["Cleave","Whirlwind"],"picked":"Rampage","floor":8.0},{"not_picked":["Intimidate","Rampage"],"picked":"Evolve","floor":10.0},{"not_picked":["Pommel Strike","Carnage","Perfected Strike"],"picked":"SKIP","floor":12.0},{"not_picked":["Anger","Sword Boomerang"],"picked":"Havoc","floor":13.0},{"not_picked":["Clothesline","Havoc"],"picked":"Ghostly Armor","floor":14.0},{"not_picked":["Juggernaut","Bludgeon"],"picked":"Exhume","floor":16.0},{"not_picked":["Inflame","Second Wind"],"picked":"True Grit","floor":18.0},{"not_picked":["Reckless Charge","Havoc"],"picked":"Armaments","floor":19.0},{"not_picked":["Flame Barrier+1","Uppercut"],"picked":"Dark Embrace","floor":21},{"not_picked":["Fire Breathing","Brutality","Wild Strike+1"],"picked":"SKIP","floor":23}],"player_experience":453162,"relics_obtained":[{"floor":8.0,"key":"Champion Belt"},{"floor":9.0,"key":"StoneCalendar"},{"floor":10.0,"key":"Letter Opener"},{"floor":14.0,"key":"Happy Flower"},{"floor":23,"key":"Art of War"}],"event_choices":[{"damage_healed":0.0,"max_hp_gain":0.0,"max_hp_loss":0.0,"gold_gain":1.0,"event_name":"betterStone:BetterStone","player_choice":"1","floor":7.0,"gold_loss":0.0,"damage_taken":0.0},{"cards_removed":["Strike_R"],"damage_healed":0.0,"max_hp_gain":0.0,"max_hp_loss":0.0,"gold_gain":0.0,"event_name":"Bonfire Elementals","player_choice":"Offered Basic","floor":20.0,"gold_loss":0.0,"damage_taken":0.0},{"cards_removed":["Exhume"],"damage_healed":0,"gold_gain":0,"player_choice":"Take \u0026 Give","damage_taken":0,"max_hp_gain":0,"max_hp_loss":0,"event_name":"betterNote:BetterNote","floor":22,"gold_loss":0,"cards_obtained":["DevaForm"]},{"damage_healed":0,"gold_gain":100,"player_choice":"Pray","damage_taken":0,"max_hp_gain":0,"max_hp_loss":0,"event_name":"Golden Shrine","floor":24,"gold_loss":0}],"is_beta":false,"boss_relics":[{"not_picked":["energizedSpire:CursedPentagram","energizedSpire:DecayingSkull"],"picked":"Velvet Choker"}],"items_purged_floors":[5],"is_endless":false,"potions_floor_spawned":[4,8,10,13,18,21],"killed_by":"Slavers","ascension_level":4}}