{"host":"drjz7zl15rqtgg20","time":1611844224,"event":{"mods":["BaseMod","Downfall","Minty Spire (QoL Compilation)","StSLib"],"gold_per_floor":[99,110,125,200,57,91,143,156,178,178,178,205,205,216,233,333,333,133,145,160,160,179,213,213,246,262,288,306,306,336,145,165,260,260,260,272,292,303,508,508,532,532,564,580,580,580,580],"floor_reached":45,"language":"ENG","playtime":3491,"items_purged":["Slimebound:Strike_Slimebound","Slimebound:Defend_Slimebound","Slimebound:Defend_Slimebound"],"score":700,"play_id":"a00be500-ec47-45fa-a3e0-87720f3f9102","local_time":"20210128093024","is_ascension_mode":true,"campfire_choices":[{"floor":1,"key":"RECALL"},{"data":"Slimebound:Repurpose","floor":18,"key":"SMITH"},{"floor":29,"key":"REST"},{"data":"Slimebound:MassRepurpose","floor":35,"key":"SMITH"},{"data":"Slimebound:MinionMaster","floor":40,"key":"SMITH"},{"data":"Slimebound:RainOfGoop","floor":42,"key":"SMITH"}],"circlet_count":0,"master_deck":["Slimebound:Defend_Slimebound","Slimebound:Defend_Slimebound","Slimebound:Split","Slimebound:CorrosiveSpit","Slimebound:HauntingLick","Slimebound:RainOfGoop+1","Slimebound:SplitBruiser","Slimebound:GoopSpray","Slimebound:SplitLeeching","Slimebound:PressTheAttack","Slimebound:Repurpose+1","Slimebound:GoopSpray","Slimebound:MinionMaster+1","Slimebound:ForwardTackle","RitualDagger","Slimebound:LevelUp+1","Slimebound:SplitLeeching+1","Slimebound:LeechLife","Slimebound:SplitMire+1","Slimebound:SplitBruiser+1","Slimebound:SlimeTap","Slimebound:LeadByExample","Slimebound:MassRepurpose+1","Slimebound:SplitSpecialist+1"],"relics":["Slimebound:AbsorbEndCombat","Anchor","Odd Mushroom","Omamori","Slimebound:TarBlob","downfall:HeartBlessingRed","downfall:HeartBlessingBlue","Sundial","Potion Belt","Slimebound:AggressiveSlimeRelic","Blood Vial","Empty Cage","Toy Ornithopter","Smiling Mask"],"acts_visited":["Exordium","TheCity","TheBeyond"],"potions_floor_usage":[6,22,23,25,26,27,31,33,39,45],"damage_taken":[{"damage":1,"enemies":"Cultist","floor":2,"turns":4},{"damage":2,"enemies":"Small Slimes","floor":3,"turns":2},{"damage":8,"enemies":"downfall:FleeingMerchant","floor":5,"turns":4},{"damage":5,"enemies":"Lagavulin","floor":6,"turns":6},{"damage":0,"enemies":"2 Louse","floor":8,"turns":1},{"damage":2,"enemies":"The Mushroom Lair","floor":9,"turns":3},{"damage":4,"enemies":"Gremlin Nob","floor":12,"turns":3},{"damage":2,"enemies":"Exordium Wildlife","floor":14,"turns":3},{"damage":7,"enemies":"Gremlin Gang","floor":15,"turns":4},{"damage":8,"enemies":"IC_STATUS_ARCHETYPE","floor":16,"turns":7},{"damage":2,"enemies":"Chosen","floor":19,"turns":6},{"damage":4,"enemies":"Shell Parasite","floor":20,"turns":4},{"damage":0,"enemies":"Snake Plant","floor":22,"turns":3},{"damage":34,"enemies":"Slavers","floor":23,"turns":5},{"damage":22,"enemies":"Gremlin Leader","floor":25,"turns":7},{"damage":5,"enemies":"Cultist and Chosen","floor":26,"turns":5},{"damage":57,"enemies":"Book of Stabbing","floor":27,"turns":6},{"damage":0,"enemies":"Sentry and Sphere","floor":28,"turns":3},{"damage":30,"enemies":"Slavers","floor":30,"turns":4},{"damage":10,"enemies":"downfall:FleeingMerchant","floor":31,"turns":4},{"damage":3,"enemies":"Snecko","floor":32,"turns":2},{"damage":47,"enemies":"DF_ARCHETYPE_CLAW","floor":33,"turns":8},{"damage":0,"enemies":"Orb Walker","floor":36,"turns":2},{"damage":1,"enemies":"3 Shapes","floor":37,"turns":3},{"damage":5,"enemies":"Transient","floor":38,"turns":5},{"damage":9,"enemies":"downfall:FleeingMerchant","floor":39,"turns":4},{"damage":55,"enemies":"Giant Head","floor":43,"turns":8},{"damage":14,"enemies":"Spire Growth","floor":44,"turns":4},{"damage":39,"enemies":"Nemesis","floor":45,"turns":6},{"damage":0,"enemies":"Nemesis","floor":45,"turns":1}],"seed_played":"-5746036031860394804","potions_obtained":[{"floor":3,"key":"SkillPotion"},{"floor":8,"key":"ColorlessPotion"},{"floor":9,"key":"Strength Potion"},{"floor":12,"key":"hexamod:SoulburnPotion"},{"floor":22,"key":"Swift Potion"},{"floor":25,"key":"Swift Potion"},{"floor":26,"key":"Slimebound:SlimedPotion"},{"floor":27,"key":"Explosive Potion"},{"floor":30,"key":"GamblersBrew"},{"floor":33,"key":"Swift Potion"},{"floor":38,"key":"Energy Potion"},{"floor":43,"key":"SteroidPotion"},{"floor":44,"key":"SmokeBomb"}],"is_trial":false,"path_per_floor":["R","M","M","?","$","E","T","M","?","?","?","E","?","M","M","B",null,"R","M","M","?","M","E","T","E","M","E","M","R","E","$","M","B",null,"R","M","M","M","$","R","T","R","E","M","E"],"character_chosen":"SLIMEBOUND","items_purchased":["Slimebound:GoopSpray","Slimebound:LeadByExample"],"campfire_rested":1,"item_purchase_floors":[5,31],"current_hp_per_floor":[71,71,71,71,67,70,70,71,71,71,71,69,69,71,66,66,71,81,81,79,73,75,47,47,33,42,21,23,47,28,31,32,9,81,81,81,81,80,74,74,74,74,57,65,50,50,50],"gold":580,"neow_bonus":"TEN_PERCENT_HP_BONUS","is_daily":false,"chose_seed":false,"campfire_upgraded":4,"win_rate":0.0,"timestamp":1611844224,"path_taken":["R","M","M","?","$","E","T","M","?","?","?","E","?","M","M","BOSS","R","M","M","?","M","E","T","E","M","E","M","R","E","$","M","BOSS","R","M","M","M","$","R","T","R","E","M","E"],"items_purchased_type":["Card","Card"],"build_version":"2020-12-22","purchased_purges":3,"victory":false,"max_hp_per_floor":[71,71,71,71,71,71,71,71,71,71,71,71,71,71,71,71,71,81,81,81,81,81,81,81,81,81,81,81,81,81,81,81,81,81,81,81,81,81,81,81,81,81,81,81,81,81,81],"card_choices":[{"not_picked":["Slimebound:LeechingTouch","Slimebound:Replication"],"picked":"Slimebound:HauntingLick","floor":2},{"not_picked":["Slimebound:AcidTongue","Slimebound:HauntingLick"],"picked":"Slimebound:RainOfGoop","floor":3},{"not_picked":["Slimebound:RollThrough","Slimebound:Prepare"],"picked":"Slimebound:SplitBruiser","floor":5},{"not_picked":["Slimebound:SamplingLick","Slimebound:ForwardTackle"],"picked":"Slimebound:SplitLeeching","floor":6},{"not_picked":["Slimebound:FinishingTackle","Slimebound:Prepare"],"picked":"Slimebound:PressTheAttack","floor":8},{"not_picked":["Slimebound:ViciousTackle","Slimebound:Gluttony"],"picked":"Slimebound:Repurpose","floor":12},{"not_picked":["Slimebound:SpikyOuterGoop","Slimebound:SlimeSpikes","Slimebound:ServeAndProtect"],"picked":"SKIP","floor":14},{"not_picked":["Slimebound:DivideAndConquer","Slimebound:PrepareCrush"],"picked":"Slimebound:GoopSpray","floor":15},{"not_picked":["Slimebound:Darklings","Slimebound:Overexert"],"picked":"Slimebound:MinionMaster","floor":16},{"not_picked":["Slimebound:FinishingTackle+1","Slimebound:SplitMire","Slimebound:Schlurp"],"picked":"SKIP","floor":19},{"not_picked":["Slimebound:Replication+1","Slimebound:LeechingTouch"],"picked":"Slimebound:ForwardTackle","floor":20},{"not_picked":["Slimebound:HauntingLick","Slimebound:SamplingLick"],"picked":"Slimebound:LevelUp+1","floor":22},{"not_picked":["Slimebound:CheckThePlaybook","Slimebound:LeechingTouch+1"],"picked":"Slimebound:SplitLeeching+1","floor":23},{"not_picked":["Slimebound:ComboTackle+1","Slimebound:PressTheAttack+1"],"picked":"Slimebound:LeechLife","floor":25},{"not_picked":["Slimebound:Schlurp","Slimebound:TongueLash"],"picked":"Slimebound:SplitMire+1","floor":26},{"not_picked":["Slimebound:SlimeSpikes","Slimebound:ViciousTackle"],"picked":"Slimebound:SplitBruiser+1","floor":27},{"not_picked":["Slimebound:SlimeSlap","Slimebound:FinishingTackle+1","Slimebound:GoopTackle"],"picked":"SKIP","floor":28},{"not_picked":["Slimebound:SlimeSpikes","Slimebound:SplitSpecialist"],"picked":"Slimebound:SlimeTap","floor":30},{"not_picked":["Slimebound:MegaLick","Slimebound:LeechEnergy","Slimebound:Gluttony"],"picked":"SKIP","floor":31},{"not_picked":["Slimebound:GoopSpray","Slimebound:PressTheAttack","Slimebound:AcidTongue"],"picked":"SKIP","floor":32},{"not_picked":["Slimebound:DouseInSlime","Slimebound:MassFeed"],"picked":"Slimebound:MassRepurpose","floor":33},{"not_picked":["Slimebound:LeechEnergy","Slimebound:GoopSpray"],"picked":"Slimebound:SplitSpecialist+1","floor":36},{"not_picked":["Slimebound:ComboTackle+1","Slimebound:RainOfGoop+1","Slimebound:RollThrough"],"picked":"SKIP","floor":37},{"not_picked":["Slimebound:Schlurp+1","Slimebound:LivingWall","Slimebound:FormOfPuddle+1"],"picked":"SKIP","floor":38},{"not_picked":["Slimebound:Schlurp+1","Slimebound:GoopTackle+1","Slimebound:LivingWall"],"picked":"SKIP","floor":39},{"not_picked":["Slimebound:Grow","Slimebound:DisruptingSlam+1","Slimebound:Gluttony"],"picked":"SKIP","floor":43},{"not_picked":["Slimebound:GoopSpray","Slimebound:SamplingLick","Slimebound:FormOfPuddle"],"picked":"SKIP","floor":44}],"player_experience":582053,"relics_obtained":[{"floor":6,"key":"Anchor"},{"floor":9,"key":"Odd Mushroom"},{"floor":12,"key":"Omamori"},{"floor":23,"key":"Sundial"},{"floor":25,"key":"Potion Belt"},{"floor":27,"key":"Slimebound:AggressiveSlimeRelic"},{"floor":30,"key":"Blood Vial"},{"floor":41,"key":"Toy Ornithopter"},{"floor":43,"key":"Smiling Mask"}],"event_choices":[{"damage_healed":0,"gold_gain":0,"player_choice":"Fought Mushrooms","damage_taken":0,"max_hp_gain":0,"max_hp_loss":0,"event_name":"Mushrooms","floor":9,"gold_loss":0}],"is_beta":false,"boss_relics":[{"not_picked":["SlaversCollar","SacredBark"],"picked":"Slimebound:TarBlob"},{"not_picked":["Astrolabe","Pandora\u0027s Box"],"picked":"Empty Cage"}],"items_purged_floors":[5,31,39],"is_endless":false,"potions_floor_spawned":[3,8,9,12,15,16,22,25,26,27,30,33,38,43,44],"killed_by":"Nemesis","ascension_level":3}}