{"host":"7jl348xfsxr8glry","time":1611822420,"event":{"mods":["AchievementEnabler","BaseMod","Colored Map","Minty Spire (QoL Compilation)","Random Character Button","Unceasing Turn Reminder"],"gold_per_floor":[213,213,227,240,255,255,286,14,93,93,113,148,148,323,323,422,422,441,441,441,459,469,469,482,482,482,482,500,500,500,500],"floor_reached":30,"language":"ENG","playtime":1828,"items_purged":["Strike_P"],"score":265,"play_id":"9e1da687-ed98-4c34-91ac-66866303564d","local_time":"20210128192700","is_ascension_mode":false,"campfire_choices":[{"floor":6,"key":"REST"},{"data":"Eruption","floor":10,"key":"SMITH"},{"data":"Judgement","floor":13,"key":"SMITH"},{"floor":15,"key":"REST"},{"floor":23,"key":"REST"},{"floor":25,"key":"REST"},{"floor":27,"key":"REST"},{"floor":29,"key":"REST"}],"circlet_count":0,"master_deck":["Strike_P","Strike_P","Strike_P","Defend_P","Defend_P","Defend_P","Defend_P","Eruption+1","Vigilance","FearNoEvil","FlurryOfBlows","SashWhip","FlyingSleeves","CrushJoints","EmptyFist","Judgement+1","Doubt","DevaForm","CutThroughFate","Conclude","FearNoEvil","BowlingBash"],"relics":["PureWater","GoldenEye","MealTicket","Vajra","Singing Bowl","Art of War","SacredBark","GremlinMask"],"acts_visited":["Exordium","TheCity"],"potions_floor_usage":[7,18],"damage_taken":[{"damage":0,"enemies":"Small Slimes","floor":1,"turns":2},{"damage":0,"enemies":"Cultist","floor":3,"turns":3},{"damage":2,"enemies":"2 Louse","floor":4,"turns":2},{"damage":23,"enemies":"Exordium Thugs","floor":5,"turns":3},{"damage":27,"enemies":"Lagavulin","floor":7,"turns":3},{"damage":2,"enemies":"Large Slime","floor":11,"turns":3},{"damage":0,"enemies":"Gremlin Nob","floor":12,"turns":2},{"damage":55,"enemies":"The Guardian","floor":16,"turns":11},{"damage":1,"enemies":"Chosen","floor":18,"turns":3},{"damage":35,"enemies":"2 Thieves","floor":21,"turns":4},{"damage":21,"enemies":"Cultist and Chosen","floor":22,"turns":5},{"damage":23,"enemies":"Centurion and Healer","floor":24,"turns":4},{"damage":27,"enemies":"Snecko","floor":28,"turns":5},{"damage":70,"enemies":"Book of Stabbing","floor":30,"turns":4}],"seed_played":"-4743203719761581518","potions_obtained":[{"floor":4,"key":"LiquidBronze"},{"floor":5,"key":"Weak Potion"},{"floor":16,"key":"FearPotion"},{"floor":21,"key":"FearPotion"},{"floor":22,"key":"SteroidPotion"}],"is_trial":false,"path_per_floor":["M","?","M","M","M","R","E","$","T","R","M","E","R","?","R","B",null,"M","?","?","M","M","R","M","R","T","R","M","R","E"],"character_chosen":"WATCHER","items_purchased":["Vajra","EmptyFist"],"campfire_rested":6,"item_purchase_floors":[8,8],"current_hp_per_floor":[72,72,72,70,47,68,41,56,56,56,54,56,56,56,74,19,74,73,73,73,38,17,39,16,38,38,60,35,57,0,0],"gold":500,"neow_bonus":"HUNDRED_GOLD","is_daily":false,"chose_seed":false,"campfire_upgraded":2,"win_rate":0.0,"timestamp":1611822420,"path_taken":["M","?","M","M","M","R","E","$","T","R","?","E","R","?","R","BOSS","M","?","?","M","M","R","M","R","T","R","M","R","E"],"items_purchased_type":["Relic","Card"],"build_version":"2020-12-22","purchased_purges":1,"victory":false,"max_hp_per_floor":[72,72,72,72,72,72,72,72,72,72,72,74,74,74,74,74,74,74,74,74,74,74,74,74,74,74,74,76,76,76,76],"card_choices":[{"not_picked":["Evaluate","CarveReality"],"picked":"FearNoEvil","floor":1},{"not_picked":["JustLucky","FollowUp"],"picked":"FlurryOfBlows","floor":3},{"not_picked":["EmptyMind","BowlingBash"],"picked":"SashWhip","floor":4},{"not_picked":["ClearTheMind","EmptyFist"],"picked":"FlyingSleeves","floor":5},{"not_picked":["WaveOfTheHand","Meditate"],"picked":"CrushJoints","floor":7},{"not_picked":["CrushJoints","Prostrate"],"picked":"Judgement","floor":11},{"not_picked":["Prostrate","Wireheading","Adaptation"],"picked":"Singing Bowl","floor":12},{"not_picked":["Devotion","LessonLearned"],"picked":"DevaForm","floor":16},{"not_picked":["Vengeance+1","Fasting2+1"],"picked":"CutThroughFate","floor":18},{"not_picked":["PathToVictory","ThirdEye"],"picked":"Conclude","floor":21},{"not_picked":["Halt","Crescendo+1"],"picked":"FearNoEvil","floor":22},{"not_picked":["Pray","DeceiveReality"],"picked":"BowlingBash","floor":24},{"not_picked":["Conclude","Protect","Study"],"picked":"Singing Bowl","floor":28}],"player_experience":155664,"relics_obtained":[{"floor":2,"key":"GoldenEye"},{"floor":7,"key":"MealTicket"},{"floor":9,"key":"Singing Bowl"},{"floor":12,"key":"Art of War"}],"event_choices":[{"damage_healed":0,"gold_gain":0,"player_choice":"Relic","damage_taken":0,"max_hp_gain":0,"max_hp_loss":0,"event_name":"Wheel of Change","floor":2,"gold_loss":0},{"damage_healed":0,"gold_gain":175,"player_choice":"AGREE","damage_taken":0,"max_hp_gain":0,"max_hp_loss":0,"event_name":"Liars Game","floor":14,"gold_loss":0,"cards_obtained":["Doubt"]},{"damage_healed":0,"gold_gain":0,"player_choice":"Ignored","damage_taken":0,"max_hp_gain":0,"max_hp_loss":0,"event_name":"Vampires","floor":19,"gold_loss":0},{"damage_healed":0,"gold_gain":0,"player_choice":"Trade","damage_taken":0,"relics_obtained":["GremlinMask"],"max_hp_gain":0,"max_hp_loss":0,"event_name":"FaceTrader","floor":20,"gold_loss":0}],"is_beta":false,"boss_relics":[{"not_picked":["Empty Cage","Coffee Dripper"],"picked":"SacredBark"}],"items_purged_floors":[8],"is_endless":false,"potions_floor_spawned":[4,5,16,21,22],"killed_by":"Book of Stabbing","ascension_level":0}}