{"host":"l2onoeb0kdqo1a9y","time":1611804146,"event":{"mods":["AchievementEnabler","BaseMod","Colored Powertips","Highlight Path","Minty Spire (QoL Compilation)","Quick Restart"],"gold_per_floor":[118,138,154,173,189,189,200,200,200,44,76,88,88,88,88,88,88],"floor_reached":16,"language":"ZHS","playtime":355,"items_purged":[],"score":104,"play_id":"5d7ce4ce-f719-40d1-9c28-02ffe0f28527","local_time":"20210128112226","is_ascension_mode":false,"campfire_choices":[{"data":"Limit Break","floor":6,"key":"SMITH"},{"floor":8,"key":"RECALL"},{"floor":13,"key":"REST"},{"data":"Infernal Blade","floor":15,"key":"SMITH"}],"circlet_count":0,"master_deck":["Strike_R","Strike_R","Strike_R","Strike_R","Defend_R","Defend_R","Defend_R","Defend_R","Bash","Flex","Limit Break+1","Flex","Infernal Blade+1","Anger"],"relics":["Burning Blood","NeowsBlessing","Lantern","Oddly Smooth Stone"],"acts_visited":["Exordium"],"potions_floor_usage":[],"damage_taken":[{"damage":0,"enemies":"Cultist","floor":1,"turns":1},{"damage":0,"enemies":"2 Louse","floor":2,"turns":1},{"damage":0,"enemies":"Jaw Worm","floor":3,"turns":1},{"damage":12,"enemies":"Blue Slaver","floor":4,"turns":3},{"damage":9,"enemies":"3 Louse","floor":5,"turns":4},{"damage":20,"enemies":"Exordium Wildlife","floor":7,"turns":3},{"damage":53,"enemies":"Lagavulin","floor":11,"turns":8},{"damage":7,"enemies":"Blue Slaver","floor":12,"turns":4},{"damage":27,"enemies":"The Guardian","floor":16,"turns":6}],"seed_played":"-3525748472089488646","potions_obtained":[{"floor":4,"key":"HeartOfIron"},{"floor":11,"key":"BlessingOfTheForge"},{"floor":12,"key":"GamblersBrew"}],"is_trial":false,"path_per_floor":["M","M","M","M","M","R","M","R","T","$","E","M","R","?","R","B"],"character_chosen":"IRONCLAD","items_purchased":["Lantern"],"campfire_rested":1,"item_purchase_floors":[10],"current_hp_per_floor":[80,80,80,74,71,71,57,57,57,57,10,9,33,33,33,6,6],"gold":88,"neow_bonus":"THREE_ENEMY_KILL","is_daily":false,"chose_seed":false,"campfire_upgraded":2,"win_rate":0.0,"timestamp":1611804146,"path_taken":["M","M","M","M","M","R","M","R","T","?","E","M","R","?","R","BOSS"],"items_purchased_type":["Relic"],"build_version":"2020-12-22","purchased_purges":0,"victory":false,"max_hp_per_floor":[80,80,80,80,80,80,80,80,80,80,80,80,80,80,80,80,80],"card_choices":[{"not_picked":["Thunderclap","Twin Strike"],"picked":"Flex","floor":1},{"not_picked":["Body Slam","Flex"],"picked":"Limit Break","floor":2},{"not_picked":["Dropkick","Whirlwind"],"picked":"Flex","floor":3},{"not_picked":["Headbutt","Uppercut"],"picked":"Infernal Blade","floor":4},{"not_picked":["Seeing Red","Body Slam"],"picked":"Anger","floor":5},{"not_picked":["Rupture","Sword Boomerang","Corruption"],"picked":"SKIP","floor":7},{"not_picked":["Headbutt","Body Slam","Feel No Pain"],"picked":"SKIP","floor":11},{"not_picked":["Twin Strike","Evolve","Havoc"],"picked":"SKIP","floor":12}],"player_experience":127822,"relics_obtained":[{"floor":11,"key":"Oddly Smooth Stone"}],"event_choices":[{"cards_removed":["Strike_R"],"damage_healed":0,"gold_gain":0,"player_choice":"Offered Basic","damage_taken":0,"max_hp_gain":0,"max_hp_loss":0,"event_name":"Bonfire Elementals","floor":14,"gold_loss":0}],"is_beta":false,"boss_relics":[],"items_purged_floors":[],"is_endless":false,"potions_floor_spawned":[4,11,12],"killed_by":"The Guardian","ascension_level":0}}