{"host":"jpzdg3po3tjxdjri","time":1611872316,"event":{"mods":["BaseMod","Better Third Choice","Colored Map","Colored Powertips","Minty Spire (QoL Compilation)","StSLib"],"gold_per_floor":[113,113,128,42,53,53,85,160,184,194,48,48,63,81,81,181,181,193,36,46,46,66,66,66,66],"floor_reached":24,"language":"ENG","playtime":985,"items_purged":[],"score":323,"play_id":"b9ad39f0-db0e-4681-8411-62945c219b43","local_time":"20210128221836","is_ascension_mode":true,"campfire_choices":[{"data":"TalkToTheHand","floor":6,"key":"SMITH"},{"floor":12,"key":"REST"},{"data":"WindmillStrike","floor":15,"key":"SMITH"},{"floor":23,"key":"REST"}],"circlet_count":0,"master_deck":["Strike_P","Defend_P+1","Defend_P","Defend_P","Defend_P","Eruption","Vigilance","WheelKick","LikeWater","TalkToTheHand+1","CutThroughFate","Vengeance","EmptyBody","Wireheading","CutThroughFate","WindmillStrike+1","WheelKick","LessonLearned","WindmillStrike+1","WheelKick+1","Sanctity+1","FearNoEvil","Collect","ThirdEye+1","Wallop"],"relics":["PureWater","Regal Pillow","Dream Catcher","Damaru","Astrolabe","Lee\u0027s Waffle","CultistMask"],"acts_visited":["Exordium","TheCity"],"potions_floor_usage":[10],"damage_taken":[{"damage":3,"enemies":"Jaw Worm","floor":1,"turns":4},{"damage":3,"enemies":"2 Louse","floor":3,"turns":3},{"damage":2,"enemies":"Small Slimes","floor":5,"turns":4},{"damage":22,"enemies":"3 Sentries","floor":7,"turns":12},{"damage":13,"enemies":"Exordium Thugs","floor":10,"turns":3},{"damage":8,"enemies":"Exordium Wildlife","floor":13,"turns":6},{"damage":0,"enemies":"Large Slime","floor":14,"turns":4},{"damage":36,"enemies":"The Guardian","floor":16,"turns":10},{"damage":17,"enemies":"Spheric Guardian","floor":18,"turns":4},{"damage":32,"enemies":"Shell Parasite","floor":20,"turns":5},{"damage":14,"enemies":"Sentry and Sphere","floor":22,"turns":5},{"damage":96,"enemies":"Gremlin Leader","floor":24,"turns":5}],"seed_played":"-5277095869028044788","potions_obtained":[{"floor":3,"key":"BottledMiracle"},{"floor":7,"key":"Ancient Potion"},{"floor":13,"key":"Dexterity Potion"},{"floor":20,"key":"Dexterity Potion"}],"is_trial":false,"path_per_floor":["M","?","M","$","M","R","E","?","T","M","$","R","M","M","R","B",null,"M","$","M","?","M","R","E"],"character_chosen":"WATCHER","items_purchased":["TalkToTheHand","CutThroughFate","Damaru","Lee\u0027s Waffle"],"campfire_rested":2,"item_purchase_floors":[4,4,11,19],"current_hp_per_floor":[69,69,66,66,64,64,42,31,31,18,18,56,48,48,48,12,62,45,86,54,54,40,80,0,0],"gold":66,"neow_bonus":"TEN_PERCENT_HP_BONUS","is_daily":false,"chose_seed":false,"campfire_upgraded":2,"win_rate":0.0,"timestamp":1611872316,"path_taken":["M","?","M","$","M","R","E","?","T","M","$","R","M","M","R","BOSS","M","$","M","?","M","R","E"],"items_purchased_type":["Card","Card","Relic","Relic"],"build_version":"2020-12-22","purchased_purges":0,"victory":false,"max_hp_per_floor":[79,79,79,79,79,79,79,79,79,79,79,79,79,79,79,79,79,79,86,86,86,86,86,86,86],"card_choices":[{"not_picked":["FollowUp","SashWhip"],"picked":"WheelKick","floor":1},{"not_picked":["DeceiveReality","BowlingBash"],"picked":"LikeWater","floor":3},{"not_picked":["Prostrate","LikeWater"],"picked":"Vengeance","floor":5},{"not_picked":["SashWhip","Study"],"picked":"EmptyBody","floor":7},{"not_picked":["EmptyBody","ClearTheMind"],"picked":"Wireheading","floor":10},{"not_picked":["Worship","LikeWater"],"picked":"CutThroughFate","floor":12},{"not_picked":["CarveReality","Halt"],"picked":"WindmillStrike","floor":13},{"not_picked":["Protect","ForeignInfluence"],"picked":"WheelKick","floor":14},{"not_picked":["Vault","MasterReality"],"picked":"LessonLearned","floor":16},{"not_picked":["EmptyFist","Meditate"],"picked":"FearNoEvil","floor":18},{"not_picked":["Crescendo","JustLucky+1"],"picked":"Collect","floor":20},{"not_picked":["FollowUp+1","DeceiveReality"],"picked":"ThirdEye+1","floor":22},{"not_picked":["Prostrate+1","Worship"],"picked":"Wallop","floor":23}],"player_experience":869899,"relics_obtained":[{"floor":7,"key":"Regal Pillow"},{"floor":9,"key":"Dream Catcher"}],"event_choices":[{"damage_healed":0,"gold_gain":0,"player_choice":"Leave","damage_taken":0,"max_hp_gain":0,"max_hp_loss":0,"event_name":"The Cleric","floor":2,"gold_loss":0},{"damage_healed":0,"gold_gain":75,"player_choice":"Gold","damage_taken":11,"max_hp_gain":0,"max_hp_loss":0,"event_name":"betterThird:BetterGoop","floor":8,"gold_loss":0},{"damage_healed":0,"gold_gain":0,"player_choice":"Trade","damage_taken":0,"relics_obtained":["CultistMask"],"max_hp_gain":0,"max_hp_loss":0,"event_name":"FaceTrader","floor":21,"gold_loss":0}],"is_beta":false,"boss_relics":[{"not_picked":["Snecko Eye","Pandora\u0027s Box"],"picked":"Astrolabe"}],"items_purged_floors":[],"is_endless":false,"potions_floor_spawned":[3,7,13,20],"killed_by":"Gremlin Leader","ascension_level":9}}