{"host":"d4km6p8r92tm3vpl","time":1611846206,"event":{"mods":["AchievementEnabler","BaseMod","Colored Map","Colored Powertips","DeckTracker","Minty Spire (QoL Compilation)","Relic Stats","StSLib"],"gold_per_floor":[364,29,29,44,57,57,82,82,82,82,115,115,115,140,140,211,211,221,246,22,121,131,131,160,160,160,75,75,100,118,118,118,118,118],"floor_reached":33,"language":"ENG","playtime":1297,"items_purged":["Strike_G"],"score":531,"play_id":"30c6828f-f241-4710-bf5e-cb93507c1ac2","local_time":"20210128100326","is_ascension_mode":true,"campfire_choices":[{"data":"Neutralize","floor":6.0,"key":"SMITH"},{"data":"Dagger Spray","floor":10.0,"key":"SMITH"},{"data":"Infinite Blades","floor":12.0,"key":"SMITH"},{"floor":15.0,"key":"REST"},{"data":"Bouncing Flask","floor":23.0,"key":"SMITH"},{"floor":28.0,"key":"REST"},{"data":"Wraith Form v2","floor":32.0,"key":"SMITH"}],"circlet_count":0,"master_deck":["AscendersBane","Strike_G","Strike_G","Strike_G+1","Defend_G+1","Defend_G","Defend_G","Defend_G","Defend_G","Survivor","Neutralize+1","Slice","Sucker Punch+1","Leg Sweep","Choke","Infinite Blades+1","Dagger Spray+1","All Out Attack+1","Crippling Poison","Adrenaline","Blur","Cloak And Dagger","Bouncing Flask+1","Backflip+1","Leg Sweep+1","Wraith Form v2+1"],"relics":["Ring of the Snake","Frozen Eye","Dead Branch","Incense Burner","Whetstone","Dream Catcher","Snecko Eye","Red Mask","TwistedFunnel","Toxic Egg 2","Bottled Tornado","Mango","The Specimen","Turnip"],"acts_visited":["Exordium","TheCity"],"potions_floor_usage":[33],"damage_taken":[{"damage":1.0,"enemies":"Cultist","floor":1.0,"turns":4.0},{"damage":2.0,"enemies":"Jaw Worm","floor":4.0,"turns":6.0},{"damage":0.0,"enemies":"2 Louse","floor":5.0,"turns":3.0},{"damage":28.0,"enemies":"Gremlin Nob","floor":7.0,"turns":5.0},{"damage":7.0,"enemies":"3 Sentries","floor":11.0,"turns":6.0},{"damage":6.0,"enemies":"Gremlin Nob","floor":14.0,"turns":3.0},{"damage":11.0,"enemies":"Slime Boss","floor":16.0,"turns":14.0},{"damage":0.0,"enemies":"Chosen","floor":18.0,"turns":3.0},{"damage":8.0,"enemies":"Masked Bandits","floor":19.0,"turns":7.0},{"damage":9.0,"enemies":"Shell Parasite","floor":22.0,"turns":6.0},{"damage":19.0,"enemies":"Book of Stabbing","floor":24.0,"turns":6.0},{"damage":0.0,"enemies":"Gremlin Leader","floor":29.0,"turns":5.0},{"damage":5.0,"enemies":"Centurion and Healer","floor":30.0,"turns":5.0},{"damage":56,"enemies":"Champ","floor":33,"turns":9}],"seed_played":"5503425006866207708","potions_obtained":[{"floor":7.0,"key":"Regen Potion"},{"floor":14.0,"key":"CultistPotion"},{"floor":18.0,"key":"Weak Potion"},{"floor":19.0,"key":"BlessingOfTheForge"}],"is_trial":false,"path_per_floor":["M","$","?","M","M","R","E","?","T","R","E","R","?","E","R","B",null,"M","?","$","?","M","R","E","T","T","?","R","E","M","?","R","B"],"character_chosen":"THE_SILENT","items_purchased":["Sucker Punch","Frozen Eye","Leg Sweep","Strength Potion","FearPotion","TwistedFunnel"],"campfire_rested":2,"item_purchase_floors":[2,2,2,2,2,20],"current_hp_per_floor":[62,62,62,60,60,60,32,32,32,32,40,40,27,21,39,28,54,54,46,46,46,37,37,18,18,32,32,55,55,50,50,50,0,0],"gold":118,"neow_bonus":"TWO_FIFTY_GOLD","is_daily":false,"chose_seed":false,"campfire_upgraded":5,"win_rate":0.0,"timestamp":1611846206,"path_taken":["M","$","?","M","M","R","E","?","T","R","E","R","?","E","R","BOSS","M","?","$","?","M","R","E","?","T","?","R","E","M","?","R","BOSS"],"items_purchased_type":["Card","Relic","Card","Potion","Potion","Relic"],"build_version":"2020-12-22","purchased_purges":1,"victory":false,"max_hp_per_floor":[63,63,63,63,63,63,63,63,63,63,63,63,63,63,63,63,63,63,63,63,63,63,63,63,63,77,77,77,77,77,77,77,77,77],"relic_stats":{"Dream Catcher":2,"counters":[14,82],"Dead Branch":[68],"Snecko Eye":[79,71,81,89],"Turnip":[8],"Whetstone":["Sucker Punch","Strike_G"],"obtain_stats":[{"TwistedFunnel":20,"The Specimen":27,"Dead Branch":7,"Mango":26,"Incense Burner":9,"Whetstone":11,"Bottled Tornado":25,"Frozen Eye":2,"Dream Catcher":14,"Snecko Eye":17,"Turnip":29,"Red Mask":19,"Toxic Egg 2":24,"Ring of the Snake":0},{"TwistedFunnel":9,"The Specimen":11,"Dead Branch":4,"Mango":11,"Incense Burner":4,"Whetstone":5,"Bottled Tornado":11,"Frozen Eye":1,"Dream Catcher":6,"Snecko Eye":7,"Turnip":12,"Red Mask":9,"Toxic Egg 2":11,"Ring of the Snake":0},{"TwistedFunnel":51,"The Specimen":63,"Dead Branch":18,"Mango":63,"Incense Burner":18,"Whetstone":24,"Bottled Tornado":63,"Frozen Eye":4,"Dream Catcher":27,"Snecko Eye":41,"Turnip":68,"Red Mask":51,"Toxic Egg 2":63,"Ring of the Snake":0}],"Ring of the Snake":[28]},"card_choices":[{"not_picked":["Dagger Throw","Bane"],"picked":"Slice","floor":1.0},{"not_picked":["Riddle With Holes","Catalyst"],"picked":"Choke","floor":4.0},{"not_picked":["Dodge and Roll","Envenom"],"picked":"Infinite Blades","floor":5.0},{"not_picked":["Concentrate","All Out Attack"],"picked":"Dagger Spray","floor":7.0},{"not_picked":["Prepared","Caltrops","Slice"],"picked":"SKIP","floor":11.0},{"not_picked":["Flying Knee","Endless Agony"],"picked":"Crippling Poison","floor":14.0},{"not_picked":["Envenom","Storm of Steel"],"picked":"Adrenaline","floor":16.0},{"not_picked":["Dodge and Roll","Backflip"],"picked":"Blur","floor":18.0},{"not_picked":["Outmaneuver","Choke"],"picked":"Cloak And Dagger","floor":19.0},{"not_picked":["Sucker Punch","Dodge and Roll"],"picked":"Bouncing Flask","floor":22.0},{"not_picked":["Corpse Explosion+1","Endless Agony"],"picked":"Backflip+1","floor":24.0},{"not_picked":["Accuracy+1","Dagger Throw","Flying Knee"],"picked":"SKIP","floor":29.0},{"not_picked":["Finisher","Distraction+1"],"picked":"Leg Sweep+1","floor":30.0}],"player_experience":834993,"relics_obtained":[{"floor":7.0,"key":"Dead Branch"},{"floor":9.0,"key":"Incense Burner"},{"floor":11.0,"key":"Whetstone"},{"floor":14.0,"key":"Dream Catcher"},{"floor":19.0,"key":"Red Mask"},{"floor":24.0,"key":"Toxic Egg 2"},{"floor":25.0,"key":"Bottled Tornado"},{"floor":26.0,"key":"Mango"},{"floor":29.0,"key":"Turnip"}],"event_choices":[{"damage_healed":0.0,"max_hp_gain":0.0,"max_hp_loss":0.0,"gold_gain":0.0,"event_name":"Liars Game","player_choice":"Ignored","floor":3.0,"gold_loss":0.0,"damage_taken":0.0},{"damage_healed":0.0,"max_hp_gain":0.0,"max_hp_loss":0.0,"gold_gain":0.0,"cards_transformed":["Strike_G"],"event_name":"Living Wall","player_choice":"Change","floor":8.0,"gold_loss":0.0,"damage_taken":0.0,"cards_obtained":["All Out Attack"]},{"damage_healed":0.0,"max_hp_gain":0.0,"max_hp_loss":0.0,"gold_gain":0.0,"event_name":"Shining Light","player_choice":"Entered Light","floor":13.0,"gold_loss":0.0,"damage_taken":13.0,"cards_upgraded":["Defend_G","All Out Attack"]},{"damage_healed":0.0,"max_hp_gain":0.0,"max_hp_loss":0.0,"gold_gain":0.0,"event_name":"Masked Bandits","player_choice":"Fought Bandits","floor":19.0,"gold_loss":0.0,"damage_taken":0.0},{"damage_healed":0.0,"max_hp_gain":0.0,"max_hp_loss":0.0,"gold_gain":99.0,"event_name":"Nest","player_choice":"Stole From Cult","floor":21.0,"gold_loss":0.0,"damage_taken":0.0},{"damage_healed":0.0,"max_hp_gain":0.0,"max_hp_loss":0.0,"gold_gain":0.0,"event_name":"Addict","player_choice":"Obtained Relic","floor":27.0,"gold_loss":85.0,"damage_taken":0.0,"relics_obtained":["The Specimen"]},{"damage_healed":0.0,"max_hp_gain":0.0,"max_hp_loss":0.0,"gold_gain":0.0,"event_name":"The Library","player_choice":"Read","floor":31.0,"gold_loss":0.0,"damage_taken":0.0,"cards_obtained":["Wraith Form v2"]}],"is_beta":false,"boss_relics":[{"not_picked":["Busted Crown","Cursed Key"],"picked":"Snecko Eye"}],"items_purged_floors":[20],"is_endless":false,"potions_floor_spawned":[7,14,18,19,29],"killed_by":"Champ","ascension_level":13}}