{"host":"s5i48q09v0un9rqc","time":1611811610,"event":{"mods":["BaseMod","BetterRewards","Highlight Path","Minty Spire (QoL Compilation)","Rare Cards Sparkle","Shop Mod"],"gold_per_floor":[109,127,142,158,158,158,176,176,203,223,257,267,267,301,301,397,397,415,415,434,434,434,434,300,300,300,317,317,192,192,223,223,323,373,383,401,446,150,166,166,199,199,222,222,242,273,323,353,353,353,353,353,129,156,156],"floor_reached":56,"language":"ZHS","playtime":1866,"items_purged":["Strike_R","Strike_R","Strike_R","Bash","Defend_R"],"score":1390,"play_id":"214deedb-29d6-4121-9ac6-2f087c95882a","local_time":"20210128132650","is_ascension_mode":true,"campfire_choices":[{"data":"Armaments","floor":6.0,"key":"SMITH"},{"data":"Searing Blow","floor":8.0,"key":"SMITH"},{"data":"Searing Blow+1","floor":13.0,"key":"SMITH"},{"data":"Searing Blow+2","floor":15.0,"key":"SMITH"},{"data":"Searing Blow+3","floor":23.0,"key":"SMITH"},{"data":"Searing Blow+4","floor":25.0,"key":"SMITH"},{"data":"Searing Blow+5","floor":28.0,"key":"SMITH"},{"data":"Searing Blow+6","floor":30.0,"key":"SMITH"},{"data":"Searing Blow+7","floor":32,"key":"SMITH"},{"data":"Searing Blow+8","floor":40,"key":"SMITH"},{"data":"Searing Blow+9","floor":42,"key":"SMITH"},{"data":"Searing Blow+10","floor":44,"key":"SMITH"},{"floor":49,"key":"RECALL"},{"data":"Searing Blow+11","floor":52,"key":"SMITH"}],"circlet_count":0,"master_deck":["Defend_R","Defend_R","Defend_R","Impervious","Searing Blow+12","Armaments+1","Strike_R+1","Immolate+1","Feel No Pain+1","Power Through+1","Shockwave","Searing Blow+12","Dark Embrace+1"],"relics":["Burning Blood","Anchor","Orrery","WingedGreaves","Blood Vial","Omamori","Lantern","Velvet Choker","WarpedTongs","PreservedInsect","Tiny House","CaptainsWheel","Membership Card","Oddly Smooth Stone","Incense Burner","Smiling Mask","Orichalcum","Ice Cream","Whetstone","Bag of Marbles","DollysMirror","InkBottle"],"acts_visited":["Exordium","TheCity","TheBeyond","TheEnding"],"potions_floor_usage":[33,55,55,55],"damage_taken":[{"damage":1.0,"enemies":"Cultist","floor":1.0,"turns":3.0},{"damage":5.0,"enemies":"Jaw Worm","floor":2.0,"turns":6.0},{"damage":0.0,"enemies":"2 Louse","floor":3.0,"turns":3.0},{"damage":18.0,"enemies":"Lots of Slimes","floor":4.0,"turns":6.0},{"damage":0.0,"enemies":"Exordium Wildlife","floor":7.0,"turns":3.0},{"damage":2.0,"enemies":"3 Louse","floor":10.0,"turns":4.0},{"damage":13.0,"enemies":"Lagavulin","floor":11.0,"turns":7.0},{"damage":0.0,"enemies":"2 Fungi Beasts","floor":12.0,"turns":5.0},{"damage":27.0,"enemies":"Gremlin Nob","floor":14.0,"turns":4.0},{"damage":41.0,"enemies":"Hexaghost","floor":16.0,"turns":11.0},{"damage":0.0,"enemies":"Spheric Guardian","floor":18.0,"turns":3.0},{"damage":0.0,"enemies":"Chosen","floor":20.0,"turns":3.0},{"damage":0.0,"enemies":"Centurion and Healer","floor":27.0,"turns":6.0},{"damage":2,"enemies":"Slavers","floor":31,"turns":4},{"damage":31,"enemies":"Automaton","floor":33,"turns":8},{"damage":0,"enemies":"Orb Walker","floor":35,"turns":2},{"damage":0,"enemies":"3 Shapes","floor":36,"turns":4},{"damage":19,"enemies":"2 Orb Walkers","floor":37,"turns":4},{"damage":0,"enemies":"Spire Growth","floor":39,"turns":3},{"damage":0,"enemies":"Giant Head","floor":41,"turns":5},{"damage":0,"enemies":"Writhing Mass","floor":45,"turns":5},{"damage":0,"enemies":"Reptomancer","floor":46,"turns":1},{"damage":3,"enemies":"Mind Bloom Boss Battle","floor":47,"turns":4},{"damage":0,"enemies":"Giant Head","floor":48,"turns":7},{"damage":26,"enemies":"Donu and Deca","floor":50,"turns":11},{"damage":3,"enemies":"Shield and Spear","floor":54,"turns":6},{"damage":22,"enemies":"The Heart","floor":55,"turns":6}],"seed_played":"2818077543664874115","potions_obtained":[{"floor":3.0,"key":"SkillPotion"},{"floor":4.0,"key":"AttackPotion"},{"floor":10.0,"key":"SneckoOil"},{"floor":18.0,"key":"HeartOfIron"},{"floor":34,"key":"Dexterity Potion"}],"is_trial":false,"path_per_floor":["M","M","M","M","?","R","M","R","T","M","E","M","R","E","R","B",null,"M","?","M","?","$","R","$","R","T","M","R","$","R","E","R","B",null,"M","M","?","$","M","R","E","R","T","R","M","E","?","E","R","B",null,"R","$","E","B",null],"character_chosen":"IRONCLAD","items_purchased":["Anchor","Orrery","Armaments","Regen Potion","Energy Potion","Power Through","Membership Card","Oddly Smooth Stone","Bag of Marbles","DollysMirror","FearPotion"],"campfire_rested":0,"item_purchase_floors":[0,0,0,0,0,24,38,38,53,53,53],"current_hp_per_floor":[49,50,56,59,59,59,65,65,65,71,66,74,74,55,55,22,80,80,80,80,80,80,80,80,80,80,80,80,80,80,80,80,55,85,85,85,72,72,80,80,85,85,85,85,85,85,85,85,85,65,85,85,85,85,69],"gold":156,"neow_bonus":"","is_daily":false,"chose_seed":false,"campfire_upgraded":13,"win_rate":0.0,"timestamp":1611811610,"path_taken":["M","M","M","M","?","R","M","R","T","?","E","M","R","E","R","BOSS","M","?","M","?","$","R","$","R","T","?","R","?","R","E","R","BOSS","M","M","?","$","M","R","E","R","T","R","M","E","?","E","R","BOSS","R","$","E","BOSS"],"items_purchased_type":["Relic","Relic","Card","Potion","Potion","Card","Relic","Relic","Relic","Relic","Potion"],"build_version":"2020-12-22","purchased_purges":5,"victory":true,"max_hp_per_floor":[80,80,80,80,80,80,80,80,80,80,80,80,80,80,80,80,80,80,80,80,80,80,80,80,80,80,80,80,80,80,80,80,80,85,85,85,85,85,85,85,85,85,85,85,85,85,85,85,85,85,85,85,85,85,85],"card_choices":[{"not_picked":["True Grit","Rupture"],"picked":"Impervious","floor":0.0},{"not_picked":["Pommel Strike","Inflame"],"picked":"Searing Blow","floor":0.0},{"not_picked":["Perfected Strike","Shrug It Off","Clothesline"],"picked":"SKIP","floor":1.0},{"not_picked":["Sword Boomerang","Shrug It Off","True Grit"],"picked":"SKIP","floor":2.0},{"not_picked":["Cleave","Dropkick","Shrug It Off"],"picked":"SKIP","floor":3.0},{"not_picked":["Twin Strike","True Grit","Dropkick"],"picked":"SKIP","floor":4.0},{"not_picked":["Fire Breathing","Sever Soul","Armaments"],"picked":"SKIP","floor":7.0},{"not_picked":["Pommel Strike","Wild Strike","Headbutt"],"picked":"SKIP","floor":10.0},{"not_picked":["Reckless Charge","Entrench","Carnage"],"picked":"SKIP","floor":11.0},{"not_picked":["Feed","Cleave","Twin Strike"],"picked":"SKIP","floor":12.0},{"not_picked":["Spot Weakness","Shrug It Off","Corruption"],"picked":"SKIP","floor":14.0},{"not_picked":["Berserk","Juggernaut"],"picked":"Immolate","floor":16.0},{"not_picked":["Thunderclap+1","Sword Boomerang","Clash"],"picked":"SKIP","floor":18.0},{"not_picked":["Iron Wave","Clash"],"picked":"Feel No Pain+1","floor":20.0},{"not_picked":["Immolate","Hemokinesis+1","Clash"],"picked":"SKIP","floor":27.0},{"not_picked":["Clash","Reaper","Pommel Strike"],"picked":"SKIP","floor":31},{"not_picked":["Power Through+1","Spot Weakness","Sword Boomerang"],"picked":"SKIP","floor":35},{"not_picked":["Shrug It Off+1","Twin Strike"],"picked":"Shockwave","floor":36},{"not_picked":["Clothesline+1","Flex","Sever Soul+1"],"picked":"SKIP","floor":39},{"not_picked":["Reckless Charge+1","Bludgeon","Armaments+1"],"picked":"SKIP","floor":41},{"not_picked":["Combust+1","Thunderclap","Sword Boomerang"],"picked":"SKIP","floor":45},{"not_picked":["Immolate","Intimidate+1","Bloodletting"],"picked":"SKIP","floor":46},{"not_picked":["Sword Boomerang","Immolate","Sentinel+1"],"picked":"SKIP","floor":48},{"not_picked":["Inflame","Seeing Red+1"],"picked":"Dark Embrace+1","floor":54}],"player_experience":807677,"relics_obtained":[{"floor":9.0,"key":"Blood Vial"},{"floor":11.0,"key":"Omamori"},{"floor":14.0,"key":"Lantern"},{"floor":31,"key":"PreservedInsect"},{"floor":37,"key":"CaptainsWheel"},{"floor":41,"key":"Incense Burner"},{"floor":43,"key":"Smiling Mask"},{"floor":46,"key":"Orichalcum"},{"floor":47,"key":"Ice Cream"},{"floor":48,"key":"Whetstone"},{"floor":54,"key":"InkBottle"}],"event_choices":[{"cards_removed":["Strike_R"],"damage_healed":0.0,"max_hp_gain":0.0,"max_hp_loss":0.0,"gold_gain":0.0,"event_name":"NoteForYourself","player_choice":"Took Card","floor":5.0,"gold_loss":0.0,"damage_taken":0.0,"cards_obtained":["Strike_R"]},{"cards_removed":["Strike_R"],"damage_healed":0.0,"max_hp_gain":0.0,"max_hp_loss":0.0,"gold_gain":0.0,"event_name":"Back to Basics","player_choice":"Elegance","floor":19.0,"gold_loss":0.0,"damage_taken":0.0},{"damage_healed":0.0,"max_hp_gain":0.0,"max_hp_loss":0.0,"gold_gain":0.0,"event_name":"Accursed Blacksmith","player_choice":"Rummage","floor":21.0,"gold_loss":0.0,"damage_taken":0.0,"relics_obtained":["WarpedTongs"],"cards_obtained":["Pain"]},{"damage_healed":0,"gold_gain":0,"player_choice":"Fight","damage_taken":0,"max_hp_gain":0,"max_hp_loss":0,"event_name":"Mysterious Sphere","floor":37,"gold_loss":0},{"damage_healed":0,"gold_gain":0,"player_choice":"Fight","damage_taken":0,"max_hp_gain":0,"max_hp_loss":0,"event_name":"MindBloom","floor":47,"gold_loss":0}],"is_beta":false,"boss_relics":[{"not_picked":["Black Star","Pandora\u0027s Box"],"picked":"Velvet Choker"},{"not_picked":["Runic Dome","SacredBark"],"picked":"Tiny House"}],"items_purged_floors":[0,24,29,38,53],"is_endless":false,"potions_floor_spawned":[3,4,10,12,14,18,20,35,37,46,54],"ascension_level":1}}