{"host":"ewns8ifhbubwkcum","time":1611793690,"event":{"mods":["BaseMod","Block Reminder","Colored Map","Colored Powertips","Downfall","Highlight Path","Minty Spire (QoL Compilation)","Permanent Neow","Quick Restart","Random Character Button","StSLib"],"gold_per_floor":[0,10,30,50,50,66,93,93,118,136,147,174,187,71,83,184,184,84,184,184,199,64,64,117,117,135,135,152,152,52,86,105,205,205,105,124,140,47,47,67,67,67,120,120,151,151,165,193,206,206,206,206],"floor_reached":50,"language":"ENG","playtime":4259,"items_purged":["bronze:Strike","Writhe"],"score":709,"play_id":"6ed2cf28-99a8-49bb-85c8-20a3d758bcb7","local_time":"20210127182810","is_ascension_mode":false,"campfire_choices":[{"floor":1,"key":"RECALL"},{"data":"bronze:BugBarrage","floor":8,"key":"SMITH"},{"data":"bronze:Goto","floor":18,"key":"SMITH"},{"data":"bronze:Repulsor","floor":23,"key":"SMITH"},{"data":"bronze:Repulsor","floor":30,"key":"SMITH"},{"data":"bronze:BugBarrage","floor":35,"key":"SMITH"},{"data":"bronze:ItsAFeature","floor":42,"key":"SMITH"}],"circlet_count":0,"master_deck":["bronze:Strike+1","bronze:Strike+1","bronze:Defend+1","bronze:Defend+1","bronze:Defend+1","bronze:Defend+1","bronze:Replicate","bronze:Goto+1","bronze:Break","bronze:BugBarrage","bronze:Repair+1","bronze:BugBarrage+1","bronze:Branch","bronze:Break","bronze:Overload+1","bronze:Allocate+1","bronze:BugBarrage+1","bronze:WhirlingStrike","bronze:Break","bronze:DarkDash","bronze:Frontload+1","bronze:Repulsor+1","bronze:Allocate+1","bronze:WhirlingStrike","bronze:DarkDash","bronze:Shield+1","bronze:Repulsor+1","bronze:Overload+1","bronze:OilSpill","bronze:Virus","bronze:Shield+1","bronze:Shield+1","bronze:Optimize","bronze:BugBarrage","expansioncontent:Chronoboost","bronze:ItsAFeature+1","bronze:Fortify+1","bronze:BronzeOrb","bronze:ForLoop+1","bronze:Allocate+1","bronze:BugBarrage"],"relics":["bronze:BronzeCore","PreservedInsect","Toxic Egg 2","Philosopher\u0027s Stone","downfall:HeartBlessingRed","Calipers","StrikeDummy","Toy Ornithopter","Pear","Bag of Marbles","Omamori","downfall:HeartBlessingGreen","HornCleat","Black Star","downfall:HeartBlessingBlue","Bird Faced Urn","Unceasing Top","Letter Opener","Bottled Lightning","Mercury Hourglass","InkBottle","War Paint"],"acts_visited":["Exordium","TheCity","TheBeyond"],"potions_floor_usage":[12,15,22,22,33,36,48,48,50],"damage_taken":[{"damage":0,"enemies":"Cultist","floor":2,"turns":3},{"damage":0,"enemies":"Small Slimes","floor":3,"turns":3},{"damage":0,"enemies":"2 Louse","floor":4,"turns":2},{"damage":0,"enemies":"2 Fungi Beasts","floor":6,"turns":3},{"damage":10,"enemies":"3 Sentries","floor":9,"turns":6},{"damage":3,"enemies":"Lots of Slimes","floor":10,"turns":3},{"damage":0,"enemies":"Exordium Thugs","floor":11,"turns":3},{"damage":0,"enemies":"Gremlin Nob","floor":12,"turns":2},{"damage":8,"enemies":"Gremlin Gang","floor":13,"turns":4},{"damage":2,"enemies":"downfall:FleeingMerchant","floor":14,"turns":4},{"damage":0,"enemies":"Large Slime","floor":15,"turns":2},{"damage":20,"enemies":"IC_STATUS_ARCHETYPE","floor":16,"turns":5},{"damage":8,"enemies":"Colosseum Nobs","floor":19,"turns":2},{"damage":4,"enemies":"Chosen","floor":21,"turns":2},{"damage":9,"enemies":"downfall:FleeingMerchant","floor":22,"turns":4},{"damage":0,"enemies":"Shell Parasite","floor":26,"turns":2},{"damage":0,"enemies":"3 Cultists","floor":28,"turns":3},{"damage":0,"enemies":"Book of Stabbing","floor":31,"turns":2},{"damage":0,"enemies":"Cultist and Chosen","floor":32,"turns":5},{"damage":35,"enemies":"SI_MIRROR_ARCHETYPE","floor":33,"turns":8},{"damage":40,"enemies":"3 Shapes","floor":36,"turns":3},{"damage":0,"enemies":"Orb Walker","floor":37,"turns":3},{"damage":9,"enemies":"Maw","floor":40,"turns":8},{"damage":10,"enemies":"2 Orb Walkers","floor":43,"turns":4},{"damage":11,"enemies":"Giant Head","floor":45,"turns":7},{"damage":36,"enemies":"Writhing Mass","floor":47,"turns":6},{"damage":5,"enemies":"Nemesis","floor":48,"turns":5},{"damage":12,"enemies":"4 Shapes","floor":49,"turns":4},{"damage":75,"enemies":"DF_ARCHETYPE_ORBS","floor":50,"turns":7}],"seed_played":"-1855449716971373291","potions_obtained":[{"floor":5,"key":"bronze:BurnAndBuffPotion"},{"floor":5,"key":"LiquidMemories"},{"floor":5,"key":"SteroidPotion"},{"floor":13,"key":"LiquidMemories"},{"floor":15,"key":"FairyPotion"},{"floor":16,"key":"EntropicBrew"},{"floor":37,"key":"Swift Potion"},{"floor":43,"key":"DuplicationPotion"},{"floor":49,"key":"ColorlessPotion"}],"is_trial":false,"path_per_floor":["R","M","M","M","?","M","T","R","E","M","M","E","M","$","M","B",null,"R","?","?","M","$","R","T","?","M","T","M","?","R","E","M","B",null,"R","M","M","$","?","M","T","R","?","$","E","T","M","E","M","B"],"character_chosen":"THE_AUTOMATON","items_purchased":["bronze:BugBarrage","Pear","bronze:Allocate+1","bronze:WhirlingStrike","bronze:Optimize","bronze:BugBarrage"],"campfire_rested":0,"item_purchase_floors":[14,22,22,22,38,38],"current_hp_per_floor":[70,70,70,70,70,70,70,70,64,67,70,70,62,67,70,50,70,70,69,69,65,78,78,78,78,78,78,78,78,78,78,78,52,80,90,55,55,55,55,46,46,46,43,43,42,42,10,31,23,0,0,0],"gold":206,"neow_bonus":"THREE_RARE_CARDS","is_daily":false,"chose_seed":false,"campfire_upgraded":6,"win_rate":0.0,"timestamp":1611793690,"path_taken":["R","M","?","?","?","?","T","R","E","?","M","E","M","$","M","BOSS","R","?","?","M","$","R","T","?","?","?","?","?","R","E","M","BOSS","R","M","M","$","?","M","T","R","?","$","E","?","M","E","M","BOSS"],"items_purchased_type":["Card","Relic","Card","Card","Card","Card"],"build_version":"2020-12-22","purchased_purges":2,"victory":false,"max_hp_per_floor":[70,70,70,70,70,70,70,70,70,70,70,70,70,70,70,70,70,70,70,70,70,80,80,80,80,80,80,80,80,80,80,80,80,80,90,90,90,90,90,90,90,90,90,90,90,90,90,90,90,90,90,90],"card_choices":[{"not_picked":["bronze:ThunderWave","bronze:Mutator"],"picked":"bronze:Break","floor":0},{"not_picked":["bronze:WildBeam","bronze:Frontload"],"picked":"bronze:BugBarrage","floor":2},{"not_picked":["bronze:Overheat","bronze:Deprecate","bronze:Iterate"],"picked":"SKIP","floor":3},{"not_picked":["bronze:Safeguard","bronze:Flail"],"picked":"bronze:Repair","floor":4},{"not_picked":["bronze:FineTuning","bronze:ChildClass"],"picked":"bronze:BugBarrage","floor":6},{"not_picked":["bronze:Safeguard","bronze:WhirlingStrike"],"picked":"bronze:Branch","floor":9},{"not_picked":["bronze:Overheat","bronze:FollowUp","bronze:Branch"],"picked":"SKIP","floor":10},{"not_picked":["bronze:Safeguard","bronze:WildBeam"],"picked":"bronze:Break","floor":11},{"not_picked":["bronze:Return+1","bronze:OilSpill"],"picked":"bronze:Overload+1","floor":12},{"not_picked":["bronze:Boost+1","bronze:Philosophize+1"],"picked":"bronze:Allocate+1","floor":13},{"not_picked":["bronze:CutThrough","bronze:Iterate","bronze:DelayedGuard+1"],"picked":"SKIP","floor":14},{"not_picked":["bronze:OilSpill","bronze:BronzeOrb"],"picked":"bronze:WhirlingStrike","floor":15},{"not_picked":["bronze:HyperBeam","bronze:AlphaBuild"],"picked":"bronze:Break","floor":16},{"not_picked":["bronze:ChosenStrike","bronze:BronzeArmor+1"],"picked":"bronze:DarkDash","floor":19},{"not_picked":["bronze:FineTuning+1","bronze:FollowUp"],"picked":"bronze:Frontload+1","floor":21},{"not_picked":["bronze:Frontload+1","bronze:DelayedGuard+1"],"picked":"bronze:Repulsor","floor":22},{"not_picked":["bronze:Philosophize+1","bronze:WildBeam"],"picked":"bronze:Shield+1","floor":26},{"not_picked":["bronze:Branch","bronze:FineTuning+1"],"picked":"bronze:Repulsor","floor":28},{"not_picked":["bronze:Deprecate+1","bronze:ClassDefault"],"picked":"bronze:Overload+1","floor":31},{"not_picked":["bronze:Overheat","bronze:DelayedSlice"],"picked":"bronze:OilSpill","floor":32},{"not_picked":["bronze:Verify","bronze:AlphaBuild"],"picked":"bronze:Virus","floor":33},{"not_picked":["bronze:FollowUp","bronze:Overheat+1"],"picked":"bronze:Shield+1","floor":36},{"not_picked":["bronze:BuggyMess+1","bronze:Repulsor"],"picked":"bronze:Shield+1","floor":37},{"not_picked":["expansioncontent:DecaShield","expansioncontent:Hexaburn"],"picked":"expansioncontent:Chronoboost","floor":39},{"not_picked":["bronze:Shell+1","bronze:Repair+1"],"picked":"bronze:ItsAFeature","floor":40},{"not_picked":["bronze:Turbo+1","bronze:Optimize+1"],"picked":"bronze:Fortify+1","floor":43},{"not_picked":["bronze:DarkDash","bronze:Turbo+1"],"picked":"bronze:BronzeOrb","floor":45},{"not_picked":["bronze:OilSpill","bronze:ThunderWave"],"picked":"bronze:ForLoop+1","floor":47},{"not_picked":["bronze:WhirlingStrike+1","bronze:WildBeam+1"],"picked":"bronze:Allocate+1","floor":48},{"not_picked":["bronze:Invalidate+1","bronze:CloningBeam"],"picked":"bronze:BugBarrage","floor":49}],"player_experience":1018951,"relics_obtained":[{"floor":9,"key":"PreservedInsect"},{"floor":12,"key":"Toxic Egg 2"},{"floor":19,"key":"Calipers"},{"floor":19,"key":"StrikeDummy"},{"floor":24,"key":"Bag of Marbles"},{"floor":27,"key":"Omamori"},{"floor":31,"key":"HornCleat"},{"floor":41,"key":"Bird Faced Urn"},{"floor":43,"key":"Unceasing Top"},{"floor":45,"key":"Letter Opener"},{"floor":45,"key":"Bottled Lightning"},{"floor":46,"key":"Mercury Hourglass"},{"floor":48,"key":"InkBottle"},{"floor":48,"key":"War Paint"}],"event_choices":[{"damage_healed":0,"gold_gain":0,"player_choice":"Got Potions","damage_taken":0,"max_hp_gain":0,"max_hp_loss":0,"event_name":"Lab","floor":5,"gold_loss":0},{"damage_healed":0,"gold_gain":0,"player_choice":"Fight","damage_taken":0,"max_hp_gain":0,"max_hp_loss":0,"event_name":"Mysterious Sphere","floor":43,"gold_loss":0}],"is_beta":false,"boss_relics":[{"not_picked":["Tiny House","Runic Dome"],"picked":"Philosopher\u0027s Stone"},{"not_picked":["Fusion Hammer","Busted Crown"],"picked":"Black Star"}],"items_purged_floors":[14,22],"is_endless":false,"potions_floor_spawned":[9,11,13,15,16,21,26,31,32,37,43,47,49],"killed_by":"DF_ARCHETYPE_ORBS","ascension_level":0}}