{"host":"f5n4tidiz2n5sooh","time":1611804187,"event":{"mods":["BaseMod","Colored Map","Minty Spire (QoL Compilation)","Relic Stats","StSLib"],"gold_per_floor":[112,128,139,157,26,51,61,61,61,61,90,104,123,138,138,138,138],"floor_reached":16,"language":"ENG","playtime":493,"items_purged":["Strike_R"],"score":232,"play_id":"2484edfc-c09e-476a-a696-925bc390f5a6","local_time":"20210127212307","is_ascension_mode":true,"campfire_choices":[{"data":"Carnage","floor":8,"key":"SMITH"},{"data":"Bash","floor":10,"key":"SMITH"},{"floor":15,"key":"REST"}],"circlet_count":0,"master_deck":["AscendersBane","Strike_R","Strike_R","Strike_R","Strike_R","Defend_R","Defend_R","Defend_R","Defend_R","Bash+1","Sword Boomerang","Combust","Wild Strike","Carnage+1","Fiend Fire","Pummel","Battle Trance"],"relics":["Black Star","Ice Cream","Regal Pillow","Pear","Peace Pipe","White Beast Statue"],"acts_visited":["Exordium"],"potions_floor_usage":[6,6,12,13,14,14,16],"damage_taken":[{"damage":7,"enemies":"Cultist","floor":1,"turns":4},{"damage":4,"enemies":"2 Louse","floor":2,"turns":2},{"damage":8,"enemies":"Small Slimes","floor":3,"turns":3},{"damage":11,"enemies":"2 Fungi Beasts","floor":4,"turns":4},{"damage":23,"enemies":"3 Sentries","floor":6,"turns":5},{"damage":13,"enemies":"Blue Slaver","floor":7,"turns":2},{"damage":8,"enemies":"Gremlin Nob","floor":11,"turns":3},{"damage":11,"enemies":"Looter","floor":12,"turns":2},{"damage":0,"enemies":"Large Slime","floor":13,"turns":3},{"damage":2,"enemies":"Red Slaver","floor":14,"turns":3},{"damage":47,"enemies":"Slime Boss","floor":16,"turns":7}],"seed_played":"-6639299608268550569","potions_obtained":[{"floor":2,"key":"Regen Potion"},{"floor":7,"key":"PowerPotion"},{"floor":11,"key":"Energy Potion"},{"floor":12,"key":"DistilledChaos"},{"floor":13,"key":"Block Potion"},{"floor":14,"key":"Explosive Potion"}],"is_trial":false,"path_per_floor":["M","M","M","M","$","E","M","R","T","R","E","M","M","M","R","B"],"character_chosen":"IRONCLAD","items_purchased":["SteroidPotion"],"campfire_rested":1,"item_purchase_floors":[5],"current_hp_per_floor":[61,57,49,38,38,29,16,16,26,26,18,7,7,5,45,0,0],"gold":138,"neow_bonus":"BOSS_RELIC","is_daily":false,"chose_seed":false,"campfire_upgraded":2,"win_rate":0.0,"timestamp":1611804187,"path_taken":["M","M","M","?","$","E","M","R","T","R","E","M","M","M","R","BOSS"],"items_purchased_type":["Potion"],"build_version":"2020-12-22","purchased_purges":1,"victory":false,"max_hp_per_floor":[75,75,75,75,75,75,75,75,85,85,85,85,85,85,85,85,85],"relic_stats":{"Peace Pipe":0,"Regal Pillow":15,"counters":[11,38],"Black Star":2,"obtain_stats":[{"Ice Cream":6,"Peace Pipe":11,"Regal Pillow":6,"Pear":9,"Black Star":0,"Burning Blood":0,"White Beast Statue":11},{"Ice Cream":5,"Peace Pipe":7,"Regal Pillow":5,"Pear":6,"Black Star":0,"Burning Blood":0,"White Beast Statue":7},{"Ice Cream":18,"Peace Pipe":23,"Regal Pillow":18,"Pear":20,"Black Star":0,"Burning Blood":0,"White Beast Statue":23}]},"card_choices":[{"not_picked":["Heavy Blade","Reckless Charge"],"picked":"Sword Boomerang","floor":1},{"not_picked":["Clash","Bloodletting","True Grit"],"picked":"SKIP","floor":2},{"not_picked":["Shockwave","Clothesline"],"picked":"Combust","floor":3},{"not_picked":["Heavy Blade","Havoc"],"picked":"Wild Strike","floor":4},{"not_picked":["Clash","Feel No Pain"],"picked":"Carnage","floor":6},{"not_picked":["Entrench","Wild Strike"],"picked":"Fiend Fire","floor":7},{"not_picked":["Anger","Clash"],"picked":"Pummel","floor":11},{"not_picked":["Perfected Strike","Iron Wave","Searing Blow"],"picked":"SKIP","floor":12},{"not_picked":["Clothesline","Disarm"],"picked":"Battle Trance","floor":13},{"not_picked":["Headbutt","Entrench","Iron Wave"],"picked":"SKIP","floor":14}],"player_experience":2037770,"relics_obtained":[{"floor":6,"key":"Ice Cream"},{"floor":6,"key":"Regal Pillow"},{"floor":9,"key":"Pear"},{"floor":11,"key":"Peace Pipe"},{"floor":11,"key":"White Beast Statue"}],"event_choices":[],"is_beta":false,"boss_relics":[],"items_purged_floors":[5],"is_endless":false,"potions_floor_spawned":[2,7,11,12,13,14],"killed_by":"Slime Boss","ascension_level":20}}