{"host":"oxuqrune2284tqjp","time":1611850584,"event":{"mods":["AchievementEnabler","BaseMod","Colored Map","Colored Powertips","Hero for Fun","Minty Spire (QoL Compilation)","StSLib","The Bug Knight","The Cursed","The Wild Card"],"gold_per_floor":[112,131,131,21,38,38,68,68,68,68,17,17,31,42,42,140,140,151,151,151],"floor_reached":19,"language":"ENG","playtime":1368,"items_purged":[],"score":157,"play_id":"a8472d31-000d-4b4f-b3f1-af5ff5e0b14c","local_time":"20210128171624","is_ascension_mode":false,"campfire_choices":[{"data":"HollowMod:MawleksShell","floor":6.0,"key":"SMITH"},{"data":"HollowMod:QuirrelsAssistance","floor":8,"key":"SMITH"},{"data":"HollowMod:HuntersJournal","floor":12,"key":"SMITH"},{"data":"HollowMod:SoulStrike","floor":15,"key":"SMITH"}],"circlet_count":0,"master_deck":["HollowMod:NailStrikeStart","HollowMod:NailStrikeStart","HollowMod:NailStrikeStart","HollowMod:NailStrikeStart","HollowMod:QuickDashStart","HollowMod:QuickDashStart","HollowMod:QuickDashStart","HollowMod:QuickDashStart","HollowMod:PogoStrike","HollowMod:NewGlowingWomb","HollowMod:Weaversong","HollowMod:HuntersJournal+1","HollowMod:QuirrelsAssistance+1","HollowMod:MawleksShell+1","HollowMod:CoiledNail","HollowMod:LifebloodCocoon","HollowMod:DoubleDash","HollowMod:SoulStrike+1","HollowMod:SlysStrikes","HollowMod:WraithStrike"],"relics":["HollowMod:VesselMask","NeowsBlessing","Gremlin Horn","Eternal Feather","SacredBark"],"acts_visited":["Exordium","TheCity"],"potions_floor_usage":[16,16,16],"damage_taken":[{"damage":0.0,"enemies":"Jaw Worm","floor":1.0,"turns":1.0},{"damage":0.0,"enemies":"2 Louse","floor":2.0,"turns":1.0},{"damage":0.0,"enemies":"Cultist","floor":5.0,"turns":1.0},{"damage":7,"enemies":"3 Louse","floor":13,"turns":2},{"damage":6,"enemies":"2 Fungi Beasts","floor":14,"turns":3},{"damage":23,"enemies":"Hexaghost","floor":16,"turns":12},{"damage":32,"enemies":"3 Byrds","floor":18,"turns":8},{"damage":47,"enemies":"Chosen","floor":19,"turns":7}],"seed_played":"-2645757646061124694","potions_obtained":[{"floor":5.0,"key":"ColorlessPotion"},{"floor":13,"key":"GamblersBrew"},{"floor":14,"key":"DistilledChaos"},{"floor":18,"key":"Strength Potion"}],"is_trial":false,"path_per_floor":["M","M","?","$","M","R","?","R","T","?","$","R","M","M","R","B",null,"M","M"],"character_chosen":"THE_BUGKNIGHT","items_purchased":["HollowMod:HuntersJournal","HollowMod:QuirrelsAssistance","HollowMod:LifebloodCocoon"],"campfire_rested":0,"item_purchase_floors":[4,4,11],"current_hp_per_floor":[75,75,57,57,57,57,57,57,57,57,57,66,59,53,62,39,75,43,0,0],"gold":151,"neow_bonus":"THREE_ENEMY_KILL","is_daily":false,"chose_seed":false,"campfire_upgraded":4,"win_rate":0.0,"timestamp":1611850584,"path_taken":["M","M","?","$","M","R","?","R","T","?","?","R","M","M","R","BOSS","M","M"],"items_purchased_type":["Card","Card","Card"],"build_version":"2020-12-22","purchased_purges":0,"victory":false,"max_hp_per_floor":[75,75,75,75,75,75,75,75,75,75,75,75,75,75,75,75,75,75,75,75],"card_choices":[{"not_picked":["HollowMod:SiblingsSouls","HollowMod:CloakDash"],"picked":"HollowMod:NewGlowingWomb","floor":1.0},{"not_picked":["HollowMod:NewJinnsSoul","HollowMod:AbyssShriek"],"picked":"HollowMod:Weaversong","floor":2.0},{"not_picked":["HollowMod:GrimmsGift","HollowMod:ChannelNail"],"picked":"HollowMod:MawleksShell","floor":5.0},{"not_picked":["HollowMod:TaintedHusks","HollowMod:BlackTendrils"],"picked":"HollowMod:DoubleDash","floor":13},{"not_picked":["HollowMod:SharpenedNail","HollowMod:SiblingsShadow"],"picked":"HollowMod:SoulStrike","floor":14},{"not_picked":["HollowMod:ZotesMagnificence","HollowMod:Weaversong"],"picked":"HollowMod:SlysStrikes","floor":16},{"not_picked":["HollowMod:VengefulVoid+1","HollowMod:CoiledNail"],"picked":"HollowMod:WraithStrike","floor":18}],"player_experience":43484,"relics_obtained":[{"floor":9,"key":"Eternal Feather"}],"event_choices":[{"damage_healed":0.0,"max_hp_gain":0.0,"max_hp_loss":0.0,"gold_gain":0.0,"event_name":"Scrap Ooze","player_choice":"Success","floor":3.0,"gold_loss":0.0,"damage_taken":18.0,"relics_obtained":["Gremlin Horn"]},{"damage_healed":0,"gold_gain":30,"player_choice":"Searched \u00271\u0027 times","damage_taken":0,"max_hp_gain":0,"max_hp_loss":0,"event_name":"Dead Adventurer","floor":7,"gold_loss":0},{"damage_healed":0,"gold_gain":0,"cards_transformed":["HollowMod:FocusHealStart"],"player_choice":"Change","damage_taken":0,"max_hp_gain":0,"max_hp_loss":0,"event_name":"Living Wall","floor":10,"gold_loss":0,"cards_obtained":["HollowMod:CoiledNail"]}],"is_beta":false,"boss_relics":[{"not_picked":["Sozu","Snecko Eye"],"picked":"SacredBark"}],"items_purged_floors":[],"is_endless":false,"potions_floor_spawned":[5,13,14,18],"killed_by":"Chosen","ascension_level":0}}