{"host":"hqsnl0mtmp1qafm7","time":1611828541,"event":{"mods":["AchievementEnabler","Aspiration","BaseMod","Better Altar","Better Match","Better Note","Better Sensory Stone","Better Skull","Better Third Choice","Colored Map","Colored Powertips","Conspire","Curses Come First","Downfall","Friendly Minions","Hermit","Highlight Path","Hubris","Ironclad Rager","Minty Spire (QoL Compilation)","Permanent Neow","Quick Restart","Rare Cards Sparkle","Replay The Spire","Retaliation","StSLib","The Blue Laboratory","The Runesmith","Wandering Minibosses","egg"],"gold_per_floor":[19,19,19,32,46,59,103,103,126,159,172,172,197,210,210,210,210],"floor_reached":16,"language":"ENG","playtime":760,"items_purged":[],"score":125,"play_id":"a8b7db81-9a3c-480e-a802-6c874c98a210","local_time":"20210128050901","is_ascension_mode":true,"campfire_choices":[{"floor":8,"key":"REST"},{"floor":15,"key":"REST"}],"circlet_count":0,"master_deck":["Bash","Delirium","Twin Strike+1","Twin Strike+1","Twin Strike+1","Twin Strike+1","Twin Strike+1","Iron Wave","Iron Wave","Iron Wave","Iron Wave","Heavy Blade","Clothesline","Hemogenesis","Rupture","hubris:ReadiedAction+1"],"relics":["Burning Blood","Golden Idol","NlothsMask","PreservedInsect","Replay:Bottled Eggs"],"acts_visited":["Exordium"],"potions_floor_usage":[7,16,16],"damage_taken":[{"damage":0,"enemies":"Small Slimes","floor":1,"turns":2},{"damage":6,"enemies":"Cultist","floor":4,"turns":3},{"damage":2,"enemies":"Jaw Worm","floor":5,"turns":2},{"damage":3,"enemies":"Looter","floor":6,"turns":2},{"damage":30,"enemies":"3 Sentries","floor":7,"turns":6},{"damage":31,"enemies":"Lagavulin","floor":10,"turns":6},{"damage":5,"enemies":"Gremlin Gang","floor":11,"turns":3},{"damage":5,"enemies":"Lots of Slimes","floor":13,"turns":3},{"damage":30,"enemies":"Exordium Thugs","floor":14,"turns":6},{"damage":41,"enemies":"The Guardian","floor":16,"turns":8}],"seed_played":"-3004086425516503","potions_obtained":[{"floor":5,"key":"Toxic Potion"},{"floor":6,"key":"blueLaboratory:NullPotion"},{"floor":13,"key":"SpeedPotion"},{"floor":14,"key":"blueLaboratory:AbyssPotion"}],"is_trial":false,"path_per_floor":["M","?","?","M","M","M","E","R","T","E","M","?","M","M","R","B"],"character_chosen":"IRONCLAD","items_purchased":[],"campfire_rested":2,"item_purchase_floors":[],"current_hp_per_floor":[57,39,39,39,43,46,27,48,48,23,29,29,30,13,34,0,0],"gold":210,"neow_bonus":"IRONCLAD_BERSERKER","is_daily":false,"chose_seed":false,"campfire_upgraded":0,"win_rate":0.0,"timestamp":1611828541,"path_taken":["M","?","?","M","M","M","E","R","T","E","?","?","?","M","R","BOSS"],"items_purchased_type":[],"build_version":"2020-12-22","purchased_purges":0,"victory":false,"max_hp_per_floor":[72,72,72,72,72,72,72,72,72,72,72,72,72,72,72,72,72],"card_choices":[{"not_picked":["Havoc","Armaments"],"picked":"Heavy Blade","floor":1},{"not_picked":["Reckless Charge","ReplayTheSpireMod:Strike From Hell"],"picked":"Clothesline","floor":4},{"not_picked":["Armaments","Iron Wave","Headbutt"],"picked":"SKIP","floor":5},{"not_picked":["Defy Death","DDmod:CallousedSkill"],"picked":"Hemogenesis","floor":6},{"not_picked":["Dark Embrace","ReplayReversal","conspire:Charge"],"picked":"SKIP","floor":7},{"not_picked":["Massacre","Exhume"],"picked":"Rupture","floor":10},{"not_picked":["Warcry","DDmod:EasePowerCard"],"picked":"hubris:ReadiedAction","floor":11},{"not_picked":["Heavy Blade","hubris:SharpeningStone","hubris:ReadiedAction"],"picked":"SKIP","floor":13},{"not_picked":["Heavy Blade","Wild Strike","DDmod:AllInSkill"],"picked":"SKIP","floor":14}],"player_experience":92291,"relics_obtained":[{"floor":7,"key":"PreservedInsect"},{"floor":10,"key":"Replay:Bottled Eggs"}],"event_choices":[{"damage_healed":0,"gold_gain":0,"player_choice":"Take Damage","damage_taken":18,"relics_obtained":["Golden Idol"],"max_hp_gain":0,"max_hp_loss":0,"event_name":"Golden Idol","floor":2,"gold_loss":0},{"damage_healed":0,"gold_gain":0,"player_choice":"Trade","damage_taken":0,"relics_obtained":["NlothsMask"],"max_hp_gain":0,"max_hp_loss":0,"event_name":"FaceTrader","floor":3,"gold_loss":0},{"damage_healed":0,"gold_gain":0,"player_choice":"Upgraded","damage_taken":0,"max_hp_gain":0,"max_hp_loss":0,"event_name":"Upgrade Shrine","floor":12,"gold_loss":0,"cards_upgraded":["hubris:ReadiedAction"]}],"is_beta":false,"boss_relics":[],"items_purged_floors":[],"is_endless":false,"potions_floor_spawned":[5,6,13,14],"killed_by":"The Guardian","ascension_level":2}}