{"host":"8u7tvcybuv0u72fd","time":1611802103,"event":{"mods":["BaseMod","BetterRewards","Colored Map","Colored Powertips","Minty Spire (QoL Compilation)","Quick Restart","Shop Mod"],"gold_per_floor":[152,189,189,220,53,53,84,152,152,230,292,145,178,260,260,385,385,445,445,445,445,290,349,349,377,400,93,184,265,329,529,529,655,655,720,333,377,377,445,445,168,221,221,248,248,248,282,159,159,184,184,184,12,72,72],"floor_reached":56,"language":"ENG","playtime":2539,"items_purged":["Strike_R"],"score":1691,"play_id":"48fcee17-01bf-4197-af0b-851fd94185db","local_time":"20210127214823","is_ascension_mode":false,"campfire_choices":[{"data":"Apotheosis","floor":6.0,"key":"SMITH"},{"data":"HandOfGreed","floor":15.0,"key":"SMITH"},{"data":"Barricade","floor":24,"key":"SMITH"},{"data":"Body Slam","floor":32,"key":"SMITH"},{"floor":40,"key":"RECALL"},{"data":"Berserk","floor":45,"key":"SMITH"},{"data":"Battle Trance","floor":49,"key":"SMITH"},{"data":"Defend_R","floor":52,"key":"SMITH"}],"circlet_count":0,"master_deck":["Strike_R+1","Strike_R","Strike_R","Defend_R","Defend_R","Defend_R+1","Defend_R","Bash+1","HandOfGreed+1","Battle Trance+1","Apotheosis+1","Double Tap+1","Shrug It Off+1","Barricade+1","Body Slam+1","Impervious+1","Berserk+1","Madness+1","Madness+1"],"relics":["Burning Blood","Sling","Akabeko","TheAbacus","Blood Vial","Bag of Marbles","Toxic Egg 2","Mango","PreservedInsect","Busted Crown","HandDrill","Bottled Lightning","Oddly Smooth Stone","Lee\u0027s Waffle","Ginger","Anchor","Shuriken","Pear","MerchantsRug","TungstenRod","Orichalcum","The Courier","Whetstone","Self Forming Clay","Bronze Scales","Red Skull","Bag of Preparation"],"acts_visited":["Exordium","TheCity","TheBeyond","TheEnding"],"potions_floor_usage":[23,25,55,55,55],"damage_taken":[{"damage":0.0,"enemies":"2 Louse","floor":1.0,"turns":3.0},{"damage":2.0,"enemies":"Small Slimes","floor":2.0,"turns":2.0},{"damage":0.0,"enemies":"Jaw Worm","floor":4.0,"turns":1.0},{"damage":0.0,"enemies":"Looter","floor":7.0,"turns":2.0},{"damage":2.0,"enemies":"3 Louse","floor":8.0,"turns":3.0},{"damage":9.0,"enemies":"3 Sentries","floor":10.0,"turns":7.0},{"damage":0.0,"enemies":"Gremlin Gang","floor":11.0,"turns":3.0},{"damage":0.0,"enemies":"Looter","floor":13.0,"turns":1.0},{"damage":8.0,"enemies":"Gremlin Nob","floor":14.0,"turns":3.0},{"damage":42.0,"enemies":"Hexaghost","floor":16.0,"turns":7.0},{"damage":10.0,"enemies":"2 Thieves","floor":18.0,"turns":4.0},{"damage":12,"enemies":"Gremlin Leader","floor":23,"turns":5},{"damage":13,"enemies":"Book of Stabbing","floor":25,"turns":3},{"damage":0,"enemies":"3 Byrds","floor":28,"turns":8},{"damage":19,"enemies":"Slavers","floor":29,"turns":3},{"damage":0,"enemies":"Sentry and Sphere","floor":30,"turns":4},{"damage":7,"enemies":"Champ","floor":33,"turns":9},{"damage":0,"enemies":"3 Shapes","floor":35,"turns":4},{"damage":2,"enemies":"3 Darklings","floor":37,"turns":7},{"damage":8,"enemies":"Jaw Worm Horde","floor":39,"turns":4},{"damage":0,"enemies":"Reptomancer","floor":42,"turns":8},{"damage":15,"enemies":"Nemesis","floor":44,"turns":3},{"damage":2,"enemies":"Giant Head","floor":47,"turns":4},{"damage":5,"enemies":"Time Eater","floor":50,"turns":9},{"damage":3,"enemies":"Shield and Spear","floor":54,"turns":5},{"damage":47,"enemies":"The Heart","floor":55,"turns":8}],"seed_played":"3600324470782525920","potions_obtained":[{"floor":4.0,"key":"Energy Potion"},{"floor":7.0,"key":"Fruit Juice"},{"floor":8.0,"key":"Weak Potion"},{"floor":14.0,"key":"Fruit Juice"},{"floor":16.0,"key":"LiquidBronze"},{"floor":18.0,"key":"ElixirPotion"},{"floor":28,"key":"CultistPotion"},{"floor":30,"key":"Explosive Potion"},{"floor":33,"key":"Energy Potion"},{"floor":35,"key":"EssenceOfSteel"},{"floor":54,"key":"Dexterity Potion"}],"is_trial":false,"path_per_floor":["M","M","?","M","$","R","M","M","T","E","M","$","M","?","R","B",null,"M","?","?","?","$","E","R","E","T","$","M","E","M","?","R","B",null,"M","$","M","?","M","R","$","E","T","E","R","?","E","$","R","B",null,"R","$","E","B",null],"character_chosen":"IRONCLAD","items_purchased":["Sling","Akabeko","HandOfGreed","TheAbacus","Blood Vial","Fruit Juice","DuplicationPotion","Weak Potion","Apotheosis","PreservedInsect","HandDrill","Lee\u0027s Waffle","Impervious+1","Pear","MerchantsRug","TungstenRod","Self Forming Clay","Bronze Scales","Red Skull","Fire Potion"],"campfire_rested":0,"item_purchase_floors":[0,0,0,0,0,0,0,0,5,12,22,27,27,36,36,41,48,53,53,53],"current_hp_per_floor":[44,50,32,45,45,45,58,64,64,77,85,85,93,98,98,64,109,105,83,83,83,83,79,79,74,74,121,121,108,116,116,116,117,121,121,131,131,131,129,129,129,131,131,122,122,107,120,120,120,123,138,138,138,138,97],"gold":72,"neow_bonus":"","is_daily":false,"chose_seed":false,"campfire_upgraded":7,"win_rate":0.0,"timestamp":1611802103,"path_taken":["M","M","?","M","$","R","M","M","T","E","M","$","M","?","R","BOSS","M","?","?","?","$","E","R","E","T","$","?","E","?","?","R","BOSS","M","?","M","?","?","R","$","E","T","E","R","?","E","$","R","BOSS","R","$","E","BOSS"],"items_purchased_type":["Relic","Relic","Card","Relic","Relic","Potion","Potion","Potion","Card","Relic","Relic","Relic","Card","Relic","Relic","Relic","Relic","Relic","Relic","Potion"],"build_version":"2020-12-22","purchased_purges":1,"victory":true,"max_hp_per_floor":[80,80,80,85,85,85,90,90,90,104,104,104,104,109,109,109,109,109,114,114,114,114,114,114,114,114,121,121,121,121,121,121,121,121,121,131,131,131,131,131,131,131,131,131,131,131,138,138,138,138,138,138,138,138,138],"card_choices":[{"not_picked":["Cleave","Bloodletting"],"picked":"Battle Trance","floor":1.0},{"not_picked":["Pommel Strike","Perfected Strike","Sever Soul"],"picked":"SKIP","floor":2.0},{"not_picked":["Dual Wield","Iron Wave","Havoc"],"picked":"SKIP","floor":4.0},{"not_picked":["Warcry","Whirlwind","Metallicize"],"picked":"SKIP","floor":7.0},{"not_picked":["Warcry","Whirlwind","Metallicize"],"picked":"SKIP","floor":7.0},{"not_picked":["Dual Wield","True Grit","Clothesline"],"picked":"SKIP","floor":8.0},{"not_picked":["Searing Blow","Havoc+1"],"picked":"Double Tap+1","floor":10.0},{"not_picked":["Heavy Blade","Rage+1"],"picked":"Shrug It Off+1","floor":11.0},{"not_picked":["Warcry+1","Armaments+1","Evolve"],"picked":"SKIP","floor":13.0},{"not_picked":["Reaper","Brutality"],"picked":"Barricade","floor":16.0},{"not_picked":[],"picked":"Body Slam","floor":18.0},{"not_picked":["Hemokinesis"],"picked":"SKIP","floor":23},{"not_picked":["Sword Boomerang"],"picked":"SKIP","floor":25},{"not_picked":["Clash"],"picked":"SKIP","floor":28},{"not_picked":["Warcry+1"],"picked":"SKIP","floor":29},{"not_picked":["Spot Weakness+1"],"picked":"SKIP","floor":30},{"not_picked":[],"picked":"Berserk","floor":33},{"not_picked":["Sentinel+1"],"picked":"SKIP","floor":35},{"not_picked":["Whirlwind"],"picked":"SKIP","floor":37},{"not_picked":["Clothesline"],"picked":"SKIP","floor":39},{"not_picked":["Clothesline"],"picked":"SKIP","floor":39},{"not_picked":["Body Slam+1"],"picked":"SKIP","floor":42},{"not_picked":["Havoc+1"],"picked":"SKIP","floor":44},{"not_picked":["Sword Boomerang"],"picked":"SKIP","floor":47},{"not_picked":["Armaments+1"],"picked":"SKIP","floor":54}],"player_experience":1432507,"relics_obtained":[{"floor":9.0,"key":"Toxic Egg 2"},{"floor":10.0,"key":"Mango"},{"floor":14.0,"key":"Omamori"},{"floor":23,"key":"Bottled Lightning"},{"floor":25,"key":"Oddly Smooth Stone"},{"floor":29,"key":"Ginger"},{"floor":34,"key":"Anchor"},{"floor":34,"key":"Shuriken"},{"floor":34,"key":"WingedGreaves"},{"floor":42,"key":"Orichalcum"},{"floor":43,"key":"The Courier"},{"floor":44,"key":"Whetstone"},{"floor":47,"key":"Strawberry"},{"floor":54,"key":"Bag of Preparation"}],"event_choices":[{"damage_healed":0.0,"max_hp_gain":0.0,"max_hp_loss":0.0,"gold_gain":0.0,"event_name":"Scrap Ooze","player_choice":"Success","floor":3.0,"gold_loss":0.0,"damage_taken":18.0,"relics_obtained":["Bag of Marbles"]},{"damage_healed":0.0,"max_hp_gain":0.0,"max_hp_loss":0.0,"gold_gain":30.0,"event_name":"Dead Adventurer","player_choice":"Searched \u00272\u0027 times","floor":14.0,"gold_loss":0.0,"damage_taken":0.0},{"damage_healed":0.0,"max_hp_gain":5.0,"max_hp_loss":0.0,"gold_gain":0.0,"event_name":"Forgotten Altar","player_choice":"Shed Blood","floor":19.0,"gold_loss":0.0,"damage_taken":27.0},{"cards_removed":["Strike_R"],"damage_healed":0.0,"max_hp_gain":0.0,"max_hp_loss":0.0,"gold_gain":0.0,"event_name":"Back to Basics","player_choice":"Elegance","floor":20.0,"gold_loss":0.0,"damage_taken":0.0},{"damage_healed":0.0,"max_hp_gain":0.0,"max_hp_loss":0.0,"gold_gain":0.0,"event_name":"NoteForYourself","player_choice":"Ignored","floor":21.0,"gold_loss":0.0,"damage_taken":0.0},{"damage_healed":0,"gold_gain":200,"player_choice":"Gold","damage_taken":0,"max_hp_gain":0,"max_hp_loss":0,"event_name":"Wheel of Change","floor":31,"gold_loss":0},{"damage_healed":0,"gold_gain":0,"player_choice":"Full Heal","damage_taken":0,"max_hp_gain":0,"max_hp_loss":0,"event_name":"Wheel of Change","floor":38,"gold_loss":0},{"damage_healed":0,"gold_gain":0,"player_choice":"Embrace Madness","damage_taken":16,"max_hp_gain":0,"max_hp_loss":0,"event_name":"Winding Halls","floor":46,"gold_loss":0,"cards_obtained":["Madness","Madness"]}],"is_beta":false,"boss_relics":[{"not_picked":["Runic Cube","Runic Pyramid"],"picked":"Busted Crown"},{"not_picked":["SlaversCollar","Coffee Dripper"],"picked":"Calling Bell"}],"items_purged_floors":[0],"is_endless":false,"potions_floor_spawned":[4,7,8,14,16,18,28,30,33,35,39,54],"ascension_level":0}}