{"host":"5p9hybygolzp0efr","time":1611823139,"event":{"mods":["AchievementEnabler","BaseMod","Bestiary","Colored Map","Minty Spire (QoL Compilation)","Relic Stats"],"gold_per_floor":[112,129,144,219,236,236,236],"floor_reached":6,"language":"ENG","playtime":272,"items_purged":[],"score":48,"play_id":"fe064a19-b72a-4c34-84c6-bd07d61a505a","local_time":"20210128163859","is_ascension_mode":true,"campfire_choices":[],"circlet_count":0,"master_deck":["Strike_G","Strike_G","Strike_G","Strike_G","Strike_G","Defend_G","Defend_G","Defend_G","Defend_G","Defend_G","Survivor","Neutralize","Blur","Bouncing Flask","Expertise","Deadly Poison"],"relics":["Fusion Hammer"],"acts_visited":["Exordium"],"potions_floor_usage":[6],"damage_taken":[{"damage":0,"enemies":"Cultist","floor":1,"turns":4},{"damage":1,"enemies":"Small Slimes","floor":2,"turns":4},{"damage":0,"enemies":"Jaw Worm","floor":3,"turns":4},{"damage":27,"enemies":"Exordium Thugs","floor":5,"turns":6},{"damage":35,"enemies":"Gremlin Nob","floor":6,"turns":4}],"seed_played":"-8480199253228128588","potions_obtained":[{"floor":3,"key":"SkillPotion"},{"floor":5,"key":"Strength Potion"}],"is_trial":false,"path_per_floor":["M","M","M","?","M","E"],"character_chosen":"THE_SILENT","items_purchased":[],"campfire_rested":0,"item_purchase_floors":[],"current_hp_per_floor":[70,69,69,58,31,0,0],"gold":236,"neow_bonus":"BOSS_RELIC","is_daily":false,"chose_seed":false,"campfire_upgraded":0,"win_rate":0.0,"timestamp":1611823139,"path_taken":["M","M","M","?","M","E"],"items_purchased_type":[],"build_version":"2020-12-22","purchased_purges":0,"victory":false,"max_hp_per_floor":[70,70,70,70,70,70,70],"relic_stats":{"counters":[5,22],"obtain_stats":[{"Fusion Hammer":0,"Ring of the Snake":0},{"Fusion Hammer":0,"Ring of the Snake":0},{"Fusion Hammer":0,"Ring of the Snake":0}]},"card_choices":[{"not_picked":["Dagger Throw","Cloak And Dagger"],"picked":"Blur","floor":1},{"not_picked":["Outmaneuver","Slice"],"picked":"Bouncing Flask","floor":2},{"not_picked":["Accuracy","Masterful Stab","Expertise"],"picked":"SKIP","floor":3},{"not_picked":["Accuracy","Masterful Stab"],"picked":"Expertise","floor":3},{"not_picked":["Expertise","All Out Attack"],"picked":"Deadly Poison","floor":5}],"player_experience":545190,"relics_obtained":[],"event_choices":[{"damage_healed":0,"gold_gain":75,"player_choice":"Gather Gold","damage_taken":11,"max_hp_gain":0,"max_hp_loss":0,"event_name":"World of Goop","floor":4,"gold_loss":0}],"is_beta":false,"boss_relics":[],"items_purged_floors":[],"is_endless":false,"potions_floor_spawned":[3,5],"killed_by":"Gremlin Nob","ascension_level":5}}