{"host":"e3e44o7b7hlfocim","time":1611870359,"event":{"mods":["2.2 Compatiblity","Act Like it!","BaseMod","Conspire","Elementarium","GifTheSpireLib","Hubris","Infinite Spire","Lobotomy","LobotomyExtend","Minty Spire (QoL Compilation)","Reliquary","Remilia??????","Replay The Spire","StSLib","The Animator","The Death Knight","The Servant 0.9.4"],"gold_per_floor":[119,119,119,132,145,145,145,177,177,177,196,196,213,233,233,329,329,346,365,365,397,397,397],"floor_reached":22,"language":"ENG","playtime":4050,"items_purged":[],"score":178,"play_id":"f8956f45-e627-42a4-a954-f87d6e800d4b","local_time":"20210128164559","is_ascension_mode":false,"campfire_choices":[{"data":"animator:Benimaru","floor":12,"key":"SMITH"},{"data":"animator:Strike_TenSura","floor":15,"key":"SMITH"}],"circlet_count":0,"master_deck":["animator:Strike_TenSura+1","animator:Defend_TenSura","animator:Strike","animator:Strike","animator:Defend","animator:Defend","animator:Defend+1","animator:Benimaru+1","animator:Shuna","animator:Megumin+2","animator:Millim+1","animator:Ainz","animator:Kaijin","animator:Benimaru"],"relics":["animator:VividPicture","animator:TheMissingPiece","animator:PurgingStone","NeowsBlessing","LetterFromLob","DeathKnight:SindragosasSkull","Gaze_r","MagicBullet_r","Toxic Egg 2","conspire:Flyswatter"],"acts_visited":["Exordium","Exordium"],"potions_floor_usage":[6,11,16,16,21],"damage_taken":[{"damage":0,"enemies":"Jaw Worm","floor":1,"turns":1},{"damage":0,"enemies":"Cultist","floor":4,"turns":1},{"damage":0,"enemies":"Small Slimes","floor":5,"turns":1},{"damage":27,"enemies":"Gremlin Nob","floor":6,"turns":2},{"damage":1,"enemies":"Red Slaver","floor":8,"turns":3},{"damage":0,"enemies":"Exordium Thugs","floor":11,"turns":3},{"damage":4,"enemies":"Large Slime","floor":13,"turns":3},{"damage":0,"enemies":"Blue Slaver","floor":14,"turns":2},{"damage":2,"enemies":"Hexaghost","floor":16,"turns":8},{"damage":13,"enemies":"Elementarium:MUD_AND_TAR_GOLEMS","floor":18,"turns":4},{"damage":8,"enemies":"Elementarium:Cyclone","floor":19,"turns":6},{"damage":21,"enemies":"conspire:MimicChest","floor":21,"turns":6}],"seed_played":"7688444144778477753","potions_obtained":[{"floor":4,"key":"Death Potion"},{"floor":7,"key":"Weak Potion"},{"floor":7,"key":"BlessingOfTheForge"},{"floor":7,"key":"AttackPotion"},{"floor":13,"key":"Adrenaline Potion"},{"floor":14,"key":"DuplicationPotion"},{"floor":16,"key":"Explosive Potion"},{"floor":18,"key":"Fire Potion"}],"is_trial":false,"path_per_floor":["M","?","T","M","M","E","?","M","T","?","M","R","M","M","R","B",null,"M","M","?","?","?"],"character_chosen":"THE_ANIMATOR","items_purchased":[],"campfire_rested":0,"item_purchase_floors":[],"current_hp_per_floor":[66,66,66,66,66,39,39,38,38,38,38,38,34,34,34,32,66,54,46,54,33,0,0],"gold":397,"neow_bonus":"THREE_ENEMY_KILL","is_daily":false,"chose_seed":false,"campfire_upgraded":2,"win_rate":0.0,"timestamp":1611870359,"path_taken":["M","?","?","M","?","E","?","?","T","?","M","R","M","?","R","BOSS","M","M","?","?","?"],"items_purchased_type":[],"build_version":"2020-12-22","purchased_purges":0,"victory":false,"max_hp_per_floor":[66,66,66,66,66,66,66,66,66,66,66,66,66,66,66,66,66,67,67,67,67,67,67],"card_choices":[{"not_picked":["animator:Geryuganshoop","animator:Cocytus"],"picked":"animator:Megumin","floor":1},{"not_picked":["animator:Berserker","animator:Shigure","animator:UneriGinkaku"],"picked":"SKIP","floor":4},{"not_picked":["animator:Assassin","animator:Ciel"],"picked":"animator:Mitsurugi","floor":5},{"not_picked":["animator:Souei","animator:Benimaru"],"picked":"animator:Millim","floor":8},{"not_picked":["animator:Demiurge+1","animator:Emonzaemon","animator:Togame+1"],"picked":"SKIP","floor":11},{"not_picked":["animator:MaesHughes+1","animator:Sloth","animator:Cocytus"],"picked":"SKIP","floor":13},{"not_picked":["animator:Mikaela","animator:Megumin","animator:HiiragiShinya+1"],"picked":"SKIP","floor":14},{"not_picked":["animator:Eve","animator:Hans"],"picked":"animator:Ainz","floor":16},{"not_picked":["animator:Benimaru","animator:Shuna+1"],"picked":"animator:Kaijin","floor":18},{"not_picked":["animator:Shinoa+1","animator:Ara"],"picked":"animator:Millim","floor":19},{"not_picked":["animator:Konayuki+1","animator:Gluttony+1"],"picked":"animator:Benimaru","floor":21}],"player_experience":478877,"relics_obtained":[{"floor":1,"key":"LetterFromLob"},{"floor":3,"key":"DeathKnight:SindragosasSkull"},{"floor":9,"key":"Toxic Egg 2"},{"floor":21,"key":"conspire:Flyswatter"}],"event_choices":[{"damage_healed":0,"gold_gain":0,"player_choice":"Got Potions","damage_taken":0,"max_hp_gain":0,"max_hp_loss":0,"event_name":"Lab","floor":7,"gold_loss":0},{"cards_removed":["animator:Strike"],"damage_healed":0,"gold_gain":0,"player_choice":"Offered Basic","damage_taken":0,"max_hp_gain":0,"max_hp_loss":0,"event_name":"Bonfire Elementals","floor":10,"gold_loss":0}],"is_beta":false,"boss_relics":[{"not_picked":["Philosopher\u0027s Stone","conspire:RunicOctahedron"],"picked":"animator:VividPicture"}],"items_purged_floors":[],"is_endless":false,"potions_floor_spawned":[4,13,14,16,18,19],"ascension_level":0}}