{"host":"840yoaz69lavfcgt","time":1611809639,"event":{"mods":["BaseMod","Colored Powertips","DeckTracker","Highlight Path","Minty Spire (QoL Compilation)","Synergy Search"],"gold_per_floor":[118,118,118,118,136,136,159,175,230,275,36,36,36,85,85,224,224,249,276,294,321,23,76,76,19,19,19,19,15,15,57,57,163,163,189,209,268,32,41,80,102,121,121,145,25,25,67,91,91,91,91],"floor_reached":50,"language":"ENG","playtime":3323,"items_purged":["Injury","Clash"],"score":648,"play_id":"b5245eef-5f31-4e6a-88bc-07202f2e3037","local_time":"20210127235359","is_ascension_mode":true,"campfire_choices":[{"floor":6.0,"key":"RECALL"},{"floor":12.0,"key":"REST"},{"floor":15.0,"key":"REST"},{"floor":24.0,"key":"REST"},{"data":"Rupture","floor":27.0,"key":"SMITH"},{"data":"Limit Break","floor":30.0,"key":"SMITH"},{"data":"Inflame","floor":32.0,"key":"SMITH"},{"data":"1","floor":49,"key":"LIFT"}],"circlet_count":0,"master_deck":["Strike_R","Strike_R","Strike_R","Strike_R","Strike_R","Defend_R","Defend_R","Defend_R","Defend_R+1","Bash","Brutality","Iron Wave","Pummel","Flex","Thunderclap","Armaments+1","Carnage","Rage","Limit Break+1","Wild Strike","Rage+1","Immolate","Pommel Strike","Inflame+1","Rampage","Twin Strike+1","Rupture+1","Flame Barrier","Headbutt","Offering","Feed","Flex","Dropkick+1","Armaments+1","Rage","Combust","Body Slam","Pummel","Wild Strike+1","Iron Wave+1","Shrug It Off+1","Headbutt","Fire Breathing","Reaper","Shrug It Off","Body Slam","Thunderclap+1","Power Through"],"relics":["Burning Blood","Matryoshka","Bloody Idol","CeramicFish","Pen Nib","StrikeDummy","War Paint","PreservedInsect","Mark of Pain","Membership Card","Eternal Feather","Paper Frog","Smiling Mask","Akabeko","Black Star","Girya","Bronze Scales","Bottled Lightning","Pear","Strawberry","Blue Candle","Singing Bowl"],"acts_visited":["Exordium","TheCity","TheBeyond"],"potions_floor_usage":[50],"damage_taken":[{"damage":0.0,"enemies":"Cultist","floor":1.0,"turns":4.0},{"damage":2.0,"enemies":"Jaw Worm","floor":5.0,"turns":3.0},{"damage":7.0,"enemies":"Small Slimes","floor":7.0,"turns":4.0},{"damage":43.0,"enemies":"Gremlin Gang","floor":8.0,"turns":8.0},{"damage":5.0,"enemies":"Gremlin Nob","floor":10.0,"turns":3.0},{"damage":15.0,"enemies":"3 Sentries","floor":14.0,"turns":6.0},{"damage":19.0,"enemies":"Slime Boss","floor":16.0,"turns":10.0},{"damage":17.0,"enemies":"Shell Parasite","floor":18.0,"turns":4.0},{"damage":9.0,"enemies":"2 Thieves","floor":19.0,"turns":3.0},{"damage":32.0,"enemies":"Shelled Parasite and Fungi","floor":21.0,"turns":6.0},{"damage":18.0,"enemies":"Book of Stabbing","floor":23.0,"turns":3.0},{"damage":19.0,"enemies":"Slavers","floor":31.0,"turns":3.0},{"damage":76.0,"enemies":"Automaton","floor":33.0,"turns":7.0},{"damage":14.0,"enemies":"3 Shapes","floor":35.0,"turns":4.0},{"damage":3.0,"enemies":"Orb Walker","floor":36.0,"turns":2.0},{"damage":18.0,"enemies":"Mind Bloom Boss Battle","floor":37.0,"turns":4.0},{"damage":82.0,"enemies":"Giant Head","floor":40.0,"turns":7.0},{"damage":27.0,"enemies":"4 Shapes","floor":41.0,"turns":4.0},{"damage":30.0,"enemies":"Maw","floor":42.0,"turns":8.0},{"damage":17.0,"enemies":"Jaw Worm Horde","floor":44.0,"turns":4.0},{"damage":49,"enemies":"Reptomancer","floor":47,"turns":6},{"damage":42,"enemies":"Sphere and 2 Shapes","floor":48,"turns":4},{"damage":98,"enemies":"Donu and Deca","floor":50,"turns":5}],"seed_played":"-1354495218103876845","potions_obtained":[{"floor":7.0,"key":"Strength Potion"},{"floor":8.0,"key":"Fire Potion"},{"floor":10.0,"key":"Weak Potion"},{"floor":21.0,"key":"GamblersBrew"},{"floor":23.0,"key":"EssenceOfSteel"},{"floor":31.0,"key":"PowerPotion"},{"floor":36.0,"key":"Block Potion"},{"floor":37.0,"key":"DistilledChaos"},{"floor":40.0,"key":"EntropicBrew"},{"floor":41.0,"key":"ElixirPotion"},{"floor":47,"key":"Explosive Potion"}],"is_trial":false,"path_per_floor":["M","?","T","?","M","R","M","M","T","E","$","R","?","E","R","B",null,"M","M","?","M","$","E","R","$","T","R","?","$","R","E","R","B",null,"M","M","?","$","?","E","M","M","T","M","$","?","E","M","R","B"],"character_chosen":"IRONCLAD","items_purchased":["Armaments","Carnage","FairyPotion","Membership Card","Inflame","Rampage","Eternal Feather","Rupture","Flame Barrier","Headbutt","Clash","Bronze Scales","FairyPotion","Rage","Combust","Body Slam","Fire Breathing","Reaper","Shrug It Off","Body Slam"],"campfire_rested":3,"item_purchase_floors":[11,11,11,22,22,22,22,25,25,25,29,38,38,38,38,38,45,45,45,45],"current_hp_per_floor":[80,80,80,80,80,80,79,42,42,43,43,67,42,33,57,44,80,69,66,66,40,40,28,67,67,67,80,80,80,80,77,80,20,80,80,80,78,80,80,49,41,27,34,33,53,53,58,32,59,0,0],"gold":91,"neow_bonus":"ONE_RANDOM_RARE_CARD","is_daily":false,"chose_seed":false,"campfire_upgraded":3,"win_rate":0.0,"timestamp":1611809639,"path_taken":["M","?","?","?","?","R","M","M","T","E","$","R","?","E","R","BOSS","M","M","?","?","$","E","R","$","T","R","?","$","R","E","R","BOSS","M","M","?","$","?","E","M","?","T","M","$","?","E","M","R","BOSS"],"items_purchased_type":["Card","Card","Potion","Relic","Card","Card","Relic","Card","Card","Card","Card","Relic","Potion","Card","Card","Card","Card","Card","Card","Card"],"build_version":"2020-12-22","purchased_purges":2,"victory":false,"max_hp_per_floor":[80,80,80,80,80,80,80,80,80,80,80,80,80,80,80,80,80,80,80,80,80,80,80,80,80,80,80,80,80,80,80,80,80,80,80,80,80,80,80,90,93,93,100,100,100,100,100,100,100,100,100],"card_choices":[{"not_picked":["Havoc","Clash"],"picked":"Iron Wave","floor":1.0},{"not_picked":["Cleave","Twin Strike"],"picked":"Pummel","floor":5.0},{"not_picked":["Clothesline","Warcry"],"picked":"True Grit","floor":7.0},{"not_picked":["Clash","Twin Strike"],"picked":"Flex","floor":8.0},{"not_picked":["Warcry","Second Wind"],"picked":"Thunderclap","floor":10.0},{"not_picked":["Offering","Body Slam"],"picked":"Rage","floor":14.0},{"not_picked":["Bludgeon","Impervious"],"picked":"Limit Break","floor":16.0},{"not_picked":["Armaments","Flex"],"picked":"Wild Strike","floor":18.0},{"not_picked":["Power Through","Pommel Strike"],"picked":"Rage+1","floor":19.0},{"not_picked":["Second Wind","Whirlwind"],"picked":"Pommel Strike","floor":21.0},{"not_picked":["Heavy Blade","Clash"],"picked":"Twin Strike+1","floor":23.0},{"not_picked":["Hemokinesis+1","Sever Soul"],"picked":"Offering","floor":31.0},{"not_picked":["Immolate","Offering"],"picked":"Feed","floor":33.0},{"not_picked":["Flame Barrier+1","Battle Trance"],"picked":"Flex","floor":35.0},{"not_picked":["Heavy Blade+1","Rupture+1"],"picked":"Dropkick+1","floor":36.0},{"not_picked":["Dual Wield","Clash+1"],"picked":"Armaments+1","floor":37.0},{"not_picked":["Whirlwind","Warcry+1"],"picked":"Wild Strike+1","floor":40.0},{"not_picked":["Cleave+1","Barricade"],"picked":"Iron Wave+1","floor":41.0},{"not_picked":["Whirlwind+1","Twin Strike+1"],"picked":"Shrug It Off+1","floor":42.0},{"not_picked":["Sever Soul+1","Hemokinesis+1"],"picked":"Headbutt","floor":44.0},{"not_picked":["Cleave+1","Burning Pact+1"],"picked":"Thunderclap+1","floor":47},{"not_picked":["Rupture","Metallicize"],"picked":"Power Through","floor":48}],"player_experience":250961,"relics_obtained":[{"floor":3.0,"key":"Matryoshka"},{"floor":9.0,"key":"CeramicFish"},{"floor":9.0,"key":"Pen Nib"},{"floor":10.0,"key":"StrikeDummy"},{"floor":14.0,"key":"PreservedInsect"},{"floor":23.0,"key":"Paper Frog"},{"floor":26.0,"key":"Smiling Mask"},{"floor":31.0,"key":"Akabeko"},{"floor":37.0,"key":"Girya"},{"floor":40.0,"key":"Bottled Lightning"},{"floor":40.0,"key":"Pear"},{"floor":43.0,"key":"Strawberry"},{"floor":47,"key":"Blue Candle"},{"floor":47,"key":"Singing Bowl"}],"event_choices":[{"damage_healed":0.0,"max_hp_gain":0.0,"max_hp_loss":0.0,"gold_gain":0.0,"event_name":"Golden Wing","player_choice":"Ignored","floor":2.0,"gold_loss":0.0,"damage_taken":0.0},{"damage_healed":0.0,"max_hp_gain":0.0,"max_hp_loss":0.0,"gold_gain":0.0,"event_name":"Golden Idol","player_choice":"Take Wound","floor":4.0,"gold_loss":0.0,"damage_taken":0.0,"relics_obtained":["Golden Idol"],"cards_obtained":["Injury"]},{"damage_healed":0.0,"max_hp_gain":0.0,"max_hp_loss":0.0,"gold_gain":0.0,"event_name":"Scrap Ooze","player_choice":"Success","floor":13.0,"gold_loss":0.0,"damage_taken":25.0,"relics_obtained":["War Paint"]},{"damage_healed":0.0,"max_hp_gain":0.0,"max_hp_loss":0.0,"gold_gain":0.0,"event_name":"Match and Keep!","player_choice":"2 cards matched","floor":20.0,"gold_loss":0.0,"damage_taken":0.0,"cards_obtained":["Immolate","Searing Blow"]},{"damage_healed":0.0,"max_hp_gain":0.0,"max_hp_loss":0.0,"gold_gain":0.0,"event_name":"Forgotten Altar","player_choice":"Gave Idol","floor":28.0,"relics_lost":["Golden Idol"],"gold_loss":0.0,"damage_taken":0.0,"relics_obtained":["Bloody Idol"]},{"damage_healed":0.0,"max_hp_gain":0.0,"max_hp_loss":0.0,"gold_gain":0.0,"event_name":"MindBloom","player_choice":"Fight","floor":37.0,"gold_loss":0.0,"damage_taken":0.0},{"damage_healed":0.0,"max_hp_gain":0.0,"max_hp_loss":0.0,"gold_gain":0.0,"cards_transformed":["Searing Blow"],"event_name":"Transmorgrifier","player_choice":"Transformed","floor":39.0,"gold_loss":0.0,"damage_taken":0.0,"cards_obtained":["Pummel"]},{"cards_removed":["True Grit"],"damage_healed":0.0,"max_hp_gain":0.0,"max_hp_loss":0.0,"gold_gain":0.0,"event_name":"Falling","player_choice":"Removed Skill","floor":46.0,"gold_loss":0.0,"damage_taken":0.0}],"is_beta":false,"boss_relics":[{"not_picked":["Coffee Dripper","Philosopher\u0027s Stone"],"picked":"Mark of Pain"},{"not_picked":["Busted Crown","Runic Cube"],"picked":"Black Star"}],"items_purged_floors":[11,38],"is_endless":false,"potions_floor_spawned":[7,8,10,21,23,31,36,37,40,41,47],"killed_by":"Donu and Deca","ascension_level":1}}