{"host":"a49aoqbkajnlmy9c","time":1611820494,"event":{"mods":["100% Spire Juice","2.2 Compatiblity","AchievementEnabler","Act Like it!","AlwaysNeverKeys","Arknights The Spire","BaseMod","Better Match","BetterRewards","Block Reminder","Colored Map","Colored Powertips","Downfall","Emptier Cage","Friendly Minions","Gensokyo","GifTheSpireLib","Gremlin Skip","Halation","HololiveMod","Hubris","Hyrulean Relics","Infinite Spire","Ironclad Rager","Marisa????????","Minty Spire (QoL Compilation)","Prisma Mod","Quarter Circle Forward PUNCH!","Quick Restart","Random Character Button","Reimu??????","Relic Filter","Reorder Act Four","StSLib","The Alterego","The Animator","Transform Curses","Treasure Hunter","Unceasing Turn Reminder","Useless Jewels Mod","Virulent Crown","Waifu the Spire","WarShipGirlsR/????R mod","Yakumo Yukari mod","Yuyuko"],"gold_per_floor":[84,84,110,110,110,161,161,214,237,387,387,387,387,308,308,599,599,647,647,329,329,329,329,432,432,500,500,575,575,608,638,638,791,791,831,831,756,815,896,896,494,494,543,543,543,543,623,650,650,781,781,804,814,814,1146,1162,1162,1192,1192,1192,716,743,743,743,779,779,901,901,932,962,971,897,900,900,900,900,900,900,900,900,815,835,835,984,984,995,995,1016,1027,1027,1027,1027,1051,1051,1112,1112,1132,1132,1137,1137,1235,1235,1252,917,757,757,760,760,760,760,760,775,860,860,860,860,860,971,971,1196,1200,561,486,500,500,500,500,553,568,568,568,602,644,644,779,829,840,840,890,892,892,892,892,892,892,892,892,892,892,896,896,945,945],"floor_reached":152,"language":"ENG","playtime":5578,"items_purged":["Pain"],"score":3547,"play_id":"b28c84fb-33bd-4dd6-aacc-09e9ede9d745","local_time":"20210128025454","is_ascension_mode":false,"campfire_choices":[{"data":"Hololive_CallSakuraMiko","floor":7,"key":"SMITH"},{"data":"Hololive_CallSakuraMiko","floor":11,"key":"SMITH"},{"data":"Hololive_CallSakuraMiko","floor":13,"key":"SMITH"},{"data":"Hololive_CallSakuraMiko","floor":15,"key":"SMITH"},{"data":"Hololive_CallUsadaPekora","floor":23,"key":"SMITH"},{"data":"Hololive_CallSakuraMiko","floor":29,"key":"SMITH"},{"data":"Hololive_CallSakuraMiko","floor":32,"key":"SMITH"},{"data":"Hololive_Strike","floor":40,"key":"SMITH"},{"data":"Gensokyo:TurboGranny","floor":42,"key":"SMITH"},{"data":"Gensokyo:TurboGranny","floor":45,"key":"SMITH"},{"data":"Hololive_Defend","floor":49,"key":"SMITH"},{"data":"infinitespire:FutureSight","floor":57,"key":"SMITH"},{"data":"Hololive_Defend","floor":59,"key":"SMITH"},{"data":"Hololive_CallYozoraMel","floor":63,"key":"SMITH"},{"data":"Sadistic Nature","floor":66,"key":"SMITH"},{"data":"Hololive_BringToTrial","floor":74,"key":"SMITH"},{"floor":76,"key":"REST"},{"data":"infinitespire:SevenWalls","floor":79,"key":"SMITH"},{"floor":80,"key":"DIG"},{"floor":83,"key":"DIG"},{"data":"hubris:InfiniteBlow","floor":91,"key":"SMITH"},{"data":"hubris:InfiniteBlow+4","floor":92,"key":"SMITH"},{"data":"hubris:InfiniteBlow+8","floor":96,"key":"SMITH"},{"floor":100,"key":"REST"},{"data":"Gensokyo:SevenSchoolMysteries","floor":108,"key":"SMITH"},{"data":"1","floor":109,"key":"LIFT"},{"data":"2","floor":110,"key":"LIFT"},{"data":"3","floor":115,"key":"LIFT"},{"floor":117,"key":"DIG"},{"data":"Magnetism","floor":125,"key":"SMITH"},{"floor":126,"key":"DIG"},{"floor":131,"key":"DIG"},{"floor":134,"key":"DIG"},{"data":"hubris:InfiniteBlow+19","floor":142,"key":"SMITH"},{"floor":148,"key":"DIG"},{"data":"hubris:InfiniteBlow+23","floor":151,"key":"SMITH"}],"circlet_count":0,"master_deck":["Hololive_Strike+1","Hololive_Defend+1","Hololive_Defend+1","Hololive_Defend+1","Hololive_Defend+1","Hololive_CallSakuraMiko+1","Hololive_CallSakuraMiko+1","Hololive_CallSakuraMiko+1","Hololive_CallSakuraMiko+1","Hololive_CallSakuraMiko+1","Hololive_CallSakuraMiko+1","Hololive_CallUsadaPekora+1","Hololive_Yoholoon+1","hubris:InfiniteBlow+27","Gensokyo:TurboGranny+1","Gensokyo:TurboGranny+1","infinitespire:FutureSight+1","Sadistic Nature+1","Hololive_CallYozoraMel+1","infinitespire:SevenWalls+1","Hololive_BringToTrial+1","Gensokyo:SevenSchoolMysteries+1","Magnetism+1"],"relics":["Hololive_TheStar","Hololive_TopUpMoney","NeowsBlessing","halation:QuantumPhysicsTextbook","Vajra","War Paint","qcfpunch:Red_Gi","Busted Crown","halation:TwoAmDonut","hubris:Icosahedron","Darkstone Periapt","halation:Toothbrush","Gensokyo:MosesMiracle","infinitespire:ShieldingShard","hubris:HollowSoul","DollysMirror","Juzu Bracelet","qcfpunch:Black_Training_Shirt","Bag of Marbles","Black Star","Shovel","halation:BottledLove","infinitespire:EmpoweringShard","Odd Mushroom","qcfpunch:Red_Headband","Happy Flower","SlaversCollar","Nilry\u0027s Codex","Regal Pillow","hubris:TenFootPole","Ancient Tea Set","Potion Belt","halation:HeavySnake","hubris:Towel","qcfpunch:Chain_With_Nametags","CrazyTorch:ReiMu","TH:Anvil","Pantograph","Girya","halation:LettersToHer","Enchiridion","Boot","Meat on the Bone","halation:WeightlessCrab","Gensokyo:LunaticRedEyes","Mango","Letter Opener","SacredBark","halation:PromiseList","Incense Burner","hubris:MobiusCoin","halation:IllGainedPizza","PreservedInsect","infinitespire:CheckeredPen","Calipers","TungstenRod","Hololive_LightStick","Bottled Tornado","Tiny House","infinitespire:Midas Blood","uselessJewelsMod:UselessJewelsRelic","halation:EternalFortune"],"acts_visited":["Gensokyo:Gensokyo","Gensokyo:Gensokyoer","Gensokyo:Gensokyoest","Exordium","TheCity","TheBeyond","Gensokyo:Gensokyo","Gensokyo:Gensokyoer","Gensokyo:Gensokyoest"],"potions_floor_usage":[50,50,50,64,97,97,97,101,152,152,152],"damage_taken":[{"damage":0,"enemies":"Gensokyo:Python","floor":1,"turns":1},{"damage":0,"enemies":"Gensokyo:2_Kodama","floor":3,"turns":2},{"damage":0,"enemies":"Gensokyo:Cirno","floor":6,"turns":2},{"damage":0,"enemies":"Gensokyo:3_Fairies","floor":8,"turns":4},{"damage":0,"enemies":"Gensokyo:Mamizou","floor":10,"turns":7},{"damage":0,"enemies":"Gensokyo:Yukari","floor":16,"turns":8},{"damage":0,"enemies":"Gensokyo:CosmicMonolith","floor":18,"turns":2},{"damage":0,"enemies":"Nightmare","floor":24,"turns":4},{"damage":0,"enemies":"Gensokyo:Koishi","floor":28,"turns":3},{"damage":0,"enemies":"Gensokyo:Chomper","floor":30,"turns":2},{"damage":0,"enemies":"Gensokyo:Mirror_and_Dog","floor":31,"turns":3},{"damage":6,"enemies":"Gensokyo:Eternal_Rivals","floor":33,"turns":7},{"damage":0,"enemies":"Gensokyo:3_Boulders","floor":35,"turns":3},{"damage":0,"enemies":"Gensokyo:3_Bats","floor":38,"turns":3},{"damage":0,"enemies":"Gensokyo:AtlasGolem","floor":39,"turns":3},{"damage":0,"enemies":"Nightmare","floor":47,"turns":5},{"damage":18,"enemies":"Gensokyo:Scarlet_Devils","floor":50,"turns":9},{"damage":0,"enemies":"Jaw Worm","floor":52,"turns":1},{"damage":0,"enemies":"Cultist","floor":53,"turns":2},{"damage":0,"enemies":"Small Slimes","floor":55,"turns":2},{"damage":0,"enemies":"Exordium Wildlife","floor":56,"turns":3},{"damage":0,"enemies":"Large Slime","floor":58,"turns":2},{"damage":0,"enemies":"The Mushroom Lair","floor":62,"turns":2},{"damage":0,"enemies":"3 Sentries","floor":65,"turns":4},{"damage":5,"enemies":"Hexaghost","floor":67,"turns":2},{"damage":0,"enemies":"Chosen","floor":69,"turns":3},{"damage":0,"enemies":"3 Byrds","floor":70,"turns":2},{"damage":0,"enemies":"3 Cultists","floor":71,"turns":3},{"damage":2,"enemies":"Snake Plant","floor":73,"turns":3},{"damage":0,"enemies":"Shelled Parasite and Fungi","floor":82,"turns":2},{"damage":0,"enemies":"Champ","floor":84,"turns":5},{"damage":0,"enemies":"3 Shapes","floor":86,"turns":3},{"damage":0,"enemies":"Orb Walker","floor":88,"turns":1},{"damage":1,"enemies":"Sphere and 2 Shapes","floor":89,"turns":3},{"damage":0,"enemies":"Spire Growth","floor":93,"turns":3},{"damage":0,"enemies":"Giant Head","floor":95,"turns":4},{"damage":0,"enemies":"Reptomancer","floor":97,"turns":4},{"damage":27,"enemies":"4 Shapes","floor":99,"turns":3},{"damage":49,"enemies":"Donu and Deca","floor":101,"turns":6},{"damage":0,"enemies":"Gensokyo:Python","floor":103,"turns":2},{"damage":0,"enemies":"Gensokyo:Gryphon","floor":107,"turns":2},{"damage":0,"enemies":"Gensokyo:2_Kodama","floor":112,"turns":1},{"damage":0,"enemies":"Gensokyo:Cirno","floor":113,"turns":4},{"damage":0,"enemies":"Gensokyo:Yukari","floor":118,"turns":4},{"damage":0,"enemies":"Gensokyo:2_Gloops","floor":120,"turns":3},{"damage":0,"enemies":"Gensokyo:CosmicMonolith","floor":121,"turns":2},{"damage":0,"enemies":"Gensokyo:Mirror_and_Dog","floor":124,"turns":2},{"damage":0,"enemies":"Gensokyo:Wraith","floor":129,"turns":1},{"damage":0,"enemies":"Gensokyo:Monolith_and_Dog","floor":132,"turns":2},{"damage":0,"enemies":"Gensokyo:Reisen","floor":133,"turns":3},{"damage":0,"enemies":"Gensokyo:Eternal_Rivals","floor":135,"turns":3},{"damage":0,"enemies":"Gensokyo:AncientGuardian","floor":137,"turns":2},{"damage":0,"enemies":"Gensokyo:3_Boulders","floor":140,"turns":2},{"damage":0,"enemies":"Gensokyo:AtlasGolem","floor":144,"turns":2},{"damage":0,"enemies":"Gensokyo:SeedOfUnknown","floor":150,"turns":1},{"damage":34,"enemies":"infinitespire:LordOfFortification","floor":152,"turns":2}],"seed_played":"6672447197255634392","potions_obtained":[{"floor":28,"key":"LiquidMemories"},{"floor":30,"key":"Swift Potion"},{"floor":35,"key":"CultistPotion"},{"floor":52,"key":"Fire Potion"},{"floor":62,"key":"SkillPotion"},{"floor":64,"key":"qcfpunch:Challenger_Coin"},{"floor":64,"key":"Guardian:BlockOnCardUsePotion"},{"floor":86,"key":"PowerPotion"},{"floor":89,"key":"Energy Potion"},{"floor":99,"key":"hexamod:SoulburnPotion"},{"floor":112,"key":"Weak Potion"},{"floor":118,"key":"PowerPotion"},{"floor":120,"key":"Regen Potion"},{"floor":124,"key":"Fire Potion"},{"floor":140,"key":"DuplicationPotion"}],"is_trial":false,"path_per_floor":["M","?","M","?","?","E","R","M","T","E","R","T","R","$","R","B",null,"M","?","$","?","?","R","NM","AVR","T","?","E","R","M","M","R","B",null,"M","?","?","M","M","R","COS","R","T","$","R","?","NM","T","R","B",null,"M","M","?","M","M","R","M","R","T","$","?","R","?","E","R","B",null,"M","M","M","$","M","R","?","R","T","AVR","R","R","?","M","R","B",null,"M","?","M","M","$","R","R","M","T","E","R","E","?","M","R","B",null,"M","COS","?","?","M","R","R","R","T","M","E","?","R","?","R","B",null,"M","M","$","?","M","R","R","?","T","M","?","R","M","E","R","B",null,"M","?","AVR","M","?","R","?","M","T","$","T","R","?","M","R","B"],"character_chosen":"Hololive_HololiveCharacter","items_purchased":["Hololive_CallSakuraMiko","halation:TwoAmDonut","Hololive_Yoholoon","Sadistic Nature","Hololive_CallYozoraMel","infinitespire:EmpoweringShard","Hololive_BringToTrial","halation:PromiseList","Incense Burner","Magnetism"],"campfire_rested":2,"item_purchase_floors":[14,20,20,61,61,61,72,122,122,122],"current_hp_per_floor":[35,35,35,40,40,40,40,40,40,40,40,40,40,40,40,40,40,40,40,40,40,40,40,40,40,40,40,40,40,40,40,40,34,40,40,40,40,40,40,40,40,40,40,40,40,40,40,40,40,22,40,43,43,33,36,36,36,36,36,36,36,36,36,36,46,46,41,46,46,46,46,46,44,44,28,41,41,41,41,41,41,46,46,46,46,46,46,46,45,45,45,45,46,46,46,46,46,46,19,46,7,46,46,46,46,46,46,46,46,46,46,46,46,52,52,56,56,66,66,69,69,69,69,69,69,69,69,69,69,69,69,72,72,72,72,77,77,77,80,80,80,80,80,80,80,80,80,80,83,83,83,0,0],"gold":945,"neow_bonus":"THREE_ENEMY_KILL","is_daily":false,"chose_seed":false,"campfire_upgraded":24,"win_rate":0.0,"timestamp":1611820494,"path_taken":["M","?","M","?","?","E","R","?","T","E","R","?","R","$","R","BOSS","M","?","$","?","?","R","NM","AVR","T","?","E","R","?","M","R","BOSS","M","?","?","M","?","R","COS","R","T","?","R","?","NM","?","R","BOSS","M","M","?","M","M","R","M","R","T","$","?","R","?","E","R","BOSS","M","M","M","$","M","R","?","R","T","AVR","R","R","?","M","R","BOSS","M","?","M","M","$","R","R","M","T","E","R","E","?","M","R","BOSS","M","COS","?","?","M","R","R","R","T","M","E","?","R","?","R","BOSS","M","M","$","?","M","R","R","?","T","M","?","R","M","E","R","BOSS","M","?","AVR","M","?","R","?","M","T","$","?","R","?","M","R","BOSS"],"items_purchased_type":["Card","Relic","Card","Card","Card","Relic","Card","Relic","Relic","Card"],"build_version":"2020-12-22","purchased_purges":1,"victory":false,"max_hp_per_floor":[35,35,35,40,40,40,40,40,40,40,40,40,40,40,40,40,40,40,40,40,40,40,40,40,40,40,40,40,40,40,40,40,40,40,40,40,40,40,40,40,40,40,40,40,40,40,40,40,40,40,40,43,43,43,46,46,46,46,46,46,46,46,46,46,46,46,46,46,46,46,46,46,46,46,46,46,46,46,46,46,46,46,46,46,46,46,46,46,46,46,46,46,46,46,46,46,46,46,46,46,46,46,46,46,46,46,46,46,46,46,46,46,46,52,52,66,66,66,66,69,69,69,69,69,69,69,69,69,69,69,69,72,72,72,72,77,77,77,80,80,80,80,80,80,80,80,80,80,83,83,83,83,83],"card_choices":[{"not_picked":["TH:DeckOfManyThings"],"picked":"SKIP","floor":6},{"not_picked":["TH:Mimic"],"picked":"SKIP","floor":9},{"not_picked":["TH:CopperCoins"],"picked":"SKIP","floor":10},{"not_picked":["TH:DeckOfManyThings"],"picked":"SKIP","floor":12},{"not_picked":["infinitespire:TheBestDefense","infinitespire:DeathsTouch"],"picked":"hubris:InfiniteBlow","floor":24},{"not_picked":["TH:DeckOfManyThings"],"picked":"SKIP","floor":24},{"not_picked":["TH:DeckOfManyThings"],"picked":"SKIP","floor":24},{"not_picked":["TH:ArmorSpikes"],"picked":"SKIP","floor":26},{"not_picked":["TH:BikiniMail"],"picked":"SKIP","floor":28},{"not_picked":["TH:EnergyPotion"],"picked":"SKIP","floor":43},{"not_picked":["TH:TreasureMap"],"picked":"SKIP","floor":47},{"not_picked":["TH:PixieDust"],"picked":"SKIP","floor":48},{"not_picked":["infinitespire:Oblivion","infinitespire:SealOfDarkness+"],"picked":"infinitespire:FutureSight","floor":54},{"not_picked":["TH:CopperCoins"],"picked":"SKIP","floor":60},{"not_picked":["TH:ElvenBoots"],"picked":"SKIP","floor":65},{"not_picked":["infinitespire:FinalStrike","infinitespire:SealOfDarkness+"],"picked":"infinitespire:SevenWalls","floor":67},{"not_picked":["TH:EnergyPotion"],"picked":"SKIP","floor":77},{"not_picked":["TH:ElvenBoots"],"picked":"SKIP","floor":94},{"not_picked":["TH:TreasureMap"],"picked":"SKIP","floor":95},{"not_picked":["TH:BikiniMail"],"picked":"SKIP","floor":97},{"not_picked":["TH:Mimic"],"picked":"SKIP","floor":111},{"not_picked":["TH:CursedSword"],"picked":"SKIP","floor":113},{"not_picked":["TH:PixieDust"],"picked":"SKIP","floor":128},{"not_picked":["TH:ElvenBoots"],"picked":"SKIP","floor":133},{"not_picked":["TH:BikiniMail"],"picked":"SKIP","floor":145},{"not_picked":["TH:EnergyPotion"],"picked":"SKIP","floor":147}],"player_experience":615946,"relics_obtained":[{"floor":6,"key":"halation:QuantumPhysicsTextbook"},{"floor":9,"key":"Vajra"},{"floor":10,"key":"War Paint"},{"floor":12,"key":"qcfpunch:Red_Gi"},{"floor":24,"key":"Darkstone Periapt"},{"floor":26,"key":"halation:Toothbrush"},{"floor":28,"key":"infinitespire:ShieldingShard"},{"floor":31,"key":"Gensokyo:MosesMiracle"},{"floor":43,"key":"Juzu Bracelet"},{"floor":47,"key":"qcfpunch:Black_Training_Shirt"},{"floor":48,"key":"Bag of Marbles"},{"floor":60,"key":"halation:BottledLove"},{"floor":62,"key":"Odd Mushroom"},{"floor":65,"key":"qcfpunch:Red_Headband"},{"floor":65,"key":"Happy Flower"},{"floor":75,"key":"Nilry\u0027s Codex"},{"floor":77,"key":"Regal Pillow"},{"floor":80,"key":"hubris:TenFootPole"},{"floor":83,"key":"Potion Belt"},{"floor":94,"key":"qcfpunch:Chain_With_Nametags"},{"floor":95,"key":"CrazyTorch:ReiMu"},{"floor":95,"key":"TH:Anvil"},{"floor":97,"key":"Pantograph"},{"floor":97,"key":"Girya"},{"floor":111,"key":"halation:LettersToHer"},{"floor":111,"key":"Boot"},{"floor":113,"key":"Meat on the Bone"},{"floor":113,"key":"halation:WeightlessCrab"},{"floor":117,"key":"Letter Opener"},{"floor":126,"key":"hubris:MobiusCoin"},{"floor":128,"key":"halation:IllGainedPizza"},{"floor":128,"key":"PreservedInsect"},{"floor":131,"key":"infinitespire:CheckeredPen"},{"floor":133,"key":"TungstenRod"},{"floor":133,"key":"Hololive_LightStick"},{"floor":134,"key":"Bottled Tornado"},{"floor":145,"key":"halation:LettersToHer"},{"floor":145,"key":"infinitespire:Midas Blood"},{"floor":147,"key":"halation:LettersToHer"},{"floor":148,"key":"uselessJewelsMod:UselessJewelsRelic"}],"event_choices":[{"damage_healed":0,"gold_gain":0,"player_choice":"2","damage_taken":0,"max_hp_gain":0,"max_hp_loss":0,"event_name":"betterMatch:BetterMatch","floor":2,"gold_loss":0,"cards_obtained":["betterMatch:ColorlessUncommonCard"]},{"damage_healed":0,"gold_gain":0,"player_choice":"2","damage_taken":0,"max_hp_gain":0,"max_hp_loss":0,"event_name":"betterMatch:BetterMatch","floor":37,"gold_loss":0,"cards_obtained":[]},{"damage_healed":0,"gold_gain":0,"player_choice":"Fought Mushrooms","damage_taken":0,"max_hp_gain":0,"max_hp_loss":0,"event_name":"Mushrooms","floor":62,"gold_loss":0},{"damage_healed":0,"gold_gain":0,"player_choice":"Got Potions","damage_taken":0,"max_hp_gain":0,"max_hp_loss":0,"event_name":"Lab","floor":64,"gold_loss":0},{"damage_healed":0,"gold_gain":0,"player_choice":"Obtained Book","damage_taken":16,"max_hp_gain":0,"max_hp_loss":0,"event_name":"Cursed Tome","floor":75,"gold_loss":0},{"damage_healed":0,"gold_gain":0,"player_choice":"Obtained Relic","damage_taken":0,"relics_obtained":["Ancient Tea Set"],"max_hp_gain":0,"max_hp_loss":0,"event_name":"Addict","floor":81,"gold_loss":85},{"damage_healed":0,"gold_gain":0,"player_choice":"Gave Potion","damage_taken":0,"relics_obtained":["halation:LettersToHer"],"max_hp_gain":0,"max_hp_loss":0,"event_name":"WeMeetAgain","floor":98,"gold_loss":0},{"damage_healed":0,"gold_gain":0,"player_choice":"2","damage_taken":0,"max_hp_gain":0,"max_hp_loss":0,"event_name":"betterMatch:BetterMatch","floor":123,"gold_loss":0,"cards_obtained":[]},{"damage_healed":0,"gold_gain":0,"player_choice":"2","damage_taken":0,"max_hp_gain":0,"max_hp_loss":0,"event_name":"betterMatch:BetterMatch","floor":138,"gold_loss":0,"cards_obtained":["betterMatch:CommonCard"]}],"is_beta":false,"boss_relics":[{"not_picked":["hubris:GrandSneckoEye","halation:PinkAlligatorPlush"],"picked":"Busted Crown"},{"not_picked":["hubris:VirtuousBlindfold","halation:Yufonium"],"picked":"hubris:HollowSoul"},{"not_picked":["halation:MonkeysPaw","Hololive_Finger"],"picked":"Black Star"},{"not_picked":["infinitespire:Cupcake","halation:CatFaceCupcake"],"picked":"SlaversCollar"},{"not_picked":["Hololive_TopUpMoneyS","Runic Pyramid"],"picked":"halation:HeavySnake"},{"not_picked":["halation:ForbiddenBikini","hubris:CrackedHourglass","hubris:GrandSneckoEye"]},{"not_picked":["halation:Risk","Velvet Choker"],"picked":"SacredBark"},{"not_picked":["Philosopher\u0027s Stone","Coffee Dripper"],"picked":"Tiny House"}],"items_purged_floors":[139],"is_endless":true,"potions_floor_spawned":[1,8,28,30,35,39,52,55,62,69,82,86,89,93,99,112,118,120,124,140,144],"killed_by":"infinitespire:LordOfFortification","ascension_level":0}}