{"host":"og21o26alpnbwmz8","time":1611867275,"event":{"mods":["Act Like it!","Aspiration","BaseMod","Conspire","Downfall","Halation","Hallownest","Hubris","Jedi Mod","Mimic Mod","Minty Spire (QoL Compilation)","Pale of the Ancients","Replay The Spire","Shop Mod","Spikes Relics","StSLib","The Administrix","The Alterego","The Blue Laboratory","The Bug Knight","The Death Knight","The Problem Sleuth","The Wild Card","Waifu the Spire"],"gold_per_floor":[115,40,52,52,52,52,85,85,85,85,85,85,103,103,103,20,20,117,117,129,40,40,40,60,93,93,109,109,124,124,156,156,156,156,252,252,262,262,274,274,297,329,124,135,135,150,150,150,150,150,150,150,150,150,450,927,927],"floor_reached":58,"language":"ENG","playtime":2728,"items_purged":["theSleuth:Strike","theSleuth:Strike","Pain"],"score":1317,"play_id":"2352a43d-8555-40dd-b845-f00788f77de4","local_time":"20210128155435","is_ascension_mode":false,"campfire_choices":[{"data":"theSleuth:Diplomacy","floor":6.0,"key":"SMITH"},{"data":"theSleuth:Defend","floor":8.0,"key":"SMITH"},{"floor":15.0,"key":"RECALL"},{"data":"theSleuth:Defend","floor":17.0,"key":"SMITH"},{"data":"Replay:Parry","floor":26.0,"key":"SMITH"},{"data":"theSleuth:KeyringTommygun","floor":30.0,"key":"SMITH"},{"data":"theSleuth:Strike","floor":32.0,"key":"SMITH"},{"data":"PlatinumSkin","floor":34.0,"key":"SMITH"},{"floor":47,"key":"REST"},{"floor":49,"key":"REST"},{"floor":51,"key":"REST"},{"floor":54,"key":"REST"}],"circlet_count":0,"master_deck":["theSleuth:Strike+1","theSleuth:Strike+1","theSleuth:Defend+1","theSleuth:Defend+1","theSleuth:Defend+1","theSleuth:KeyHandgun+1","theSleuth:TakeInventory+1","theSleuth:Diplomacy+1","theSleuth:FairShake+1","PlatinumSkin+1","theSleuth:RollBoxcars+1","AbeCurse","theSleuth:KeyringTommygun+1","Replay:Parry+1","theSleuth:HairpinMachinegun+1","theSleuth:WeighIn+1","PlatinumSkin+1"],"relics":["theSleuth:Typewriter","NeowsBlessing","halation:EternalFortune","Smiling Mask","Blue Doll","Abe\u0027s Treasure","halation:PinkSoulGem","WarpedTongs","aspiration:HiddenCompartment","sneckomod:BlankCard","hexamod:BolsterEngine","alterego_mod:FleetingLove","theSleuth:AffinityCrow","Mark of the Bloom","Bag of Preparation","hubris:EmptyBottle","halation:PrussianBluePaint","theSleuth:HAMPEROFTHEJADEDFOOLSENNUI","hubris:NiceRug","ReplayTheSpireMod:TigerMarble","hubris:Reverence","ClockworkSouvenir","RollingBoulder"],"acts_visited":["Exordium","TheCity","TheBeyond","TheEnding"],"potions_floor_usage":[52,57,57,57,57],"damage_taken":[{"damage":0.0,"enemies":"2 Louse","floor":1.0,"turns":1.0},{"damage":0.0,"enemies":"Jaw Worm","floor":3.0,"turns":2.0},{"damage":0.0,"enemies":"Lagavulin","floor":7.0,"turns":1.0},{"damage":0.0,"enemies":"Cultist","floor":13.0,"turns":4.0},{"damage":28.0,"enemies":"Hexaghost","floor":18.0,"turns":11.0},{"damage":3.0,"enemies":"conspire:FuzzyDice","floor":20.0,"turns":10.0},{"damage":6.0,"enemies":"Cultist and Chosen","floor":24.0,"turns":7.0},{"damage":20.0,"enemies":"Slavers","floor":25.0,"turns":5.0},{"damage":1.0,"enemies":"Snake Plant","floor":27.0,"turns":5.0},{"damage":5.0,"enemies":"Centurion and Healer","floor":29.0,"turns":6.0},{"damage":3.0,"enemies":"conspire:Head Lice","floor":31.0,"turns":6.0},{"damage":1.0,"enemies":"Automaton","floor":35.0,"turns":9.0},{"damage":3.0,"enemies":"3 Darklings","floor":37.0,"turns":7.0},{"damage":2.0,"enemies":"3 Shapes","floor":39.0,"turns":3.0},{"damage":0.0,"enemies":"Nemesis","floor":42.0,"turns":7.0},{"damage":0.0,"enemies":"Maw","floor":44.0,"turns":7.0},{"damage":0.0,"enemies":"Jaw Worm Horde","floor":46.0,"turns":3.0},{"damage":6,"enemies":"Donu and Deca","floor":52,"turns":6},{"damage":0,"enemies":"hubris:Merchant","floor":55,"turns":8},{"damage":0,"enemies":"Shield and Spear","floor":56,"turns":11},{"damage":0,"enemies":"The Heart","floor":57,"turns":8}],"seed_played":"-2309092462873841053","potions_obtained":[{"floor":3.0,"key":"jedi:StrikingPotion"},{"floor":13.0,"key":"blueLaboratory:BottledHope"},{"floor":20.0,"key":"blueLaboratory:HorrorPotion"},{"floor":29.0,"key":"blueLaboratory:ExaltedPotion"},{"floor":44.0,"key":"Strength Potion"},{"floor":55,"key":"Adrenaline Potion"}],"is_trial":false,"path_per_floor":["M","$","M","?","?","R","E","R","T","?","PTL","PTL","M","?","R","$","R","B",null,"M","$","?","?","M","E","R","M","T","M","R","E","R","?","R","B",null,"M","?","M","?","T","E","$","M","T","M","R","?","R","$","R","B",null,"R","$","E","B",null],"character_chosen":"THE_sleuth","items_purchased":["PlatinumSkin","Replay:Parry","hubris:EmptyBottle"],"campfire_rested":4,"item_purchase_floors":[16,21,43],"current_hp_per_floor":[73,73,73,73,76,76,76,76,76,76,76,76,79,79,79,79,79,51,79,76,76,76,76,70,50,50,49,49,44,44,41,41,41,41,43,82,79,79,77,77,77,77,77,77,77,77,77,77,77,77,77,71,71,71,71,71,71],"gold":927,"neow_bonus":"THREE_ENEMY_KILL","is_daily":false,"chose_seed":false,"campfire_upgraded":7,"win_rate":0.0,"timestamp":1611867275,"path_taken":["M","$","M","?","?","R","E","R","T","?","PTL","PTL","M","?","R","$","R","BOSS","M","$","?","?","?","E","R","?","T","M","R","E","R","?","R","BOSS","M","?","M","?","?","E","?","M","T","M","R","?","R","$","R","BOSS","R","$","E","BOSS"],"items_purchased_type":["Card","Card","Relic"],"build_version":"2020-12-22","purchased_purges":3,"victory":true,"max_hp_per_floor":[73,73,73,73,76,76,76,76,76,76,76,76,79,79,79,79,79,79,79,79,79,79,79,79,79,79,79,79,79,79,79,79,79,79,82,82,82,82,82,82,82,82,82,82,82,82,82,82,82,82,82,82,82,82,82,82,82],"card_choices":[{"not_picked":["theSleuth:FlaskOfWhiskey","theSleuth:Pepperminthryl"],"picked":"theSleuth:FairShake","floor":1.0},{"not_picked":["theSleuth:Pepperminthryl","theSleuth:BenStillerBust"],"picked":"theSleuth:OpportunityCost","floor":3.0},{"not_picked":["theSleuth:Embarrass","theSleuth:Leer","theSleuth:Fortify"],"picked":"SKIP","floor":7.0},{"not_picked":["theSleuth:Embarrass","theSleuth:Fortify","theSleuth:WeighIn"],"picked":"SKIP","floor":13.0},{"not_picked":["theSleuth:CandyMech","theSleuth:CandidBullets"],"picked":"theSleuth:RollBoxcars","floor":18.0},{"not_picked":["theSleuth:BenStillerBust","theSleuth:BellyOTheWhale+1"],"picked":"theSleuth:KeyringTommygun","floor":20.0},{"not_picked":["theSleuth:VictoryPose","theSleuth:WilsonBust","theSleuth:Unscale"],"picked":"SKIP","floor":24.0},{"not_picked":["theSleuth:Diabeatdown","theSleuth:Leer","theSleuth:Unscale"],"picked":"SKIP","floor":25.0},{"not_picked":["theSleuth:Taze","theSleuth:Fortify","theSleuth:VictoryPose+1"],"picked":"SKIP","floor":27.0},{"not_picked":["theSleuth:Fortune+1","theSleuth:BellyOTheWhale+1"],"picked":"theSleuth:OpportunityCost","floor":29.0},{"not_picked":["theSleuth:ThinkAhead","theSleuth:Ogle+1","theSleuth:FlaskOfWhiskey"],"picked":"SKIP","floor":31.0},{"not_picked":["theSleuth:Diabeatdown","theSleuth:HeroBust"],"picked":"theSleuth:HairpinMachinegun","floor":35.0},{"not_picked":["theSleuth:FlaskOfWhiskey","theSleuth:CharismaBlast"],"picked":"theSleuth:WeighIn","floor":37.0},{"not_picked":["theSleuth:Fortune+1","theSleuth:Tootshotgun+1","theSleuth:Pepperminthryl+1"],"picked":"SKIP","floor":39.0},{"not_picked":["theSleuth:VictoryPose+1","theSleuth:Ignore","theSleuth:HairpinMachinegun"],"picked":"SKIP","floor":42.0},{"not_picked":["theSleuth:Fortify","theSleuth:Joust+1","theSleuth:BellyOTheWhale"],"picked":"SKIP","floor":44.0},{"not_picked":["theSleuth:TruffleShuffle+1","theSleuth:ForceDeck","theSleuth:FudgeDeck"],"picked":"SKIP","floor":46.0},{"not_picked":["theSleuth:BellyOTheWhale"],"picked":"SKIP","floor":55},{"not_picked":["theSleuth:TripleScuffle+1"],"picked":"SKIP","floor":55},{"not_picked":["theSleuth:RetainReturn"],"picked":"SKIP","floor":55},{"not_picked":["theSleuth:CandyCorn"],"picked":"SKIP","floor":55},{"not_picked":["theSleuth:FudgeDeck"],"picked":"SKIP","floor":55},{"not_picked":["hubris:Ssssneak"],"picked":"SKIP","floor":55},{"not_picked":["jedi:cleanse"],"picked":"SKIP","floor":55},{"not_picked":["theSleuth:FudgeDeck+1","theSleuth:PezUzi","theSleuth:Fortify+1"],"picked":"SKIP","floor":56}],"player_experience":221342,"relics_obtained":[{"floor":7.0,"key":"Smiling Mask"},{"floor":9.0,"key":"Blue Doll"},{"floor":13.0,"key":"halation:EternalFortune"},{"floor":25.0,"key":"aspiration:HiddenCompartment"},{"floor":28.0,"key":"sneckomod:BlankCard"},{"floor":31.0,"key":"hexamod:BolsterEngine"},{"floor":35.0,"key":"halation:EternalFortune"},{"floor":42.0,"key":"Bag of Preparation"},{"floor":45.0,"key":"halation:PrussianBluePaint"},{"floor":55,"key":"ReplayTheSpireMod:TigerMarble"},{"floor":55,"key":"hubris:Reverence"},{"floor":55,"key":"ClockworkSouvenir"},{"floor":56,"key":"RollingBoulder"}],"event_choices":[{"damage_healed":0.0,"max_hp_gain":0.0,"max_hp_loss":0.0,"gold_gain":0.0,"event_name":"conspire:LoneGhost","player_choice":"Disagree","floor":10.0,"gold_loss":0.0,"damage_taken":0.0},{"damage_healed":0.0,"max_hp_gain":0.0,"max_hp_loss":0.0,"gold_gain":0.0,"event_name":"Accursed Blacksmith","player_choice":"Rummage","floor":23.0,"gold_loss":0.0,"damage_taken":0.0,"relics_obtained":["WarpedTongs"],"cards_obtained":["Pain"]},{"damage_healed":0.0,"max_hp_gain":0.0,"max_hp_loss":0.0,"gold_gain":0.0,"event_name":"Secret Garden","player_choice":"Choice 1","floor":33.0,"gold_loss":0.0,"damage_taken":0.0,"relics_obtained":["alterego_mod:FleetingLove"]},{"damage_healed":0.0,"max_hp_gain":0.0,"max_hp_loss":0.0,"gold_gain":0.0,"event_name":"MindBloom","player_choice":"Upgrade","floor":38.0,"gold_loss":0.0,"damage_taken":0.0,"cards_upgraded":["theSleuth:Strike","theSleuth:Defend","theSleuth:TakeInventory","theSleuth:RollBoxcars","theSleuth:HairpinMachinegun","theSleuth:WeighIn"],"relics_obtained":["Mark of the Bloom"]},{"damage_healed":0,"gold_gain":0,"player_choice":"Copied","damage_taken":0,"max_hp_gain":0,"max_hp_loss":0,"event_name":"Duplicator","floor":48,"gold_loss":0,"cards_obtained":["PlatinumSkin"]}],"is_beta":false,"boss_relics":[{"not_picked":["conspire:RunicOctahedron","hubris:Backtick"],"picked":"Abe\u0027s Treasure"},{"not_picked":["hubris:VirtuousBlindfold","Fusion Hammer"],"picked":"theSleuth:AffinityCrow"}],"items_purged_floors":[2,16,43],"is_endless":false,"potions_floor_spawned":[3,13,20,29,35,44,46],"ascension_level":0}}