{"host":"8srk5r1dwtmjotwd","time":1611869887,"event":{"mods":["AchievementEnabler","Act Like it!","BaseMod","Beaked The Cultist","Bestiary","Better Note","Better Third Choice","Colored Map","Colored Powertips","Friendly Minions","GifTheSpireLib","Halation","Hallownest","Hermit","Hubris","Minty Spire (QoL Compilation)","Quick Restart","Rare Cards Sparkle","Replay The Spire","Shop Mod","StSLib","SuperFastMode","Synergy Search","The Bug Knight","The Construct","The Cursed","The Jungle","Thieving Mod","Yohane!","everything is the same but u backflip on backflip","slay the spire mod where everything is the same but ironclad has a cowboy hat"],"gold_per_floor":[121,206,230,242,274,286,315,327,366,378,390,402,430,468,480,589,601,626,658,690,702,579,616,628,670,682,694,723,735,847,875,887,899,899],"floor_reached":33,"language":"ENG","playtime":2111,"items_purged":[],"score":299,"play_id":"51256920-f80b-47db-90f1-803924e5208e","local_time":"20210128163807","is_ascension_mode":true,"campfire_choices":[{"data":"Replay:Undeath\u0027s Touch","floor":6,"key":"SMITH"},{"data":"Thunderclap","floor":8,"key":"SMITH"},{"floor":11,"key":"REST"},{"data":"Rampage","floor":15,"key":"SMITH"},{"floor":24,"key":"REST"},{"floor":27,"key":"REST"},{"floor":32,"key":"REST"}],"circlet_count":0,"master_deck":["Strike_R","Strike_R+1","Strike_R+1","Strike_R+1","Strike_R+1","Defend_R","Defend_R","Defend_R","Defend_R","Bash","Thunderclap+1","Replay:Undeath\u0027s Touch+1","Iron Wave","Rampage+1","Exhume","Cleave+1","Flex+1","hubris:ReadiedAction","Writhe","Twin Strike","Replay:Undeath\u0027s Touch","Heavy Blade","hubris:SharpeningStone+1"],"relics":["Burning Blood","MawBank","Lantern","PreservedInsect","Gremlin Food","construct:WeddingRing","Shovel","theJungle:Flamango","Ginger","Mercury Hourglass","Replay:Baseball"],"acts_visited":["Exordium","Exordium"],"potions_floor_usage":[3,16,16,16,20,28],"damage_taken":[{"damage":9,"enemies":"Small Slimes","floor":1,"turns":5},{"damage":3,"enemies":"Jaw Worm","floor":3,"turns":3},{"damage":7,"enemies":"2 Louse","floor":5,"turns":2},{"damage":9,"enemies":"Lots of Slimes","floor":7,"turns":6},{"damage":9,"enemies":"Blue Slaver","floor":13,"turns":3},{"damage":16,"enemies":"Lagavulin","floor":14,"turns":5},{"damage":38,"enemies":"The Guardian","floor":16,"turns":6},{"damage":26,"enemies":"Shell Parasite","floor":18,"turns":5},{"damage":17,"enemies":"theJungle:5_Spyders","floor":19,"turns":7},{"damage":18,"enemies":"theJungle:Lyon","floor":20,"turns":3},{"damage":22,"enemies":"theJungle:2_Phrogs","floor":23,"turns":6},{"damage":23,"enemies":"theJungle:Cassacara","floor":25,"turns":5},{"damage":29,"enemies":"theJungle:2_Snecko_Cultists","floor":28,"turns":4},{"damage":0,"enemies":"Snake Plant","floor":31,"turns":2},{"damage":71,"enemies":"theJungle:FunGuy","floor":33,"turns":10}],"seed_played":"-7929692287159710791","potions_obtained":[{"floor":1,"key":"Weak Potion"},{"floor":2,"key":"construct:ShiftPotion"},{"floor":2,"key":"Flashbang"},{"floor":7,"key":"SpeedPotion"},{"floor":13,"key":"SpeedPotion"},{"floor":19,"key":"AttackPotion"},{"floor":23,"key":"Energy Potion"}],"is_trial":false,"path_per_floor":["M","?","M","?","M","R","M","R","T","?","R","?","M","E","R","B",null,"M","M","M","?","?","E","R","E","T","R","M","$","?","M","R","B"],"character_chosen":"IRONCLAD","items_purchased":[],"campfire_rested":4,"item_purchase_floors":[],"current_hp_per_floor":[77,77,80,80,79,79,76,76,76,60,80,85,82,72,72,40,85,65,54,42,42,42,26,51,34,34,59,36,36,36,42,67,0,0],"gold":899,"neow_bonus":"RANDOM_COMMON_RELIC","is_daily":false,"chose_seed":false,"campfire_upgraded":3,"win_rate":0.0,"timestamp":1611869887,"path_taken":["M","?","M","?","M","R","?","R","T","?","R","?","M","E","R","BOSS","M","M","M","?","?","E","R","E","T","R","M","$","?","?","R","BOSS"],"items_purchased_type":[],"build_version":"2020-12-22","purchased_purges":0,"victory":false,"max_hp_per_floor":[80,80,80,80,80,80,80,80,80,80,80,85,85,85,85,85,85,85,85,85,85,85,85,85,85,85,85,85,85,85,85,85,85,85],"card_choices":[{"not_picked":["Whirlwind","Dark Embrace"],"picked":"Thunderclap","floor":1},{"not_picked":["Burning Pact","Twin Strike"],"picked":"Replay:Undeath\u0027s Touch","floor":2},{"not_picked":["Armaments","Wild Strike","Reckless Charge"],"picked":"SKIP","floor":3},{"not_picked":["Sword Boomerang","Wild Strike","Dual Wield"],"picked":"SKIP","floor":5},{"not_picked":["Carnage","Barricade","Evolve"],"picked":"SKIP","floor":7},{"not_picked":["Bloodletting","Sword Boomerang"],"picked":"Iron Wave","floor":13},{"not_picked":["Flex","Armaments"],"picked":"Rampage","floor":14},{"not_picked":["Replay:Many Hands","Bludgeon"],"picked":"Exhume","floor":16},{"not_picked":["ReplayTheSpireMod:Strike From Hell","True Grit"],"picked":"Cleave+1","floor":18},{"not_picked":["Clothesline","Thunderclap"],"picked":"Flex","floor":19},{"not_picked":["Battle Trance","Replay:Undeath\u0027s Touch"],"picked":"hubris:ReadiedAction","floor":20},{"not_picked":["Sever Soul","Armaments+1"],"picked":"Twin Strike","floor":23},{"not_picked":["Immolate","Clothesline"],"picked":"Replay:Undeath\u0027s Touch","floor":25},{"not_picked":["Fire Breathing","Anger+1"],"picked":"Heavy Blade","floor":28},{"not_picked":["Shrug It Off","Intimidate+1"],"picked":"hubris:SharpeningStone+1","floor":31}],"player_experience":68497,"relics_obtained":[{"floor":2,"key":"Lantern"},{"floor":9,"key":"PreservedInsect"},{"floor":14,"key":"Gremlin Food"},{"floor":23,"key":"Ginger"},{"floor":25,"key":"Mercury Hourglass"},{"floor":26,"key":"Replay:Baseball"}],"event_choices":[{"cards_removed":["ReplayTheSpireMod:Splinters"],"damage_healed":0,"gold_gain":0,"player_choice":"Purged","damage_taken":0,"max_hp_gain":0,"max_hp_loss":0,"event_name":"Purifier","floor":4,"gold_loss":0},{"damage_healed":76,"gold_gain":0,"player_choice":"Upgrade","damage_taken":16,"max_hp_gain":0,"max_hp_loss":80,"event_name":"betterThird:BetterShining","floor":10,"gold_loss":0,"cards_upgraded":["Strike_R","Strike_R"]},{"damage_healed":0,"gold_gain":0,"player_choice":"Donut","damage_taken":0,"max_hp_gain":5,"max_hp_loss":0,"event_name":"Big Fish","floor":12,"gold_loss":0},{"damage_healed":0,"gold_gain":100,"player_choice":"Pray","damage_taken":0,"max_hp_gain":0,"max_hp_loss":0,"event_name":"Golden Shrine","floor":30,"gold_loss":0}],"is_beta":false,"boss_relics":[{"not_picked":["Replay:Fungal Core","ChewingGum"],"picked":"construct:WeddingRing"}],"items_purged_floors":[],"is_endless":false,"potions_floor_spawned":[1,7,13,19,23],"killed_by":"theJungle:FunGuy","ascension_level":1}}