{"host":"nxnzcl474ro3ewbj","time":1611822402,"event":{"mods":["2.2 Compatiblity","Act Like it!","BaseMod","Better Third Choice","Better-Laid Plans","Colored Map","Custom Start","Highlight Path","Keyboard Shortcuts","Minty Spire (QoL Compilation)","Quick Restart","Rare Cards Sparkle","Relic Stats","Shop Mod","Slay the Relics Exporter","StSLib","SuperFastMode"],"gold_per_floor":[115,135,135,135,135,179,179,218,241,241,241],"floor_reached":10,"language":"KOR","playtime":202,"items_purged":[],"score":130,"play_id":"55090821-c4c1-43e7-911d-7196378ce2e8","local_time":"20210128172642","is_ascension_mode":true,"campfire_choices":[{"data":"Pummel","floor":7,"key":"SMITH"}],"circlet_count":0,"master_deck":["AscendersBane","Strike_R","Strike_R","Strike_R","Strike_R","Defend_R","Defend_R","Defend_R+1","Defend_R+1","Bash","Panacea","Uppercut+1","Spot Weakness","Pummel+1","Shrug It Off"],"relics":["Burning Blood","Golden Idol","Lantern","Pen Nib","War Paint"],"acts_visited":["Exordium"],"potions_floor_usage":[8,8,10],"damage_taken":[{"damage":4,"enemies":"Small Slimes","floor":1,"turns":4},{"damage":2,"enemies":"2 Louse","floor":2,"turns":4},{"damage":40,"enemies":"Lagavulin","floor":6,"turns":6},{"damage":11,"enemies":"Gremlin Nob","floor":8,"turns":3},{"damage":45,"enemies":"3 Sentries","floor":10,"turns":7}],"seed_played":"2994835285741881329","potions_obtained":[{"floor":1,"key":"Regen Potion"},{"floor":6,"key":"DistilledChaos"},{"floor":8,"key":"Fruit Juice"}],"is_trial":false,"path_per_floor":["M","M","?","?","?","E","R","E","T","E"],"character_chosen":"IRONCLAD","items_purchased":[],"campfire_rested":0,"item_purchase_floors":[],"current_hp_per_floor":[70,74,68,68,61,27,27,31,31,0,0],"gold":241,"neow_bonus":"RANDOM_COLORLESS","is_daily":false,"chose_seed":false,"campfire_upgraded":1,"win_rate":0.0,"timestamp":1611822402,"path_taken":["M","M","?","?","?","E","R","E","T","E"],"items_purchased_type":[],"build_version":"2020-12-22","purchased_purges":0,"victory":false,"max_hp_per_floor":[75,75,68,68,68,68,68,68,68,73,73],"relic_stats":{"counters":[5,24],"Golden Idol":17,"Pen Nib":[0],"War Paint":["Defend_R","Defend_R"],"obtain_stats":[{"Lantern":6,"Golden Idol":3,"Pen Nib":8,"War Paint":9,"Burning Blood":0},{"Lantern":3,"Golden Idol":2,"Pen Nib":4,"War Paint":4,"Burning Blood":0},{"Lantern":14,"Golden Idol":8,"Pen Nib":17,"War Paint":17,"Burning Blood":0}],"Burning Blood":24},"card_choices":[{"not_picked":["Purity","Blind"],"picked":"Panacea","floor":0},{"not_picked":["Havoc","Anger"],"picked":"Uppercut","floor":1},{"not_picked":["Heavy Blade","Wild Strike"],"picked":"Spot Weakness","floor":2},{"not_picked":["True Grit","Reckless Charge"],"picked":"Pummel","floor":6},{"not_picked":["Iron Wave","Carnage"],"picked":"Shrug It Off","floor":8}],"player_experience":78243,"relics_obtained":[{"floor":6,"key":"Lantern"},{"floor":8,"key":"Pen Nib"},{"floor":9,"key":"War Paint"}],"event_choices":[{"damage_healed":0,"gold_gain":0,"player_choice":"Lose Max HP","damage_taken":0,"relics_obtained":["Golden Idol"],"max_hp_gain":0,"max_hp_loss":7,"event_name":"Golden Idol","floor":3,"gold_loss":0},{"damage_healed":0,"gold_gain":0,"player_choice":"Grow","damage_taken":0,"max_hp_gain":0,"max_hp_loss":0,"event_name":"Living Wall","floor":4,"gold_loss":0,"cards_upgraded":["Uppercut"]},{"cards_removed":["Strike_R"],"damage_healed":0,"gold_gain":0,"player_choice":"Card Removal","damage_taken":7,"max_hp_gain":0,"max_hp_loss":0,"event_name":"Golden Wing","floor":5,"gold_loss":0}],"is_beta":false,"boss_relics":[],"items_purged_floors":[],"is_endless":false,"potions_floor_spawned":[1,6,8],"killed_by":"3 Sentries","ascension_level":15}}