{"host":"pgm1p3lvdjflie30","time":1611812786,"event":{"mods":["100% Spire Juice","ATMod(阿瑾Mod)","AchievementEnabler","Act Like it!","Aspiration","Astrologer","Bard","BaseMod","Chen","Colored Map","Colored Powertips","Conspire","Dark Map","Decade(王小明)","Dota2Spire","Downfall","Energized Spire","Gremlin Mod","HololiveMod","KinomotoSakuraMod(木之本?)","LagranYue(拉格朗·月)","Mari Mod (Legacy)","Mari\u0027s V1 Patch","Minty Spire (QoL Compilation)","MostiFishMod","Nova Terra(?娃·泰拉)","Quarter Circle Forward PUNCH!","Reimu（博???）","Replay The Spire","Robot Space Explorer","SOS（斯巴?之子）","StSLib","TestMod","The Administrix","The Blackbeard","The Bug Knight","The Construct","The Cursed","The Dragon Tamer","The Gatherer","The Hierophant","The IronCluck","The Jungle","The Mystic","The Poker Player","The Runesmith","The Saiyan","The Senshi","The Servant 0.9.4","The Showman","TheHeartMod","TheWitcher","Waifu the Spire","Warlord Emblem","Yakumo Yukari mod","Yuri Mod","Yuyuko","【功能Mod】混沌之?修复?丁","【?物卡牌】REMEMod","?留之物","篝火指南"],"gold_per_floor":[64,81,81,94,269,300,300,319,319,319,375,375,387,405,405,508,508,519,534,534,546,573,599,509,550,550,550,550,550,617,673,673,858,858,903,912,286,331,372,515,515,615,615,689,689,689,689,741,741,809,809,809,8,84,218],"floor_reached":56,"language":"ZHS","playtime":2312,"items_purged":["theJungle:Gourd","theJungle:Gourd"],"score":1595,"play_id":"9c4c7fe7-a51c-49f4-b20e-6e869053e03b","local_time":"20210128134626","is_ascension_mode":false,"campfire_choices":[{"floor":7,"key":"RECALL"},{"data":"Twin Strike","floor":10,"key":"SMITH"},{"data":"TimeWarp","floor":12,"key":"SMITH"},{"data":"Potential","floor":15,"key":"SMITH"},{"data":"LightFlow","floor":32,"key":"SMITH"},{"data":"SoulSculpture","floor":45,"key":"SMITH"},{"data":"Flex","floor":47,"key":"SMITH"},{"data":"Sunlight","floor":49,"key":"SMITH"},{"data":"MurderousAura","floor":52,"key":"SMITH"}],"circlet_count":0,"master_deck":["Strike_S+1","Strike_S+1","Strike_S+1","Strike_S+1","KidneyShot+1","Exchange+1","AT_DrawKnifeCut+1","TimeWarp+1","Twin Strike+1","GearUp","Potential+1","GearUp","Ricochet","Flex+1","Flex","LightFlow+1","Sabotage","SoulSculpture+1","ShatteredReality+1","Starlight+1","BottledTime+1","Snipe","theJungle:Gourd","theJungle:Gourd","theJungle:PetSnecko","Spin","Starlight","Sunlight+1","CurseOfTheBell","Desolation+1","AT_Homeward","Spin","MurderousAura+1","Spin+1","Contraction","BottledTime","Spin","Defy","Potential+1","Spin","FanOfKnives+1"],"relics":["Uniform","AT_ATBox","DaveBox","testmod-TestBox","REME_ComplimentaryCards","LagranYue:RandomDrawCardRelic","ExusiaiGun","testmod-RealStoneCalender","aspiration:Nostalgia","m_CorellonBlood","Snake Skull","SynthV:TestCard","Replay:Towering Pillar of Hats","Dota2Spire:ArcaneBoots","Black Star","White Beast Statue","Replay:Bandana","InkBottle","theJungle:ParSnip","WarlordEmblem:MantleWalana","aspiration:SeaSaltIceCream","PaintedHorse:ReiMu","qcfpunch:Red_Headband","Turnip","Calling Bell","CeramicFish","WarlordEmblem:SoftArmor","AT_Manta","SynthV","Dota2Spire:BlackKingBar","Dota2Spire:ShadowBlade","DianPoetry","AT_EbonyIvory","ReplayTheSpireMod:Ring of Sloth","Ring of Fury","Dota2Spire:Satanic","LagranYue:RareGoldArmorRelic","Dota2Spire:MagicBottle","Eternal Feather","Dota2Spire:HeartOfTarrasque","Dodecahedron","qcfpunch:Red_Gi","REME_PuzzleBoxRelic","Gremlin Horn"],"acts_visited":["Exordium","Exordium","TheBeyond","TheEnding"],"potions_floor_usage":[11,25,33,33,33,42,44,50,50,55],"damage_taken":[{"damage":0,"enemies":"2 Louse","floor":1,"turns":2},{"damage":0,"enemies":"Cultist","floor":2,"turns":2},{"damage":0,"enemies":"Jaw Worm","floor":4,"turns":1},{"damage":0,"enemies":"Lagavulin","floor":6,"turns":2},{"damage":1,"enemies":"Large Slime","floor":8,"turns":2},{"damage":0,"enemies":"Lagavulin Event","floor":11,"turns":3},{"damage":0,"enemies":"Exordium Wildlife","floor":13,"turns":1},{"damage":0,"enemies":"Gremlin Gang","floor":14,"turns":2},{"damage":0,"enemies":"Slime Boss","floor":16,"turns":3},{"damage":0,"enemies":"theJungle:GiantWrat","floor":18,"turns":2},{"damage":0,"enemies":"theJungle:Flameango_and_Byrd","floor":19,"turns":1},{"damage":0,"enemies":"Snake Plant","floor":21,"turns":2},{"damage":0,"enemies":"conspire:MimicChest","floor":22,"turns":2},{"damage":0,"enemies":"theJungle:MamaSnecko","floor":23,"turns":2},{"damage":0,"enemies":"theJungle:Lyon","floor":25,"turns":2},{"damage":0,"enemies":"theJungle:Cassacara","floor":30,"turns":1},{"damage":0,"enemies":"theJungle:JungleHuntersEncounter","floor":31,"turns":1},{"damage":64,"enemies":"theJungle:TotemBoss","floor":33,"turns":4},{"damage":0,"enemies":"3 Shapes","floor":35,"turns":1},{"damage":0,"enemies":"Orb Walker","floor":38,"turns":1},{"damage":0,"enemies":"3 Darklings","floor":39,"turns":1},{"damage":0,"enemies":"Nemesis","floor":40,"turns":3},{"damage":0,"enemies":"2 Orb Walkers","floor":42,"turns":1},{"damage":0,"enemies":"Reptomancer","floor":44,"turns":1},{"damage":3,"enemies":"Sphere and 2 Shapes","floor":48,"turns":2},{"damage":26,"enemies":"Awakened One","floor":50,"turns":3},{"damage":0,"enemies":"Shield and Spear","floor":54,"turns":1},{"damage":59,"enemies":"The Heart","floor":55,"turns":3}],"seed_played":"8532509366809680264","potions_obtained":[{"floor":1,"key":"Block Potion"},{"floor":8,"key":"Weak Potion"},{"floor":14,"key":"testmod-TestPotion"},{"floor":16,"key":"SneckoOil"},{"floor":19,"key":"Ancient Potion"},{"floor":22,"key":"Adrenaline Potion"},{"floor":25,"key":"Milkshake"},{"floor":30,"key":"PowerPotion"},{"floor":31,"key":"champ:CounterPotion"},{"floor":33,"key":"Languid Potion"},{"floor":35,"key":"Languid Potion"},{"floor":38,"key":"Fire Potion"},{"floor":39,"key":"champ:CounterPotion"},{"floor":42,"key":"FearPotion"},{"floor":44,"key":"Fire Potion"},{"floor":54,"key":"SkillPotion"}],"is_trial":false,"path_per_floor":["M","M","?","M","?","E","R","M","T","R","?","R","M","M","R","B",null,"M","M","?","M","?","E","?","M","T","?","?","T","E","M","R","B",null,"M","?","$","M","M","E","?","?","T","E","R","?","R","M","R","B",null,"R","$","E","B",null],"character_chosen":"THE_SERVANT","items_purchased":["SynthV","Dota2Spire:BlackKingBar","Dota2Spire:ShadowBlade","Dota2Spire:HeartOfTarrasque","Dodecahedron","qcfpunch:Red_Gi"],"campfire_rested":0,"item_purchase_floors":[37,37,37,53,53,53],"current_hp_per_floor":[65,65,65,65,65,65,65,64,64,64,64,64,64,64,64,64,65,65,65,65,65,65,65,65,65,65,65,65,65,65,65,65,1,65,65,65,65,65,65,65,65,65,65,65,65,65,65,62,65,39,65,65,73,73,27],"gold":218,"neow_bonus":"NOSTALGIA","is_daily":false,"chose_seed":false,"campfire_upgraded":8,"win_rate":0.0,"timestamp":1611812786,"path_taken":["M","M","?","?","?","E","R","M","T","R","?","R","M","M","R","BOSS","M","M","?","?","?","E","?","M","T","?","?","?","E","M","R","BOSS","M","?","?","?","M","E","?","?","T","E","R","?","R","?","R","BOSS","R","$","E","BOSS"],"items_purchased_type":["Relic","Relic","Relic","Relic","Relic","Relic"],"build_version":"2020-12-22","purchased_purges":2,"victory":true,"max_hp_per_floor":[65,65,65,65,65,65,65,65,65,65,65,65,65,65,65,65,65,65,65,65,65,65,65,65,65,65,65,65,65,65,65,65,65,65,65,65,65,65,65,65,65,65,65,65,65,65,65,65,65,65,65,65,73,73,73],"card_choices":[{"not_picked":["Defy","Misdirection"],"picked":"TimeWarp","floor":1},{"not_picked":["Collapse","Potential","Unruled","MoonPhase"],"picked":"Twin Strike","floor":2},{"not_picked":["Rearm","Revamp","Moonlight","Potential"],"picked":"GearUp","floor":4},{"not_picked":["Starlight","Solidify","ShatteredReality","Shuttle"],"picked":"Potential","floor":6},{"not_picked":["Rearm","TimeWarp","Desolation","Potential"],"picked":"GearUp","floor":8},{"not_picked":["Alleviate","WasteNot","Defy","SurpressingFire"],"picked":"Ricochet","floor":11},{"not_picked":["Barrier","Shuttle","Demon Form","Snipe"],"picked":"Flex","floor":13},{"not_picked":["Moondial","ShatteredReality","Rewind","InstantArmor"],"picked":"Flex","floor":14},{"not_picked":["Embodiment","ForgedInTime","Dilation","MurderousAura"],"picked":"LightFlow","floor":16},{"not_picked":["TimeWarp","Rewind+1","Alleviate","WasteNot+1"],"picked":"Sabotage","floor":18},{"not_picked":["Comet+1","DoubleEdge","Defy+1","Rearm"],"picked":"SoulSculpture","floor":19},{"not_picked":["Read","BottledTime","Rearm","Rewind+1"],"picked":"ShatteredReality+1","floor":21},{"not_picked":["Ricochet","FastForward","Reset","SpecialFormula"],"picked":"Starlight+1","floor":22},{"not_picked":["Foresight","Collapse","Ricochet","RealityMarble"],"picked":"BottledTime+1","floor":23},{"not_picked":["WasteNot+1","Manipulate","Replace+1","TimeWarp"],"picked":"Snipe","floor":25},{"not_picked":["Solidify","Unruled","ReturningBlade","Rearm"],"picked":"Spin","floor":30},{"not_picked":["GearUp+1","DualDimension+1","Snipe","Potential"],"picked":"Starlight","floor":31},{"not_picked":["FloweringNight","Initiator","Solidify","Duplication"],"picked":"Sunlight","floor":33},{"not_picked":["FastForward","Replace+1","RealityMarble","Contraction+1"],"picked":"Desolation+1","floor":35},{"not_picked":["Rearm","Alleviate+1","ShatteredReality+1","Starlight"],"picked":"Spin","floor":38},{"not_picked":["SurpressingFire+1","Misdirection+1","BottledTime+1","Rearm+1"],"picked":"MurderousAura","floor":39},{"not_picked":["Unruled+1","Luminosity+1","BestPractice","Defy"],"picked":"Spin+1","floor":40},{"not_picked":["FastForward","Revamp+1","Defy+1","StarChef"],"picked":"Contraction","floor":42},{"not_picked":["Revamp","Foresight"],"picked":"BottledTime","floor":44},{"not_picked":["Potential","Starlight+1","Revamp+1","Read+1"],"picked":"Spin","floor":44},{"not_picked":["Revamp","TimeWarp"],"picked":"Defy","floor":48},{"not_picked":["Reset","SurpressingFire+1","ReturningBlade+1","Read"],"picked":"Potential+1","floor":48},{"not_picked":["Ricochet","Revamp"],"picked":"Spin","floor":54},{"not_picked":["GearUp","Read+1","RealityMarble","Potential+1"],"picked":"FanOfKnives+1","floor":54}],"player_experience":314098,"relics_obtained":[{"floor":1,"key":"SynthV:TestCard"},{"floor":6,"key":"Replay:Towering Pillar of Hats"},{"floor":11,"key":"Dota2Spire:ArcaneBoots"},{"floor":22,"key":"White Beast Statue"},{"floor":23,"key":"Replay:Bandana"},{"floor":23,"key":"InkBottle"},{"floor":26,"key":"WarlordEmblem:MantleWalana"},{"floor":29,"key":"aspiration:SeaSaltIceCream"},{"floor":30,"key":"qcfpunch:Red_Headband"},{"floor":30,"key":"Turnip"},{"floor":34,"key":"CeramicFish"},{"floor":34,"key":"WarlordEmblem:SoftArmor"},{"floor":34,"key":"AT_Manta"},{"floor":40,"key":"DianPoetry"},{"floor":40,"key":"AT_EbonyIvory"},{"floor":41,"key":"ReplayTheSpireMod:Ring of Sloth"},{"floor":41,"key":"Ring of Fury"},{"floor":42,"key":"Dota2Spire:Satanic"},{"floor":43,"key":"LagranYue:RareGoldArmorRelic"},{"floor":44,"key":"Dota2Spire:MagicBottle"},{"floor":44,"key":"Eternal Feather"},{"floor":54,"key":"REME_PuzzleBoxRelic"},{"floor":54,"key":"Gremlin Horn"}],"event_choices":[{"damage_healed":0,"gold_gain":0,"player_choice":"Forge","damage_taken":0,"max_hp_gain":0,"max_hp_loss":0,"event_name":"Accursed Blacksmith","floor":3,"gold_loss":0,"cards_upgraded":["AT_DrawKnifeCut"]},{"damage_healed":0,"gold_gain":175,"player_choice":"AGREE","damage_taken":0,"max_hp_gain":0,"max_hp_loss":0,"event_name":"Liars Game","floor":5,"gold_loss":0,"cards_obtained":["Doubt"]},{"damage_healed":0,"gold_gain":0,"player_choice":"Searched \u00272\u0027 times","damage_taken":0,"max_hp_gain":0,"max_hp_loss":0,"event_name":"Dead Adventurer","floor":11,"gold_loss":0},{"damage_healed":0,"gold_gain":0,"player_choice":"Cursed","damage_taken":0,"max_hp_gain":0,"max_hp_loss":0,"event_name":"Wheel of Change","floor":20,"gold_loss":0,"cards_obtained":["Decay"]},{"damage_healed":0,"gold_gain":0,"cards_transformed":["theJungle:Gourd"],"player_choice":"Transformed","damage_taken":0,"max_hp_gain":0,"max_hp_loss":0,"event_name":"Transmorgrifier","floor":36,"gold_loss":0,"cards_obtained":["AT_Homeward"]},{"damage_healed":0,"gold_gain":0,"player_choice":"Fight","damage_taken":0,"max_hp_gain":0,"max_hp_loss":0,"event_name":"Mysterious Sphere","floor":42,"gold_loss":0},{"cards_removed":["Decay","Doubt"],"damage_healed":0,"gold_gain":0,"player_choice":"Removed Curses","damage_taken":0,"max_hp_gain":0,"max_hp_loss":0,"event_name":"Fountain of Cleansing","floor":46,"gold_loss":0}],"is_beta":false,"boss_relics":[{"not_picked":["conspire:RunicOctahedron","testmod-Nine"],"picked":"Black Star"},{"not_picked":["Philosopher\u0027s Stone","Ring of Chaos"],"picked":"Calling Bell"}],"items_purged_floors":[37,53],"is_endless":false,"potions_floor_spawned":[1,8,14,16,19,22,23,25,30,31,33,35,38,39,40,42,44,48,54],"ascension_level":0}}