{"host":"jpcy2bclvs7juczu","time":1611845037,"event":{"mods":["Alarm Clock","BaseMod","Bestiary","Block Reminder","Colored Map","Colored Powertips","Curses Come First","Dark Map","Minty Spire (QoL Compilation)","Quick Restart","RNG Fix","Relic Stats","Slay the Relics Exporter","StSLib","ojb\u0027s Better Paths Mod","ojb\u0027s Info Mod","slay the spire mod where everything is the same but ironclad has a cowboy hat"],"gold_per_floor":[17,17,40,40,53,86,86,119,119,150,150,489,514,14,14,112,112,135,135,176,16,37,37,81,81,81,81,81],"floor_reached":27,"language":"ENG","playtime":962,"items_purged":["Strike_G"],"score":494,"play_id":"3c8e9e88-2110-428f-93e6-eebaf33ac0de","local_time":"20210128094357","is_ascension_mode":true,"campfire_choices":[{"data":"Glass Knife","floor":7.0,"key":"SMITH"},{"floor":11.0,"key":"REST"},{"floor":15.0,"key":"REST"},{"floor":23.0,"key":"REST"},{"floor":25,"key":"REST"}],"circlet_count":0,"master_deck":["AscendersBane","Strike_G","Strike_G","Defend_G","Defend_G","Defend_G","Defend_G","Defend_G","Survivor","Neutralize","Sucker Punch","Cloak And Dagger","Dagger Spray","Poisoned Stab","Dagger Spray","Glass Knife+1","After Image","Terror","Bouncing Flask","Burst","Footwork","Backflip","Backflip","Acrobatics","Deadly Poison+1","Blur"],"relics":["Ring of the Snake","Golden Idol","Sundial","Gremlin Horn","Bag of Marbles","Odd Mushroom","Old Coin","Frozen Eye","Runic Dome","Red Mask","PreservedInsect","Kunai","StoneCalendar"],"acts_visited":["Exordium","TheCity"],"potions_floor_usage":[],"damage_taken":[{"damage":0.0,"enemies":"Cultist","floor":1.0,"turns":4.0},{"damage":4.0,"enemies":"Jaw Worm","floor":3.0,"turns":5.0},{"damage":0.0,"enemies":"2 Louse","floor":5.0,"turns":2.0},{"damage":32.0,"enemies":"3 Sentries","floor":6.0,"turns":12.0},{"damage":19.0,"enemies":"Gremlin Nob","floor":8.0,"turns":4.0},{"damage":0.0,"enemies":"The Mushroom Lair","floor":10.0,"turns":2.0},{"damage":21.0,"enemies":"Lagavulin","floor":12.0,"turns":6.0},{"damage":0.0,"enemies":"Blue Slaver","floor":13.0,"turns":1.0},{"damage":13.0,"enemies":"The Guardian","floor":16.0,"turns":8.0},{"damage":10.0,"enemies":"Chosen","floor":18.0,"turns":5.0},{"damage":27.0,"enemies":"Masked Bandits","floor":20.0,"turns":4.0},{"damage":0.0,"enemies":"Spheric Guardian","floor":22.0,"turns":4.0},{"damage":23,"enemies":"Gremlin Leader","floor":24,"turns":4},{"damage":26,"enemies":"Book of Stabbing","floor":27,"turns":3}],"seed_played":"4050811848100495926","potions_obtained":[{"floor":3.0,"key":"SmokeBomb"},{"floor":5.0,"key":"SkillPotion"},{"floor":6.0,"key":"BlessingOfTheForge"},{"floor":12.0,"key":"SpeedPotion"},{"floor":13.0,"key":"ColorlessPotion"},{"floor":22.0,"key":"SpeedPotion"}],"is_trial":false,"path_per_floor":["M","?","M","T","M","E","R","E","T","?","R","E","M","$","R","B",null,"M","?","?","$","M","R","E","R","T","E"],"character_chosen":"THE_SILENT","items_purchased":["Burst","Footwork","Frozen Eye","Backflip","PreservedInsect"],"campfire_rested":4,"item_purchase_floors":[14,14,14,14,21],"current_hp_per_floor":[59,59,55,55,55,23,23,4,4,4,22,1,1,1,19,6,47,37,37,10,10,10,28,5,23,23,0,0],"gold":81,"neow_bonus":"TRANSFORM_TWO_CARDS","is_daily":false,"chose_seed":false,"campfire_upgraded":1,"win_rate":0.0,"timestamp":1611845037,"path_taken":["M","?","M","?","M","E","R","E","T","?","R","E","?","$","R","BOSS","M","?","?","$","M","R","E","R","T","E"],"items_purchased_type":["Card","Card","Relic","Card","Relic"],"build_version":"2020-12-22","purchased_purges":1,"victory":false,"max_hp_per_floor":[66,60,60,60,60,60,60,60,60,60,60,60,60,60,60,60,60,60,60,60,60,60,60,60,60,60,60,60],"relic_stats":{"Gremlin Horn":[6,6],"counters":[14,64],"Golden Idol":87,"Sundial":[6],"StoneCalendar":[0],"PreservedInsect":88,"Kunai":[1],"obtain_stats":[{"Gremlin Horn":6,"Golden Idol":2,"StoneCalendar":26,"PreservedInsect":21,"Odd Mushroom":10,"Old Coin":12,"Frozen Eye":14,"Runic Dome":17,"Sundial":4,"Bag of Marbles":8,"Red Mask":20,"Kunai":24,"Ring of the Snake":0},{"Gremlin Horn":4,"Golden Idol":1,"StoneCalendar":13,"PreservedInsect":11,"Odd Mushroom":6,"Old Coin":7,"Frozen Eye":8,"Runic Dome":9,"Sundial":2,"Bag of Marbles":5,"Red Mask":11,"Kunai":13,"Ring of the Snake":0},{"Gremlin Horn":23,"Golden Idol":4,"StoneCalendar":61,"PreservedInsect":53,"Odd Mushroom":29,"Old Coin":35,"Frozen Eye":36,"Runic Dome":44,"Sundial":9,"Bag of Marbles":27,"Red Mask":53,"Kunai":61,"Ring of the Snake":0}],"Ring of the Snake":[28]},"card_choices":[{"not_picked":["Prepared","Terror"],"picked":"Dagger Spray","floor":1.0},{"not_picked":["Outmaneuver","Dagger Spray"],"picked":"Poisoned Stab","floor":3.0},{"not_picked":["Concentrate","Well Laid Plans"],"picked":"Dagger Spray","floor":5.0},{"not_picked":["Backstab","Escape Plan"],"picked":"Glass Knife","floor":6.0},{"not_picked":["Expertise","Sucker Punch","Escape Plan"],"picked":"SKIP","floor":8.0},{"not_picked":["Acrobatics","Backflip"],"picked":"After Image","floor":10.0},{"not_picked":["Backflip","Quick Slash"],"picked":"Terror","floor":12.0},{"not_picked":["Backflip","Reflex"],"picked":"Bouncing Flask","floor":13.0},{"not_picked":["Flying Knee+1","Caltrops"],"picked":"Backflip","floor":18.0},{"not_picked":["Dash","Finisher"],"picked":"Acrobatics","floor":20.0},{"not_picked":["Cloak And Dagger","Terror"],"picked":"Deadly Poison+1","floor":22.0},{"not_picked":["Burst","Predator"],"picked":"Blur","floor":24}],"player_experience":1500616,"relics_obtained":[{"floor":4.0,"key":"Sundial"},{"floor":6.0,"key":"Gremlin Horn"},{"floor":8.0,"key":"Bag of Marbles"},{"floor":10.0,"key":"Odd Mushroom"},{"floor":12.0,"key":"Old Coin"},{"floor":20.0,"key":"Red Mask"},{"floor":24,"key":"Kunai"},{"floor":26,"key":"StoneCalendar"}],"event_choices":[{"damage_healed":0.0,"max_hp_gain":0.0,"max_hp_loss":6.0,"gold_gain":0.0,"event_name":"Golden Idol","player_choice":"Lose Max HP","floor":2.0,"gold_loss":0.0,"damage_taken":0.0,"relics_obtained":["Golden Idol"]},{"damage_healed":0.0,"max_hp_gain":0.0,"max_hp_loss":0.0,"gold_gain":0.0,"event_name":"Mushrooms","player_choice":"Fought Mushrooms","floor":10.0,"gold_loss":0.0,"damage_taken":0.0},{"damage_healed":0.0,"max_hp_gain":0.0,"max_hp_loss":0.0,"gold_gain":0.0,"event_name":"Beggar","player_choice":"Ignored","floor":19.0,"gold_loss":0.0,"damage_taken":0.0},{"damage_healed":0.0,"max_hp_gain":0.0,"max_hp_loss":0.0,"gold_gain":0.0,"event_name":"Masked Bandits","player_choice":"Fought Bandits","floor":20.0,"gold_loss":0.0,"damage_taken":0.0}],"is_beta":false,"boss_relics":[{"not_picked":["SacredBark","Tiny House"],"picked":"Runic Dome"}],"items_purged_floors":[14],"is_endless":false,"potions_floor_spawned":[3,5,6,12,13,22],"killed_by":"Book of Stabbing","ascension_level":20}}