{"host":"pyelotildgrd5mks","time":1611823509,"event":{"mods":["BaseMod","Downfall","Minty Spire (QoL Compilation)","Quick Restart","StSLib"],"gold_per_floor":[99,114,114,114,114,14,14,43,68,90,113,152,64,101,123,135,135,135],"floor_reached":16,"language":"ZHS","playtime":691,"items_purged":[],"score":126,"play_id":"c8d2ed9a-2c24-4e32-adfb-d152b3ee385b","local_time":"20210128164509","is_ascension_mode":true,"campfire_choices":[{"floor":1.0,"key":"RECALL"},{"data":"champ:GladiatorStyle","floor":6.0,"key":"SMITH"},{"data":"champ:Taunt","floor":13.0,"key":"SMITH"}],"circlet_count":0,"master_deck":["champ:Strike","champ:Strike","champ:Strike","champ:Strike","champ:Defend","champ:Defend","champ:Defend","champ:Defend","champ:Execute","champ:Taunt+1","champ:SkillfulDodge","champ:GladiatorStyle+1","champ:Circumvent+1","champ:GladiatorForm","champ:Lariat+1","champ:CalledShot+1","champ:FocusedBerserking+1"],"relics":["champ:ChampionCrown","Toxic Egg 2","downfall:HeartBlessingRed","Guardian:PocketSentry","MawBank","Pocketwatch","downfall:HeartBlessingBlue","Meat on the Bone"],"acts_visited":["Exordium"],"potions_floor_usage":[16,16,16,16],"damage_taken":[{"damage":10.0,"enemies":"2 Louse","floor":2.0,"turns":3.0},{"damage":28.0,"enemies":"Gremlin Nob","floor":8.0,"turns":4.0},{"damage":12.0,"enemies":"Jaw Worm","floor":9.0,"turns":2.0},{"damage":0.0,"enemies":"Small Slimes","floor":10.0,"turns":3.0},{"damage":1.0,"enemies":"2 Fungi Beasts","floor":11.0,"turns":4.0},{"damage":36.0,"enemies":"3 Sentries","floor":12.0,"turns":9.0},{"damage":24.0,"enemies":"Gremlin Nob","floor":14.0,"turns":4.0},{"damage":13,"enemies":"Exordium Thugs","floor":15,"turns":4},{"damage":80,"enemies":"IC_STATUS_ARCHETYPE","floor":16,"turns":8}],"seed_played":"4936356469911855267","potions_obtained":[{"floor":9.0,"key":"Swift Potion"},{"floor":10.0,"key":"SpeedPotion"},{"floor":14.0,"key":"EntropicBrew"}],"is_trial":false,"path_per_floor":["R","M","?","?","T","R","T","E","M","M","M","E","R","E","M","B"],"character_chosen":"THE_CHAMP","items_purchased":[],"campfire_rested":0,"item_purchase_floors":[],"current_hp_per_floor":[90,90,87,87,87,87,87,69,67,67,66,50,60,46,55,0,0,0],"gold":135,"neow_bonus":"THREE_CARDS","is_daily":false,"chose_seed":false,"campfire_upgraded":2,"win_rate":0.0,"timestamp":1611823509,"path_taken":["R","M","?","?","?","R","T","E","M","M","M","E","R","E","M","BOSS"],"items_purchased_type":[],"build_version":"2020-12-22","purchased_purges":0,"victory":false,"max_hp_per_floor":[90,90,90,90,90,90,90,90,90,90,90,90,100,100,100,100,100,100],"card_choices":[{"not_picked":["champ:FlashCut","champ:PerfectedStrike"],"picked":"champ:SkillfulDodge","floor":0.0},{"not_picked":["champ:AdrenalArmor","champ:GutPunch"],"picked":"champ:GladiatorStyle","floor":2.0},{"not_picked":["champ:GladiatorStyle","champ:Shatter"],"picked":"champ:Circumvent+1","floor":8.0},{"not_picked":["champ:PerfectedStrike","champ:TornadoPunch"],"picked":"champ:GladiatorForm","floor":9.0},{"not_picked":["champ:FlashCut","champ:PreciseThrust","champ:DeathBlow"],"picked":"SKIP","floor":10.0},{"not_picked":["champ:FlashCut","champ:PreciseThrust","champ:DeathBlow"],"picked":"SKIP","floor":10.0},{"not_picked":["champ:GutPunch","champ:AdrenalArmor+1","champ:PerfectedStrike"],"picked":"SKIP","floor":11.0},{"not_picked":["champ:Duel","champ:BerserkersShout+1"],"picked":"champ:Lariat+1","floor":12.0},{"not_picked":["champ:CheapShot","champ:EnragedBash"],"picked":"champ:CalledShot+1","floor":14.0},{"not_picked":["champ:SetATrap+1","champ:Shatter"],"picked":"champ:FocusedBerserking+1","floor":15}],"player_experience":667850,"relics_obtained":[{"floor":7.0,"key":"Guardian:PocketSentry"},{"floor":8.0,"key":"MawBank"},{"floor":12.0,"key":"Pocketwatch"},{"floor":14.0,"key":"Meat on the Bone"}],"event_choices":[{"damage_healed":0.0,"max_hp_gain":0.0,"max_hp_loss":0.0,"gold_gain":0.0,"event_name":"Scrap Ooze","player_choice":"Success","floor":3.0,"gold_loss":0.0,"damage_taken":3.0,"relics_obtained":["Toxic Egg 2"]}],"is_beta":false,"boss_relics":[],"items_purged_floors":[],"is_endless":false,"potions_floor_spawned":[9,10,14],"killed_by":"IC_STATUS_ARCHETYPE","ascension_level":1}}