{"host":"yq2wmfr0u0wuvxc0","time":1611870499,"event":{"mods":["Act Like it!","Aspiration","BaseMod","Curses Come First","Downfall","Friendly Minions","Gensokyo","Hubris","Infinite Spire","Marisa????????","Minty Spire (QoL Compilation)","Pale of the Ancients","Remilia??????","Shop Mod","Smile Girya","Spicy Shops","StSLib","The Jungle","The Servant 0.9.4","Wide Potions"],"gold_per_floor":[99,119,119,135,235,262,300,312,354,366,58,58,70,85,98,98,98,98],"floor_reached":16,"language":"ZHS","playtime":907,"items_purged":["hexamod:Defend"],"score":105,"play_id":"192e7e66-c1d4-43cd-84ba-c688d1e9f055","local_time":"20210128134819","is_ascension_mode":true,"campfire_choices":[{"data":"hexamod:Sear","floor":1.0,"key":"SMITH"},{"data":"hexamod:Again","floor":8.0,"key":"SMITH"},{"data":"hexamod:BurningTouch","floor":12,"key":"SMITH"}],"circlet_count":0,"master_deck":["hexamod:Strike","hexamod:Strike","hexamod:Defend","hexamod:Defend","hexamod:Defend","hexamod:Sear+1","hexamod:Float","hexamod:NightmareGuise+1","hexamod:Haunt","hexamod:Again+1","hexamod:PowerFromBeyond","hexamod:ThirdSeal","hexamod:BurningTouch+1","hexamod:SoulSteal","hexamod:BurningTouch","hexamod:SwordOfDarkness","hexamod:PowerFromBeyond","hexamod:AdvancingGuard"],"relics":["hubris:Stopwatch","MawBank","Nunchaku","hubris:Towel","Lee\u0027s Waffle","infinitespire:Lucky Rock"],"acts_visited":["Exordium"],"potions_floor_usage":[16],"damage_taken":[{"damage":2.0,"enemies":"Small Slimes","floor":2.0,"turns":3.0},{"damage":0.0,"enemies":"2 Louse","floor":4.0,"turns":4.0},{"damage":14.0,"enemies":"downfall:Heads","floor":5.0,"turns":5.0},{"damage":41.0,"enemies":"3 Sentries","floor":6.0,"turns":16.0},{"damage":0,"enemies":"downfall:FleeingMerchant","floor":11,"turns":4},{"damage":0,"enemies":"Cultist","floor":13,"turns":3},{"damage":17,"enemies":"Large Slime","floor":14,"turns":3},{"damage":18,"enemies":"3 Louse","floor":15,"turns":3},{"damage":47,"enemies":"DF_ARCHETYPE_STREAMLINE","floor":16,"turns":7}],"seed_played":"5881045517348106090","potions_obtained":[{"floor":4.0,"key":"Strength Potion"},{"floor":6.0,"key":"SteroidPotion"},{"floor":15,"key":"Energy Potion"}],"is_trial":false,"path_per_floor":["R","M","?","M","?","E","T","R","?","?","$","R","M","M","M","B"],"character_chosen":"THE_SPIRIT","items_purchased":["Lee\u0027s Waffle","infinitespire:Lucky Rock"],"campfire_rested":0,"item_purchase_floors":[11,11],"current_hp_per_floor":[70,68,68,68,54,13,13,13,13,13,77,77,77,60,42,0,0,0],"gold":98,"neow_bonus":"BOSS_RELIC","is_daily":false,"chose_seed":false,"campfire_upgraded":3,"win_rate":0.0,"timestamp":1611870499,"path_taken":["R","M","?","M","?","E","T","R","?","?","$","R","M","M","M","BOSS"],"items_purchased_type":["Relic","Relic"],"build_version":"2020-12-22","purchased_purges":1,"victory":false,"max_hp_per_floor":[70,70,70,70,70,70,70,70,70,70,77,77,77,77,77,77,77,77],"card_choices":[{"not_picked":["hexamod:SkipABeat","hexamod:GhostflameBarrier"],"picked":"hexamod:NightmareGuise","floor":2.0},{"not_picked":["hexamod:EmpoweredFlame","hexamod:SpectersWail"],"picked":"hexamod:Haunt","floor":4.0},{"not_picked":["hexamod:ThermalTransfer","hexamod:NightmareGuise"],"picked":"hexamod:PowerFromBeyond","floor":5.0},{"not_picked":["hexamod:GhostShield","hexamod:RadiantFlame"],"picked":"hexamod:ThirdSeal","floor":6.0},{"not_picked":["hexamod:Haunt","hexamod:Firestarter"],"picked":"hexamod:BurningTouch","floor":11},{"not_picked":["hexamod:TimeWarp","hexamod:NightmareGuise"],"picked":"hexamod:SoulSteal","floor":11},{"not_picked":["hexamod:ThermalTransfer","hexamod:GhostShield"],"picked":"hexamod:BurningTouch","floor":13},{"not_picked":["hexamod:InspiringFlames","hexamod:BurningTouch"],"picked":"hexamod:SwordOfDarkness","floor":14},{"not_picked":["hexamod:InspiringFlames","hexamod:EtherealExpedition"],"picked":"hexamod:PowerFromBeyond","floor":14},{"not_picked":["hexamod:SpectersWail","hexamod:GhostLash"],"picked":"hexamod:AdvancingGuard","floor":15},{"not_picked":["hexamod:SoulSteal","hexamod:GhostOfSpirePresent","hexamod:GhostShield"],"picked":"SKIP","floor":15}],"player_experience":279296,"relics_obtained":[{"floor":6.0,"key":"MawBank"},{"floor":7.0,"key":"Nunchaku"}],"event_choices":[],"is_beta":false,"boss_relics":[],"items_purged_floors":[11],"is_endless":false,"potions_floor_spawned":[4,6,15],"killed_by":"DF_ARCHETYPE_STREAMLINE","ascension_level":1}}