{"host":"36zn1fhase90d3ns","time":1611807296,"event":{"mods":["2.2 Compatiblity","AchievementEnabler","Act Like it!","Aspiration","BaseMod","BetterRewards","Block Reminder","Colored Map","Colored Powertips","Conspire","Curses Come First","Custom Start","Energized Spire","Friendly Minions","Halation","Hermit","Hubris","Minty Spire (QoL Compilation)","Prisma Mod","Quick Restart","Relic Sorter","Replay The Spire","Shade Mod","Spicy Shops","StSLib","The Necromancer","Unceasing Turn Reminder","Yohane!"],"gold_per_floor":[109,124,177,58,71,71,98,98,98,117,117,175,204,44,44,145,145,155,254,10,10,10,42,42,42,66,66,91,110,145,165,165,260,260,280,155,155,0,0,0,13,13,66,97,46,58,58,93,93,93,93],"floor_reached":50,"language":"ENG","playtime":2542,"items_purged":["Injury","Strike_B","Strike_B+1"],"score":831,"play_id":"730f7ff5-6c5b-4490-b211-d80d1fc26b29","local_time":"20210127221456","is_ascension_mode":true,"campfire_choices":[{"floor":6,"key":"REST"},{"floor":8,"key":"REST"},{"data":"ReplayTheSpireMod:Brewmster","floor":11,"key":"SMITH"},{"floor":15,"key":"RECALL"},{"floor":25,"key":"REST"},{"data":"Zap","floor":27,"key":"SMITH"},{"floor":32,"key":"REST"},{"data":"Seek","floor":40,"key":"SMITH"},{"data":"Pot Of Greed","floor":42,"key":"SMITH"},{"floor":47,"key":"REST"},{"data":"Leap","floor":49,"key":"SMITH"}],"circlet_count":0,"master_deck":["Defend_B","Defend_B","Defend_B+1","Defend_B","Zap+1","Dualcast","Leap+1","ReplayTheSpireMod:Brewmster+1","Static Discharge","Static Discharge","Self Repair+1","Pot Of Greed+1","Pot Of Greed+1","Creative AI+1","Electrodynamics+1","Replay:Parry+1","Amplify+1","Seek+1","Self Repair+1","Loop+1","Capacitor+1"],"relics":["Cracked Core","Gremlin Food","aspiration:EnhancedActuators","Eternal Feather","Singing Bowl","Grinning Jar","Emotion Chip","aspiration:HiddenCompartment","Geode","Empty Cage","Guide Book","Nunchaku","Regal Pillow","Replay:Bottled Flurry","Dream Catcher","Philosopher\u0027s Stone","Red Mask","hubris:SlimyHat","conspire:Flyswatter","ReplayTheSpireMod:TigerMarble"],"acts_visited":["Exordium","TheCity","TheBeyond"],"potions_floor_usage":[2,7,7,10,10,13,16,16,16,16,16,16,16,16,18,23,23,28,29,30,33,33,33,33,33,33,44,44,44,46,46,46,48,48,48,48,48,48,48,48,48,48,48,48,48,50,50,50],"damage_taken":[{"damage":1,"enemies":"Cultist","floor":1,"turns":4},{"damage":5,"enemies":"2 Louse","floor":2,"turns":3},{"damage":7,"enemies":"Jaw Worm","floor":5,"turns":3},{"damage":21,"enemies":"Lagavulin","floor":7,"turns":6},{"damage":13,"enemies":"3 Louse","floor":10,"turns":3},{"damage":13,"enemies":"3 Sentries","floor":13,"turns":6},{"damage":32,"enemies":"Slime Boss","floor":16,"turns":10},{"damage":1,"enemies":"3 Byrds","floor":18,"turns":2},{"damage":4,"enemies":"conspire:Head Lice","floor":23,"turns":8},{"damage":30,"enemies":"Gremlin Leader","floor":28,"turns":5},{"damage":28,"enemies":"2 Thieves","floor":29,"turns":2},{"damage":34,"enemies":"Book of Stabbing","floor":30,"turns":4},{"damage":24,"enemies":"Snake Plant","floor":31,"turns":4},{"damage":40,"enemies":"Collector","floor":33,"turns":9},{"damage":13,"enemies":"3 Shapes","floor":35,"turns":3},{"damage":46,"enemies":"Orb Walker","floor":41,"turns":5},{"damage":38,"enemies":"R_Hoarder","floor":44,"turns":5},{"damage":29,"enemies":"4 Shapes","floor":46,"turns":4},{"damage":23,"enemies":"Nemesis","floor":48,"turns":9},{"damage":112,"enemies":"Awakened One","floor":50,"turns":5}],"seed_played":"2997774274581506490","potions_obtained":[{"floor":2,"key":"Toxic Potion"},{"floor":16,"key":"Block Potion"},{"floor":18,"key":"Elixir"},{"floor":28,"key":"Explosive Potion"},{"floor":31,"key":"Venom Potion"},{"floor":41,"key":"PowerPotion"},{"floor":48,"key":"SpeedPotion"}],"is_trial":false,"path_per_floor":["M","M","T","$","M","R","E","R","T","M","R","?","E","$","R","B",null,"M","?","$","?","?","E","?","R","T","R","E","M","E","M","R_BF","B",null,"M","$","?","?","?","R","M","R","T","E","$","M","R","E","R","B"],"character_chosen":"DEFECT","items_purchased":["Gremlin Food","aspiration:EnhancedActuators","Eternal Feather","Leap","ReplayTheSpireMod:Brewmster","Static Discharge","Singing Bowl","Self Repair","Creative AI","Guide Book","Loop+1"],"campfire_rested":5,"item_purchase_floors":[0,0,0,0,0,0,0,4,14,20,45],"current_hp_per_floor":[31,28,28,28,30,62,50,81,81,80,83,85,84,84,87,65,87,89,89,89,89,72,80,80,96,96,96,76,60,38,26,82,52,104,104,104,104,104,104,104,106,106,106,100,100,93,112,112,112,0,0],"gold":93,"neow_bonus":"","is_daily":false,"chose_seed":false,"campfire_upgraded":5,"win_rate":0.0,"timestamp":1611807296,"path_taken":["M","M","?","?","M","R","E","R","T","M","R","?","E","$","R","BOSS","M","?","$","?","?","E","?","R","T","R","E","M","E","?","R_BF","BOSS","M","$","?","?","?","R","M","R","T","E","$","M","R","E","R","BOSS"],"items_purchased_type":["Relic","Relic","Relic","Card","Card","Card","Relic","Card","Card","Relic","Card"],"build_version":"2020-12-22","purchased_purges":3,"victory":false,"max_hp_per_floor":[75,77,77,77,79,79,81,81,81,83,83,85,87,87,87,87,87,89,89,89,89,94,96,96,96,96,96,96,98,100,102,104,104,104,104,104,104,104,104,104,106,106,106,108,108,110,112,112,112,112,112],"card_choices":[{"not_picked":["Ball Lightning","Barrage"],"picked":"Static Discharge","floor":1},{"not_picked":["BootSequence","Self Repair","Redo"],"picked":"Singing Bowl","floor":2},{"not_picked":["Beam Cell","Hello World","Conserve Battery"],"picked":"Singing Bowl","floor":5},{"not_picked":["Compile Driver","Force Field","Leap"],"picked":"Singing Bowl","floor":7},{"not_picked":["Panic Button","Double Energy","Compile Driver"],"picked":"Singing Bowl","floor":10},{"not_picked":["Turbo","Hologram","Reinforced Body"],"picked":"Singing Bowl","floor":12},{"not_picked":["Steam","Conserve Battery","Compile Driver"],"picked":"Singing Bowl","floor":13},{"not_picked":["Biased Cognition","hubris:Prefetch"],"picked":"Electrodynamics","floor":16},{"not_picked":["BasicCrystalCard","Leap+1","Cold Snap"],"picked":"Singing Bowl","floor":18},{"not_picked":["Coolheaded","Hologram","Core Surge"],"picked":"Singing Bowl","floor":23},{"not_picked":["Gash+1","conspire:SharedLibrary+1"],"picked":"Amplify","floor":28},{"not_picked":["ReplayTheSpireMod:Dual Polarity","Redo","ReplayTheSpireMod:GoodbyeWorld"],"picked":"Singing Bowl","floor":29},{"not_picked":["Glacier+1","Cold Snap+1","hubris:PowerSurge"],"picked":"Singing Bowl","floor":30},{"not_picked":["Panic Button","Fusion","Tempest"],"picked":"Singing Bowl","floor":31},{"not_picked":["Compile Driver+1","Conserve Battery+1","Sweeping Beam"],"picked":"Singing Bowl","floor":32},{"not_picked":["Fission","Creative AI"],"picked":"Seek","floor":33},{"not_picked":["Sweeping Beam+1","Ball Lightning"],"picked":"Self Repair+1","floor":35},{"not_picked":["Steam","Gash","Crystallizer"],"picked":"Singing Bowl","floor":41},{"not_picked":["Redo","Leap","Mirror Shield"],"picked":"Singing Bowl","floor":44},{"not_picked":["Rebound","conspire:SharedLibrary+1","Redo+1"],"picked":"Singing Bowl","floor":46},{"not_picked":["Streamline+1","Gash+1","Compile Driver"],"picked":"Singing Bowl","floor":47},{"not_picked":["Auto Shields+1","ReplayTheSpireMod:GoodbyeWorld+1"],"picked":"Capacitor+1","floor":48}],"player_experience":450825,"relics_obtained":[{"floor":7,"key":"Grinning Jar"},{"floor":9,"key":"Emotion Chip"},{"floor":12,"key":"aspiration:HiddenCompartment"},{"floor":13,"key":"Geode"},{"floor":23,"key":"Nunchaku"},{"floor":26,"key":"Regal Pillow"},{"floor":28,"key":"Replay:Bottled Flurry"},{"floor":30,"key":"Dream Catcher"},{"floor":43,"key":"hubris:SlimyHat"},{"floor":44,"key":"conspire:Flyswatter"},{"floor":48,"key":"ReplayTheSpireMod:TigerMarble"}],"event_choices":[{"damage_healed":0,"gold_gain":99,"player_choice":"Stole From Cult","damage_taken":0,"max_hp_gain":0,"max_hp_loss":0,"event_name":"Nest","floor":19,"gold_loss":0},{"damage_healed":0,"gold_gain":0,"player_choice":"Ignored","damage_taken":0,"max_hp_gain":0,"max_hp_loss":0,"event_name":"Ghosts","floor":21,"gold_loss":0},{"damage_healed":0,"gold_gain":0,"player_choice":"Shed Blood","damage_taken":22,"max_hp_gain":5,"max_hp_loss":0,"event_name":"Forgotten Altar","floor":22,"gold_loss":0},{"damage_healed":0,"gold_gain":0,"player_choice":"1 cards matched","damage_taken":0,"max_hp_gain":0,"max_hp_loss":0,"event_name":"Match and Keep!","floor":24,"gold_loss":0,"cards_obtained":["Replay:Parry"]},{"damage_healed":0,"gold_gain":0,"player_choice":"1 cards matched","damage_taken":0,"max_hp_gain":0,"max_hp_loss":0,"event_name":"Match and Keep!","floor":24,"gold_loss":0,"cards_obtained":["Replay:Parry"]},{"damage_healed":0,"gold_gain":0,"player_choice":"Leave","damage_taken":0,"max_hp_gain":0,"max_hp_loss":0,"event_name":"conspire:Investor","floor":37,"gold_loss":0},{"damage_healed":0,"gold_gain":0,"player_choice":"Paid","damage_taken":0,"relics_obtained":["Red Mask"],"max_hp_gain":0,"max_hp_loss":0,"event_name":"Tomb of Lord Red Mask","floor":38,"gold_loss":155},{"damage_healed":0,"gold_gain":0,"player_choice":"Upgraded","damage_taken":0,"max_hp_gain":0,"max_hp_loss":0,"event_name":"Upgrade Shrine","floor":39,"gold_loss":0,"cards_upgraded":["Amplify"]}],"is_beta":false,"boss_relics":[{"not_picked":["hubris:GrandSneckoEye","Runic Dome"],"picked":"Empty Cage"},{"not_picked":["halation:PlatinumPhoenix","aspiration:IroncladSkillbook"],"picked":"Philosopher\u0027s Stone"}],"items_purged_floors":[0,20,36],"is_endless":false,"potions_floor_spawned":[2,7,16,18,28,31,33,41,44,48],"killed_by":"Awakened One","ascension_level":2}}