{"host":"6bsan6hkua32tfq7","time":1611861757,"event":{"mods":["BaseMod","Better Third Choice","Colored Map","Highlight Path","Minty Spire (QoL Compilation)","StSLib"],"gold_per_floor":[110,110,110,110,35,49,90,90,90,90,131,175,75,75,75,75,75],"floor_reached":16,"language":"ENG","playtime":288,"items_purged":["Defend_P","Defend_P"],"score":262,"play_id":"23115447-a8bd-485b-8450-4e71ec9b9066","local_time":"20210128202237","is_ascension_mode":true,"campfire_choices":[{"data":"Eruption","floor":8.0,"key":"SMITH"},{"floor":10.0,"key":"REST"},{"floor":15.0,"key":"REST"}],"circlet_count":0,"master_deck":["AscendersBane","Strike_P+1","Strike_P","Defend_P","Defend_P","Eruption+1","Vigilance","SignatureMove+1","Wish","Swivel","DeceiveReality"],"relics":["PureWater","Ice Cream","Golden Idol","Question Card","Omamori","Boot"],"acts_visited":["Exordium"],"potions_floor_usage":[],"damage_taken":[{"damage":7.0,"enemies":"2 Louse","floor":1.0,"turns":3.0},{"damage":0.0,"enemies":"Small Slimes","floor":6.0,"turns":2.0},{"damage":30.0,"enemies":"Lagavulin","floor":7.0,"turns":7.0},{"damage":1.0,"enemies":"Cultist","floor":11.0,"turns":4.0},{"damage":0.0,"enemies":"Gremlin Nob","floor":12.0,"turns":2.0},{"damage":53,"enemies":"Slime Boss","floor":16,"turns":6}],"seed_played":"-6573253355739277776","potions_obtained":[{"floor":1.0,"key":"Strength Potion"}],"is_trial":false,"path_per_floor":["M","?","?","?","$","M","E","R","T","R","M","E","$","?","R","B"],"character_chosen":"WATCHER","items_purchased":[],"campfire_rested":2,"item_purchase_floors":[],"current_hp_per_floor":[54,54,47,47,47,47,17,17,17,33,32,32,32,15,31,0,0],"gold":75,"neow_bonus":"ONE_RARE_RELIC","is_daily":false,"chose_seed":false,"campfire_upgraded":1,"win_rate":0.0,"timestamp":1611861757,"path_taken":["M","?","?","?","$","M","E","R","T","R","?","E","?","?","R","BOSS"],"items_purchased_type":[],"build_version":"2020-12-22","purchased_purges":2,"victory":false,"max_hp_per_floor":[62,56,56,56,56,56,56,56,56,56,56,56,56,56,56,56,56],"card_choices":[{"not_picked":["FlyingSleeves","BowlingBash"],"picked":"SignatureMove","floor":1.0},{"not_picked":["ThirdEye","WheelKick"],"picked":"Wish","floor":6.0},{"not_picked":["EmptyMind","CarveReality","BowlingBash"],"picked":"SKIP","floor":7.0},{"not_picked":["Halt","Pray","Wallop"],"picked":"Swivel","floor":11.0},{"not_picked":["Worship","FlyingSleeves","Prostrate"],"picked":"DeceiveReality","floor":12.0}],"player_experience":5331159,"relics_obtained":[{"floor":7.0,"key":"Question Card"},{"floor":9.0,"key":"Omamori"},{"floor":12.0,"key":"Boot"}],"event_choices":[{"damage_healed":0.0,"max_hp_gain":0.0,"max_hp_loss":6.0,"gold_gain":0.0,"event_name":"Golden Idol","player_choice":"Lose Max HP","floor":2.0,"gold_loss":0.0,"damage_taken":0.0,"relics_obtained":["Golden Idol"]},{"cards_removed":["Strike_P"],"damage_healed":0.0,"max_hp_gain":0.0,"max_hp_loss":0.0,"gold_gain":0.0,"event_name":"Golden Wing","player_choice":"Card Removal","floor":3.0,"gold_loss":0.0,"damage_taken":7.0},{"cards_removed":["Strike_P"],"damage_healed":0.0,"max_hp_gain":0.0,"max_hp_loss":0.0,"gold_gain":0.0,"event_name":"Bonfire Elementals","player_choice":"Offered Basic","floor":4.0,"gold_loss":0.0,"damage_taken":0.0},{"damage_healed":32.0,"max_hp_gain":0.0,"max_hp_loss":56.0,"gold_gain":0.0,"event_name":"betterThird:BetterShining","player_choice":"Upgrade","floor":14.0,"gold_loss":0.0,"damage_taken":17.0,"cards_upgraded":["SignatureMove","Strike_P"]}],"is_beta":false,"boss_relics":[],"items_purged_floors":[5,13],"is_endless":false,"potions_floor_spawned":[1],"killed_by":"Slime Boss","ascension_level":20}}