{"host":"39i3emxub3h8uyq3","time":1611799656,"event":{"mods":["AchievementEnabler","BaseMod","Clockwork Mod","Colored Map","Downfall","Glutton Mod","Gold Saver","Minty Spire (QoL Compilation)","StSLib","TheHeartMod"],"gold_per_floor":[453,453,453,453,223,254,254,298,298,298,298,328,328,293,293,418,418,437,437,437,88,103,51,51,72,72,72,115,115,115,136,136,259,259,279,302,150,165,9,9,33,33,57,57,81,81,81,81,81,81,81],"floor_reached":50,"language":"ENG","playtime":2267,"items_purged":[],"score":510,"play_id":"4feed1a4-50a0-41a6-90a6-847d331cf4af","local_time":"20210127210736","is_ascension_mode":false,"campfire_choices":[{"floor":7,"key":"REST"},{"floor":10,"key":"REST"},{"data":"Fire Breathing","floor":15,"key":"SMITH"},{"floor":24,"key":"REST"},{"data":"Immolate","floor":30,"key":"SMITH"},{"data":"Anger","floor":32,"key":"SMITH"},{"floor":40,"key":"REST"},{"floor":42,"key":"REST"},{"floor":46,"key":"REST"},{"floor":49,"key":"REST"}],"circlet_count":0,"master_deck":["Strike_R","Strike_R","Strike_R","Strike_R","Strike_R","Defend_R","Defend_R","Defend_R","Defend_R","Bash","Pommel Strike","Injury","Fire Breathing+1","Armaments+1","Shrug It Off","Wild Strike","Clothesline","Metallicize","Immolate+1","Thunderclap","Metallicize","Inflame","Anger+1","Armaments+1","Reaper","Cleave+1","Immolate","Cleave","Uppercut","Infernal Blade","Inflame","Inflame","Heavy Blade+1","Jack Of All Trades","Iron Wave+1","Clothesline+1","Writhe","Headbutt+1"],"relics":["Philosopher\u0027s Stone","Golden Idol","Meat on the Bone","Torii","Juzu Bracelet","Happy Flower","Gambling Chip","Black Star","Enchiridion","StoneCalendar","MealTicket","HandDrill","Blood Vial","Bottled Lightning","Ice Cream","SacredBark","Dream Catcher","Sling","Bag of Marbles"],"acts_visited":["Exordium","TheCity","TheBeyond"],"potions_floor_usage":[16,31,41,41,50],"damage_taken":[{"damage":3,"enemies":"Small Slimes","floor":1,"turns":3},{"damage":37,"enemies":"Lagavulin","floor":6,"turns":6},{"damage":20,"enemies":"3 Sentries","floor":8,"turns":5},{"damage":24,"enemies":"The Guardian","floor":16,"turns":10},{"damage":16,"enemies":"Shell Parasite","floor":18,"turns":5},{"damage":10,"enemies":"3 Byrds","floor":22,"turns":5},{"damage":0,"enemies":"3 Cultists","floor":25,"turns":3},{"damage":40,"enemies":"Book of Stabbing","floor":28,"turns":6},{"damage":10,"enemies":"Snecko","floor":31,"turns":4},{"damage":37,"enemies":"Automaton","floor":33,"turns":6},{"damage":26,"enemies":"3 Darklings","floor":35,"turns":3},{"damage":9,"enemies":"Orb Walker","floor":36,"turns":4},{"damage":31,"enemies":"Sphere and 2 Shapes","floor":38,"turns":4},{"damage":13,"enemies":"Jaw Worm Horde","floor":41,"turns":3},{"damage":71,"enemies":"Spire Growth","floor":45,"turns":4},{"damage":89,"enemies":"Time Eater","floor":50,"turns":7}],"seed_played":"302389667132126668","potions_obtained":[{"floor":8,"key":"Block Potion"},{"floor":28,"key":"FearPotion"},{"floor":33,"key":"GamblersBrew"},{"floor":36,"key":"bronze:BurnAndBuffPotion"},{"floor":38,"key":"PowerPotion"},{"floor":45,"key":"DistilledChaos"}],"is_trial":false,"path_per_floor":["M","?","?","?","$","E","R","E","T","R","?","?","T","?","R","B",null,"M","?","T","$","M","$","R","M","T","$","E","?","R","M","R","B",null,"M","M","$","M","$","R","M","R","T","?","M","R","?","?","R","B"],"character_chosen":"IRONCLAD","items_purchased":["Fire Breathing","Armaments","Shrug It Off","Wild Strike","MealTicket","HandDrill","Metallicize","Anger","Dream Catcher","Sling"],"campfire_rested":7,"item_purchase_floors":[5,5,5,5,21,21,21,23,37,39],"current_hp_per_floor":[77,77,77,77,77,40,64,44,44,68,68,68,68,80,80,56,80,64,48,48,48,50,65,80,80,80,80,52,78,78,76,76,41,80,54,47,62,45,60,80,67,80,80,80,28,52,52,72,80,0,0],"gold":81,"neow_bonus":"BOSS_RELIC","is_daily":false,"chose_seed":true,"campfire_upgraded":3,"win_rate":0.0,"timestamp":1611799656,"path_taken":["M","?","?","?","$","E","R","E","T","R","?","?","?","?","R","BOSS","M","?","?","$","M","?","R","M","T","?","E","?","R","M","R","BOSS","M","M","$","M","$","R","M","R","T","?","M","R","?","?","R","BOSS"],"items_purchased_type":["Card","Card","Card","Card","Relic","Relic","Card","Card","Relic","Relic"],"build_version":"2020-12-22","purchased_purges":0,"victory":false,"max_hp_per_floor":[80,80,80,80,80,80,80,80,80,80,80,80,80,80,80,80,80,80,80,80,80,80,80,80,80,80,80,80,80,80,80,80,80,80,80,80,80,80,80,80,80,80,80,80,80,80,80,80,80,80,80],"card_choices":[{"not_picked":["Havoc","Flex"],"picked":"Pommel Strike","floor":1},{"not_picked":["Ghostly Armor","Feel No Pain"],"picked":"Clothesline","floor":6},{"not_picked":["Flex","Clash"],"picked":"Metallicize","floor":8},{"not_picked":["Feed","Double Tap"],"picked":"Immolate","floor":16},{"not_picked":["Rage+1","Armaments"],"picked":"Thunderclap","floor":18},{"not_picked":["Sword Boomerang+1","Reckless Charge"],"picked":"Inflame","floor":22},{"not_picked":["Body Slam+1","Shockwave"],"picked":"Armaments+1","floor":25},{"not_picked":["Iron Wave","Heavy Blade"],"picked":"Reaper","floor":28},{"not_picked":["Clothesline","Havoc"],"picked":"Cleave+1","floor":31},{"not_picked":["Bludgeon","Reaper"],"picked":"Immolate","floor":33},{"not_picked":["Warcry","Havoc+1"],"picked":"Cleave","floor":35},{"not_picked":["Feel No Pain+1","Flex"],"picked":"Uppercut","floor":36},{"not_picked":["Pummel+1","Thunderclap+1"],"picked":"Infernal Blade","floor":38},{"not_picked":["Bloodletting+1","Cleave"],"picked":"Inflame","floor":40},{"not_picked":["Armaments+1","Thunderclap"],"picked":"Inflame","floor":41},{"not_picked":["Headbutt","Feel No Pain"],"picked":"Heavy Blade+1","floor":42},{"not_picked":["Violence","Mind Blast"],"picked":"Jack Of All Trades","floor":44},{"not_picked":["Dropkick+1","Warcry"],"picked":"Iron Wave+1","floor":45},{"not_picked":["Rage","Cleave"],"picked":"Clothesline+1","floor":46},{"not_picked":["Blood for Blood+1","Havoc+1"],"picked":"Headbutt+1","floor":49}],"player_experience":71106,"relics_obtained":[{"floor":6,"key":"Meat on the Bone"},{"floor":8,"key":"Torii"},{"floor":9,"key":"Juzu Bracelet"},{"floor":13,"key":"Gambling Chip"},{"floor":19,"key":"Enchiridion"},{"floor":20,"key":"StoneCalendar"},{"floor":26,"key":"Blood Vial"},{"floor":28,"key":"Bottled Lightning"},{"floor":28,"key":"Ice Cream"},{"floor":43,"key":"Bag of Marbles"}],"event_choices":[{"damage_healed":0,"gold_gain":0,"player_choice":"Ignored","damage_taken":0,"max_hp_gain":0,"max_hp_loss":0,"event_name":"Shining Light","floor":2,"gold_loss":0},{"damage_healed":0,"gold_gain":0,"player_choice":"Ignored","damage_taken":0,"max_hp_gain":0,"max_hp_loss":0,"event_name":"Liars Game","floor":3,"gold_loss":0},{"damage_healed":0,"gold_gain":0,"player_choice":"Take Wound","damage_taken":0,"relics_obtained":["Golden Idol"],"max_hp_gain":0,"max_hp_loss":0,"event_name":"Golden Idol","floor":4,"gold_loss":0,"cards_obtained":["Injury"]},{"damage_healed":0,"gold_gain":0,"player_choice":"Grow","damage_taken":0,"max_hp_gain":0,"max_hp_loss":0,"event_name":"Living Wall","floor":11,"gold_loss":0,"cards_upgraded":["Armaments"]},{"damage_healed":0,"gold_gain":30,"player_choice":"Searched \u00272\u0027 times","damage_taken":0,"relics_obtained":["Happy Flower"],"max_hp_gain":0,"max_hp_loss":0,"event_name":"Dead Adventurer","floor":12,"gold_loss":0},{"damage_healed":20,"gold_gain":0,"player_choice":"Healed","damage_taken":0,"max_hp_gain":0,"max_hp_loss":0,"event_name":"The Cleric","floor":14,"gold_loss":35},{"damage_healed":0,"gold_gain":0,"player_choice":"Obtained Book","damage_taken":16,"max_hp_gain":0,"max_hp_loss":0,"event_name":"Cursed Tome","floor":19,"gold_loss":0},{"damage_healed":26,"gold_gain":0,"player_choice":"Heal","damage_taken":0,"max_hp_gain":0,"max_hp_loss":0,"event_name":"The Library","floor":29,"gold_loss":0},{"damage_healed":0,"gold_gain":0,"player_choice":"Memory 1","damage_taken":0,"max_hp_gain":0,"max_hp_loss":0,"event_name":"SensoryStone","floor":44,"gold_loss":0},{"damage_healed":0,"gold_gain":0,"player_choice":"Ignored","damage_taken":0,"max_hp_gain":0,"max_hp_loss":0,"event_name":"Mysterious Sphere","floor":47,"gold_loss":0},{"damage_healed":20,"gold_gain":0,"player_choice":"Writhe","damage_taken":0,"max_hp_gain":0,"max_hp_loss":0,"event_name":"Winding Halls","floor":48,"gold_loss":0,"cards_obtained":["Writhe"]}],"is_beta":false,"boss_relics":[{"not_picked":["Snecko Eye","Astrolabe"],"picked":"Black Star"},{"not_picked":["Runic Cube","Coffee Dripper"],"picked":"SacredBark"}],"items_purged_floors":[],"is_endless":false,"potions_floor_spawned":[8,28,33,36,38,45],"killed_by":"Time Eater","ascension_level":0}}