{"host":"ewn058xs2vaj5uc6","time":1611824895,"event":{"mods":["ATMod(??Mod)","BaseMod","BetterRewards","Colored Map","Colored Powertips","Highlight Path","Minty Spire (QoL Compilation)","Quick Restart","Reliquary","Replay The Spire","Shop Mod","StSLib","SuperFastMode","UnlockEverythingMod","??????REMEMod","????"],"gold_per_floor":[112,112,127,138,87970,87047,87077,86190,86213,85484,85494,85510,85522,85542,85542,85616,85616,85630,85650,85650,85663,85246,85272,84681,84709,84732,84766,84766,84792,84079,84129,83461,83534,83534,83552,83568,82837,82854,82380,81606,81606,81606,81384,81444,81496,81555,81585,81325,81268,81288,81288],"floor_reached":50,"language":"ZHS","playtime":2539,"items_purged":["Strike_P","Strike_P","Strike_P","Defend_P","Defend_P","Defend_P","Replay:BluntJabs","SandsOfTime"],"score":1731,"play_id":"45813e99-e7cb-415d-a08b-2ffcc91d8d49","local_time":"20210128170815","is_ascension_mode":true,"campfire_choices":[{"floor":15.0,"key":"REST"}],"circlet_count":0,"master_deck":["AscendersBane","Eruption","Vigilance","Adaptation+1","FlyingSleeves","AT_DarkMatter+1","ReachHeaven+1","Tantrum","Study","Genetic Algorithm","Hyperbeam+1","Defy Death","AT_EmpoweredMortalDraw+1","AT_WomanClash","EmptyFist","Evaluate+1","AT_WomanClash","White Noise+1","CarveReality","Establishment+1","MentalFortress"],"relics":["PureWater","AT_ATBox","REME_ComplimentaryCards","Nunchaku","AT_ForceNature","PrismaticShard","MerchantsRug","Torii","Matryoshka","TheAbacus","Golden Egg","Boot","Replay:Bottled Steam","Strange Spoon","Smiling Mask","AT_RedTearstoneRing","Gremlin Food","Pondfish Scales","OrangePellets","Replay:Grab Bag","Fusion Hammer","AT_MortalBlade","MutagenicStrength","reliquary:WeakTea","Gambling Chip","Ginger","Toolbox","reliquary:IvoryTrinket","Vajra","AT_ChloranthyRing","REME_HourglassOfDeath","Letter Opener","Mercury Hourglass","Guide Book","Dead Branch","Art of War","Cauldron","reliquary:RedPaperclip","Ancient Tea Set","StrikeDummy","AT_BellowingDragoncrestRing","REME_OnlineShoppingPlatform","Pocketwatch","Replay:Bandana","Bird Faced Urn","PreservedInsect","Membership Card","reliquary:JackalopeAntler","REME_PuzzleBoxRelic","Bottled Flame","reliquary:Boomerang","reliquary:Firecrackers","Potion Belt","Pen Nib","Medical Kit","Replay:Wax Seal"],"acts_visited":["Exordium","TheCity","TheBeyond"],"potions_floor_usage":[23,33],"damage_taken":[{"damage":20.0,"enemies":"Small Slimes","floor":1.0,"turns":3.0},{"damage":7.0,"enemies":"Cultist","floor":3.0,"turns":3.0},{"damage":0.0,"enemies":"Jaw Worm","floor":4.0,"turns":2.0},{"damage":7.0,"enemies":"3 Sentries","floor":7.0,"turns":4.0},{"damage":9.0,"enemies":"Exordium Thugs","floor":11.0,"turns":2.0},{"damage":8.0,"enemies":"Large Slime","floor":12.0,"turns":3.0},{"damage":7.0,"enemies":"Looter","floor":13.0,"turns":3.0},{"damage":0.0,"enemies":"2 Fungi Beasts","floor":14.0,"turns":1.0},{"damage":14.0,"enemies":"The Guardian","floor":16.0,"turns":4.0},{"damage":0.0,"enemies":"Spheric Guardian","floor":18.0,"turns":1.0},{"damage":33.0,"enemies":"Shell Parasite","floor":19.0,"turns":2.0},{"damage":0.0,"enemies":"Snake Plant","floor":21.0,"turns":2.0},{"damage":0,"enemies":"Replay:Snechameleon","floor":23,"turns":1},{"damage":0,"enemies":"REME_1_Revenger","floor":25,"turns":1},{"damage":0,"enemies":"Slavers","floor":27,"turns":1},{"damage":0,"enemies":"REME_1_Revenger","floor":29,"turns":1},{"damage":0,"enemies":"Champ","floor":33,"turns":2},{"damage":1,"enemies":"Orb Walker","floor":35,"turns":2},{"damage":0,"enemies":"3 Darklings","floor":36,"turns":1},{"damage":0,"enemies":"Sphere and 2 Shapes","floor":38,"turns":1},{"damage":0,"enemies":"Giant Head","floor":44,"turns":2},{"damage":0,"enemies":"Reptomancer","floor":46,"turns":1},{"damage":0,"enemies":"4 Shapes","floor":47,"turns":1},{"damage":62,"enemies":"Maw","floor":50,"turns":1}],"seed_played":"-6664592311231690688","potions_obtained":[{"floor":4.0,"key":"SpeedPotion"},{"floor":11.0,"key":"FearPotion"},{"floor":16.0,"key":"SmokeBomb"},{"floor":18.0,"key":"Venom Potion"},{"floor":21.0,"key":"BlessingOfTheForge"},{"floor":35,"key":"Fire Potion"}],"is_trial":false,"path_per_floor":["M","?","M","M","$","R","E","R","T","R","M","M","M","M","R","B",null,"M","M","?","M","$","E","R","E","T","E","?","E","$","?","R_BF","B",null,"M","M","$","M","$","R","PTL","PTL","R","E","T","E","M","R","?","M"],"character_chosen":"WATCHER","items_purchased":["Nunchaku","AT_ForceNature","PrismaticShard","Fire Potion","SandsOfTime","MerchantsRug","Torii","Matryoshka","TheAbacus","Tantrum","Boot","Replay:Bottled Steam","Strange Spoon","Study","Block Potion","Replay:BluntJabs","Gremlin Food","Pondfish Scales","OrangePellets","reliquary:WeakTea","Oddly Smooth Stone","Evaluate+1","Ginger","Toolbox","PowerPotion","Mercury Hourglass","AT_SunfireAegis","Guide Book","StancePotion","Dead Branch","Art of War","Cauldron","StrikeDummy","AT_BellowingDragoncrestRing","REME_OnlineShoppingPlatform","Pocketwatch","Replay:Bandana","Bird Faced Urn","PreservedInsect","Membership Card","CarveReality","Establishment+1","reliquary:JackalopeAntler","REME_PuzzleBoxRelic","Potion Belt","Pen Nib","Medical Kit","Doom Potion","Block Potion","MentalFortress"],"campfire_rested":1,"item_purchase_floors":[5,5,5,5,5,5,6,6,6,6,8,8,8,8,8,8,10,10,10,22,22,22,24,24,24,30,30,30,30,32,32,32,37,37,37,39,39,40,40,40,40,40,43,43,48,48,48,48,48,48],"current_hp_per_floor":[41,41,34,34,34,34,27,27,27,27,18,10,3,3,21,7,48,48,15,15,15,15,15,15,15,15,15,15,15,15,15,15,15,50,49,49,49,49,49,49,49,49,49,62,62,62,62,62,62,0,0],"gold":81288,"neow_bonus":"TRANSFORM_TWO_CARDS","is_daily":false,"chose_seed":false,"campfire_upgraded":0,"win_rate":0.0,"timestamp":1611824895,"path_taken":["M","?","M","M","?","R","E","R","T","R","?","M","M","M","R","BOSS","M","M","?","M","$","E","R","E","T","E","?","E","$","?","R_BF","BOSS","M","M","$","?","$","R","PTL","PTL","R","E","T","E","M","R","?","M"],"items_purchased_type":["Relic","Relic","Relic","Potion","Card","Relic","Relic","Relic","Relic","Card","Relic","Relic","Relic","Card","Potion","Card","Relic","Relic","Relic","Relic","Relic","Card","Relic","Relic","Potion","Relic","Relic","Relic","Potion","Relic","Relic","Relic","Relic","Relic","Relic","Relic","Relic","Relic","Relic","Relic","Card","Card","Relic","Relic","Relic","Relic","Relic","Potion","Potion","Card"],"build_version":"2020-12-22","purchased_purges":8,"victory":false,"max_hp_per_floor":[62,62,62,62,62,62,62,62,62,62,62,62,62,62,62,62,62,62,62,62,62,62,62,62,62,62,62,62,62,62,62,62,62,62,62,62,62,62,62,62,62,62,62,62,62,62,62,62,62,62,62],"card_choices":[{"not_picked":["InnerPeace","SashWhip","CutThroughFate"],"picked":"SKIP","floor":1.0},{"not_picked":["WreathOfFlame","Consecrate"],"picked":"ReachHeaven","floor":3.0},{"not_picked":["FlyingSleeves","FollowUp","Sanctity"],"picked":"SKIP","floor":4.0},{"not_picked":["Reinforced Body","Fusion","Bullet Time"],"picked":"SKIP","floor":7.0},{"not_picked":["Crystallizer","ReplayTheSpireMod:Limb From Limb"],"picked":"Genetic Algorithm","floor":11.0},{"not_picked":["Wild Strike","Sentinel","ReplayTheSpireMod:Strike From Hell"],"picked":"SKIP","floor":12.0},{"not_picked":["EmptyFist","BasicCrystalCard"],"picked":"Hyperbeam","floor":13.0},{"not_picked":["Heel Hook","Panic Button"],"picked":"Defy Death","floor":14.0},{"not_picked":["Slice","Body Slam+1"],"picked":"AT_WomanClash","floor":18.0},{"not_picked":["REME_TheoryOfElimination","Evaluate"],"picked":"EmptyFist","floor":19.0},{"not_picked":["Dodge and Roll","AT_HeatAcrobatics","REME_TwoStrings"],"picked":"SKIP","floor":21.0},{"not_picked":["REME_TheLastStrike","Backflip","Shockwave+1"],"picked":"SKIP","floor":23},{"not_picked":["Indignation","Specialist","ReplayTheSpireMod:Scrap Shanks"],"picked":"SKIP","floor":25},{"not_picked":["Bane","Replay:AtTheReady","Eviscerate"],"picked":"SKIP","floor":27},{"not_picked":["Consecrate","EmptyMind+1","Wireheading"],"picked":"SKIP","floor":29},{"not_picked":["Leap","Uppercut"],"picked":"White Noise+1","floor":35},{"not_picked":["Redo","Prostrate","Gash+1"],"picked":"SKIP","floor":36},{"not_picked":["AT_SoftenMuscles","Pommel Strike","JustLucky"],"picked":"SKIP","floor":38},{"not_picked":["REME_SingleHolding","Protect","Carnage+1"],"picked":"SKIP","floor":44},{"not_picked":["Thunderclap","Footwork","Hemokinesis"],"picked":"SKIP","floor":46},{"not_picked":["Ball Lightning","Defy Death","Pray"],"picked":"SKIP","floor":47}],"player_experience":92487,"relics_obtained":[{"floor":7.0,"key":"Golden Egg"},{"floor":9.0,"key":"Smiling Mask"},{"floor":9.0,"key":"AT_RedTearstoneRing"},{"floor":23,"key":"Gambling Chip"},{"floor":25,"key":"reliquary:IvoryTrinket"},{"floor":26,"key":"Vajra"},{"floor":26,"key":"AT_ChloranthyRing"},{"floor":27,"key":"REME_HourglassOfDeath"},{"floor":29,"key":"Letter Opener"},{"floor":44,"key":"Bottled Flame"},{"floor":45,"key":"reliquary:Boomerang"},{"floor":46,"key":"reliquary:Firecrackers"}],"event_choices":[{"damage_healed":0.0,"max_hp_gain":0.0,"max_hp_loss":0.0,"gold_gain":0.0,"event_name":"Match and Keep!","player_choice":"0 cards matched","floor":2.0,"gold_loss":0.0,"damage_taken":0.0,"cards_obtained":[]},{"damage_healed":0.0,"max_hp_gain":0.0,"max_hp_loss":0.0,"gold_gain":0.0,"event_name":"Drug Dealer","player_choice":"Inject Mutagens","floor":20.0,"gold_loss":0.0,"damage_taken":0.0,"relics_obtained":["MutagenicStrength"]},{"damage_healed":0,"gold_gain":100,"player_choice":"Bet on Murderer","damage_taken":0,"max_hp_gain":0,"max_hp_loss":0,"event_name":"The Joust","floor":31,"gold_loss":50},{"damage_healed":0,"gold_gain":0,"player_choice":"Paid Gold","damage_taken":0,"relics_obtained":["Replay:Wax Seal"],"max_hp_gain":0,"max_hp_loss":0,"event_name":"WeMeetAgain","floor":49,"gold_loss":57}],"is_beta":false,"boss_relics":[{"not_picked":["Honey Jar","Tiny House"],"picked":"Replay:Grab Bag"},{"not_picked":["Sozu","Cursed Key"],"picked":"Fusion Hammer"},{"not_picked":["Empty Cage","HolyWater"],"picked":"AT_MortalBlade"},{"not_picked":["reliquary:RedCape","Kintsugi"],"picked":"reliquary:RedPaperclip"}],"items_purged_floors":[5,6,8,10,22,24,30,37],"is_endless":false,"potions_floor_spawned":[4,11,12,13,16,18,19,21,35,44],"killed_by":"Maw","ascension_level":20}}