{"host":"ELF","time":1611841382,"event":{"mods":["BaseMod","Bestiary","Minty Spire (QoL Compilation)","Relic Stats","Slay the Relics Exporter"],"gold_per_floor":[119,135,155,155,155,155,166,198,224,236,247,267,267,280,280,353,353,373,393,413,413,413],"floor_reached":21,"language":"ENG","playtime":3207,"items_purged":[],"score":474,"play_id":"47f82fdf-d22a-45f3-abf3-1944fcee21f6","local_time":"20210128074302","is_ascension_mode":true,"campfire_choices":[{"data":"Hello World","floor":6.0,"key":"SMITH"},{"data":"Electrodynamics","floor":13.0,"key":"SMITH"},{"data":"Defragment","floor":15.0,"key":"SMITH"}],"circlet_count":0,"master_deck":["AscendersBane","Strike_B","Strike_B","Strike_B","Defend_B","Defend_B","Defend_B","Defend_B","Zap","Dualcast","Coolheaded","Hello World+1","Coolheaded","Doom and Gloom","Cold Snap","Leap","Rebound","Electrodynamics+1","Defragment+1","Buffer","Leap","Gash","Turbo"],"relics":["Coffee Dripper","FaceOfCleric","Ancient Tea Set","Orichalcum","Snecko Eye"],"acts_visited":["Exordium","TheCity"],"potions_floor_usage":[16,16],"damage_taken":[{"damage":1.0,"enemies":"Cultist","floor":1.0,"turns":4.0},{"damage":3.0,"enemies":"2 Louse","floor":2.0,"turns":3.0},{"damage":5.0,"enemies":"Small Slimes","floor":3.0,"turns":4.0},{"damage":3.0,"enemies":"Blue Slaver","floor":7.0,"turns":5.0},{"damage":23.0,"enemies":"3 Sentries","floor":8.0,"turns":9.0},{"damage":4.0,"enemies":"Looter","floor":10.0,"turns":3.0},{"damage":6.0,"enemies":"Large Slime","floor":11.0,"turns":5.0},{"damage":12.0,"enemies":"Exordium Wildlife","floor":12.0,"turns":5.0},{"damage":1.0,"enemies":"Blue Slaver","floor":14.0,"turns":4.0},{"damage":0,"enemies":"Hexaghost","floor":16,"turns":7},{"damage":21,"enemies":"Shell Parasite","floor":18,"turns":5},{"damage":0,"enemies":"Chosen","floor":19,"turns":5},{"damage":2,"enemies":"Snake Plant","floor":20,"turns":4},{"damage":40,"enemies":"Shelled Parasite and Fungi","floor":21,"turns":3}],"seed_played":"7984502734046037439","potions_obtained":[{"floor":2.0,"key":"BlessingOfTheForge"},{"floor":3.0,"key":"Energy Potion"},{"floor":8.0,"key":"PowerPotion"},{"floor":10.0,"key":"PowerPotion"},{"floor":16,"key":"Dexterity Potion"}],"is_trial":false,"path_per_floor":["M","M","M","?","?","R","M","E","T","M","M","M","R","M","R","B",null,"M","M","M","M"],"character_chosen":"DEFECT","items_purchased":[],"campfire_rested":0,"item_purchase_floors":[],"current_hp_per_floor":[63,60,55,48,48,48,46,24,24,21,16,5,5,5,5,6,60,40,41,40,0,0],"gold":413,"neow_bonus":"BOSS_RELIC","is_daily":false,"chose_seed":false,"campfire_upgraded":3,"win_rate":0.0,"timestamp":1611841382,"path_taken":["M","M","M","?","?","R","M","E","T","M","M","M","R","M","R","BOSS","M","?","?","M"],"items_purchased_type":[],"build_version":"2020-12-18","purchased_purges":0,"victory":false,"max_hp_per_floor":[71,71,71,71,71,71,72,73,73,74,75,76,76,77,77,78,78,79,80,81,81,81],"relic_stats":{"FaceOfCleric":10,"counters":[14,66],"Snecko Eye":[30,30,25,28],"Orichalcum":[36],"obtain_stats":[{"FaceOfCleric":5,"Snecko Eye":17,"Coffee Dripper":0,"Orichalcum":9,"Cracked Core":0,"Ancient Tea Set":8},{"FaceOfCleric":3,"Snecko Eye":10,"Coffee Dripper":0,"Orichalcum":5,"Cracked Core":0,"Ancient Tea Set":5},{"FaceOfCleric":11,"Snecko Eye":49,"Coffee Dripper":0,"Orichalcum":25,"Cracked Core":0,"Ancient Tea Set":25}]},"card_choices":[{"not_picked":["Aggregate","Turbo"],"picked":"Coolheaded","floor":1.0},{"not_picked":["Go for the Eyes","FTL"],"picked":"Hello World","floor":2.0},{"not_picked":["Capacitor","Fusion"],"picked":"Coolheaded","floor":3.0},{"not_picked":["Lockon","Steam"],"picked":"Doom and Gloom","floor":7.0},{"not_picked":["Hologram","Rip and Tear"],"picked":"Cold Snap","floor":8.0},{"not_picked":["Reprogram","Streamline"],"picked":"Leap","floor":10.0},{"not_picked":["Coolheaded","Force Field"],"picked":"Rebound","floor":11.0},{"not_picked":["Coolheaded","Leap"],"picked":"Electrodynamics","floor":12.0},{"not_picked":["Leap","Streamline"],"picked":"Defragment","floor":14.0},{"not_picked":["Hyperbeam","Electrodynamics"],"picked":"Buffer","floor":16},{"not_picked":["Steam","Rebound"],"picked":"Leap","floor":18},{"not_picked":["Streamline","Compile Driver"],"picked":"Gash","floor":19},{"not_picked":["Conserve Battery","Scrape+1"],"picked":"Turbo","floor":20}],"player_experience":3339768,"relics_obtained":[{"floor":8.0,"key":"Ancient Tea Set"},{"floor":9.0,"key":"Orichalcum"}],"event_choices":[{"cards_removed":["Strike_B"],"damage_healed":0.0,"max_hp_gain":0.0,"max_hp_loss":0.0,"gold_gain":0.0,"event_name":"Golden Wing","player_choice":"Card Removal","floor":4.0,"gold_loss":0.0,"damage_taken":7.0},{"damage_healed":0.0,"max_hp_gain":0.0,"max_hp_loss":0.0,"gold_gain":0.0,"event_name":"FaceTrader","player_choice":"Trade","floor":5.0,"gold_loss":0.0,"damage_taken":0.0,"relics_obtained":["FaceOfCleric"]}],"is_beta":true,"boss_relics":[{"not_picked":["SacredBark","Astrolabe"],"picked":"Snecko Eye"}],"items_purged_floors":[],"is_endless":false,"potions_floor_spawned":[2,3,8,10,16],"killed_by":"Shelled Parasite and Fungi","ascension_level":20}}