{"host":"ewns8ifhbubwkcum","time":1611805487,"event":{"mods":["BaseMod","Block Reminder","Colored Map","Colored Powertips","Downfall","Highlight Path","Minty Spire (QoL Compilation)","Permanent Neow","Quick Restart","Random Character Button","StSLib"],"gold_per_floor":[99,109,209,209,42,142,142,154,187,237,262,262,412,537,549,644,644,644,660,673,723,734,784,784,800,835,885,916,966,982,576,586,686,686,486,505,518,530,580,580,603,653,553,603,630,647,663,673,688,688,688,714,1,1,1,1],"floor_reached":57,"language":"ENG","playtime":3742,"items_purged":["bronze:Strike"],"score":1455,"play_id":"a016330d-ae14-4b78-ae41-af412fc2db4d","local_time":"20210127214447","is_ascension_mode":false,"campfire_choices":[{"data":"bronze:Goto","floor":1,"key":"SMITH"},{"data":"bronze:Iterate","floor":12,"key":"SMITH"},{"floor":18,"key":"RECALL"},{"data":"bronze:Format","floor":35,"key":"SMITH"},{"data":"bronze:Shell","floor":40,"key":"SMITH"},{"data":"bronze:Format","floor":43,"key":"SMITH"},{"floor":54,"key":"REST"}],"circlet_count":0,"master_deck":["bronze:Replicate+1","bronze:Goto+1","downfall:Haunted","bronze:BronzeOrb+1","downfall:Haunted","downfall:Haunted","bronze:FindAndReplace+1","bronze:Iterate+1","bronze:Boost+1","bronze:Terminator+1","bronze:Iterate+1","bronze:Spike+1","bronze:DazingPulse+1","bronze:Boost+1","bronze:BitShift+1","bronze:Iterate+1","bronze:ClassDefault+1","bronze:Format+1","bronze:Boost+1","bronze:Repulsor+1","bronze:DelayedSlice+1","Clumsy","bronze:Overheat+1","bronze:Overload+1","bronze:Separator+1","bronze:Return+1","bronze:Shell+1","bronze:BitShift+1","bronze:Format+1","bronze:CutThrough+1","bronze:BronzeOrb+1","bronze:ItsAFeature+1","bronze:OilSpill+1","bronze:HardenedForm+1","bronze:ChosenStrike+1","bronze:DarkDash+1","bronze:Overload+1","bronze:DelayedGuard+1","bronze:ChildClass+1","bronze:Optimize+1","bronze:ForLoop","bronze:Frontload","bronze:Repair","bronze:ClassDefault"],"relics":["bronze:BronzeCore","Turnip","Du-Vu Doll","Juzu Bracelet","PreservedInsect","downfall:CloakOfManyFaces","CultistMask","FaceOfCleric","NlothsMask","GremlinMask","SsserpentHead","bronze:ProtectiveGoggles","Orichalcum","Potion Belt","Black Star","Vajra","Incense Burner","Bag of Marbles","Gambling Chip","sneckomod:BabySnecko","Gremlin Horn","Bottled Lightning","InkBottle","Pandora\u0027s Box","bronze:SilverBullet","bronze:BottledCode","The Courier","Boot","Bottled Flame","Strawberry","Bag of Preparation","Medical Kit","Lantern","Blood Vial"],"acts_visited":["Exordium","TheCity","TheBeyond","TheEnding"],"potions_floor_usage":[10,13,20,26,31,33,37,50,55,55,56,56],"damage_taken":[{"damage":0,"enemies":"2 Louse","floor":2,"turns":3},{"damage":0,"enemies":"downfall:FleeingMerchant","floor":5,"turns":4},{"damage":24,"enemies":"downfall:FaceTrader","floor":6,"turns":8},{"damage":0,"enemies":"Cultist","floor":8,"turns":2},{"damage":0,"enemies":"Lagavulin","floor":9,"turns":3},{"damage":0,"enemies":"Lagavulin","floor":10,"turns":3},{"damage":11,"enemies":"3 Sentries","floor":11,"turns":5},{"damage":12,"enemies":"downfall:LadyInBlue","floor":13,"turns":6},{"damage":0,"enemies":"Small Slimes","floor":15,"turns":2},{"damage":0,"enemies":"IC_STATUS_ARCHETYPE","floor":16,"turns":4},{"damage":3,"enemies":"3 Byrds","floor":19,"turns":4},{"damage":3,"enemies":"Snecko","floor":20,"turns":3},{"damage":1,"enemies":"3 Cultists","floor":22,"turns":3},{"damage":2,"enemies":"Centurion and Healer","floor":25,"turns":3},{"damage":13,"enemies":"Book of Stabbing","floor":26,"turns":3},{"damage":0,"enemies":"Gremlin Leader","floor":28,"turns":2},{"damage":0,"enemies":"Snecko","floor":30,"turns":1},{"damage":0,"enemies":"downfall:FleeingMerchant","floor":31,"turns":4},{"damage":0,"enemies":"Shelled Parasite and Fungi","floor":32,"turns":2},{"damage":17,"enemies":"DF_ARCHETYPE_CLAW","floor":33,"turns":5},{"damage":0,"enemies":"3 Shapes","floor":36,"turns":2},{"damage":0,"enemies":"downfall:FleeingMerchant","floor":37,"turns":1},{"damage":0,"enemies":"Orb Walker","floor":38,"turns":1},{"damage":0,"enemies":"Reptomancer","floor":45,"turns":2},{"damage":0,"enemies":"Sphere and 2 Shapes","floor":46,"turns":1},{"damage":0,"enemies":"Jaw Worm Horde","floor":47,"turns":1},{"damage":0,"enemies":"Transient","floor":48,"turns":5},{"damage":0,"enemies":"4 Shapes","floor":49,"turns":2},{"damage":27,"enemies":"SI_POISON_ARCHETYPE","floor":50,"turns":6},{"damage":66,"enemies":"downfall:CharBossMerchant","floor":52,"turns":7},{"damage":16,"enemies":"downfall:NeowBoss","floor":55,"turns":10},{"damage":49,"enemies":"downfall:NeowBossFinal","floor":56,"turns":9}],"seed_played":"-2465044180335651946","potions_obtained":[{"floor":8,"key":"bronze:CleanCodePotion"},{"floor":9,"key":"Dexterity Potion"},{"floor":11,"key":"Fire Potion"},{"floor":13,"key":"Energy Potion"},{"floor":13,"key":"BlessingOfTheForge"},{"floor":13,"key":"CultistPotion"},{"floor":14,"key":"downfall:CursedFountainPotion"},{"floor":15,"key":"Swift Potion"},{"floor":19,"key":"Regen Potion"},{"floor":20,"key":"Block Potion"},{"floor":30,"key":"bronze:BurnAndBuffPotion"},{"floor":32,"key":"SpeedPotion"},{"floor":36,"key":"Ancient Potion"},{"floor":38,"key":"BlessingOfTheForge"},{"floor":45,"key":"bronze:FreeFunctionsPotion"},{"floor":52,"key":"DistilledChaos"}],"is_trial":false,"path_per_floor":["R","M","?","?","$","?","T","M","E","?","E","R","?","?","M","B",null,"R","M","M","?","M","?","T","M","E","?","E","?","M","$","M","B",null,"R","M","$","M","?","R","T","?","R","?","E","M","M","M","M","B",null,"E","$","R","B","B",null],"character_chosen":"THE_AUTOMATON","items_purchased":["PreservedInsect","bronze:Shell","InkBottle","bronze:DelayedGuard","bronze:ChildClass","bronze:Optimize","bronze:SilverBullet","Bag of Preparation","Medical Kit","Lantern","Blood Vial","Swift Potion","FairyPotion","bronze:Repair","bronze:ClassDefault"],"campfire_rested":1,"item_purchase_floors":[5,31,31,37,37,37,37,53,53,53,53,53,53,53,53],"current_hp_per_floor":[70,70,70,70,70,46,46,47,48,49,39,39,28,75,76,77,77,77,75,73,73,73,73,73,72,60,60,61,61,62,63,64,48,87,87,88,89,90,90,90,90,80,90,80,81,82,83,84,85,59,86,28,28,56,53,22],"gold":1,"neow_bonus":"ONE_RARE_RELIC","is_daily":false,"chose_seed":false,"campfire_upgraded":5,"win_rate":0.0,"timestamp":1611805487,"path_taken":["R","M","?","?","$","?","T","M","E","?","E","R","?","?","M","BOSS","R","M","M","?","M","?","T","M","E","?","E","?","M","$","M","BOSS","R","M","$","M","?","R","T","?","R","?","E","M","M","M","M","BOSS","E","$","R","BOSS","BOSS"],"items_purchased_type":["Relic","Card","Relic","Card","Card","Card","Relic","Relic","Relic","Relic","Relic","Potion","Potion","Card","Card"],"build_version":"2020-12-22","purchased_purges":1,"victory":true,"max_hp_per_floor":[70,70,70,70,70,70,70,71,72,73,74,74,75,75,76,77,77,77,78,79,79,80,80,80,81,82,82,83,83,84,85,86,87,87,87,88,89,90,90,90,90,80,90,80,81,82,83,84,85,86,86,94,94,94,95,96],"card_choices":[{"not_picked":["bronze:Allocate","bronze:Safeguard"],"picked":"bronze:BronzeOrb","floor":2},{"not_picked":["bronze:Shell","bronze:Boost"],"picked":"bronze:Iterate","floor":5},{"not_picked":["bronze:DarkDash","bronze:NullPointer"],"picked":"bronze:Boost","floor":6},{"not_picked":["bronze:MaxOutput","bronze:Overheat"],"picked":"bronze:Terminator","floor":8},{"not_picked":["bronze:WildBeam","bronze:Invalidate"],"picked":"bronze:Iterate","floor":9},{"not_picked":[],"picked":"bronze:Spike","floor":10},{"not_picked":[],"picked":"bronze:DazingPulse","floor":10},{"not_picked":["bronze:Iterate","bronze:Shell"],"picked":"bronze:Boost","floor":10},{"not_picked":["bronze:CleanCode","bronze:Safeguard"],"picked":"bronze:BitShift","floor":11},{"not_picked":["bronze:DarkDash","bronze:Safeguard"],"picked":"bronze:Iterate","floor":13},{"not_picked":["bronze:Safeguard","bronze:ChosenStrike"],"picked":"bronze:ClassDefault","floor":15},{"not_picked":["bronze:HyperBeam","bronze:SpaghettiCode"],"picked":"bronze:Format","floor":16},{"not_picked":["bronze:Overheat","bronze:BronzeArmor"],"picked":"bronze:Boost","floor":19},{"not_picked":["bronze:ForLoop","bronze:WildBeam"],"picked":"bronze:Repulsor","floor":20},{"not_picked":["bronze:BronzeOrb","bronze:Boost"],"picked":"bronze:DelayedSlice","floor":22},{"not_picked":["bronze:Safeguard","bronze:Fortify","bronze:DarkDash+1"],"picked":"SKIP","floor":25},{"not_picked":["bronze:Invalidate","bronze:Iterate"],"picked":"bronze:Overheat","floor":26},{"not_picked":["bronze:DarkDash","bronze:Philosophize"],"picked":"bronze:Overload+1","floor":28},{"not_picked":["bronze:BitShift","bronze:CloningBeam"],"picked":"bronze:Separator","floor":30},{"not_picked":["bronze:Allocate","bronze:Philosophize+1"],"picked":"bronze:Return","floor":31},{"not_picked":["bronze:Branch","bronze:Philosophize"],"picked":"bronze:BitShift","floor":32},{"not_picked":["bronze:BurnOut","bronze:Break"],"picked":"bronze:Format","floor":33},{"not_picked":["bronze:Overheat","bronze:CutThrough"],"picked":"bronze:DarkDash+1","floor":36},{"not_picked":["bronze:WhirlingStrike","bronze:Iterate"],"picked":"bronze:Overload+1","floor":37},{"not_picked":["bronze:Safeguard+1","bronze:Turbo","bronze:Overheat+1"],"picked":"SKIP","floor":38},{"not_picked":["bronze:RecursiveStrike","bronze:BitShift","bronze:ForceShield+1"],"picked":"SKIP","floor":45},{"not_picked":["bronze:Shell","bronze:BuggyMess","bronze:FollowUp"],"picked":"SKIP","floor":46},{"not_picked":["bronze:Iterate+1","bronze:Backtrace+1"],"picked":"bronze:ForLoop","floor":47},{"not_picked":["bronze:DelayedGuard+1","bronze:Iterate+1"],"picked":"bronze:Frontload","floor":48},{"not_picked":["bronze:Invalidate+1","bronze:BugBarrage","bronze:Repair"],"picked":"SKIP","floor":49},{"not_picked":["bronze:Safeguard","bronze:Turbo","bronze:NullPointer+1"],"picked":"SKIP","floor":52}],"player_experience":1027027,"relics_obtained":[{"floor":6,"key":"downfall:CloakOfManyFaces"},{"floor":9,"key":"bronze:ProtectiveGoggles"},{"floor":11,"key":"Orichalcum"},{"floor":13,"key":"Potion Belt"},{"floor":24,"key":"Incense Burner"},{"floor":26,"key":"Bag of Marbles"},{"floor":26,"key":"Gambling Chip"},{"floor":28,"key":"Gremlin Horn"},{"floor":28,"key":"Bottled Lightning"},{"floor":45,"key":"The Courier"},{"floor":45,"key":"Boot"},{"floor":52,"key":"Bottled Flame"},{"floor":52,"key":"Strawberry"}],"event_choices":[{"damage_healed":0,"gold_gain":0,"player_choice":"Stole Relic","damage_taken":0,"relics_obtained":["Vajra"],"max_hp_gain":0,"max_hp_loss":0,"event_name":"Addict","floor":21,"gold_loss":0,"cards_obtained":["Pride"]},{"cards_removed":["downfall:Aged"],"damage_healed":0,"gold_gain":0,"player_choice":"Card Removal","damage_taken":0,"max_hp_gain":0,"max_hp_loss":0,"event_name":"Wheel of Change","floor":29,"gold_loss":0}],"is_beta":false,"boss_relics":[{"not_picked":["Tiny House","Empty Cage"],"picked":"Black Star"},{"not_picked":["Sozu","bronze:MakeshiftBattery"],"picked":"Pandora\u0027s Box"}],"items_purged_floors":[31],"is_endless":false,"potions_floor_spawned":[8,9,11,15,19,20,22,30,32,36,38,45,52],"ascension_level":0}}