{"host":"sufkhx3gqml4n92r","time":1611837564,"event":{"mods":["ATMod(阿瑾Mod)","Act Like it!","BaseMod","Challenge The Spire","Colored Powertips","Conspire","Friendly Minions","Highlight Path","HumanHunterMod(怪物杀人mod)","KinomotoSakuraMod(木之本樱)","Minty Spire (QoL Compilation)","MostiFishMod","Pale of the Ancients","Red Circlet Mod","Relic Filter Mod","Relic Stats","Reliquary","Remilia（蕾米莉亚）","Replay The Spire","Shop Mod","Spicy Shops","Spire Birthday Party","StSLib","TestMod","The Alterego","Waifu the Spire","Wide Potions","noobMod","【功能Mod】聪明的最终Boss","【遗物卡牌】REMEMod"],"gold_per_floor":[110,123,123,123,143,175,175,204,204,204,204],"floor_reached":10,"language":"ZHS","playtime":633,"items_purged":[],"score":151,"play_id":"c78f0b9a-d5e8-4d17-920b-451be90276a1","local_time":"20210128203924","daily_mods":["Vintage","Heirloom","DeadlyEvents","Lethality","challengethespire:Platinum Difficulty"],"is_ascension_mode":false,"campfire_choices":[{"data":"AT_FamilyPortrait","floor":7,"key":"SMITH"}],"circlet_count":0,"master_deck":["ClowCardTheSword","ClowCardTheSword","ClowCardTheSword","ClowCardTheSword","ClowCardTheShield","ClowCardTheShield","ClowCardTheShield","ClowCardTheShield","SpellCardSeal","SpellCardRelease","AT_FamilyPortrait+1","Pain","ClowCardTheSleep","ClowCardTheCreate"],"relics":["KSMOD_SealedBook","KSMOD_SealedWand","ice","REME_ComplimentaryCards","DaveBox","AT_ATBox","testmod-TestBox","Unceasing Top","BionicSphere","testmod-IndustrialRevolution","reliquary:RosewoodLute","SynthV:TestCard","InkBottle","Art of War","WarpedTongs","Onion Ring","Incense Burner","KSMOD_TaoistSuit","testmod-AssaultLearning"],"acts_visited":["Exordium"],"potions_floor_usage":[],"damage_taken":[{"damage":0,"enemies":"Small Slimes","floor":1,"turns":2},{"damage":0,"enemies":"Cultist","floor":2,"turns":2},{"damage":4,"enemies":"conspire:RoseBush","floor":5,"turns":2},{"damage":5,"enemies":"Replay:BlueRogue","floor":6,"turns":3},{"damage":79,"enemies":"Lagavulin","floor":8,"turns":9},{"damage":20,"enemies":"3 Sentries","floor":10,"turns":5}],"seed_played":"-4626285022463802793","potions_obtained":[{"floor":2,"key":"LifebloodPotion"},{"floor":5,"key":"Dexterity Potion"},{"floor":8,"key":"Dexterity Potion"}],"is_trial":true,"path_per_floor":["M","M","?","?","M","E","R","E","T","E"],"character_chosen":"KINOMOTOSAKURA","items_purchased":[],"campfire_rested":0,"item_purchase_floors":[],"current_hp_per_floor":[70,70,52,52,48,43,43,20,20,0,0],"gold":204,"neow_bonus":"","is_daily":false,"chose_seed":false,"campfire_upgraded":1,"win_rate":0.0,"timestamp":1611837564,"path_taken":["M","M","?","?","M","E","R","E","T","?"],"items_purchased_type":[],"build_version":"2020-12-22","purchased_purges":0,"victory":false,"max_hp_per_floor":[70,70,70,70,70,70,70,72,72,76,76],"relic_stats":{"counters":[6,23],"Art of War":[1],"obtain_stats":[{"AT_ATBox":0,"testmod-TestBox":0,"DaveBox":0,"KSMOD_SealedBook":0,"ice":0,"Incense Burner":6,"KSMOD_TaoistSuit":8,"reliquary:RosewoodLute":1,"testmod-IndustrialRevolution":0,"WarpedTongs":4,"SynthV:TestCard":1,"BionicSphere":0,"testmod-AssaultLearning":9,"Onion Ring":5,"KSMOD_SealedWand":0,"Art of War":3,"Unceasing Top":0,"InkBottle":2,"REME_ComplimentaryCards":0},{"AT_ATBox":0,"testmod-TestBox":0,"DaveBox":0,"KSMOD_SealedBook":0,"ice":0,"Incense Burner":4,"KSMOD_TaoistSuit":5,"reliquary:RosewoodLute":1,"testmod-IndustrialRevolution":0,"WarpedTongs":2,"SynthV:TestCard":1,"BionicSphere":0,"testmod-AssaultLearning":5,"Onion Ring":3,"KSMOD_SealedWand":0,"Art of War":2,"Unceasing Top":0,"InkBottle":2,"REME_ComplimentaryCards":0},{"AT_ATBox":0,"testmod-TestBox":0,"DaveBox":0,"KSMOD_SealedBook":0,"ice":0,"Incense Burner":9,"KSMOD_TaoistSuit":18,"reliquary:RosewoodLute":2,"testmod-IndustrialRevolution":0,"WarpedTongs":4,"SynthV:TestCard":2,"BionicSphere":0,"testmod-AssaultLearning":18,"Onion Ring":6,"KSMOD_SealedWand":0,"Art of War":4,"Unceasing Top":0,"InkBottle":4,"REME_ComplimentaryCards":0}],"Unceasing Top":[0],"InkBottle":[4],"WarpedTongs":[17]},"card_choices":[{"not_picked":["ClowCardTheMaze","ClowCardTheWatery","ClowCardTheIllusion","ClowCardTheSnow"],"picked":"ClowCardTheSleep","floor":6},{"not_picked":["ClowCardTheShadow","ClowCardTheMirror","ClowCardTheMist","ClowCardTheBig"],"picked":"ClowCardTheCreate","floor":8}],"player_experience":97342,"relics_obtained":[{"floor":1,"key":"reliquary:RosewoodLute"},{"floor":1,"key":"SynthV:TestCard"},{"floor":2,"key":"InkBottle"},{"floor":5,"key":"Onion Ring"},{"floor":6,"key":"Incense Burner"},{"floor":8,"key":"KSMOD_TaoistSuit"},{"floor":9,"key":"testmod-AssaultLearning"}],"event_choices":[{"damage_healed":0,"gold_gain":0,"player_choice":"Success","damage_taken":18,"relics_obtained":["Art of War"],"max_hp_gain":0,"max_hp_loss":0,"event_name":"Scrap Ooze","floor":3,"gold_loss":0},{"damage_healed":0,"gold_gain":0,"player_choice":"Rummage","damage_taken":0,"relics_obtained":["WarpedTongs"],"max_hp_gain":0,"max_hp_loss":0,"event_name":"Accursed Blacksmith","floor":4,"gold_loss":0,"cards_obtained":["Pain"]}],"is_beta":false,"boss_relics":[],"items_purged_floors":[],"is_endless":true,"potions_floor_spawned":[2,5,8],"killed_by":"3 Sentries","ascension_level":0}}