{"host":"c52z9ixzgdjttcmx","time":1611849081,"event":{"mods":["BaseMod","Colored Powertips","Downfall","Filter the Spire","Minty Spire (QoL Compilation)","Rare Cards Sparkle","Relic Stats","StSLib"],"gold_per_floor":[117,133,133,133,156,156,156,192,217,248,248,267,282,298,298,397,397,420,264,264,264],"floor_reached":20,"language":"ENG","playtime":798,"items_purged":["Strike_G"],"score":322,"play_id":"6a80232c-521a-42ca-9b33-584d6f92de4b","local_time":"20210128095121","is_ascension_mode":true,"campfire_choices":[{"data":"Phantasmal Killer","floor":6,"key":"SMITH"},{"floor":11,"key":"REST"},{"floor":15,"key":"REST"}],"circlet_count":0,"master_deck":["AscendersBane","Strike_G","Strike_G","Strike_G","Strike_G","Defend_G","Defend_G","Defend_G","Defend_G","Defend_G","Survivor","Neutralize","Phantasmal Killer+1","Dagger Spray","Deflect","Sucker Punch","Dash","All Out Attack","Escape Plan","Blur","PiercingWail","After Image","Outmaneuver","Footwork"],"relics":["Ring of the Snake","Golden Idol","Tiny Chest","Omamori","Torii","Snecko Eye"],"acts_visited":["Exordium","TheCity"],"potions_floor_usage":[8,16],"damage_taken":[{"damage":0,"enemies":"2 Louse","floor":1,"turns":3},{"damage":2,"enemies":"Small Slimes","floor":2,"turns":2},{"damage":6,"enemies":"Jaw Worm","floor":5,"turns":4},{"damage":26,"enemies":"Lagavulin","floor":8,"turns":8},{"damage":18,"enemies":"3 Sentries","floor":10,"turns":10},{"damage":1,"enemies":"Looter","floor":12,"turns":3},{"damage":0,"enemies":"Lots of Slimes","floor":13,"turns":1},{"damage":0,"enemies":"Blue Slaver","floor":14,"turns":2},{"damage":37,"enemies":"The Guardian","floor":16,"turns":19},{"damage":20,"enemies":"Spheric Guardian","floor":18,"turns":8},{"damage":42,"enemies":"Masked Bandits","floor":20,"turns":3}],"seed_played":"-5814555121022533259","potions_obtained":[{"floor":1,"key":"Explosive Potion"},{"floor":2,"key":"SteroidPotion"},{"floor":8,"key":"bronze:BurnAndBuffPotion"},{"floor":13,"key":"Fire Potion"},{"floor":16,"key":"Explosive Potion"}],"is_trial":false,"path_per_floor":["M","M","?","?","M","R","?","E","T","E","R","M","M","M","R","B",null,"M","$","?"],"character_chosen":"THE_SILENT","items_purchased":["Footwork"],"campfire_rested":2,"item_purchase_floors":[19],"current_hp_per_floor":[59,57,57,62,56,56,49,23,23,5,26,25,25,25,46,9,56,36,36,0,0],"gold":264,"neow_bonus":"ONE_RANDOM_RARE_CARD","is_daily":false,"chose_seed":false,"campfire_upgraded":1,"win_rate":0.0,"timestamp":1611849081,"path_taken":["M","M","?","?","M","R","?","E","T","E","R","M","M","M","R","BOSS","M","$","?"],"items_purchased_type":["Card"],"build_version":"2020-12-22","purchased_purges":1,"victory":false,"max_hp_per_floor":[66,66,66,71,71,71,71,71,71,71,71,71,71,71,71,71,71,71,71,71,71],"relic_stats":{"Torii":17,"counters":[11,63],"Golden Idol":60,"Snecko Eye":[24,16,23,18],"Tiny Chest":0,"obtain_stats":[{"Torii":10,"Golden Idol":3,"Snecko Eye":17,"Tiny Chest":8,"Omamori":9,"Ring of the Snake":0},{"Torii":5,"Golden Idol":2,"Snecko Eye":9,"Tiny Chest":4,"Omamori":4,"Ring of the Snake":0},{"Torii":27,"Golden Idol":5,"Snecko Eye":52,"Tiny Chest":17,"Omamori":17,"Ring of the Snake":0}],"Ring of the Snake":[22]},"card_choices":[{"not_picked":["Eviscerate","Terror"],"picked":"Dagger Spray","floor":1},{"not_picked":["Blade Dance","Outmaneuver"],"picked":"Deflect","floor":2},{"not_picked":["Cloak And Dagger","Acrobatics"],"picked":"Sucker Punch","floor":5},{"not_picked":["Footwork","Wraith Form v2"],"picked":"Dash","floor":8},{"not_picked":["Quick Slash","Accuracy"],"picked":"All Out Attack","floor":10},{"not_picked":["Dodge and Roll","Blur"],"picked":"Escape Plan","floor":12},{"not_picked":["Flying Knee","Eviscerate"],"picked":"Blur","floor":13},{"not_picked":["Flying Knee","Backflip"],"picked":"PiercingWail","floor":14},{"not_picked":["Wraith Form v2","Glass Knife"],"picked":"After Image","floor":16},{"not_picked":["Expertise","Poisoned Stab+1"],"picked":"Outmaneuver","floor":18}],"player_experience":3366945,"relics_obtained":[{"floor":8,"key":"Tiny Chest"},{"floor":9,"key":"Omamori"},{"floor":10,"key":"Torii"}],"event_choices":[{"damage_healed":0,"gold_gain":0,"player_choice":"Take Wound","damage_taken":0,"relics_obtained":["Golden Idol"],"max_hp_gain":0,"max_hp_loss":0,"event_name":"Golden Idol","floor":3,"gold_loss":0,"cards_obtained":["Injury"]},{"damage_healed":0,"gold_gain":0,"player_choice":"Donut","damage_taken":0,"max_hp_gain":5,"max_hp_loss":0,"event_name":"Big Fish","floor":4,"gold_loss":0},{"cards_removed":["Injury"],"damage_healed":0,"gold_gain":0,"player_choice":"Card Removal","damage_taken":7,"max_hp_gain":0,"max_hp_loss":0,"event_name":"Golden Wing","floor":7,"gold_loss":0},{"damage_healed":0,"gold_gain":0,"player_choice":"Fought Bandits","damage_taken":0,"max_hp_gain":0,"max_hp_loss":0,"event_name":"Masked Bandits","floor":20,"gold_loss":0}],"is_beta":false,"boss_relics":[{"not_picked":["Philosopher\u0027s Stone","Coffee Dripper"],"picked":"Snecko Eye"}],"items_purged_floors":[19],"is_endless":false,"potions_floor_spawned":[1,2,8,13,16,18],"killed_by":"Masked Bandits","ascension_level":15}}