{"host":"5ddwedapke4fsx0r","time":1611876629,"event":{"mods":["BaseMod","ChefMod","Downfall","Hermit","Infinite Spire","Minty Spire (QoL Compilation)","Shade Mod","StSLib","The Cursed","The Dragon Tamer","The Marked","The Servant 0.9.4"],"gold_per_floor":[99,117,102,102,102,122,122,22,53,66,66,82,145,176,190,295,345,345,359,39,39,39,39,39,39,24,34,47,47,65,94,109,213,213,213,225,225,245,257,282,307,307,319,319,319],"floor_reached":44,"language":"ENG","playtime":4014,"items_purged":[],"score":597,"play_id":"76db4164-1f55-4d77-9fc6-a32859ee7d10","local_time":"20210129003029","is_ascension_mode":true,"campfire_choices":[{"floor":1,"key":"RECALL"},{"data":"Shade:AnimateDead","floor":8,"key":"SMITH"},{"floor":11,"key":"REST"},{"data":"Shade:Putrefaction","floor":18,"key":"SMITH"},{"data":"Shade:LichForm","floor":23,"key":"SMITH"},{"floor":25,"key":"DIG"},{"floor":29,"key":"DIG"},{"data":"Shade:LichForm","floor":35,"key":"SMITH"}],"circlet_count":0,"master_deck":["Shade:Strike_Shade+1","Shade:Strike_Shade+1","Shade:Strike_Shade+1","Shade:Strike_Shade+1","Shade:Defend_Shade+1","Shade:Defend_Shade+1","Shade:Defend_Shade+1","Shade:AnimateDead+1","Shade:CarefulCut+1","Shade:Asphyxiate","Shade:FuneraryArmor","Shade:WallOfFlesh","Shade:WallOfFlesh+1","Shade:StitchTogether","Shade:StitchTogether","Shade:Brains+1","Shade:Putrefaction+1","Shade:Frenzy+1","Shade:LichForm+1","Shade:Awaken+1","Shade:FleshToFlesh+1","Shade:Patience+1","Shade:Carnophage","Shade:Brains+1","Shade:CoffinDance+1","Shade:TouchOfTheGrave+1","Shade:LichForm+1","Shade:FreshBones+1","Shade:ExtraLimbs+1","Shade:ExtraLimbs+1","downfall:Bewildered","Shame","infinitespire:Menacing+1"],"relics":["Shade:YorickPolishedSkull","Incense Burner","Toxic Egg 2","downfall:HeartBlessingRed","Bronze Scales","Pocketwatch","Kunai","Tiny House","Shovel","Vajra","infinitespire:Satchel","Bag of Marbles","infinitespire:FocusingShard","Toy Ornithopter","Centennial Puzzle"],"acts_visited":["Exordium","TheCity","TheBeyond"],"potions_floor_usage":[14,20,27,33,39,40,43],"damage_taken":[{"damage":7,"enemies":"Jaw Worm","floor":2,"turns":4},{"damage":1,"enemies":"downfall:FleeingMerchant","floor":3,"turns":4},{"damage":6,"enemies":"Small Slimes","floor":6,"turns":3},{"damage":13,"enemies":"3 Sentries","floor":9,"turns":11},{"damage":7,"enemies":"infinitespire:Voidling","floor":10,"turns":3},{"damage":0,"enemies":"Blue Slaver","floor":12,"turns":4},{"damage":1,"enemies":"3 Sentries","floor":13,"turns":11},{"damage":6,"enemies":"Gremlin Nob","floor":14,"turns":4},{"damage":0,"enemies":"Large Slime","floor":15,"turns":5},{"damage":0,"enemies":"WA_ARCHETYPE_RETAIN","floor":16,"turns":9},{"damage":0,"enemies":"Spheric Guardian","floor":19,"turns":5},{"damage":0,"enemies":"downfall:FleeingMerchant","floor":20,"turns":4},{"damage":0,"enemies":"downfall:FleeingMerchant","floor":26,"turns":4},{"damage":0,"enemies":"Snake Plant","floor":27,"turns":4},{"damage":1,"enemies":"Centurion and Healer","floor":28,"turns":8},{"damage":1,"enemies":"Cultist and Chosen","floor":30,"turns":6},{"damage":0,"enemies":"Nightmare","floor":31,"turns":6},{"damage":0,"enemies":"Snecko","floor":32,"turns":4},{"damage":43,"enemies":"DF_ARCHETYPE_CLAW","floor":33,"turns":9},{"damage":4,"enemies":"3 Shapes","floor":36,"turns":4},{"damage":3,"enemies":"3 Darklings","floor":38,"turns":5},{"damage":36,"enemies":"Transient","floor":39,"turns":5},{"damage":7,"enemies":"Reptomancer","floor":40,"turns":7},{"damage":31,"enemies":"Jaw Worm Horde","floor":43,"turns":4},{"damage":19,"enemies":"Nemesis","floor":44,"turns":3}],"seed_played":"8290427347719465156","potions_obtained":[{"floor":2,"key":"Energy Potion"},{"floor":6,"key":"champ:CounterPotion"},{"floor":9,"key":"hexamod:SoulburnPotion"},{"floor":13,"key":"infinitespire:BlackPotion"},{"floor":14,"key":"Guardian:BlockOnCardUsePotion"},{"floor":17,"key":"AttackPotion"},{"floor":27,"key":"GamblersBrew"},{"floor":31,"key":"Swift Potion"},{"floor":40,"key":"Swift Potion"}],"is_trial":false,"path_per_floor":["R","M","$","?","?","M","T","R","E","M","R","M","?","E","M","B",null,"R","M","$","?","?","R","T","R","$","M","M","R","M","NM","M","B",null,"R","M","?","M","M","E","T","?","M","E"],"character_chosen":"SHADE","items_purchased":["Shovel"],"campfire_rested":1,"item_purchase_floors":[20],"current_hp_per_floor":[65,58,57,50,50,44,44,44,31,31,50,50,63,57,57,57,70,70,70,70,70,70,70,70,70,70,70,69,69,68,70,70,38,70,70,66,66,63,27,27,27,27,1,0,0],"gold":319,"neow_bonus":"ONE_RANDOM_RARE_CARD","is_daily":false,"chose_seed":false,"campfire_upgraded":4,"win_rate":0.0,"timestamp":1611876629,"path_taken":["R","M","$","?","?","?","T","R","E","M","R","M","?","E","M","BOSS","R","M","$","?","?","R","T","R","$","M","M","R","M","NM","M","BOSS","R","M","?","?","M","E","T","?","M","E"],"items_purchased_type":["Relic"],"build_version":"2020-12-22","purchased_purges":0,"victory":false,"max_hp_per_floor":[65,65,65,65,65,65,65,65,65,65,65,65,65,65,65,65,70,70,70,70,70,70,70,70,70,70,70,70,70,70,70,70,70,70,70,70,70,70,70,70,70,70,70,70,70],"card_choices":[{"not_picked":["Shade:SoulToxin","Shade:GreyBargain"],"picked":"Shade:Asphyxiate","floor":2},{"not_picked":["Shade:BoneShards","Shade:GraveStillness"],"picked":"Shade:FuneraryArmor","floor":3},{"not_picked":["Shade:CloudOfShrapnel","Shade:GreyBargain"],"picked":"Shade:WallOfFlesh","floor":6},{"not_picked":["Shade:MadHubris+1","Shade:BoneShards"],"picked":"Shade:WallOfFlesh+1","floor":9},{"not_picked":["Shade:CommandSoldier+1","Shade:GraveStillness+1"],"picked":"Shade:StitchTogether","floor":10},{"not_picked":["Shade:FuneraryArmor+1","Shade:Patience+1"],"picked":"Shade:StitchTogether","floor":12},{"not_picked":["Shade:PotionOfRestlessness","Shade:LastGasp+1"],"picked":"Shade:Brains+1","floor":13},{"not_picked":["Shade:Haruspicy+1","Shade:FuneraryArmor+1"],"picked":"Shade:Putrefaction","floor":14},{"not_picked":["Shade:SkeletonHug","Shade:SpontaneousRitual"],"picked":"Shade:Frenzy+1","floor":15},{"not_picked":["Shade:Coordination","Shade:Consume"],"picked":"Shade:LichForm","floor":16},{"not_picked":["Shade:Premonition+1","Shade:CallWraith+1"],"picked":"Shade:Awaken+1","floor":17},{"not_picked":["Shade:LyeBath+1","Shade:FuneraryArmor+1"],"picked":"Shade:FleshToFlesh+1","floor":19},{"not_picked":["Shade:SoulToxin+1","Shade:CloudOfShrapnel"],"picked":"Shade:Patience+1","floor":20},{"not_picked":["Shade:FreshBones+1","Shade:CommandSoldier+1","Shade:BoneShards"],"picked":"SKIP","floor":26},{"not_picked":["Shade:PotionOfRestlessness","Shade:SensePrey+1"],"picked":"Shade:Carnophage","floor":27},{"not_picked":["Shade:ExtraLimbs","Shade:Premonition+1"],"picked":"Shade:Brains+1","floor":28},{"not_picked":["Shade:LyeBath+1","Shade:Patience+1","Shade:Carnophage"],"picked":"SKIP","floor":30},{"not_picked":["Shade:CallOfTheGrave","Shade:AblativeArmor+1"],"picked":"Shade:CoffinDance+1","floor":31},{"not_picked":["Shade:CommandSoldier+1","Shade:SensePrey+1"],"picked":"Shade:TouchOfTheGrave+1","floor":32},{"not_picked":["Shade:UnbarTheGrave+1","Shade:OminousRitual"],"picked":"Shade:LichForm","floor":33},{"not_picked":["Shade:FeralStrike","Shade:BoneShards+1"],"picked":"Shade:FreshBones+1","floor":36},{"not_picked":["Shade:Bonestorm","Shade:Bite_Shade+1"],"picked":"Shade:ExtraLimbs+1","floor":38},{"not_picked":["Shade:FeralStrike+1","Shade:CallOfTheGrave+1","Shade:GreaterAnimation"],"picked":"SKIP","floor":39},{"not_picked":["Shade:BoneShards","Shade:CommandSoldier+1"],"picked":"Shade:ExtraLimbs+1","floor":40},{"not_picked":["infinitespire:SealOfDarkness+","infinitespire:Collect"],"picked":"infinitespire:Menacing","floor":42},{"not_picked":["Shade:CallOfTheGrave+1","Shade:FeralStrike","Shade:Bite_Shade"],"picked":"SKIP","floor":43}],"player_experience":501909,"relics_obtained":[{"floor":7,"key":"Toxic Egg 2"},{"floor":9,"key":"Bronze Scales"},{"floor":13,"key":"Pocketwatch"},{"floor":14,"key":"Kunai"},{"floor":24,"key":"Vajra"},{"floor":25,"key":"infinitespire:Satchel"},{"floor":29,"key":"Bag of Marbles"},{"floor":31,"key":"infinitespire:FocusingShard"},{"floor":40,"key":"Toy Ornithopter"},{"floor":41,"key":"Centennial Puzzle"}],"event_choices":[{"damage_healed":0,"gold_gain":0,"player_choice":"Success","damage_taken":7,"relics_obtained":["Incense Burner"],"max_hp_gain":0,"max_hp_loss":0,"event_name":"Scrap Ooze","floor":4,"gold_loss":0},{"damage_healed":0,"gold_gain":0,"player_choice":"Simplicity","damage_taken":0,"max_hp_gain":0,"max_hp_loss":0,"event_name":"Back to Basics","floor":21,"gold_loss":0,"cards_upgraded":["Shade:Strike_Shade","Shade:Strike_Shade","Shade:Strike_Shade","Shade:Strike_Shade","Shade:Defend_Shade","Shade:Defend_Shade","Shade:Defend_Shade"]},{"damage_healed":0,"gold_gain":0,"player_choice":"Ignored","damage_taken":0,"max_hp_gain":0,"max_hp_loss":0,"event_name":"Ghosts","floor":22,"gold_loss":0}],"is_beta":false,"boss_relics":[{"not_picked":["Velvet Choker","Fusion Hammer"],"picked":"Tiny House"},{"not_picked":["infinitespire:Cupcake","Empty Cage"],"picked":"Shade:YorickPolishedSkull"}],"items_purged_floors":[],"is_endless":true,"potions_floor_spawned":[2,6,9,13,14,27,31,40],"killed_by":"Nemesis","ascension_level":2}}