{"host":"6xsbn6ynqlzwllfm","time":1611858694,"event":{"mods":["2.2 Compatiblity","BaseMod","Bestiary","Colored Map","Colored Powertips","Curses Come First","Highlight Path","Keyboard Shortcuts","Minty Spire (QoL Compilation)","Relic Stats","Slay the Relics Exporter","StSLib","SuperFastMode"],"gold_per_floor":[118,118,118,118,118,118,132,132,132,152,178,178,210,227,227,301,301,315,326,326,338,356,356,356],"floor_reached":23,"language":"ENG","playtime":1699,"items_purged":[],"score":524,"play_id":"06cb1691-6dfe-4436-945c-6a0e8bf0139a","local_time":"20210128133134","is_ascension_mode":true,"campfire_choices":[{"floor":6,"key":"REST"},{"data":"Doom and Gloom","floor":8,"key":"SMITH"},{"data":"Fission","floor":12,"key":"SMITH"},{"data":"Defragment","floor":15,"key":"SMITH"}],"circlet_count":0,"master_deck":["AscendersBane","Strike_B+1","Strike_B+1","Strike_B+1","Defend_B+1","Defend_B+1","Defend_B+1","Defend_B+1","Zap","Dualcast","Fission+1","Sweeping Beam","Doom and Gloom+1","Cold Snap","Defragment+1","Fission","Electrodynamics","CurseOfTheBell","Aggregate","Genetic Algorithm+1","Auto Shields","Seek"],"relics":["Cracked Core","StoneCalendar","DataDisk","Pocketwatch","Ornamental Fan","Centennial Puzzle","Calling Bell","Omamori","Letter Opener","Turnip"],"acts_visited":["Exordium","TheCity"],"potions_floor_usage":[11,18,21,23,23],"damage_taken":[{"damage":11,"enemies":"Small Slimes","floor":1,"turns":4},{"damage":7,"enemies":"Jaw Worm","floor":7,"turns":4},{"damage":0,"enemies":"2 Louse","floor":10,"turns":1},{"damage":0,"enemies":"3 Sentries","floor":11,"turns":4},{"damage":11,"enemies":"Lagavulin","floor":13,"turns":6},{"damage":0,"enemies":"2 Fungi Beasts","floor":14,"turns":2},{"damage":0,"enemies":"The Guardian","floor":16,"turns":10},{"damage":2,"enemies":"Shell Parasite","floor":18,"turns":7},{"damage":12,"enemies":"3 Byrds","floor":19,"turns":2},{"damage":30,"enemies":"Snake Plant","floor":21,"turns":5},{"damage":7,"enemies":"Snecko","floor":22,"turns":6},{"damage":9,"enemies":"Gremlin Leader","floor":23,"turns":3}],"seed_played":"9028597286980360843","potions_obtained":[{"floor":7,"key":"LiquidMemories"},{"floor":13,"key":"SkillPotion"},{"floor":16,"key":"BlessingOfTheForge"},{"floor":18,"key":"FocusPotion"},{"floor":22,"key":"GamblersBrew"}],"is_trial":false,"path_per_floor":["M","?","?","?","T","R","M","R","T","M","E","R","E","M","R","B",null,"M","M","?","M","M","E"],"character_chosen":"DEFECT","items_purchased":[],"campfire_rested":1,"item_purchase_floors":[],"current_hp_per_floor":[53,27,20,20,20,41,34,34,34,34,34,34,23,23,23,23,59,57,45,45,15,8,0,0],"gold":356,"neow_bonus":"ONE_RANDOM_RARE_CARD","is_daily":false,"chose_seed":false,"campfire_upgraded":3,"win_rate":0.0,"timestamp":1611858694,"path_taken":["M","?","?","?","?","R","M","R","T","M","E","R","E","M","R","BOSS","M","M","?","M","M","E"],"items_purchased_type":[],"build_version":"2020-12-22","purchased_purges":0,"victory":false,"max_hp_per_floor":[71,71,71,71,71,71,71,71,71,71,71,71,71,71,71,71,71,71,71,71,71,71,71,71],"relic_stats":{"Centennial Puzzle":[12],"counters":[12,54],"Ornamental Fan":[24],"StoneCalendar":[48],"Turnip":[6],"Letter Opener":[50],"obtain_stats":[{"Calling Bell":17,"DataDisk":5,"Centennial Puzzle":13,"Ornamental Fan":11,"StoneCalendar":2,"Turnip":17,"Omamori":17,"Letter Opener":17,"Cracked Core":0,"Pocketwatch":9},{"Calling Bell":7,"DataDisk":1,"Centennial Puzzle":5,"Ornamental Fan":4,"StoneCalendar":1,"Turnip":7,"Omamori":7,"Letter Opener":7,"Cracked Core":0,"Pocketwatch":2},{"Calling Bell":31,"DataDisk":4,"Centennial Puzzle":19,"Ornamental Fan":13,"StoneCalendar":4,"Turnip":31,"Omamori":31,"Letter Opener":31,"Cracked Core":0,"Pocketwatch":8}],"Pocketwatch":[72]},"card_choices":[{"not_picked":["Compile Driver","Turbo"],"picked":"Sweeping Beam","floor":1},{"not_picked":["Turbo","Stack"],"picked":"Doom and Gloom","floor":7},{"not_picked":["Storm","Go for the Eyes","Gash"],"picked":"SKIP","floor":10},{"not_picked":["Sweeping Beam","Go for the Eyes"],"picked":"Cold Snap","floor":11},{"not_picked":["Skim","Steam Power"],"picked":"Defragment","floor":13},{"not_picked":["Sweeping Beam","Darkness"],"picked":"Fission","floor":14},{"not_picked":["Thunder Strike","Meteor Strike"],"picked":"Electrodynamics","floor":16},{"not_picked":["Redo","Force Field"],"picked":"Aggregate","floor":18},{"not_picked":["Coolheaded","Double Energy"],"picked":"Genetic Algorithm+1","floor":19},{"not_picked":["Barrage","Hello World"],"picked":"Auto Shields","floor":21},{"not_picked":["Rebound","Steam+1"],"picked":"Seek","floor":22}],"player_experience":1185467,"relics_obtained":[{"floor":5,"key":"DataDisk"},{"floor":9,"key":"Pocketwatch"},{"floor":11,"key":"Ornamental Fan"},{"floor":13,"key":"Centennial Puzzle"},{"floor":17,"key":"Omamori"},{"floor":17,"key":"Letter Opener"},{"floor":17,"key":"Turnip"}],"event_choices":[{"damage_healed":0,"gold_gain":0,"player_choice":"Success","damage_taken":26,"relics_obtained":["StoneCalendar"],"max_hp_gain":0,"max_hp_loss":0,"event_name":"Scrap Ooze","floor":2,"gold_loss":0},{"cards_removed":["Strike_B"],"damage_healed":0,"gold_gain":0,"player_choice":"Card Removal","damage_taken":7,"max_hp_gain":0,"max_hp_loss":0,"event_name":"Golden Wing","floor":3,"gold_loss":0},{"damage_healed":0,"gold_gain":0,"player_choice":"Ignored","damage_taken":0,"max_hp_gain":0,"max_hp_loss":0,"event_name":"Liars Game","floor":4,"gold_loss":0},{"damage_healed":0,"gold_gain":0,"player_choice":"Simplicity","damage_taken":0,"max_hp_gain":0,"max_hp_loss":0,"event_name":"Back to Basics","floor":20,"gold_loss":0,"cards_upgraded":["Strike_B","Strike_B","Strike_B","Defend_B","Defend_B","Defend_B","Defend_B"]}],"is_beta":false,"boss_relics":[{"not_picked":["SacredBark","Runic Pyramid"],"picked":"Calling Bell"}],"items_purged_floors":[],"is_endless":false,"potions_floor_spawned":[7,13,16,18,22],"killed_by":"Gremlin Leader","ascension_level":18}}