{"host":"qrt7o4dq2qslzw13","time":1611862188,"event":{"mods":["BaseMod","Colored Map","Colored Powertips","Minty Spire (QoL Compilation)","Quick Restart","Replay The Spire","Shop Mod","StSLib","SuperFastMode"],"gold_per_floor":[112,132,148,148,148,118,134,41,68,68,0,0,33,51,51,153,153,138,138,157,6,6,37,37,51,51,51,51],"floor_reached":27,"language":"ENG","playtime":648,"items_purged":[],"score":383,"play_id":"5ac97366-f877-4ca5-8ce8-d0c4f604d9a0","local_time":"20210128142948","is_ascension_mode":true,"campfire_choices":[{"data":"Cloak And Dagger","floor":12.0,"key":"SMITH"},{"floor":15.0,"key":"REST"},{"floor":24,"key":"REST"}],"circlet_count":0,"master_deck":["AscendersBane","Defend_G+1","Defend_G+1","Defend_G+1","Defend_G+1","Defend_G+1","Writhe","Bane","Cloak And Dagger+1","Concentrate","Regret","Footwork","Flying Knee+1","ReplayTheSpireMod:Uncanny Aura","Leap","Beam Cell+1","Accuracy","Replay:Bag of Tricks","ReplayTheSpireMod:Speed Training","Doppelganger","Catalyst","ReplayTheSpireMod:Scrap Shanks","Bite","Bite","Bite","Bite","Bite","Blade Dance","Flechettes"],"relics":["Ring of the Snake","Replay:Rubber Ducky","Snake Skull","ReplayTheSpireMod:TigerMarble","Replay:Mystery Machine","Empty Cage","Whetstone","Akabeko","Mirror"],"acts_visited":["Exordium","TheCity"],"potions_floor_usage":[23,23,27],"damage_taken":[{"damage":2.0,"enemies":"Cultist","floor":1.0,"turns":5.0},{"damage":0.0,"enemies":"2 Louse","floor":2.0,"turns":2.0},{"damage":6.0,"enemies":"Jaw Worm","floor":3.0,"turns":5.0},{"damage":7.0,"enemies":"Looter","floor":6.0,"turns":4.0},{"damage":12.0,"enemies":"Blue Slaver","floor":7.0,"turns":6.0},{"damage":19.0,"enemies":"Lagavulin","floor":13.0,"turns":5.0},{"damage":1.0,"enemies":"Large Slime","floor":14.0,"turns":4.0},{"damage":42.0,"enemies":"Slime Boss","floor":16.0,"turns":14.0},{"damage":34.0,"enemies":"2 Thieves","floor":18.0,"turns":4.0},{"damage":13.0,"enemies":"3 Byrds","floor":20.0,"turns":7.0},{"damage":24,"enemies":"Slavers","floor":23,"turns":3},{"damage":16,"enemies":"Snecko","floor":25,"turns":5},{"damage":13,"enemies":"Book of Stabbing","floor":27,"turns":1}],"seed_played":"-7819666074637507543","potions_obtained":[{"floor":7.0,"key":"PowerPotion"},{"floor":13.0,"key":"SkillPotion"},{"floor":14.0,"key":"SteroidPotion"},{"floor":16.0,"key":"Venom Potion"},{"floor":18.0,"key":"Cursed Concoction"},{"floor":25,"key":"Poison Potion"}],"is_trial":false,"path_per_floor":["M","M","M","?","T","M","M","$","T","?","$","R","E","M","R","B",null,"M","?","M","$","?","E","R","M","T","E"],"character_chosen":"THE_SILENT","items_purchased":["ReplayTheSpireMod:Uncanny Aura","Accuracy","Whetstone"],"campfire_rested":2,"item_purchase_floors":[8,11,21],"current_hp_per_floor":[75,75,69,69,69,62,50,50,50,50,50,50,31,30,55,13,66,32,32,19,19,19,3,20,10,10,0,0],"gold":51,"neow_bonus":"TWENTY_PERCENT_HP_BONUS","is_daily":false,"chose_seed":false,"campfire_upgraded":1,"win_rate":0.0,"timestamp":1611862188,"path_taken":["M","?","M","?","?","M","M","$","T","?","?","R","E","M","R","BOSS","M","?","M","$","?","E","R","M","T","E"],"items_purchased_type":["Card","Card","Relic"],"build_version":"2020-12-22","purchased_purges":0,"victory":false,"max_hp_per_floor":[84,84,84,84,84,84,84,84,84,84,84,84,84,84,84,84,84,84,84,84,84,58,58,58,58,58,58,58],"card_choices":[{"not_picked":["Sneak Up","Dagger Throw"],"picked":"Bane","floor":1.0},{"not_picked":["Outmaneuver","ReplayTheSpireMod:Exploit Weakness"],"picked":"Cloak And Dagger","floor":2.0},{"not_picked":["Predator","Dagger Spray"],"picked":"Concentrate","floor":3.0},{"not_picked":["Skewer","Blur"],"picked":"Footwork","floor":6.0},{"not_picked":["Sucker Punch","Eviscerate"],"picked":"Flying Knee","floor":7.0},{"not_picked":["Deflect","Dagger Throw"],"picked":"Replay:Bag of Tricks","floor":13.0},{"not_picked":["Slice","Skewer"],"picked":"ReplayTheSpireMod:Speed Training","floor":14.0},{"not_picked":["Envenom","Corpse Explosion"],"picked":"Doppelganger","floor":16.0},{"not_picked":["Concentrate","Slice"],"picked":"Catalyst","floor":18.0},{"not_picked":["Slice","Quick Slash+1"],"picked":"ReplayTheSpireMod:Scrap Shanks","floor":20.0},{"not_picked":["ReplayTheSpireMod:Shiv Toss","Outmaneuver+1"],"picked":"Blade Dance","floor":23},{"not_picked":["Concentrate","ReplayTheSpireMod:Scrap Shanks"],"picked":"Flechettes","floor":25}],"player_experience":604095,"relics_obtained":[{"floor":5.0,"key":"Snake Skull"},{"floor":9.0,"key":"ReplayTheSpireMod:TigerMarble"},{"floor":13.0,"key":"Replay:Mystery Machine"},{"floor":23,"key":"Akabeko"},{"floor":26,"key":"Mirror"}],"event_choices":[{"damage_healed":0.0,"max_hp_gain":0.0,"max_hp_loss":0.0,"gold_gain":0.0,"event_name":"Big Fish","player_choice":"Box","floor":4.0,"gold_loss":0.0,"damage_taken":0.0,"relics_obtained":["Replay:Rubber Ducky"],"cards_obtained":["Regret"]},{"damage_healed":0.0,"max_hp_gain":0.0,"max_hp_loss":0.0,"gold_gain":0.0,"event_name":"Back to Basics","player_choice":"Simplicity","floor":19.0,"gold_loss":0.0,"damage_taken":0.0,"cards_upgraded":["Strike_G","Strike_G","Strike_G","Defend_G","Defend_G","Defend_G","Defend_G","Defend_G"]},{"damage_healed":0.0,"max_hp_gain":0.0,"max_hp_loss":26.0,"gold_gain":0.0,"event_name":"Vampires","player_choice":"Became a vampire","floor":22.0,"gold_loss":0.0,"damage_taken":0.0,"cards_obtained":["Bite","Bite","Bite","Bite","Bite"]}],"is_beta":false,"boss_relics":[{"not_picked":["Kintsugi","Abe\u0027s Treasure"],"picked":"Empty Cage"}],"items_purged_floors":[],"is_endless":false,"potions_floor_spawned":[7,13,14,16,18,25],"killed_by":"Book of Stabbing","ascension_level":11}}