{"host":"tlbbab9afexrkdtf","time":1611792042,"event":{"mods":["2.2 Compatiblity","AchievementEnabler","BaseMod","Colored Map","Colored Powertips","Minty Spire (QoL Compilation)","Rare Cards Sparkle","StSLib"],"gold_per_floor":[113,113,20,20,20,20,51,51,51,83,83,110,125,158,158,158,158],"floor_reached":16,"language":"ENG","playtime":582,"items_purged":[],"score":143,"play_id":"2663d6bd-7446-4e52-b871-5eb217f0b174","local_time":"20210127190042","is_ascension_mode":true,"campfire_choices":[{"floor":6,"key":"REST"},{"floor":8,"key":"REST"},{"floor":11,"key":"REST"},{"floor":15,"key":"REST"}],"circlet_count":0,"master_deck":["Strike_G","Strike_G","Strike_G","Strike_G","Defend_G","Defend_G","Defend_G","Defend_G","Survivor","Neutralize","Slice","Infinite Blades","Deflect","Blade Dance","Quick Slash","Poisoned Stab"],"relics":["Runic Pyramid","Pocketwatch","Singing Bowl","Frozen Egg 2","Du-Vu Doll","Vajra","MealTicket"],"acts_visited":["Exordium"],"potions_floor_usage":[12,12,14],"damage_taken":[{"damage":0,"enemies":"Small Slimes","floor":1,"turns":4},{"damage":40,"enemies":"Lagavulin","floor":7,"turns":7},{"damage":23,"enemies":"3 Sentries","floor":10,"turns":8},{"damage":4,"enemies":"Lagavulin","floor":12,"turns":5},{"damage":0,"enemies":"2 Louse","floor":13,"turns":2},{"damage":15,"enemies":"3 Sentries","floor":14,"turns":6},{"damage":54,"enemies":"The Guardian","floor":16,"turns":9}],"seed_played":"1788478165718495918","potions_obtained":[{"floor":7,"key":"EssenceOfSteel"},{"floor":10,"key":"Poison Potion"},{"floor":12,"key":"ColorlessPotion"}],"is_trial":false,"path_per_floor":["M","?","$","?","?","R","E","R","T","E","R","E","M","E","R","B"],"character_chosen":"THE_SILENT","items_purchased":["Infinite Blades","Deflect"],"campfire_rested":4,"item_purchase_floors":[3,3],"current_hp_per_floor":[70,63,63,45,45,66,26,47,47,26,47,43,45,30,52,0,0],"gold":158,"neow_bonus":"BOSS_RELIC","is_daily":false,"chose_seed":false,"campfire_upgraded":0,"win_rate":0.0,"timestamp":1611792042,"path_taken":["M","?","$","?","?","R","E","R","T","E","R","E","M","E","R","BOSS"],"items_purchased_type":["Card","Card"],"build_version":"2020-12-22","purchased_purges":0,"victory":false,"max_hp_per_floor":[70,70,70,70,70,70,70,70,70,72,72,72,74,74,74,74,74],"card_choices":[{"not_picked":["Backflip","Escape Plan"],"picked":"Slice","floor":1},{"not_picked":["Acrobatics","Prepared"],"picked":"Blade Dance","floor":7},{"not_picked":["Well Laid Plans+1","PiercingWail","Dodge and Roll"],"picked":"Singing Bowl","floor":10},{"not_picked":["Backflip","Tactician"],"picked":"Quick Slash","floor":12},{"not_picked":["Catalyst","Bane","Eviscerate"],"picked":"Singing Bowl","floor":13},{"not_picked":["Prepared","Phantasmal Killer"],"picked":"Poisoned Stab","floor":14}],"player_experience":282771,"relics_obtained":[{"floor":7,"key":"Singing Bowl"},{"floor":9,"key":"Frozen Egg 2"},{"floor":10,"key":"Du-Vu Doll"},{"floor":12,"key":"Vajra"},{"floor":14,"key":"MealTicket"}],"event_choices":[{"cards_removed":["Defend_G"],"damage_healed":0,"gold_gain":0,"player_choice":"Card Removal","damage_taken":7,"max_hp_gain":0,"max_hp_loss":0,"event_name":"Golden Wing","floor":2,"gold_loss":0},{"damage_healed":0,"gold_gain":0,"player_choice":"Success","damage_taken":18,"relics_obtained":["Pocketwatch"],"max_hp_gain":0,"max_hp_loss":0,"event_name":"Scrap Ooze","floor":4,"gold_loss":0},{"cards_removed":["Strike_G"],"damage_healed":0,"gold_gain":0,"player_choice":"Offered Basic","damage_taken":0,"max_hp_gain":0,"max_hp_loss":0,"event_name":"Bonfire Elementals","floor":5,"gold_loss":0}],"is_beta":false,"boss_relics":[],"items_purged_floors":[],"is_endless":false,"potions_floor_spawned":[7,10,12],"killed_by":"The Guardian","ascension_level":3}}