{"host":"cnq91ghfhf6lz0gv","time":1611799488,"event":{"mods":["BaseMod","Clockwork Mod","Colored Map","Colored Powertips","Conspire","Downfall","Googly Eyes","Highlight Path","Minty Spire (QoL Compilation)","Replay The Spire","StSLib","SuperFastMode","The IronCluck","The Showman","slay the spire mod where everything is the same but ironclad has a cowboy hat"],"gold_per_floor":[99,113,133,173,183,194,219,248,258,258,269,102,114,114,125,224,224,224,235,235,235,254,46,69,85,101,201,201,41,41,73,91,196,196,96,110,125,84,96,96,96,96,96,106,6,21,21,33,50,50,50,50],"floor_reached":50,"language":"ENG","playtime":5115,"items_purged":["champ:Strike","champ:Strike","champ:Strike"],"score":595,"play_id":"a2d7aa12-e5ce-427a-a41e-f9d9878f3618","local_time":"20210127210448","is_ascension_mode":false,"campfire_choices":[{"data":"champ:Taunt","floor":1,"key":"SMITH"},{"data":"champ:Lariat","floor":10,"key":"SMITH"},{"data":"champ:Strike","floor":18,"key":"PURGE"},{"floor":28,"key":"RECALL"},{"data":"champ:SwordThrow","floor":30,"key":"SMITH"},{"floor":35,"key":"DIG"},{"data":"champ:DancingMaster","floor":42,"key":"SMITH"},{"data":"champ:UltimateStance","floor":45,"key":"SMITH"},{"data":"champ:Improvising","floor":47,"key":"SMITH"}],"circlet_count":0,"master_deck":["champ:Defend","champ:Defend","champ:Defend","champ:Defend","champ:Execute","champ:Taunt+1","champ:RisingSlash","champ:BerserkerStyle","champ:Lariat+1","champ:ShieldWall","champ:CrownThrow","champ:GutPunch","champ:Circumvent","champ:SwordThrow+1","champ:FanOfKnives","champ:Backstep","champ:UltimateStance+1","champ:GutPunch","champ:Duel+1","champ:CheapShot","champ:GutPunch","champ:GutPunch","champ:Backstep","champ:FlashCut+1","champ:FanOfKnives+1","champ:DancingMaster+1","champ:AdrenalArmor","champ:FlashCut","champ:Circumvent+1","champ:ShieldWall+1","champ:DancingMaster+1","champ:GutPunch","champ:Improvising+1","champ:GutPunch","champ:BerserkersShout+1"],"relics":["champ:ChampionCrown","Replay:Baseball","Orichalcum","FaceOfCleric","conspire:RunicOctahedron","downfall:RedIOU","Nunchaku","Counterbalance","Onion Ring","ClockworkSouvenir","Ancient Tea Set","Honey Jar","downfall:HeartBlessingRed","conspire:Flyswatter","Replay:Ringing Soul","Replay:Accelerometer","downfall:HeartBlessingGreen"],"acts_visited":["Exordium","TheCity","TheBeyond"],"potions_floor_usage":[16,16,16,27,31,33,33,33,50,50,50,50],"damage_taken":[{"damage":0,"enemies":"2 Louse","floor":2,"turns":6},{"damage":21,"enemies":"Cultist","floor":3,"turns":3},{"damage":22,"enemies":"conspire:RoseBush","floor":5,"turns":5},{"damage":49,"enemies":"Blue Slaver","floor":6,"turns":4},{"damage":64,"enemies":"Replay:BlueRogue","floor":8,"turns":5},{"damage":41,"enemies":"conspire:2 RoseBushes","floor":9,"turns":6},{"damage":39,"enemies":"Lots of Slimes","floor":11,"turns":4},{"damage":43,"enemies":"downfall:FleeingMerchant","floor":12,"turns":4},{"damage":16,"enemies":"2 Fungi Beasts","floor":13,"turns":4},{"damage":37,"enemies":"Large Slime","floor":15,"turns":5},{"damage":63,"enemies":"DF_ARCHETYPE_STREAMLINE","floor":16,"turns":11},{"damage":45,"enemies":"Shell Parasite","floor":19,"turns":5},{"damage":41,"enemies":"Chosen","floor":22,"turns":5},{"damage":17,"enemies":"downfall:FleeingMerchant","floor":23,"turns":4},{"damage":70,"enemies":"3 Cultists","floor":25,"turns":6},{"damage":65,"enemies":"Shelled Parasite and Fungi","floor":26,"turns":5},{"damage":29,"enemies":"IC_STATUS_ARCHETYPE","floor":27,"turns":5},{"damage":42,"enemies":"downfall:FleeingMerchant","floor":29,"turns":5},{"damage":41,"enemies":"Slavers","floor":31,"turns":3},{"damage":35,"enemies":"Chosen and Byrds","floor":32,"turns":3},{"damage":36,"enemies":"IC_MUSHROOM_ARCHETYPE","floor":33,"turns":8},{"damage":45,"enemies":"3 Darklings","floor":36,"turns":4},{"damage":20,"enemies":"Orb Walker","floor":37,"turns":2},{"damage":7,"enemies":"downfall:FleeingMerchant","floor":38,"turns":4},{"damage":28,"enemies":"4 Shapes","floor":39,"turns":3},{"damage":15,"enemies":"3 Darklings","floor":44,"turns":4},{"damage":25,"enemies":"Jaw Worm Horde","floor":46,"turns":4},{"damage":23,"enemies":"Sphere and 2 Shapes","floor":48,"turns":4},{"damage":63,"enemies":"3 Darklings","floor":49,"turns":3},{"damage":86,"enemies":"SI_POISON_ARCHETYPE","floor":50,"turns":6}],"seed_played":"-5208420989132268091","potions_obtained":[{"floor":2,"key":"DistilledChaos"},{"floor":4,"key":"Slimebound:ThreeZeroPotion"},{"floor":5,"key":"Dexterity Potion"},{"floor":6,"key":"champ:CounterPotion"},{"floor":20,"key":"CultistPotion"},{"floor":22,"key":"Fruit Juice"},{"floor":26,"key":"SkillPotion"},{"floor":27,"key":"Explosive Potion"},{"floor":32,"key":"LifebloodPotion"},{"floor":33,"key":"Explosive Potion"},{"floor":36,"key":"sneckomod:MuddlingPotion"},{"floor":39,"key":"PowerPotion"},{"floor":44,"key":"Strength Potion"},{"floor":49,"key":"GamblersBrew"}],"is_trial":false,"path_per_floor":["R","M","M","?","M","M","T","E","M","R","M","$","M","?","M","B",null,"R_BF","M","?","?","M","$","T","M","M","?","R","$","R","E","M","B",null,"R_BF","M","M","$","M","?","T","R","?","M","R","M","R","M","M","B"],"character_chosen":"THE_CHAMP","items_purchased":["champ:SwordThrow","champ:GutPunch","champ:Backstep","ClockworkSouvenir","Replay:Ringing Soul"],"campfire_rested":0,"item_purchase_floors":[12,23,23,29,38],"current_hp_per_floor":[99,99,98,74,74,74,74,55,52,52,44,44,43,43,38,47,101,101,102,102,102,82,83,83,66,61,60,60,61,61,41,42,47,116,116,92,93,94,85,85,85,85,88,92,92,96,96,97,68,0,0,0],"gold":50,"neow_bonus":"TEN_PERCENT_HP_BONUS","is_daily":false,"chose_seed":false,"campfire_upgraded":6,"win_rate":0.0,"timestamp":1611799488,"path_taken":["R","M","M","?","M","M","T","E","M","R","M","$","M","?","M","BOSS","R_BF","M","?","?","M","$","T","M","M","?","R","?","R","E","M","BOSS","R_BF","M","M","$","M","?","T","R","?","M","R","M","R","M","M","BOSS"],"items_purchased_type":["Card","Card","Card","Relic","Relic"],"build_version":"2020-12-22","purchased_purges":3,"victory":false,"max_hp_per_floor":[99,99,99,99,99,99,99,99,99,99,99,99,99,99,100,101,101,101,102,102,102,103,104,104,105,106,107,107,108,108,109,110,116,116,116,117,118,119,123,123,123,123,126,130,130,134,134,138,142,142,142,142],"card_choices":[{"not_picked":["champ:DeathBlow","champ:EnGarde"],"picked":"champ:RisingSlash","floor":2},{"not_picked":["champ:StanceDance","champ:HeartStrike"],"picked":"champ:BerserkerStyle","floor":3},{"not_picked":["champ:CrookedStrike","champ:DefensiveStyle"],"picked":"champ:Lariat","floor":4},{"not_picked":["champ:BladeFlurry","champ:DeathBlow"],"picked":"champ:ShieldWall","floor":4},{"not_picked":["champ:StanceDance","champ:BerserkersShout","champ:TornadoPunch"],"picked":"SKIP","floor":5},{"not_picked":["champ:Shatter","champ:PerfectedStrike"],"picked":"champ:CrownThrow","floor":6},{"not_picked":["champ:Improvising","champ:IronFortress"],"picked":"champ:GutPunch","floor":8},{"not_picked":["champ:CrownThrow","champ:BerserkerStyle","champ:DefensiveShout"],"picked":"SKIP","floor":9},{"not_picked":["champ:PerfectedStrike","champ:EnragedBash"],"picked":"champ:Circumvent","floor":11},{"not_picked":["champ:CrownThrow","champ:ShieldSigil","champ:BerserkersShout"],"picked":"SKIP","floor":12},{"not_picked":["champ:FocusedBerserking","champ:StanceDance"],"picked":"champ:FanOfKnives","floor":13},{"not_picked":["champ:Circumvent","champ:DefensiveShout"],"picked":"champ:Backstep","floor":15},{"not_picked":["champ:EnchantSword","champ:HoldFirm"],"picked":"champ:UltimateStance","floor":16},{"not_picked":["champ:Haymaker","champ:DefensiveStyle"],"picked":"champ:GutPunch","floor":19},{"not_picked":["champ:BringItOn","champ:Haymaker"],"picked":"champ:Duel+1","floor":22},{"not_picked":["champ:Backstep+1","champ:DefensiveShout"],"picked":"champ:CheapShot","floor":23},{"not_picked":["champ:EnragedBash+1","champ:Encircle"],"picked":"champ:FlashCut+1","floor":25},{"not_picked":["champ:Circumvent+1","champ:GutPunch","champ:FocusedDefense"],"picked":"SKIP","floor":26},{"not_picked":["champ:Shatter","champ:TornadoPunch"],"picked":"champ:FanOfKnives+1","floor":29},{"not_picked":["champ:HeavySlash","champ:GutPunch","champ:CrownThrow"],"picked":"SKIP","floor":31},{"not_picked":["champ:FancyFootwork","champ:BerserkerStyle","champ:Shatter"],"picked":"SKIP","floor":32},{"not_picked":["champ:GladiatorForm","champ:MurderStrike"],"picked":"champ:DancingMaster","floor":33},{"not_picked":["champ:PreemptiveStrike+1","champ:ShieldSigil+1","champ:CrookedStrike+1"],"picked":"champ:AdrenalArmor","floor":36},{"not_picked":["champ:FaceSlap+1","champ:EnGarde+1","champ:Circumvent"],"picked":"champ:FlashCut","floor":37},{"not_picked":["champ:EndlessRage+1","champ:EnragedBash","champ:StanceDance"],"picked":"champ:Circumvent+1","floor":38},{"not_picked":["champ:BringItOn","champ:BladeFlurry","champ:DefensiveShout+1"],"picked":"champ:ShieldWall+1","floor":39},{"not_picked":["champ:PreemptiveStrike+1","champ:Shatter+1","champ:PreciseThrust+1"],"picked":"champ:GutPunch","floor":44},{"not_picked":["champ:BringItOn","champ:TornadoPunch+1","champ:Circumvent+1"],"picked":"champ:Improvising","floor":46},{"not_picked":["champ:EnGarde","champ:FanOfKnives+1","champ:DefensiveShout"],"picked":"champ:GutPunch","floor":48},{"not_picked":["champ:HeartStrike+1","champ:FaceSlap","champ:FalseCounter+1"],"picked":"champ:BerserkersShout+1","floor":49}],"player_experience":181310,"relics_obtained":[{"floor":4,"key":"Toy Ornithopter"},{"floor":7,"key":"Replay:Baseball"},{"floor":8,"key":"Orichalcum"},{"floor":24,"key":"Nunchaku"},{"floor":27,"key":"Counterbalance"},{"floor":27,"key":"Onion Ring"},{"floor":31,"key":"Ancient Tea Set"},{"floor":35,"key":"conspire:Flyswatter"},{"floor":41,"key":"Replay:Accelerometer"}],"event_choices":[{"damage_healed":0,"gold_gain":0,"player_choice":"Trade","damage_taken":0,"relics_obtained":["FaceOfCleric"],"max_hp_gain":0,"max_hp_loss":0,"event_name":"FaceTrader","floor":14,"gold_loss":0}],"is_beta":false,"boss_relics":[{"not_picked":["ReplayTheSpireMod:DimensionalGlitch","ChewingGum"],"picked":"conspire:RunicOctahedron"},{"not_picked":["Fusion Hammer","Sozu"],"picked":"Honey Jar"}],"items_purged_floors":[12,23,38],"is_endless":false,"potions_floor_spawned":[2,5,6,15,22,26,27,32,33,36,39,44,49],"killed_by":"SI_POISON_ARCHETYPE","ascension_level":0}}