{"host":"yn1175etg9ni8l0q","time":1611837771,"event":{"mods":["AchievementEnabler","BaseMod","Colored Map","Colored Powertips","DeckTracker","Minty Spire (QoL Compilation)","Rare Cards Sparkle","Relic Stats","SuperFastMode","everything is the same but u backflip on backflip"],"gold_per_floor":[15,86,100,120,131,131,144,66,66,83,94,94,124,124,124,228,228,238,7,7,7,17,42,42,52,77,92,92,108,108,128,128,230,230,242,253,253,25,41,41,55,55,80,113,113,133,150,150,150,150,150,150,39,65,65],"floor_reached":56,"language":"KOR","playtime":1707,"items_purged":["Defend_B"],"score":1303,"play_id":"6b4a1386-b2f2-4636-a1f0-afe00958fead","local_time":"20210128214251","is_ascension_mode":false,"campfire_choices":[{"data":"Loop","floor":12.0,"key":"SMITH"},{"data":"Dualcast","floor":15.0,"key":"SMITH"},{"data":"Seek","floor":24.0,"key":"SMITH"},{"data":"Biased Cognition","floor":30.0,"key":"SMITH"},{"data":"Heatsinks","floor":32.0,"key":"SMITH"},{"data":"Buffer","floor":40.0,"key":"SMITH"},{"data":"Defragment","floor":42.0,"key":"SMITH"},{"floor":49.0,"key":"RECALL"},{"data":"Loop","floor":52.0,"key":"SMITH"}],"circlet_count":0,"master_deck":["Zap+1","Dualcast+1","Loop+1","Sweeping Beam","Turbo","Self Repair","BootSequence+1","Coolheaded","Seek+1","Biased Cognition+1","Fusion+1","BootSequence+1","Fission+1","Ball Lightning+1","Core Surge","Capacitor","Turbo","Heatsinks+1","Storm","Coolheaded+1","Coolheaded+1","Buffer+1","Capacitor","Defragment+1","Loop+1","Aggregate+1","Thinking Ahead","Master of Strategy","Recycle"],"relics":["Cracked Core","CaptainsWheel","Singing Bowl","Cables","Astrolabe","Centennial Puzzle","Akabeko","Nuclear Battery","Runic Capacitor","Potion Belt","Darkstone Periapt","Kunai"],"acts_visited":["Exordium","TheCity","TheBeyond","TheEnding"],"potions_floor_usage":[55,55,55],"damage_taken":[{"damage":1.0,"enemies":"Cultist","floor":1.0,"turns":4.0},{"damage":3.0,"enemies":"Jaw Worm","floor":3.0,"turns":4.0},{"damage":7.0,"enemies":"2 Louse","floor":4.0,"turns":3.0},{"damage":6.0,"enemies":"Exordium Wildlife","floor":5.0,"turns":4.0},{"damage":15.0,"enemies":"3 Louse","floor":7.0,"turns":2.0},{"damage":3.0,"enemies":"Red Slaver","floor":10.0,"turns":4.0},{"damage":12.0,"enemies":"Blue Slaver","floor":11.0,"turns":3.0},{"damage":12.0,"enemies":"Gremlin Nob","floor":13.0,"turns":4.0},{"damage":22.0,"enemies":"Slime Boss","floor":16.0,"turns":8.0},{"damage":0.0,"enemies":"Chosen","floor":18.0,"turns":4.0},{"damage":10.0,"enemies":"2 Thieves","floor":22.0,"turns":4.0},{"damage":33.0,"enemies":"Book of Stabbing","floor":23.0,"turns":5.0},{"damage":0.0,"enemies":"Snake Plant","floor":25.0,"turns":3.0},{"damage":5.0,"enemies":"Sentry and Sphere","floor":27.0,"turns":3.0},{"damage":0.0,"enemies":"Chosen and Byrds","floor":29.0,"turns":3.0},{"damage":0.0,"enemies":"3 Cultists","floor":31.0,"turns":2.0},{"damage":10.0,"enemies":"Automaton","floor":33.0,"turns":7.0},{"damage":0.0,"enemies":"Orb Walker","floor":35.0,"turns":2.0},{"damage":1.0,"enemies":"3 Shapes","floor":36.0,"turns":2.0},{"damage":2.0,"enemies":"Writhing Mass","floor":39.0,"turns":2.0},{"damage":8.0,"enemies":"3 Darklings","floor":41.0,"turns":3.0},{"damage":0.0,"enemies":"Giant Head","floor":44.0,"turns":4.0},{"damage":0.0,"enemies":"Jaw Worm Horde","floor":46.0,"turns":3.0},{"damage":8.0,"enemies":"Writhing Mass","floor":47.0,"turns":3.0},{"damage":0.0,"enemies":"Awakened One","floor":50.0,"turns":11.0},{"damage":2,"enemies":"Shield and Spear","floor":54,"turns":3},{"damage":42,"enemies":"The Heart","floor":55,"turns":9}],"seed_played":"-4088624254100103243","potions_obtained":[{"floor":4.0,"key":"EssenceOfSteel"},{"floor":10.0,"key":"Strength Potion"},{"floor":11.0,"key":"Explosive Potion"},{"floor":16.0,"key":"Energy Potion"},{"floor":18.0,"key":"SmokeBomb"},{"floor":22.0,"key":"SpeedPotion"},{"floor":23.0,"key":"Fruit Juice"},{"floor":27.0,"key":"PotionOfCapacity"},{"floor":39.0,"key":"FocusPotion"},{"floor":41.0,"key":"DuplicationPotion"}],"is_trial":false,"path_per_floor":["M","T","M","M","M","?","M","$","T","M","M","R","E","?","R","B",null,"M","$","?","?","M","E","R","M","T","M","?","M","R","M","R","B",null,"M","M","?","$","M","R","M","R","T","E","?","M","M","?","R","B",null,"R","$","E","B",null],"character_chosen":"DEFECT","items_purchased":["Self Repair","Core Surge","Capacitor","Defragment","Runic Capacitor","Recycle"],"campfire_rested":0,"item_purchase_floors":[8,19,19,38,38,53],"current_hp_per_floor":[74,74,71,64,58,58,45,45,45,49,44,44,39,24,24,9,77,77,77,77,77,76,50,50,59,59,63,63,72,72,79,79,76,85,87,87,83,83,85,85,89,89,89,90,82,91,92,92,92,96,96,96,96,98,63],"gold":65,"neow_bonus":"ONE_RARE_RELIC","is_daily":false,"chose_seed":false,"campfire_upgraded":8,"win_rate":0.0,"timestamp":1611837771,"path_taken":["M","?","M","?","M","?","M","?","T","M","M","R","E","?","R","BOSS","M","$","?","?","M","E","R","?","T","M","?","M","R","M","R","BOSS","M","M","?","$","M","R","M","R","T","E","?","M","M","?","R","BOSS","R","$","E","BOSS"],"items_purchased_type":["Card","Card","Card","Card","Relic","Card"],"build_version":"2020-12-22","purchased_purges":1,"victory":true,"max_hp_per_floor":[75,75,75,75,75,75,77,77,77,77,77,77,77,77,77,77,77,77,77,77,77,79,79,79,81,81,83,83,85,85,85,85,85,85,87,87,83,83,85,85,90,90,90,90,92,94,96,96,96,96,96,96,96,98,98],"relic_stats":{"Darkstone Periapt":0,"Centennial Puzzle":[21],"Singing Bowl":22,"counters":[27,108],"Astrolabe":["Fusion","BootSequence","Fission"],"Kunai":[0],"obtain_stats":[{"Potion Belt":43,"Darkstone Periapt":44,"CaptainsWheel":0,"Centennial Puzzle":23,"Singing Bowl":2,"Astrolabe":17,"Runic Capacitor":38,"Kunai":54,"Cracked Core":0,"Akabeko":26,"Cables":13,"Nuclear Battery":34},{"Potion Belt":21,"Darkstone Periapt":22,"CaptainsWheel":0,"Centennial Puzzle":12,"Singing Bowl":1,"Astrolabe":9,"Runic Capacitor":19,"Kunai":26,"Cracked Core":0,"Akabeko":13,"Cables":8,"Nuclear Battery":17},{"Potion Belt":75,"Darkstone Periapt":79,"CaptainsWheel":0,"Centennial Puzzle":48,"Singing Bowl":4,"Astrolabe":35,"Runic Capacitor":70,"Kunai":99,"Cracked Core":0,"Akabeko":51,"Cables":27,"Nuclear Battery":66}],"Cables":[63,41,15,0,7]},"card_choices":[{"not_picked":["Streamline","Gash"],"picked":"Loop","floor":1.0},{"not_picked":["Barrage","Gash"],"picked":"Sweeping Beam","floor":3.0},{"not_picked":["Beam Cell","Heatsinks"],"picked":"Turbo","floor":4.0},{"not_picked":["Steam Power","Barrage"],"picked":"Hyperbeam","floor":5.0},{"not_picked":["Hologram","Gash","Leap"],"picked":"Singing Bowl","floor":7.0},{"not_picked":["Melter","Reprogram"],"picked":"BootSequence","floor":10.0},{"not_picked":["Scrape","Heatsinks"],"picked":"Coolheaded","floor":11.0},{"not_picked":["Redo","Compile Driver"],"picked":"Seek","floor":13.0},{"not_picked":["Amplify","Rainbow"],"picked":"Biased Cognition","floor":16.0},{"not_picked":["Conserve Battery+1","Leap"],"picked":"Ball Lightning+1","floor":18.0},{"not_picked":["Barrage","Ball Lightning","BootSequence"],"picked":"Singing Bowl","floor":22.0},{"not_picked":["Cold Snap+1","Hologram+1"],"picked":"Coolheaded+1","floor":23.0},{"not_picked":["Barrage+1","Redo","Leap"],"picked":"Singing Bowl","floor":25.0},{"not_picked":["Genetic Algorithm","Heatsinks","Sweeping Beam"],"picked":"Singing Bowl","floor":27.0},{"not_picked":["Conserve Battery+1","Biased Cognition","Barrage"],"picked":"Singing Bowl","floor":29.0},{"not_picked":["Heatsinks","Leap"],"picked":"Coolheaded+1","floor":31.0},{"not_picked":["Core Surge","Hyperbeam"],"picked":"Buffer","floor":33.0},{"not_picked":["White Noise+1","Steam+1","Genetic Algorithm"],"picked":"Singing Bowl","floor":35.0},{"not_picked":["Conserve Battery","Coolheaded+1"],"picked":"Capacitor","floor":36.0},{"not_picked":["Ball Lightning","Steam","Redo"],"picked":"Singing Bowl","floor":39.0},{"not_picked":["Hologram+1","Ball Lightning"],"picked":"Loop","floor":41.0},{"not_picked":["Genetic Algorithm","Compile Driver"],"picked":"Aggregate+1","floor":44.0},{"not_picked":["Discovery","Sadistic Nature"],"picked":"Thinking Ahead","floor":45.0},{"not_picked":["Swift Strike","Enlightenment"],"picked":"Master of Strategy","floor":45.0},{"not_picked":["Jack Of All Trades","Trip","Enlightenment"],"picked":"Singing Bowl","floor":45.0},{"not_picked":["Stack","Cold Snap","Barrage"],"picked":"Singing Bowl","floor":46.0},{"not_picked":["Compile Driver","Barrage+1","Consume"],"picked":"Singing Bowl","floor":47.0},{"not_picked":["Fusion+1","Heatsinks+1","Go for the Eyes+1"],"picked":"Singing Bowl","floor":54}],"player_experience":355717,"relics_obtained":[{"floor":2.0,"key":"Singing Bowl"},{"floor":13.0,"key":"Cables"},{"floor":23.0,"key":"Centennial Puzzle"},{"floor":26.0,"key":"Akabeko"},{"floor":43.0,"key":"Potion Belt"},{"floor":44.0,"key":"Darkstone Periapt"},{"floor":54,"key":"Kunai"}],"event_choices":[{"cards_removed":["Strike_B"],"damage_healed":0.0,"max_hp_gain":0.0,"max_hp_loss":0.0,"gold_gain":0.0,"event_name":"Living Wall","player_choice":"Forget","floor":6.0,"gold_loss":0.0,"damage_taken":0.0},{"damage_healed":0.0,"max_hp_gain":0.0,"max_hp_loss":0.0,"gold_gain":0.0,"event_name":"Shining Light","player_choice":"Entered Light","floor":14.0,"gold_loss":0.0,"damage_taken":15.0,"cards_upgraded":["BootSequence","Zap"]},{"damage_healed":0.0,"max_hp_gain":0.0,"max_hp_loss":0.0,"gold_gain":0.0,"cards_transformed":["Defend_B","Strike_B"],"event_name":"Drug Dealer","player_choice":"Became Test Subject","floor":20.0,"gold_loss":0.0,"damage_taken":0.0,"cards_obtained":["Turbo","Heatsinks"]},{"damage_healed":0.0,"max_hp_gain":0.0,"max_hp_loss":0.0,"gold_gain":0.0,"cards_transformed":["Defend_B"],"event_name":"Transmorgrifier","player_choice":"Transformed","floor":21.0,"gold_loss":0.0,"damage_taken":0.0,"cards_obtained":["Storm"]},{"damage_healed":0.0,"max_hp_gain":0.0,"max_hp_loss":0.0,"gold_gain":0.0,"event_name":"Vampires","player_choice":"Ignored","floor":28.0,"gold_loss":0.0,"damage_taken":0.0},{"damage_healed":0.0,"max_hp_gain":0.0,"max_hp_loss":4.0,"gold_gain":0.0,"event_name":"Winding Halls","player_choice":"Max HP","floor":37.0,"gold_loss":0.0,"damage_taken":0.0},{"damage_healed":0.0,"max_hp_gain":0.0,"max_hp_loss":0.0,"gold_gain":0.0,"event_name":"SensoryStone","player_choice":"Memory 3","floor":45.0,"gold_loss":0.0,"damage_taken":10.0},{"cards_removed":["Hyperbeam"],"damage_healed":0.0,"max_hp_gain":0.0,"max_hp_loss":0.0,"gold_gain":0.0,"event_name":"Falling","player_choice":"Removed Attack","floor":48.0,"gold_loss":0.0,"damage_taken":0.0}],"is_beta":false,"boss_relics":[{"not_picked":["Velvet Choker","SlaversCollar"],"picked":"Astrolabe"},{"not_picked":["Runic Pyramid","Black Star"],"picked":"Nuclear Battery"}],"items_purged_floors":[53],"is_endless":false,"potions_floor_spawned":[4,10,11,16,18,22,23,27,39,41],"ascension_level":0}}