{"host":"knoo6yq0od847mqf","time":1611860595,"event":{"mods":["100% Spire Juice","BaseMod","Downfall","Fiend Mod","Hubris","Koishi","Marisa????????","Minty Spire (QoL Compilation)","Replay The Spire","Spire Arcade","StSLib","The Alterego","The Blackbeard","The Bug Knight","The Marked","Wandering Minibosses","Yuri Mod"],"gold_per_floor":[15,35,54,17,27,27,62,62,62,62,62,86,86,110,110,225,225,255,255,277,231,259,259,295,320,343,373,373,396,97,97,97,207,207,243,269,122,146,170,170,209,240,289,289,289,66,66,66,100,123,147,179,179],"floor_reached":52,"language":"ENG","playtime":1851,"items_purged":[],"score":558,"play_id":"d7cd7e88-6c09-48c1-9b32-502214089929","local_time":"20210128200315","is_ascension_mode":false,"campfire_choices":[{"data":"Armaments","floor":6,"key":"SMITH"},{"floor":8,"key":"REST"},{"data":"Iron Wave","floor":15,"key":"SMITH"},{"data":"Bludgeon","floor":23,"key":"SMITH"},{"floor":32,"key":"REST"},{"data":"Replay:Many Hands","floor":40,"key":"SMITH"}],"circlet_count":0,"master_deck":["Strike_R","Strike_R","Strike_R","Strike_R","Strike_R","Defend_R","Defend_R","Defend_R+1","Defend_R","Shrug It Off","Thunderclap","Spot Weakness","Armaments+1","Armaments","Anger","Fire Breathing","Survivor","Neutralize","Bash","Warcry","Burning Pact","Iron Wave+1","Inflame","Pommel Strike","Perfected Strike","Fire Breathing","Bludgeon+1","Flex+1","Clash","hubris:ReadiedAction","Brutality","Demon Form","Twin Strike+1","Infernal Blade","Demon Form","Metallicize","Impervious","Seeing Red","Replay:Many Hands+1","Impervious","Rage","Dual Wield+1","Inflame","Shrug It Off+1","Double Tap","Feel No Pain+1"],"relics":["Burning Blood","Charon\u0027s Ashes","Replay:Bandana","yuri:PortableGlitches","hubris:CrackedHourglass","hubris:Towel","War Paint","Anchor","Strawberry","ClockworkSouvenir","Coffee Dripper","Happy Flower","Vajra","Blue Candle","hubris:AstralHammer"],"acts_visited":["Exordium","TheCity","TheBeyond"],"potions_floor_usage":[24,33,33,36,42,49,51,52],"damage_taken":[{"damage":1,"enemies":"Cultist","floor":1,"turns":3},{"damage":4,"enemies":"Jaw Worm","floor":2,"turns":5},{"damage":0,"enemies":"2 Louse","floor":3,"turns":3},{"damage":20,"enemies":"Exordium Thugs","floor":5,"turns":5},{"damage":35,"enemies":"Gremlin Nob","floor":7,"turns":5},{"damage":2,"enemies":"Large Slime","floor":12,"turns":7},{"damage":3,"enemies":"Blue Slaver","floor":14,"turns":2},{"damage":22,"enemies":"Slime Boss","floor":16,"turns":9},{"damage":8,"enemies":"Shell Parasite","floor":18,"turns":4},{"damage":3,"enemies":"Chosen","floor":20,"turns":3},{"damage":23,"enemies":"Snecko","floor":22,"turns":6},{"damage":40,"enemies":"Gremlin Leader","floor":24,"turns":6},{"damage":7,"enemies":"Cultist and Chosen","floor":25,"turns":6},{"damage":8,"enemies":"Snake Plant","floor":27,"turns":3},{"damage":11,"enemies":"Centurion and Healer","floor":29,"turns":6},{"damage":47,"enemies":"Automaton","floor":33,"turns":9},{"damage":0,"enemies":"3 Shapes","floor":35,"turns":3},{"damage":0,"enemies":"Orb Walker","floor":36,"turns":2},{"damage":4,"enemies":"4 Shapes","floor":38,"turns":5},{"damage":27,"enemies":"Spire Growth","floor":39,"turns":5},{"damage":9,"enemies":"Writhing Mass","floor":41,"turns":3},{"damage":7,"enemies":"Sphere and 2 Shapes","floor":42,"turns":4},{"damage":49,"enemies":"Nemesis","floor":49,"turns":5},{"damage":3,"enemies":"Transient","floor":50,"turns":5},{"damage":0,"enemies":"Transient","floor":51,"turns":3},{"damage":43,"enemies":"hubris:GrandSnecko","floor":52,"turns":7}],"seed_played":"2910728294717492357","potions_obtained":[{"floor":3,"key":"EssenceOfSteel"},{"floor":7,"key":"Dexterity Potion"},{"floor":14,"key":"BloodPotion"},{"floor":25,"key":"FearPotion"},{"floor":36,"key":"SpeedPotion"},{"floor":39,"key":"PowerPotion"},{"floor":41,"key":"Regen Potion"},{"floor":42,"key":"Swift Potion"}],"is_trial":false,"path_per_floor":["M","M","M","$","M","R","E","R","T","?","?","M","?","M","R","B",null,"M","?","M","$","M","R","E","M","T","M","?","M","$","?","R","B",null,"M","M","$","M","M","R","M","M","T","PTL","PTL","$","?","?","E","M","R","B"],"character_chosen":"IRONCLAD","items_purchased":["Armaments","hubris:ReadiedAction","Strawberry","ClockworkSouvenir","Replay:Many Hands","Vajra","Inflame"],"campfire_rested":2,"item_purchase_floors":[4,21,30,30,37,46,46],"current_hp_per_floor":[80,80,80,80,66,66,37,61,61,61,61,65,65,68,68,52,80,78,78,80,80,63,63,45,44,44,42,42,37,44,44,70,29,87,87,87,87,87,66,66,63,74,74,74,74,74,69,69,26,29,35,0,0],"gold":179,"neow_bonus":"ONE_RARE_RELIC","is_daily":false,"chose_seed":false,"campfire_upgraded":4,"win_rate":0.0,"timestamp":1611860595,"path_taken":["M","M","M","?","M","R","E","R","T","?","?","?","?","M","R","BOSS","M","?","M","$","M","R","E","M","T","M","?","?","$","?","R","BOSS","M","M","$","M","M","R","M","M","T","PTL","PTL","$","?","?","E","M","R","BOSS"],"items_purchased_type":["Card","Card","Relic","Relic","Card","Relic","Card"],"build_version":"2020-12-22","purchased_purges":0,"victory":false,"max_hp_per_floor":[80,80,80,80,80,80,80,80,80,80,80,80,80,80,80,80,80,80,80,80,80,80,80,80,80,80,80,80,80,87,87,87,87,87,87,87,87,87,87,87,87,87,87,87,87,87,87,87,87,87,87,87,87],"card_choices":[{"not_picked":["Sword Boomerang","Wild Strike"],"picked":"Shrug It Off","floor":1},{"not_picked":["True Grit","Heavy Blade"],"picked":"Thunderclap","floor":2},{"not_picked":["Disarm","Corruption"],"picked":"Spot Weakness","floor":3},{"not_picked":["Cleave","Armaments"],"picked":"Anger","floor":5},{"not_picked":["Pommel Strike","Twin Strike"],"picked":"Fire Breathing","floor":7},{"not_picked":["ReplayReversal","Shrug It Off","ReplayTheSpireMod:Strike From Hell"],"picked":"SKIP","floor":12},{"not_picked":["True Grit","Sword Boomerang"],"picked":"Fire Breathing","floor":14},{"not_picked":["Hemogenesis","Double Tap"],"picked":"Bludgeon","floor":16},{"not_picked":["ReplayTheSpireMod:Strike From Hell+1","Headbutt+1"],"picked":"Flex","floor":18},{"not_picked":["Heavy Blade","Clothesline"],"picked":"Clash","floor":20},{"not_picked":["Sword Boomerang","ReplayTheSpireMod:Strike From Hell"],"picked":"Brutality","floor":22},{"not_picked":["ReplayTheSpireMod:Stacked","Spot Weakness"],"picked":"Demon Form","floor":24},{"not_picked":["Sword Boomerang","Pummel"],"picked":"Twin Strike+1","floor":25},{"not_picked":["Flex","Pommel Strike+1"],"picked":"Infernal Blade","floor":27},{"not_picked":["ReplayTheSpireMod:Strike From Hell","Perfected Strike"],"picked":"Metallicize","floor":29},{"not_picked":["Juggernaut","Feed"],"picked":"Impervious","floor":33},{"not_picked":["Fire Breathing","Flex+1"],"picked":"Seeing Red","floor":35},{"not_picked":["Run Through","Body Slam","Sword Boomerang"],"picked":"SKIP","floor":36},{"not_picked":["ReplayTheSpireMod:Corrosion Curse+1","Sword Boomerang+1"],"picked":"Impervious","floor":38},{"not_picked":["Havoc+1","Searing Blow+1"],"picked":"Rage","floor":39},{"not_picked":["Feed","hubris:ReadiedAction"],"picked":"Dual Wield+1","floor":41},{"not_picked":["True Grit","Twin Strike+1","Sever Soul"],"picked":"SKIP","floor":42},{"not_picked":["Flex+1","Replay:Undeath\u0027s Touch"],"picked":"Shrug It Off+1","floor":49},{"not_picked":["Whirlwind+1","ReplayReversal+1"],"picked":"Double Tap","floor":50},{"not_picked":["Iron Wave","Combust+1"],"picked":"Feel No Pain+1","floor":51}],"player_experience":225377,"relics_obtained":[{"floor":7,"key":"Replay:Bandana"},{"floor":9,"key":"yuri:PortableGlitches"},{"floor":24,"key":"War Paint"},{"floor":26,"key":"Anchor"},{"floor":43,"key":"Happy Flower"},{"floor":49,"key":"hubris:AstralHammer"}],"event_choices":[{"damage_healed":0,"gold_gain":0,"player_choice":"2 cards matched","damage_taken":0,"max_hp_gain":0,"max_hp_loss":0,"event_name":"Match and Keep!","floor":11,"gold_loss":0,"cards_obtained":["Bash","Warcry"]},{"damage_healed":0,"gold_gain":0,"player_choice":"2 cards matched","damage_taken":0,"max_hp_gain":0,"max_hp_loss":0,"event_name":"Match and Keep!","floor":11,"gold_loss":0,"cards_obtained":["Bash","Warcry"]},{"damage_healed":0,"gold_gain":0,"player_choice":"Copied","damage_taken":0,"max_hp_gain":0,"max_hp_loss":0,"event_name":"Duplicator","floor":28,"gold_loss":0,"cards_obtained":["Demon Form"]}],"is_beta":false,"boss_relics":[{"not_picked":["SacredBark","Philosopher\u0027s Stone"],"picked":"hubris:CrackedHourglass"},{"not_picked":["hubris:GrandSneckoEye","Velvet Choker"],"picked":"Coffee Dripper"}],"items_purged_floors":[],"is_endless":false,"potions_floor_spawned":[3,7,14,18,20,25,29,36,39,41,42],"killed_by":"hubris:GrandSnecko","ascension_level":0}}