{"host":"jpcy2bclvs7juczu","time":1611846023,"event":{"mods":["Alarm Clock","BaseMod","Bestiary","Block Reminder","Colored Map","Colored Powertips","Curses Come First","Dark Map","Minty Spire (QoL Compilation)","Quick Restart","RNG Fix","Relic Stats","Slay the Relics Exporter","StSLib","ojb\u0027s Better Paths Mod","ojb\u0027s Info Mod","slay the spire mod where everything is the same but ironclad has a cowboy hat"],"gold_per_floor":[111,23,23,23,40,40,80,105,105,121,121,137,157,200,200,285,294,314,23,47,74,83,118,118,118,118],"floor_reached":25,"language":"ENG","playtime":786,"items_purged":[],"score":512,"play_id":"c3ab0117-3ced-44fa-9cea-b722d227a89e","local_time":"20210128100023","is_ascension_mode":true,"campfire_choices":[{"data":"Pommel Strike","floor":6.0,"key":"SMITH"},{"data":"Bash","floor":11.0,"key":"SMITH"},{"data":"Cleave","floor":15.0,"key":"SMITH"},{"data":"Shockwave","floor":24.0,"key":"SMITH"}],"circlet_count":0,"master_deck":["AscendersBane","Strike_R","Strike_R","Strike_R","Strike_R","Strike_R","Defend_R","Defend_R","Defend_R","Defend_R","Bash+1","True Grit","Pommel Strike+1","Iron Wave","Rampage","Cleave+1","Dark Embrace","Corruption","Dropkick","Feed","CurseOfTheBell","Hemokinesis","Shockwave+1","Shrug It Off+1","Ghostly","Ghostly","Ghostly","Writhe","Shrug It Off+1"],"relics":["Burning Blood","NeowsBlessing","Boot","CeramicFish","Shuriken","Art of War","Calling Bell","Oddly Smooth Stone","Letter Opener","Ginger","Bag of Marbles","Mango"],"acts_visited":["Exordium","TheCity"],"potions_floor_usage":[25],"damage_taken":[{"damage":0.0,"enemies":"Cultist","floor":1.0,"turns":1.0},{"damage":0.0,"enemies":"Small Slimes","floor":5.0,"turns":1.0},{"damage":0.0,"enemies":"3 Sentries","floor":7.0,"turns":1.0},{"damage":7.0,"enemies":"Jaw Worm","floor":8.0,"turns":3.0},{"damage":15.0,"enemies":"Gremlin Gang","floor":10.0,"turns":5.0},{"damage":8.0,"enemies":"3 Louse","floor":12.0,"turns":3.0},{"damage":9.0,"enemies":"Blue Slaver","floor":13.0,"turns":3.0},{"damage":32.0,"enemies":"Gremlin Nob","floor":14.0,"turns":4.0},{"damage":15.0,"enemies":"Slime Boss","floor":16.0,"turns":7.0},{"damage":35.0,"enemies":"3 Byrds","floor":18.0,"turns":7.0},{"damage":12.0,"enemies":"Chosen","floor":20.0,"turns":4.0},{"damage":17.0,"enemies":"Gremlin Leader","floor":23.0,"turns":7.0},{"damage":39,"enemies":"Book of Stabbing","floor":25,"turns":6}],"seed_played":"-488582996875235723","potions_obtained":[{"floor":3.0,"key":"AttackPotion"},{"floor":3.0,"key":"GamblersBrew"},{"floor":5.0,"key":"PowerPotion"},{"floor":13.0,"key":"AttackPotion"},{"floor":20.0,"key":"FearPotion"}],"is_trial":false,"path_per_floor":["M","$","?","?","M","R","E","M","T","M","R","M","M","E","R","B",null,"M","$","M","?","?","E","R","E"],"character_chosen":"IRONCLAD","items_purchased":["Pommel Strike","Iron Wave","Shockwave","PowerPotion","Bag of Marbles"],"campfire_rested":0,"item_purchase_floors":[2,2,19,19,19],"current_hp_per_floor":[74,74,74,69,75,75,75,74,74,65,65,63,60,34,34,25,63,37,37,31,31,45,34,34,0,0],"gold":118,"neow_bonus":"THREE_ENEMY_KILL","is_daily":false,"chose_seed":false,"campfire_upgraded":4,"win_rate":0.0,"timestamp":1611846023,"path_taken":["M","$","?","?","M","R","E","M","T","M","R","?","M","E","R","BOSS","M","$","M","?","?","E","R","E"],"items_purchased_type":["Card","Card","Card","Potion","Relic"],"build_version":"2020-12-22","purchased_purges":0,"victory":false,"max_hp_per_floor":[75,75,75,75,75,75,75,75,75,75,75,75,75,75,75,75,75,78,78,78,39,53,53,53,53,53],"relic_stats":{"counters":[13,52],"Shuriken":[15],"CeramicFish":126,"Art of War":[0],"Letter Opener":[0],"Ginger":[3],"Boot":[11],"obtain_stats":[{"Calling Bell":17,"NeowsBlessing":0,"Shuriken":9,"CeramicFish":7,"Oddly Smooth Stone":17,"Mango":22,"Art of War":14,"Bag of Marbles":19,"Letter Opener":17,"Ginger":17,"Boot":4,"Burning Blood":0},{"Calling Bell":9,"NeowsBlessing":0,"Shuriken":4,"CeramicFish":3,"Oddly Smooth Stone":9,"Mango":11,"Art of War":8,"Bag of Marbles":10,"Letter Opener":9,"Ginger":9,"Boot":1,"Burning Blood":0},{"Calling Bell":28,"NeowsBlessing":0,"Shuriken":6,"CeramicFish":3,"Oddly Smooth Stone":28,"Mango":39,"Art of War":21,"Bag of Marbles":35,"Letter Opener":28,"Ginger":28,"Boot":1,"Burning Blood":0}],"Burning Blood":66},"card_choices":[{"not_picked":["Bloodletting","Wild Strike"],"picked":"True Grit","floor":1.0},{"not_picked":["Pommel Strike","Shrug It Off"],"picked":"Rampage","floor":5.0},{"not_picked":["Sword Boomerang","Shrug It Off"],"picked":"Cleave","floor":7.0},{"not_picked":["Brutality","Wild Strike"],"picked":"Dark Embrace","floor":8.0},{"not_picked":["Heavy Blade","Havoc","Shrug It Off"],"picked":"SKIP","floor":10.0},{"not_picked":["Headbutt","Thunderclap","Shrug It Off"],"picked":"SKIP","floor":12.0},{"not_picked":["Armaments","Body Slam"],"picked":"Corruption","floor":13.0},{"not_picked":["Spot Weakness","Dual Wield"],"picked":"Dropkick","floor":14.0},{"not_picked":["Exhume","Offering"],"picked":"Feed","floor":16.0},{"not_picked":["True Grit","Havoc"],"picked":"Hemokinesis","floor":18.0},{"not_picked":["Rupture","Pummel"],"picked":"Shrug It Off+1","floor":20.0},{"not_picked":["Flex","Entrench"],"picked":"Shrug It Off+1","floor":23.0}],"player_experience":1501578,"relics_obtained":[{"floor":7.0,"key":"CeramicFish"},{"floor":9.0,"key":"Shuriken"},{"floor":14.0,"key":"Art of War"},{"floor":17.0,"key":"Oddly Smooth Stone"},{"floor":17.0,"key":"Letter Opener"},{"floor":17.0,"key":"Ginger"}],"event_choices":[{"damage_healed":0.0,"max_hp_gain":0.0,"max_hp_loss":0.0,"gold_gain":0.0,"event_name":"Lab","player_choice":"Got Potions","floor":3.0,"gold_loss":0.0,"damage_taken":0.0},{"damage_healed":0.0,"max_hp_gain":0.0,"max_hp_loss":0.0,"gold_gain":0.0,"event_name":"Scrap Ooze","player_choice":"Success","floor":4.0,"gold_loss":0.0,"damage_taken":5.0,"relics_obtained":["Boot"]},{"damage_healed":0.0,"max_hp_gain":0.0,"max_hp_loss":39.0,"gold_gain":0.0,"event_name":"Ghosts","player_choice":"Became a Ghost","floor":21.0,"gold_loss":0.0,"damage_taken":0.0,"cards_obtained":["Ghostly","Ghostly","Ghostly"]},{"damage_healed":0.0,"max_hp_gain":0.0,"max_hp_loss":0.0,"gold_gain":0.0,"event_name":"The Mausoleum","player_choice":"Opened","floor":22.0,"gold_loss":0.0,"damage_taken":0.0,"relics_obtained":["Mango"],"cards_obtained":["Writhe"]}],"is_beta":false,"boss_relics":[{"not_picked":["SacredBark","SlaversCollar"],"picked":"Calling Bell"}],"items_purged_floors":[],"is_endless":false,"potions_floor_spawned":[5,7,13,14,20],"killed_by":"Book of Stabbing","ascension_level":20}}