{"host":"9v3x998ddbx8o276","time":1611821710,"event":{"mods":["AchievementEnabler","BaseMod","Colored Map","Colored Powertips","Highlight Path","Minty Spire (QoL Compilation)","Quick Restart","Rare Cards Sparkle"],"gold_per_floor":[109,129,147,167,22,57,57,392,472,472,472,18,45,64,64,64,64],"floor_reached":16,"language":"ENG","playtime":608,"items_purged":["Strike_R"],"score":247,"play_id":"d0ae022b-0a10-40b8-a821-26441e65590e","local_time":"20210128184510","is_ascension_mode":true,"campfire_choices":[{"floor":11,"key":"REST"},{"floor":15,"key":"REST"}],"circlet_count":0,"master_deck":["AscendersBane","Strike_R","Strike_R","Strike_R","Strike_R","Defend_R","Defend_R","Defend_R","Defend_R+1","Bash","Headbutt","Hemokinesis","Twin Strike","Sword Boomerang+1","Limit Break+1","Clothesline","Rupture","Dual Wield","Pummel"],"relics":["SacredBark","Sling","Bag of Preparation","Old Coin","Kunai","Charon\u0027s Ashes","Lantern"],"acts_visited":["Exordium"],"potions_floor_usage":[6,8,16],"damage_taken":[{"damage":1,"enemies":"Cultist","floor":1,"turns":3},{"damage":3,"enemies":"Small Slimes","floor":2,"turns":3},{"damage":9,"enemies":"Jaw Worm","floor":3,"turns":3},{"damage":6,"enemies":"2 Fungi Beasts","floor":4,"turns":4},{"damage":0,"enemies":"Gremlin Nob","floor":6,"turns":2},{"damage":29,"enemies":"3 Sentries","floor":8,"turns":6},{"damage":12,"enemies":"Lagavulin","floor":13,"turns":5},{"damage":9,"enemies":"Blue Slaver","floor":14,"turns":4},{"damage":28,"enemies":"Hexaghost","floor":16,"turns":4}],"seed_played":"7759508926077004046","potions_obtained":[{"floor":2,"key":"LiquidBronze"},{"floor":3,"key":"DuplicationPotion"},{"floor":4,"key":"AttackPotion"},{"floor":14,"key":"Fire Potion"}],"is_trial":false,"path_per_floor":["M","M","M","M","$","E","?","E","T","?","R","$","E","M","R","B"],"character_chosen":"IRONCLAD","items_purchased":["Sling","Rupture","Charon\u0027s Ashes"],"campfire_rested":2,"item_purchase_floors":[5,12,12],"current_hp_per_floor":[67,64,55,49,49,49,34,5,5,5,27,27,15,6,28,0,0],"gold":64,"neow_bonus":"BOSS_RELIC","is_daily":false,"chose_seed":false,"campfire_upgraded":0,"win_rate":0.0,"timestamp":1611821710,"path_taken":["M","?","M","M","$","E","?","E","T","?","R","$","E","M","R","BOSS"],"items_purchased_type":["Relic","Card","Relic"],"build_version":"2020-12-22","purchased_purges":1,"victory":false,"max_hp_per_floor":[75,75,75,75,75,75,75,75,75,75,75,75,75,75,75,75,75],"card_choices":[{"not_picked":["Body Slam","Heavy Blade"],"picked":"Headbutt","floor":1},{"not_picked":["Second Wind","Armaments"],"picked":"Hemokinesis","floor":2},{"not_picked":["Body Slam","Battle Trance"],"picked":"Twin Strike","floor":3},{"not_picked":["Entrench","Evolve"],"picked":"Sword Boomerang","floor":4},{"not_picked":["Flex","Power Through"],"picked":"Limit Break","floor":6},{"not_picked":["Blood for Blood","Metallicize"],"picked":"Clothesline","floor":8},{"not_picked":["Rupture","Anger"],"picked":"Dual Wield","floor":13},{"not_picked":["Warcry","Reckless Charge"],"picked":"Pummel","floor":14}],"player_experience":1722155,"relics_obtained":[{"floor":6,"key":"Bag of Preparation"},{"floor":8,"key":"Old Coin"},{"floor":9,"key":"Kunai"},{"floor":13,"key":"Lantern"}],"event_choices":[{"damage_healed":0,"gold_gain":0,"player_choice":"Entered Light","damage_taken":15,"max_hp_gain":0,"max_hp_loss":0,"event_name":"Shining Light","floor":7,"gold_loss":0,"cards_upgraded":["Defend_R","Sword Boomerang"]},{"damage_healed":0,"gold_gain":0,"player_choice":"Forge","damage_taken":0,"max_hp_gain":0,"max_hp_loss":0,"event_name":"Accursed Blacksmith","floor":10,"gold_loss":0,"cards_upgraded":["Limit Break"]}],"is_beta":false,"boss_relics":[],"items_purged_floors":[12],"is_endless":false,"potions_floor_spawned":[2,3,4,14],"killed_by":"Hexaghost","ascension_level":14}}