{"host":"fzjysjq26ryju8gm","time":1611801867,"event":{"mods":["BaseMod","BetterRewards","CapriCore","Downfall","Koishi","Minty Spire (QoL Compilation)","Replay The Spire","Shop Mod","StSLib","The Immortal","Waifu the Spire","Yakumo Yukari mod","[IsaacMod]以撒尖塔","noobMod","篝火指南"],"gold_per_floor":[21,68,87,105,105,31,85,117,117,127,127,139,151,185,198,302,302,302,302,287,303,403,303,379,279,298,308,623,634,559,573,583,684,684,684,704,720,720,387,398,398,427,473,473,498,545,584,603,658,690,690,749,781,781,850,870],"floor_reached":57,"language":"ZHS","playtime":7560,"items_purged":["hexamod:Defend","hexamod:Sear","hexamod:Strike","hexamod:Defend","hexamod:Strike","hexamod:Strike","hexamod:Defend"],"score":1773,"play_id":"0981455b-d45c-4973-8574-a0ab1c58e945","local_time":"20210128104427","is_ascension_mode":false,"campfire_choices":[{"floor":25.0,"key":"RECALL"}],"circlet_count":0,"master_deck":["hexamod:Defend","hexamod:Float","hexamod:GhostOfSpirePast+1","hexamod:RainOfEmbers+1","expansioncontent:DashGenerateEvil","hexamod:TimeOfNeed","hexamod:Haunt","hexamod:ForkedFlame","expansioncontent:QuickStudy","Prepared+1","Terror","expansioncontent:QuickStudy","Replay:SS_forest_2","hexamod:SwordOfDarkness","Replay:SS_forest_2","hexamod:GhostflameBarrier","Master of Strategy","bronze:Repulsor+1","TalkToTheHand","Slimebound:FormOfPuddle+1","Inflame","hexamod:ExtraCrispy","expansioncontent:YouAreMine+1","Flash of Steel","Sadistic Nature","hexamod:ForkedFlame","hexamod:SoulSteal","hexamod:GhostflameInferno","expansioncontent:StudyTheSpire","hexamod:ExtraCrispy"],"relics":["hexamod:SpiritBrand","HushsDoor","ice","SteamSale","Sling","Membership Card","Omamori","Pocketwatch","TheBible","Dream Catcher","Guide Book","MerchantsRug","Girya","MagicMushroom","hexamod:MatchstickCase","Replay:Baseball","SalivaCoin","Anchor","Orrery","Gambling Chip","BookofShadows","downfall:HeartBlessingGreen","Orichalcum","Oddly Smooth Stone","Toolbox","downfall:HeartBlessingBlue","Regal Pillow","TungstenRod","TheBattery","downfall:HeartBlessingRed","Smiling Mask","Gremlin Horn","OrangePellets","Abe\u0027s Treasure","GuppysPaw","GuppysHairball","GuppysTail","Kunai","NineVolt","Tiny Chest","Darkstone Periapt","ReplayTheSpireMod:Lightbulb","Chaos","PunchingBag","EdensBlessing","Replay:Bandana","Replay:WaspNest","Bottled Flame","HowToJump","Replay:Arrowhead","D4","Frozen Eye","Onion Ring","Mirror","DeadEye","Painkiller Herb","GnawedLeaf","Thread and Needle"],"acts_visited":["Exordium","TheCity","TheBeyond","TheEnding"],"potions_floor_usage":[],"damage_taken":[{"damage":6.0,"enemies":"Jaw Worm","floor":3.0,"turns":3.0},{"damage":0.0,"enemies":"Cultist","floor":4.0,"turns":4.0},{"damage":0.0,"enemies":"3 Sentries","floor":8.0,"turns":2.0},{"damage":0.0,"enemies":"2 Louse","floor":10.0,"turns":1.0},{"damage":0.0,"enemies":"2 Fungi Beasts","floor":12.0,"turns":3.0},{"damage":0.0,"enemies":"3 Louse","floor":13.0,"turns":2.0},{"damage":0.0,"enemies":"Gremlin Nob","floor":14.0,"turns":3.0},{"damage":3.0,"enemies":"Exordium Wildlife","floor":15.0,"turns":3.0},{"damage":9.0,"enemies":"WA_ARCHETYPE_RETAIN","floor":16.0,"turns":3.0},{"damage":0.0,"enemies":"Chosen","floor":19.0,"turns":1.0},{"damage":0.0,"enemies":"downfall:FleeingMerchant","floor":20.0,"turns":4.0},{"damage":0.0,"enemies":"Snake Plant","floor":21.0,"turns":3.0},{"damage":0.0,"enemies":"Colosseum Nobs","floor":22.0,"turns":3.0},{"damage":4.0,"enemies":"Centurion and Healer","floor":26.0,"turns":4.0},{"damage":0.0,"enemies":"Snecko","floor":27.0,"turns":3.0},{"damage":0.0,"enemies":"downfall:FleeingMerchant","floor":28.0,"turns":4.0},{"damage":0.0,"enemies":"Shelled Parasite and Fungi","floor":29.0,"turns":4.0},{"damage":0.0,"enemies":"Centurion and Healer","floor":31.0,"turns":3.0},{"damage":0.0,"enemies":"Snecko","floor":32.0,"turns":2.0},{"damage":0.0,"enemies":"SI_MIRROR_ARCHETYPE","floor":33.0,"turns":7.0},{"damage":0.0,"enemies":"3 Shapes","floor":36.0,"turns":1.0},{"damage":0.0,"enemies":"Orb Walker","floor":37.0,"turns":2.0},{"damage":0.0,"enemies":"Maw","floor":40.0,"turns":3.0},{"damage":0.0,"enemies":"Transient","floor":43.0,"turns":4.0},{"damage":0.0,"enemies":"Writhing Mass","floor":45.0,"turns":2.0},{"damage":0.0,"enemies":"R_Hoarder","floor":46.0,"turns":2.0},{"damage":0.0,"enemies":"Sphere and 2 Shapes","floor":48.0,"turns":2.0},{"damage":0.0,"enemies":"3 Darklings","floor":49.0,"turns":1.0},{"damage":0.0,"enemies":"IC_BLOCK_ARCHETYPE","floor":50.0,"turns":4.0},{"damage":0.0,"enemies":"downfall:CharBossMerchant","floor":52.0,"turns":3.0},{"damage":54.0,"enemies":"Delirium","floor":55.0,"turns":14.0},{"damage":0,"enemies":"downfall:NeowBossFinal","floor":56,"turns":3}],"seed_played":"5406343272420204400","potions_obtained":[{"floor":8.0,"key":"Adrenaline Potion"},{"floor":14.0,"key":"DuplicationPotion"},{"floor":16.0,"key":"LifebloodPotion"},{"floor":21.0,"key":"Venom Potion"},{"floor":22.0,"key":"Fire Potion"},{"floor":33.0,"key":"Death Potion"},{"floor":48.0,"key":"Milkshake"}],"is_trial":false,"path_per_floor":["R","?","M","M","?","R","T","E","R","M","?","M","M","E","M","B",null,"R","M","$","M","?","R","T","R","M","M","$","M","R","M","M","B",null,"R","M","M","$","?","M","T","$","M","?","M","E","R","M","M","B",null,"E","$","R","B","B",null],"character_chosen":"THE_SPIRIT","items_purchased":["Sling","Membership Card","TheBible","Dream Catcher","Guide Book","expansioncontent:DashGenerateEvil","MerchantsRug","Toxic Potion","BlessingOfTheForge","hexamod:MatchstickCase","Replay:Baseball","PrismaticShard","expansioncontent:QuickStudy","SalivaCoin","Anchor","Orrery","Toxic Potion","expansioncontent:QuickStudy","Orichalcum","Oddly Smooth Stone","Toolbox","Replay:SS_forest_2","Regal Pillow","TungstenRod","TheBattery","Replay:SS_forest_2","Doom Potion","hexamod:GhostflameBarrier","Smiling Mask","Gremlin Horn","OrangePellets","Master of Strategy","bronze:BurnAndBuffPotion","GuppysPaw","GuppysHairball","GuppysTail","Kunai","NineVolt","Tiny Chest","Darkstone Periapt","ReplayTheSpireMod:Lightbulb","Chaos","EdensBlessing","Replay:Bandana","Replay:WaspNest","hexamod:ExtraCrispy","PowerPotion","HowToJump","Replay:Arrowhead","D4","Sadistic Nature","Onion Ring","Mirror","DeadEye","hexamod:GhostflameInferno","expansioncontent:StudyTheSpire","ColorlessPotion","Painkiller Herb","GnawedLeaf","Thread and Needle","hexamod:ExtraCrispy"],"campfire_rested":0,"item_purchase_floors":[1,6,9,9,9,9,9,9,9,18,18,18,18,20,20,20,20,23,23,23,23,23,28,28,28,28,28,28,30,30,30,30,30,34,34,34,35,35,35,38,38,38,42,42,42,42,42,47,47,47,47,53,53,53,53,53,53,54,54,54,54],"current_hp_per_floor":[77,62,56,56,56,56,56,56,56,56,56,56,56,56,53,44,84,84,84,84,84,84,84,84,94,90,91,92,93,93,94,94,94,64,64,64,64,64,72,72,72,72,72,72,72,72,72,72,72,72,72,72,72,72,18,19],"gold":870,"neow_bonus":"TEN_PERCENT_HP_BONUS","is_daily":false,"chose_seed":false,"campfire_upgraded":0,"win_rate":0.0,"timestamp":1611801867,"path_taken":["R","?","M","M","?","R","T","E","R","M","?","M","?","E","M","BOSS","R","M","$","M","?","R","T","R","M","M","$","M","R","M","M","BOSS","R","M","M","$","?","M","T","$","M","?","M","E","R","M","M","BOSS","E","$","R","BOSS","BOSS"],"items_purchased_type":["Relic","Relic","Relic","Relic","Relic","Card","Relic","Potion","Potion","Relic","Relic","Relic","Card","Relic","Relic","Relic","Potion","Card","Relic","Relic","Relic","Card","Relic","Relic","Relic","Card","Potion","Card","Relic","Relic","Relic","Card","Potion","Relic","Relic","Relic","Relic","Relic","Relic","Relic","Relic","Card","Relic","Relic","Relic","Card","Potion","Relic","Relic","Relic","Card","Relic","Relic","Relic","Card","Card","Potion","Relic","Relic","Relic","Card"],"build_version":"2020-12-22","purchased_purges":7,"victory":true,"max_hp_per_floor":[77,77,77,77,77,77,77,77,77,77,77,77,77,77,77,77,84,84,84,84,84,84,84,84,94,94,94,94,94,94,94,94,94,64,64,64,64,64,72,72,72,72,72,72,72,72,72,72,72,72,72,72,72,72,72,72],"card_choices":[{"not_picked":["hexamod:Again","hexamod:RadiantFlame"],"picked":"Bomb","floor":3.0},{"not_picked":["hexamod:HauntingEcho","hexamod:Hexaguard"],"picked":"hexamod:GhostOfSpirePast","floor":4.0},{"not_picked":["hexamod:HauntingEcho","hexamod:SpectersWail"],"picked":"hexamod:RainOfEmbers","floor":8.0},{"not_picked":["hexamod:InspiringFlames","Bomb"],"picked":"hexamod:TimeOfNeed","floor":10.0},{"not_picked":["hexamod:AdvancingGuard","hexamod:FastForward","hexamod:HauntingEcho"],"picked":"SKIP","floor":12.0},{"not_picked":["hexamod:SpectersWail","hexamod:AdvancingGuard","hexamod:GhostShield"],"picked":"SKIP","floor":13.0},{"not_picked":["hexamod:HeatMetal","hexamod:ShieldOfDarkness"],"picked":"hexamod:Haunt","floor":14.0},{"not_picked":["hexamod:Firestarter","hexamod:SecondSeal","hexamod:InspiringFlames"],"picked":"SKIP","floor":15.0},{"not_picked":["hexamod:SixthSeal","hexamod:UnlimitedPower"],"picked":"hexamod:ForkedFlame","floor":16.0},{"not_picked":["FIFO Queue","bronze:OilSpill+1","champ:AdrenalArmor+1"],"picked":"SKIP","floor":19.0},{"not_picked":["MokouMod:SearingShot","bronze:Shield","Photoelasticity_Doppler_Effect_purple+1"],"picked":"SKIP","floor":20.0},{"not_picked":["expansioncontent:AwakenDeath","Slimebound:ComboTackle"],"picked":"Prepared+1","floor":20.0},{"not_picked":["Slimebound:SplitMire+1","Koishi:DNAsFlaw"],"picked":"Terror","floor":20.0},{"not_picked":["Burning Pact","hexamod:AdvancingGuard+1","MokouMod:Overheat"],"picked":"SKIP","floor":21.0},{"not_picked":["Slimebound:SlimeSpikes","ThirdEye+1","Boundary_DreamRealityDamnation_purple"],"picked":"SKIP","floor":26.0},{"not_picked":["Rip and Tear","sneckomod:MasterEye","Redo"],"picked":"SKIP","floor":27.0},{"not_picked":["MokouMod:Extinguish","PanicButton+1"],"picked":"hexamod:SwordOfDarkness","floor":28.0},{"not_picked":["Guardian:TemporalStrike","Cold Snap","Static Discharge"],"picked":"SKIP","floor":29.0},{"not_picked":["Survey Options","Guardian:Gem_Cyan"],"picked":"bronze:Repulsor+1","floor":31.0},{"not_picked":["Dramatic Entrance","Glacier"],"picked":"TalkToTheHand","floor":32.0},{"not_picked":["Terror","Koishi:FleetingPhantom+1"],"picked":"Slimebound:FormOfPuddle+1","floor":36.0},{"not_picked":["ReplaySort","Slimebound:LeechingTouch","sneckomod:SlitherStrike"],"picked":"SKIP","floor":37.0},{"not_picked":["Toxin Wave+1","Dark Shackles"],"picked":"Inflame","floor":40.0},{"not_picked":["hexamod:ThermalTransfer+1","sneckomod:DiceCrush+1"],"picked":"expansioncontent:YouAreMine+1","floor":43.0},{"not_picked":["Dropkick+1","Flying Knee+1","Clothesline"],"picked":"SKIP","floor":45.0},{"not_picked":["bronze:Turbo","ReplayGash"],"picked":"Flash of Steel","floor":46.0},{"not_picked":["hexamod:AdvancingGuard","hexamod:SpectersWail+1"],"picked":"hexamod:ForkedFlame","floor":48.0},{"not_picked":["hexamod:GhostShield+1","hexamod:FastForward","hexamod:BurningTouch+1"],"picked":"SKIP","floor":49.0},{"not_picked":["hexamod:HauntingEcho","hexamod:Hexaguard+1"],"picked":"hexamod:SoulSteal","floor":52.0}],"player_experience":742184,"relics_obtained":[{"floor":7.0,"key":"Omamori"},{"floor":8.0,"key":"Pocketwatch"},{"floor":14.0,"key":"Girya"},{"floor":22.0,"key":"Gambling Chip"},{"floor":22.0,"key":"BookofShadows"},{"floor":41.0,"key":"PunchingBag"},{"floor":46.0,"key":"Bottled Flame"},{"floor":52.0,"key":"Frozen Eye"}],"event_choices":[],"is_beta":false,"boss_relics":[{"not_picked":["Ring of Chaos","Runic Pyramid"],"picked":"MagicMushroom"},{"not_picked":[]},{"not_picked":["Runic Dome","SacredBark"],"picked":"Abe\u0027s Treasure"},{"not_picked":[]}],"items_purged_floors":[9,28,35,42,47,53,54],"is_endless":false,"potions_floor_spawned":[8,10,14,15,16,21,22,26,31,32,33,40,46,48],"ascension_level":0}}