{"host":"l1bfbgeb3oxa8ieg","time":1611819844,"event":{"mods":["AlwaysNeverKeys","Aspiration","BaseMod","Beaked The Cultist","Better Match","Better Note","Better Third Choice","BetterRewards","Colored Powertips","Conspire","Energized Spire","Fiend Mod","Friendly Minions","Halation","Infinite Spire","Minty Spire (QoL Compilation)","Permanent Neow","Quick Restart","Replay The Spire","Shop Mod","Spicy Shops","Spikes Relics","StSLib","TestMod","The Blackbeard","The Mystic","The Necromancer","Uncapped","UnlockEverythingMod"],"gold_per_floor":[115,130,82,116,136,165,165,24,73,148,148,175,175,193,193,291,291,304,304,316,124,144,175,175,175,175,100,119,119,135,146,146,242,242,262,279,279,279,295,295,330,330,355,355,355],"floor_reached":44,"language":"ENG","playtime":2891,"items_purged":["Strike_R"],"score":491,"play_id":"1f64e3a8-118f-4ca8-a2b8-862d18e63727","local_time":"20210128084404","is_ascension_mode":false,"campfire_choices":[{"data":"Anger","floor":7,"key":"SMITH"},{"data":"Limit Break","floor":13,"key":"SMITH"},{"floor":15,"key":"REST"},{"data":"Demon Form","floor":24,"key":"SMITH"},{"data":"Invigoration","floor":29,"key":"SMITH"},{"floor":32,"key":"REST"},{"floor":40,"key":"REST"},{"data":"infinitespire:UltimateForm","floor":42,"key":"SMITH"}],"circlet_count":0,"master_deck":["Strike_R","Strike_R","Strike_R","Defend_R","Defend_R","Defend_R","Defend_R","Bash","Anger+1","Iron Wave","Flex","Armaments","Armaments","Sword Boomerang","Limit Break+1","Pommel Strike","Demon Form+1","infinitespire:UltimateForm+1","Bloodletting","Inflame","Heavy Blade","Invigoration+1","infinitespire:Execution","Heavy Blade+1"],"relics":["Black Blood","testmod-TestBox","halation:SelfBoilingWater","aspiration:TomeofQuesting","Blood Vial","Centennial Puzzle","energizedSpire:DeadBattery","Bottled Tornado","Kunai","energizedSpire:MagnifyingGlass","testmod-Hope","Pet Ghost"],"acts_visited":["Exordium","TheCity","TheBeyond"],"potions_floor_usage":[16,16,23,31,35,36,39],"damage_taken":[{"damage":6,"enemies":"Jaw Worm","floor":1,"turns":3},{"damage":1,"enemies":"conspire:RoseBush","floor":2,"turns":4},{"damage":20,"enemies":"conspire:MimicChest","floor":4,"turns":7},{"damage":1,"enemies":"2 Louse","floor":5,"turns":2},{"damage":17,"enemies":"Replay:BlueRogue","floor":6,"turns":5},{"damage":18,"enemies":"Lagavulin","floor":12,"turns":4},{"damage":6,"enemies":"Exordium Wildlife","floor":14,"turns":2},{"damage":48,"enemies":"Fading Forest","floor":16,"turns":11},{"damage":5,"enemies":"Chosen","floor":18,"turns":4},{"damage":19,"enemies":"Spheric Guardian","floor":20,"turns":4},{"damage":24,"enemies":"Snake Plant","floor":22,"turns":5},{"damage":17,"enemies":"Book of Stabbing","floor":23,"turns":4},{"damage":8,"enemies":"conspire:HollyBat","floor":28,"turns":6},{"damage":20,"enemies":"Snecko","floor":30,"turns":4},{"damage":20,"enemies":"Shelled Parasite and Fungi","floor":31,"turns":4},{"damage":38,"enemies":"Champ","floor":33,"turns":7},{"damage":43,"enemies":"3 Darklings","floor":35,"turns":5},{"damage":16,"enemies":"3 Shapes","floor":36,"turns":4},{"damage":51,"enemies":"Spire Growth","floor":39,"turns":4},{"damage":13,"enemies":"Giant Head","floor":41,"turns":5},{"damage":54,"enemies":"2 Orb Walkers","floor":44,"turns":4}],"seed_played":"890616731035758994","potions_obtained":[{"floor":2,"key":"Strength Potion"},{"floor":12,"key":"Adrenaline Potion"},{"floor":14,"key":"Strength Potion"},{"floor":23,"key":"testmod-EscapePotion"},{"floor":28,"key":"CultistPotion"},{"floor":30,"key":"Swift Potion"},{"floor":31,"key":"GamblersBrew"},{"floor":36,"key":"BloodPotion"}],"is_trial":true,"path_per_floor":["M","M","$","?","M","E","R","$","T","?","?","E","R","M","R","B",null,"M","AVR","M","$","M","E","R","?","T","?","M","R","M","M","R","B",null,"M","M","AVR","?","M","R","E","R","T","?"],"character_chosen":"IRONCLAD","items_purchased":["Flex","Limit Break","Inflame"],"campfire_rested":3,"item_purchase_floors":[3,8,21],"current_hp_per_floor":[80,80,80,66,71,60,60,60,60,49,41,31,31,33,57,38,80,80,80,73,73,63,60,60,60,60,60,66,66,60,54,78,54,80,49,47,47,47,26,50,51,51,51,0,0],"gold":355,"neow_bonus":"","is_daily":false,"chose_seed":false,"campfire_upgraded":5,"win_rate":0.0,"timestamp":1611819844,"path_taken":["M","M","$","?","M","E","R","$","T","?","?","E","R","M","R","BOSS","M","AVR","M","$","M","E","R","?","T","?","M","R","M","M","R","BOSS","M","M","AVR","?","M","R","E","R","T","?"],"items_purchased_type":["Card","Card","Card"],"build_version":"2020-12-22","purchased_purges":1,"victory":false,"max_hp_per_floor":[80,80,80,80,80,80,80,80,80,80,80,80,80,80,80,80,80,80,80,80,80,80,80,80,80,80,80,80,80,80,80,80,80,80,80,80,80,80,80,80,80,80,80,80,80],"card_choices":[{"not_picked":["Iron Wave","Replay:Undeath\u0027s Touch"],"picked":"Anger","floor":1},{"not_picked":["Twin Strike","Wild Strike"],"picked":"Iron Wave","floor":2},{"not_picked":["Ghostly Armor","Iron Wave"],"picked":"Armaments","floor":4},{"not_picked":["conspire:Charge","Havoc"],"picked":"Armaments","floor":5},{"not_picked":["Clothesline","Second Wind"],"picked":"Sword Boomerang","floor":6},{"not_picked":["Clash","Flex"],"picked":"Pommel Strike","floor":12},{"not_picked":["Impervious","Anger","Sword Boomerang"],"picked":"SKIP","floor":14},{"not_picked":["conspire:HitWhereItHurts","Hemogenesis"],"picked":"Demon Form","floor":16},{"not_picked":["Dark Embrace","Wild Strike","ReplayTheSpireMod:Strike From Hell"],"picked":"SKIP","floor":18},{"not_picked":["Headbutt","Pommel Strike"],"picked":"Bloodletting","floor":20},{"not_picked":["Replay:Undeath\u0027s Touch","Shrug It Off"],"picked":"Heavy Blade","floor":22},{"not_picked":["Power Through","Evolve+1","Body Slam"],"picked":"SKIP","floor":23},{"not_picked":["Sword Boomerang","Eclipse"],"picked":"Invigoration","floor":28},{"not_picked":["Cleave","Invigoration","Rage+1"],"picked":"SKIP","floor":30},{"not_picked":["Whirlwind","Clothesline","True Grit"],"picked":"SKIP","floor":31},{"not_picked":["Headbutt+1","Absolvement","Invigoration+1"],"picked":"SKIP","floor":35},{"not_picked":["Bloodletting","infinitespire:OneForAll","Fire Breathing+1"],"picked":"SKIP","floor":36},{"not_picked":["ReplayTheSpireMod:Strike From Hell+1","Havoc+1"],"picked":"Heavy Blade+1","floor":39},{"not_picked":["BarbarianYell+1","Wild Strike","ReplayTheSpireMod:Strike From Hell+1"],"picked":"SKIP","floor":41}],"player_experience":182603,"relics_obtained":[{"floor":4,"key":"halation:SelfBoilingWater"},{"floor":6,"key":"aspiration:TomeofQuesting"},{"floor":9,"key":"Blood Vial"},{"floor":12,"key":"Centennial Puzzle"},{"floor":23,"key":"Bottled Tornado"},{"floor":26,"key":"Kunai"},{"floor":41,"key":"testmod-Hope"},{"floor":43,"key":"Pet Ghost"}],"event_choices":[{"damage_healed":0,"gold_gain":75,"player_choice":"Gold","damage_taken":11,"max_hp_gain":0,"max_hp_loss":0,"event_name":"betterThird:BetterGoop","floor":10,"gold_loss":0},{"damage_healed":0,"gold_gain":0,"player_choice":"Ignored","damage_taken":8,"max_hp_gain":0,"max_hp_loss":0,"event_name":"Plate Of N\u0027loth","floor":11,"gold_loss":0},{"damage_healed":0,"gold_gain":0,"player_choice":"Ignored","damage_taken":0,"max_hp_gain":0,"max_hp_loss":0,"event_name":"betterNote:BetterNote","floor":25,"gold_loss":0,"cards_obtained":["Barricade"]},{"cards_removed":["Strike_R"],"damage_healed":0,"gold_gain":0,"player_choice":"Gave Gold","damage_taken":0,"max_hp_gain":0,"max_hp_loss":0,"event_name":"Beggar","floor":27,"gold_loss":75},{"damage_healed":0,"gold_gain":0,"player_choice":"Fight","damage_taken":0,"max_hp_gain":0,"max_hp_loss":0,"event_name":"Mysterious Sphere","floor":44,"gold_loss":0}],"is_beta":false,"boss_relics":[{"not_picked":["testmod-SaigiyounoYou","Replay:Wanted Poster"],"picked":"Black Blood"},{"not_picked":["HailfireSword","testmod-NegativeEmotionEnhancer"],"picked":"energizedSpire:MagnifyingGlass"}],"items_purged_floors":[21],"is_endless":false,"potions_floor_spawned":[2,12,14,23,28,30,31,36],"killed_by":"2 Orb Walkers","ascension_level":0}}