{"host":"9slw7l0ws16384qq","time":1611863376,"event":{"mods":["A Penny For Your Troubles","BaseMod","Colored Map","Downfall","Evolution","Hubris","Lobotomy","Minty Spire (QoL Compilation)","Replay The Spire","StS++","StSLib"],"gold_per_floor":[99,109,119,119,29,29,55,66,51,126,157,169,179,179,191,191,191,191],"floor_reached":16,"language":"FRA","playtime":1341,"items_purged":["Slimebound:Strike_Slimebound"],"score":102,"play_id":"569d5d08-9418-44a4-be68-d0c45abf1959","local_time":"20210128204936","is_ascension_mode":false,"campfire_choices":[{"data":"Slimebound:Split","floor":1,"key":"SMITH"}],"circlet_count":0,"master_deck":["Slimebound:RollThrough","Slimebound:RollThrough","Slimebound:Tackle","Slimebound:Defend_Slimebound","Slimebound:Defend_Slimebound","Slimebound:Defend_Slimebound","Slimebound:Defend_Slimebound","Slimebound:Split+1","Slimebound:CorrosiveSpit","Slimebound:BestDefense","Slimebound:SamplingLick","Slimebound:Chomp","Slimebound:SamplingLick","Slimebound:Equalize","Slimebound:Equalize","Slimebound:SplitBruiser"],"relics":["Slimebound:AbsorbEndCombat","EVO:Axolotl","hubris:SlimyHat","Toy Ornithopter","Blood Vial","CaptainsWheel"],"acts_visited":["Exordium"],"potions_floor_usage":[9,11],"damage_taken":[{"damage":0,"enemies":"Small Slimes","floor":2,"turns":3},{"damage":6,"enemies":"Jaw Worm","floor":3,"turns":3},{"damage":4,"enemies":"downfall:FleeingMerchant","floor":5,"turns":4},{"damage":0,"enemies":"2 Louse","floor":8,"turns":2},{"damage":10,"enemies":"downfall:FleeingMerchant","floor":9,"turns":4},{"damage":5,"enemies":"3 Sentries","floor":11,"turns":4},{"damage":5,"enemies":"Exordium Wildlife","floor":12,"turns":2},{"damage":18,"enemies":"Gremlin Gang","floor":13,"turns":4},{"damage":6,"enemies":"2 Fungi Beasts","floor":15,"turns":3},{"damage":95,"enemies":"WA_ARCHETYPE_RETAIN","floor":16,"turns":9}],"seed_played":"843593741032341593","potions_obtained":[{"floor":2,"key":"SkillPotion"},{"floor":8,"key":"Swift Potion"},{"floor":12,"key":"SmokeBomb"}],"is_trial":false,"path_per_floor":["R","M","M","?","$","?","T","M","$","?","E","M","M","T","M","B"],"character_chosen":"SLIMEBOUND","items_purchased":[],"campfire_rested":0,"item_purchase_floors":[],"current_hp_per_floor":[71,71,69,69,71,68,68,71,70,70,71,70,65,65,69,0,0,0],"gold":191,"neow_bonus":"TEN_PERCENT_HP_BONUS","is_daily":false,"chose_seed":false,"campfire_upgraded":1,"win_rate":0.0,"timestamp":1611863376,"path_taken":["R","M","M","?","$","?","T","M","?","?","E","?","M","?","M","BOSS"],"items_purchased_type":[],"build_version":"2020-12-22","purchased_purges":1,"victory":false,"max_hp_per_floor":[71,71,71,71,71,71,71,71,71,71,71,71,71,71,71,71,71,71],"card_choices":[{"not_picked":["Slimebound:Gluttony","Slimebound:AcidTongue"],"picked":"Slimebound:BestDefense","floor":2},{"not_picked":["Slimebound:LivingWall","Slimebound:GrowthPunch"],"picked":"Slimebound:SamplingLick","floor":3},{"not_picked":["Slimebound:HauntingLick","Slimebound:Recollect"],"picked":"Slimebound:Chomp","floor":5},{"not_picked":["Slimebound:SlimeSpikes","Slimebound:FinishingTackle","Slimebound:Prepare"],"picked":"SKIP","floor":8},{"not_picked":["Slimebound:RainOfGoop","Slimebound:LeechEnergy"],"picked":"Slimebound:SamplingLick","floor":9},{"not_picked":["Slimebound:SlimeSlap","Slimebound:LeadByExample"],"picked":"Slimebound:Equalize","floor":11},{"not_picked":["Slimebound:SlimeTap","Slimebound:PressTheAttack","Slimebound:HauntingLick"],"picked":"SKIP","floor":12},{"not_picked":["Slimebound:RollThrough","Slimebound:LivingWall"],"picked":"Slimebound:Equalize","floor":13},{"not_picked":["Slimebound:GrowthPunch","Slimebound:ItLooksTasty"],"picked":"Slimebound:SplitBruiser","floor":15}],"player_experience":1513373,"relics_obtained":[{"floor":7,"key":"Toy Ornithopter"},{"floor":11,"key":"Blood Vial"},{"floor":14,"key":"CaptainsWheel"}],"event_choices":[{"damage_healed":0,"gold_gain":0,"player_choice":"Success","damage_taken":3,"relics_obtained":["hubris:SlimyHat"],"max_hp_gain":0,"max_hp_loss":0,"event_name":"Scrap Ooze","floor":6,"gold_loss":0}],"is_beta":false,"boss_relics":[],"items_purged_floors":[5],"is_endless":false,"potions_floor_spawned":[2,8,12],"killed_by":"WA_ARCHETYPE_RETAIN","ascension_level":0}}