{"host":"9709z2dy8v1s63sm","time":1611828093,"event":{"mods":["AchievementEnabler","BaseMod","Minty Spire (QoL Compilation)","StSLib","SuperFastMode"],"gold_per_floor":[20,36,55,65,78,78,78,108,108,139,154,172,172,18,18,93,93,109,127,226,245,245,278,298,324,351,380,399,399,424,437,437,509,509,525,64,89,104,117,142,142,173,228,228,240,240,267,88,88,88,88,88,8,41,41],"floor_reached":56,"language":"KOR","playtime":5372,"items_purged":["Strike_R","Strike_R","Strike_R"],"score":2443,"play_id":"a57e7366-89d4-4e38-a23a-d0fd51aa20b8","local_time":"20210128190133","is_ascension_mode":true,"campfire_choices":[{"data":"Disarm","floor":6.0,"key":"SMITH"},{"data":"Disarm","floor":13.0,"key":"SMITH"},{"data":"Body Slam","floor":15.0,"key":"SMITH"},{"data":"Seeing Red","floor":29.0,"key":"SMITH"},{"data":"Burning Pact","floor":32.0,"key":"SMITH"},{"floor":41.0,"key":"RECALL"},{"data":"Power Through","floor":44.0,"key":"SMITH"},{"data":"Dual Wield","floor":49.0,"key":"SMITH"},{"data":"Offering","floor":52.0,"key":"SMITH"}],"circlet_count":0,"master_deck":["AscendersBane","Defend_R","Defend_R","Defend_R","Bash","Disarm+1","Disarm+1","Seeing Red+1","Power Through+1","Dark Embrace+1","Body Slam+1","Evolve+1","Barricade+1","Power Through+1","Burning Pact+1","Impervious","Intimidate+1","Berserk+1","Seeing Red+1","Entrench+1","Second Wind+1","Feel No Pain+1","Feel No Pain+1","Warcry+1","Offering+1","Dual Wield+1","Corruption+1","Shrug It Off","Dark Embrace+1","Impervious"],"relics":["Burning Blood","Charon\u0027s Ashes","Dead Branch","Gambling Chip","Frozen Egg 2","Shuriken","Coffee Dripper","Enchiridion","Lantern","WingedGreaves","PreservedInsect","Strawberry","Astrolabe","FossilizedHelix","Bird Faced Urn","Unceasing Top","Letter Opener","MealTicket","Nunchaku","Bottled Flame"],"acts_visited":["Exordium","TheCity","TheBeyond","TheEnding"],"potions_floor_usage":[55,55],"damage_taken":[{"damage":0.0,"enemies":"2 Louse","floor":1.0,"turns":2.0},{"damage":7.0,"enemies":"Jaw Worm","floor":2.0,"turns":3.0},{"damage":6.0,"enemies":"Small Slimes","floor":3.0,"turns":5.0},{"damage":13.0,"enemies":"3 Louse","floor":4.0,"turns":3.0},{"damage":17.0,"enemies":"2 Fungi Beasts","floor":5.0,"turns":5.0},{"damage":14.0,"enemies":"Lagavulin","floor":8.0,"turns":6.0},{"damage":26.0,"enemies":"3 Sentries","floor":10.0,"turns":4.0},{"damage":0.0,"enemies":"Lots of Slimes","floor":11.0,"turns":2.0},{"damage":1.0,"enemies":"Exordium Thugs","floor":12.0,"turns":5.0},{"damage":4.0,"enemies":"Hexaghost","floor":16.0,"turns":11.0},{"damage":0.0,"enemies":"Chosen","floor":18.0,"turns":5.0},{"damage":2.0,"enemies":"Spheric Guardian","floor":19.0,"turns":4.0},{"damage":5.0,"enemies":"Centurion and Healer","floor":21.0,"turns":7.0},{"damage":31.0,"enemies":"Slavers","floor":23.0,"turns":5.0},{"damage":0.0,"enemies":"Snecko","floor":24.0,"turns":6.0},{"damage":11.0,"enemies":"Book of Stabbing","floor":25.0,"turns":5.0},{"damage":1.0,"enemies":"Slavers","floor":27.0,"turns":6.0},{"damage":0.0,"enemies":"Snake Plant","floor":28.0,"turns":3.0},{"damage":5.0,"enemies":"Book of Stabbing","floor":30.0,"turns":4.0},{"damage":0.0,"enemies":"Sentry and Sphere","floor":31.0,"turns":4.0},{"damage":0.0,"enemies":"Champ","floor":33.0,"turns":7.0},{"damage":0.0,"enemies":"3 Darklings","floor":35.0,"turns":3.0},{"damage":0.0,"enemies":"Mind Bloom Boss Battle","floor":37.0,"turns":2.0},{"damage":1.0,"enemies":"Orb Walker","floor":38.0,"turns":3.0},{"damage":0.0,"enemies":"3 Darklings","floor":39.0,"turns":2.0},{"damage":0.0,"enemies":"Nemesis","floor":40.0,"turns":5.0},{"damage":55.0,"enemies":"Reptomancer","floor":42.0,"turns":4.0},{"damage":0.0,"enemies":"Jaw Worm Horde","floor":45.0,"turns":3.0},{"damage":6.0,"enemies":"Nemesis","floor":47.0,"turns":1.0},{"damage":0.0,"enemies":"Awakened One","floor":50.0,"turns":3.0},{"damage":6.0,"enemies":"Shield and Spear","floor":54.0,"turns":3.0},{"damage":9,"enemies":"The Heart","floor":55,"turns":6}],"seed_played":"3989090040073143264","potions_obtained":[{"floor":3.0,"key":"Ancient Potion"},{"floor":4.0,"key":"EssenceOfSteel"},{"floor":5.0,"key":"BloodPotion"},{"floor":11.0,"key":"SpeedPotion"},{"floor":18.0,"key":"AttackPotion"},{"floor":19.0,"key":"EssenceOfSteel"},{"floor":23.0,"key":"Ancient Potion"},{"floor":25.0,"key":"DistilledChaos"},{"floor":38.0,"key":"CultistPotion"},{"floor":45.0,"key":"SpeedPotion"},{"floor":54,"key":"SkillPotion"}],"is_trial":false,"path_per_floor":["M","M","M","M","M","R","?","E","T","E","M","M","R","$","R","B",null,"M","M","?","M","?","E","M","E","T","E","M","R","E","M","R","B",null,"M","$","?","M","M","E","R","E","T","R","M","?","E","$","R","B",null,"R","$","E","B",null],"character_chosen":"IRONCLAD","items_purchased":["Evolve+1","Feel No Pain+1","FossilizedHelix","Shrug It Off","Dark Embrace+1"],"campfire_rested":0,"item_purchase_floors":[14,36,36,48,53],"current_hp_per_floor":[78,77,77,70,59,59,41,33,33,29,35,40,40,40,40,42,71,77,80,80,80,64,39,45,40,40,45,51,51,59,65,65,71,83,87,87,87,87,87,87,87,38,38,38,62,62,72,87,87,87,87,87,87,87,87],"gold":41,"neow_bonus":"ONE_RARE_RELIC","is_daily":false,"chose_seed":false,"campfire_upgraded":8,"win_rate":0.0,"timestamp":1611828093,"path_taken":["M","M","M","M","M","R","?","E","T","E","M","M","R","$","R","BOSS","M","M","?","M","?","E","M","E","T","E","M","R","E","M","R","BOSS","M","$","?","M","M","E","R","E","T","R","M","?","E","$","R","BOSS","R","$","E","BOSS"],"items_purchased_type":["Card","Card","Relic","Card","Card"],"build_version":"2020-12-22","purchased_purges":3,"victory":true,"max_hp_per_floor":[80,80,80,80,80,80,80,80,80,80,80,80,80,80,80,80,80,80,80,80,80,80,80,80,80,80,80,80,80,87,87,87,87,87,87,87,87,87,87,87,87,87,87,87,87,87,87,87,87,87,87,87,87,87,87],"card_choices":[{"not_picked":["Wild Strike","Dropkick"],"picked":"Disarm","floor":1.0},{"not_picked":["Flex","Warcry"],"picked":"Disarm","floor":2.0},{"not_picked":["Headbutt","Body Slam","Sword Boomerang"],"picked":"SKIP","floor":3.0},{"not_picked":["Bloodletting","Iron Wave"],"picked":"Seeing Red","floor":4.0},{"not_picked":["Blood for Blood","Whirlwind","Sword Boomerang"],"picked":"SKIP","floor":5.0},{"not_picked":["Bludgeon","Twin Strike"],"picked":"Power Through","floor":8.0},{"not_picked":["Body Slam","Perfected Strike"],"picked":"Dark Embrace+1","floor":10.0},{"not_picked":["Hemokinesis","Battle Trance","Armaments"],"picked":"SKIP","floor":11.0},{"not_picked":["Rampage","Intimidate"],"picked":"Body Slam","floor":12.0},{"not_picked":["Impervious","Double Tap"],"picked":"Barricade+1","floor":16.0},{"not_picked":["Iron Wave","Sword Boomerang"],"picked":"Power Through+1","floor":18.0},{"not_picked":["Clothesline","Cleave","Perfected Strike"],"picked":"SKIP","floor":19.0},{"not_picked":["Power Through","Wild Strike","Carnage"],"picked":"SKIP","floor":21.0},{"not_picked":["Sword Boomerang","Headbutt+1"],"picked":"Burning Pact","floor":23.0},{"not_picked":["Headbutt","Dropkick","Perfected Strike"],"picked":"SKIP","floor":24.0},{"not_picked":["Headbutt","Dropkick","Perfected Strike"],"picked":"SKIP","floor":24.0},{"not_picked":["True Grit","Flame Barrier+1"],"picked":"Impervious","floor":25.0},{"not_picked":["Armaments","Battle Trance","Perfected Strike"],"picked":"SKIP","floor":27.0},{"not_picked":["True Grit","Cleave","Headbutt"],"picked":"SKIP","floor":28.0},{"not_picked":["Seeing Red","Pommel Strike","Thunderclap"],"picked":"SKIP","floor":30.0},{"not_picked":["Sever Soul+1","Clash"],"picked":"Intimidate+1","floor":31.0},{"not_picked":["Feed","Double Tap"],"picked":"Berserk+1","floor":33.0},{"not_picked":["Sword Boomerang","Flame Barrier","Infernal Blade"],"picked":"SKIP","floor":35.0},{"not_picked":["Heavy Blade","Dual Wield"],"picked":"Feel No Pain+1","floor":37.0},{"not_picked":["Armaments","Metallicize+1","Anger"],"picked":"SKIP","floor":38.0},{"not_picked":["Perfected Strike+1","Wild Strike"],"picked":"Warcry+1","floor":39.0},{"not_picked":["Iron Wave","Cleave","Blood for Blood"],"picked":"SKIP","floor":40.0},{"not_picked":["Iron Wave","Cleave","Blood for Blood"],"picked":"SKIP","floor":40.0},{"not_picked":["Clothesline","Power Through"],"picked":"Offering","floor":42.0},{"not_picked":["Twin Strike+1","Pommel Strike"],"picked":"Dual Wield","floor":45.0},{"not_picked":["Sword Boomerang","Power Through"],"picked":"Corruption+1","floor":47.0},{"not_picked":["Thunderclap+1","Pummel"],"picked":"Impervious","floor":54}],"player_experience":102378,"relics_obtained":[{"floor":8.0,"key":"Gambling Chip"},{"floor":9.0,"key":"Frozen Egg 2"},{"floor":10.0,"key":"Shuriken"},{"floor":22.0,"key":"Enchiridion"},{"floor":23.0,"key":"Lantern"},{"floor":25.0,"key":"WingedGreaves"},{"floor":27.0,"key":"PreservedInsect"},{"floor":30.0,"key":"Strawberry"},{"floor":37.0,"key":"Bird Faced Urn"},{"floor":40.0,"key":"Unceasing Top"},{"floor":42.0,"key":"Letter Opener"},{"floor":43.0,"key":"MealTicket"},{"floor":47.0,"key":"Nunchaku"},{"floor":54,"key":"Bottled Flame"}],"event_choices":[{"damage_healed":0.0,"max_hp_gain":0.0,"max_hp_loss":0.0,"gold_gain":0.0,"event_name":"Scrap Ooze","player_choice":"Success","floor":7.0,"gold_loss":0.0,"damage_taken":18.0,"relics_obtained":["Dead Branch"]},{"damage_healed":0.0,"max_hp_gain":0.0,"max_hp_loss":0.0,"gold_gain":99.0,"event_name":"Nest","player_choice":"Stole From Cult","floor":20.0,"gold_loss":0.0,"damage_taken":0.0},{"damage_healed":0.0,"max_hp_gain":0.0,"max_hp_loss":0.0,"gold_gain":0.0,"event_name":"Cursed Tome","player_choice":"Obtained Book","floor":22.0,"gold_loss":0.0,"damage_taken":16.0},{"damage_healed":0.0,"max_hp_gain":0.0,"max_hp_loss":0.0,"gold_gain":0.0,"event_name":"MindBloom","player_choice":"Fight","floor":37.0,"gold_loss":0.0,"damage_taken":0.0},{"damage_healed":0.0,"max_hp_gain":0.0,"max_hp_loss":0.0,"gold_gain":0.0,"event_name":"Tomb of Lord Red Mask","player_choice":"Ignored","floor":46.0,"gold_loss":0.0,"damage_taken":0.0}],"is_beta":false,"boss_relics":[{"not_picked":["SlaversCollar","Velvet Choker"],"picked":"Coffee Dripper"},{"not_picked":["Tiny House","SacredBark"],"picked":"Astrolabe"}],"items_purged_floors":[14,36,48],"is_endless":false,"potions_floor_spawned":[3,4,5,11,18,19,23,25,27,33,38,45,54],"ascension_level":13}}