{"host":"mgc7o2tpy0ck407l","time":1611810823,"event":{"mods":["Alarm Clock","AlwaysNeverKeys","BaseMod","Better Altar","Better Match","Better Note","Better Sensory Stone","Better Skull","Better Third Choice","Better Vampires","Block Reminder","Booster Modes","Challenge The Spire","Colored Map","Colored Powertips","Disable Question Mark Monsters","Displayed Cursed Tome","Emptier Cage","Energized Spire","Evolution","Infinite Spire","Minty Spire (QoL Compilation)","Monster B Gone","Permanent Neow","Quick Restart","Rare Cards Sparkle","Reliquary","Reorder Act Four","Spicy Shops","StSLib","SuperFastMode","Transform Curses","Unceasing Turn Reminder"],"gold_per_floor":[117,79,79,12,12,12,48,48,48,88,88,88,88,88,88,207,207,232,232,248,217,217,217,235,248,272,293,293,333,333,333,333,454,454,474,807,119,0,19,19,31,31,84,118,168,168,183,195,195,195,195,47,47,76,76],"floor_reached":56,"language":"ENG","playtime":2097,"items_purged":["Twin Strike","Twin Strike"],"score":1344,"play_id":"b6c92821-e60d-4276-b260-f281cece8b35","local_time":"20210128001343","is_ascension_mode":true,"campfire_choices":[{"data":"Barricade","floor":6.0,"key":"SMITH"},{"data":"True Grit","floor":8.0,"key":"SMITH"},{"data":"Dark Embrace","floor":11.0,"key":"SMITH"},{"data":"Body Slam","floor":13.0,"key":"SMITH"},{"data":"True Grit","floor":15.0,"key":"SMITH"},{"data":"Body Slam","floor":23.0,"key":"SMITH"},{"data":"Corruption","floor":30.0,"key":"SMITH"},{"data":"Fire Breathing","floor":32.0,"key":"SMITH"},{"data":"Feel No Pain","floor":40.0,"key":"SMITH"},{"data":"Rupture","floor":49,"key":"PURGE"},{"data":"infinitespire:SevenWalls","floor":53,"key":"SMITH"}],"circlet_count":0,"master_deck":["Twin Strike+1","Twin Strike","Twin Strike","True Grit+1","True Grit+1","True Grit+1","True Grit+1","Barricade+1","Wild Strike","Power Through+1","Dark Embrace+1","Body Slam+1","infinitespire:SevenWalls+1","Impervious","Battle Trance","Fire Breathing+1","Corruption+1","Feel No Pain+1","Madness","Madness","Parasite"],"relics":["Burning Blood","EVO:Axolotl","Pen Nib","reliquary:MedicineBall","Ancient Tea Set","infinitespire:Burning Sword","War Paint","Mercury Hourglass","Mark of Pain","reliquary:PartyBalloon","Peace Pipe","Red Mask","reliquary:SilkGlove","Champion Belt","CaptainsWheel","Medical Kit","Blood Vial"],"acts_visited":["Exordium","TheCity","TheBeyond","TheEnding"],"potions_floor_usage":[54,55,55],"damage_taken":[{"damage":0.0,"enemies":"Jaw Worm","floor":1.0,"turns":3.0},{"damage":18.0,"enemies":"3 Sentries","floor":7.0,"turns":9.0},{"damage":1.0,"enemies":"Gremlin Nob","floor":10.0,"turns":5.0},{"damage":0.0,"enemies":"Slime Boss","floor":16.0,"turns":9.0},{"damage":8.0,"enemies":"3 Byrds","floor":18.0,"turns":6.0},{"damage":3.0,"enemies":"Chosen","floor":20.0,"turns":3.0},{"damage":30.0,"enemies":"Shelled Parasite and Fungi","floor":24.0,"turns":4.0},{"damage":0.0,"enemies":"Sentry and Sphere","floor":25.0,"turns":6.0},{"damage":12.0,"enemies":"3 Cultists","floor":27.0,"turns":4.0},{"damage":12.0,"enemies":"Book of Stabbing","floor":29.0,"turns":4.0},{"damage":24.0,"enemies":"Automaton","floor":33.0,"turns":5.0},{"damage":0.0,"enemies":"3 Darklings","floor":35.0,"turns":3.0},{"damage":0.0,"enemies":"3 Shapes","floor":39.0,"turns":3.0},{"damage":2.0,"enemies":"Transient","floor":41.0,"turns":5.0},{"damage":55,"enemies":"Reptomancer","floor":44,"turns":4},{"damage":0,"enemies":"Mind Bloom Boss Battle","floor":45,"turns":3},{"damage":0,"enemies":"Spire Growth","floor":47,"turns":4},{"damage":0,"enemies":"Writhing Mass","floor":48,"turns":4},{"damage":15,"enemies":"Awakened One","floor":50,"turns":7},{"damage":14,"enemies":"Shield and Spear","floor":54,"turns":4},{"damage":30,"enemies":"The Heart","floor":55,"turns":8}],"seed_played":"5045287272676320906","potions_obtained":[{"floor":1.0,"key":"Energy Potion"},{"floor":19.0,"key":"infinitespire:BlackPotion"},{"floor":19.0,"key":"BloodPotion"},{"floor":35.0,"key":"EssenceOfSteel"},{"floor":39.0,"key":"CultistPotion"}],"is_trial":false,"path_per_floor":["M","$","?","$","?","R","E","R","T","E","R","?","R","?","R","B",null,"M","?","M","$","?","R","M","M","T","M","?","E","R","?","R","B",null,"M","?","$","?","M","R","M","?","T","E","?","?","M","M","R","B",null,"$","R","E","B",null],"character_chosen":"IRONCLAD","items_purchased":["Wild Strike","Power Through","Body Slam","reliquary:PartyBalloon","Feel No Pain","Strange Spoon","Peace Pipe","Medical Kit"],"campfire_rested":0,"item_purchase_floors":[2,4,21,37,37,37,37,52],"current_hp_per_floor":[73,73,58,58,40,40,28,28,28,33,33,16,16,21,21,27,78,76,76,78,78,78,78,54,60,60,54,54,48,48,48,48,30,78,78,78,78,78,78,78,78,78,78,29,35,25,31,37,37,28,78,78,78,70,63],"gold":76,"neow_bonus":"THREE_RARE_CARDS","is_daily":false,"chose_seed":false,"campfire_upgraded":10,"win_rate":0.0,"timestamp":1611810823,"path_taken":["M","$","?","$","?","R","E","R","T","E","R","?","R","?","R","BOSS","M","?","M","$","?","R","M","M","T","M","?","E","R","?","R","BOSS","M","?","$","?","M","R","M","?","T","E","?","?","M","M","R","BOSS","$","R","E","BOSS"],"items_purchased_type":["Card","Card","Card","Relic","Card","Relic","Relic","Relic"],"build_version":"2020-12-22","purchased_purges":2,"victory":true,"max_hp_per_floor":[73,73,73,73,73,73,73,73,73,73,73,73,73,78,78,78,78,78,78,78,78,78,78,78,78,78,78,78,78,78,78,78,78,78,78,78,78,78,78,78,78,78,78,78,78,78,78,78,78,78,78,78,78,78,78],"card_choices":[{"not_picked":["Immolate","Reaper"],"picked":"Barricade","floor":0.0},{"not_picked":["Burning Pact","Rage","Rampage"],"picked":"SKIP","floor":1.0},{"not_picked":["Combust","Pummel"],"picked":"Dark Embrace","floor":7.0},{"not_picked":["Havoc","Entrench"],"picked":"Body Slam","floor":10.0},{"not_picked":["infinitespire:Oblivion","infinitespire:Gouge"],"picked":"infinitespire:SevenWalls","floor":12.0},{"not_picked":["Berserk","Bludgeon"],"picked":"Impervious","floor":16.0},{"not_picked":["Armaments","Wild Strike","Spot Weakness"],"picked":"SKIP","floor":18.0},{"not_picked":["Headbutt","Wild Strike","Heavy Blade"],"picked":"SKIP","floor":20.0},{"not_picked":["Twin Strike","Perfected Strike+1"],"picked":"Battle Trance","floor":24.0},{"not_picked":["True Grit","Perfected Strike+1"],"picked":"Fire Breathing","floor":25.0},{"not_picked":["Blood for Blood","Pommel Strike"],"picked":"Corruption","floor":27.0},{"not_picked":["Rupture","Heavy Blade","Brutality"],"picked":"SKIP","floor":29.0},{"not_picked":["Iron Wave+1","True Grit+1","Cleave"],"picked":"SKIP","floor":35.0},{"not_picked":["True Grit+1","Body Slam+1","Pommel Strike"],"picked":"SKIP","floor":39.0},{"not_picked":["Heavy Blade","Thunderclap+1","Disarm"],"picked":"SKIP","floor":41.0},{"not_picked":["Shrug It Off+1","Rampage","infinitespire:OneForAll"],"picked":"SKIP","floor":44},{"not_picked":["Sword Boomerang+1","Dropkick+1","Flame Barrier"],"picked":"SKIP","floor":47},{"not_picked":["Inflame+1","Searing Blow","Twin Strike+1"],"picked":"SKIP","floor":48},{"not_picked":["Pommel Strike","Havoc","Iron Wave"],"picked":"SKIP","floor":54}],"player_experience":761498,"relics_obtained":[{"floor":7.0,"key":"Pen Nib"},{"floor":9.0,"key":"reliquary:MedicineBall"},{"floor":10.0,"key":"Ancient Tea Set"},{"floor":26.0,"key":"War Paint"},{"floor":29.0,"key":"Mercury Hourglass"},{"floor":43.0,"key":"reliquary:SilkGlove"},{"floor":44,"key":"Champion Belt"},{"floor":45,"key":"CaptainsWheel"},{"floor":54,"key":"Blood Vial"}],"event_choices":[{"damage_healed":73.0,"max_hp_gain":0.0,"max_hp_loss":73.0,"gold_gain":0.0,"event_name":"betterThird:BetterShining","player_choice":"Upgrade","floor":3.0,"gold_loss":0.0,"damage_taken":15.0,"cards_upgraded":["Twin Strike","True Grit"]},{"damage_healed":0.0,"max_hp_gain":0.0,"max_hp_loss":0.0,"gold_gain":0.0,"event_name":"Golden Idol","player_choice":"Take Damage","floor":5.0,"gold_loss":0.0,"damage_taken":18.0,"relics_obtained":["Golden Idol"]},{"damage_healed":0.0,"max_hp_gain":5.0,"max_hp_loss":0.0,"gold_gain":0.0,"event_name":"Big Fish","player_choice":"Donut","floor":14.0,"gold_loss":0.0,"damage_taken":0.0},{"damage_healed":0.0,"max_hp_gain":0.0,"max_hp_loss":0.0,"gold_gain":0.0,"event_name":"Lab","player_choice":"Got Potions","floor":19.0,"gold_loss":0.0,"damage_taken":0.0},{"damage_healed":0.0,"max_hp_gain":0.0,"max_hp_loss":0.0,"gold_gain":0.0,"event_name":"The Woman in Blue","player_choice":"Bought 0 Potions","floor":22.0,"gold_loss":0.0,"damage_taken":0.0},{"damage_healed":0.0,"max_hp_gain":0.0,"max_hp_loss":0.0,"gold_gain":0.0,"event_name":"N\u0027loth","player_choice":"Ignored","floor":28.0,"gold_loss":0.0,"damage_taken":0.0},{"damage_healed":0.0,"max_hp_gain":0.0,"max_hp_loss":0.0,"gold_gain":0.0,"cards_transformed":["Bash"],"event_name":"Transmorgrifier","player_choice":"Transformed","floor":31.0,"gold_loss":0.0,"damage_taken":0.0,"cards_obtained":["Rupture"]},{"damage_healed":0.0,"max_hp_gain":0.0,"max_hp_loss":0.0,"gold_gain":333.0,"event_name":"The Moai Head","player_choice":"Gave Idol","floor":36.0,"relics_lost":["Golden Idol"],"gold_loss":0.0,"damage_taken":0.0},{"damage_healed":0.0,"max_hp_gain":0.0,"max_hp_loss":0.0,"gold_gain":0.0,"event_name":"Tomb of Lord Red Mask","player_choice":"Paid","floor":38.0,"gold_loss":119.0,"damage_taken":0.0,"relics_obtained":["Red Mask"]},{"cards_removed":["Body Slam"],"damage_healed":0.0,"max_hp_gain":0.0,"max_hp_loss":0.0,"gold_gain":0.0,"event_name":"Falling","player_choice":"Removed Attack","floor":42.0,"gold_loss":0.0,"damage_taken":0.0},{"damage_healed":0,"gold_gain":0,"player_choice":"Fight","damage_taken":0,"max_hp_gain":0,"max_hp_loss":0,"event_name":"MindBloom","floor":45,"gold_loss":0},{"damage_healed":0,"gold_gain":0,"player_choice":"Embrace Madness","damage_taken":10,"max_hp_gain":0,"max_hp_loss":0,"event_name":"Winding Halls","floor":46,"gold_loss":0,"cards_obtained":["Madness","Madness"]}],"is_beta":false,"boss_relics":[{"not_picked":["energizedSpire:OgreHead","Snecko Eye"],"picked":"infinitespire:Burning Sword"},{"not_picked":["Tiny House","Astrolabe"],"picked":"Mark of Pain"}],"items_purged_floors":[37,37],"is_endless":false,"potions_floor_spawned":[1,25,33,35,39,45,48],"ascension_level":1}}