{"host":"qvcm5n1ry1q9iv9x","time":1611849447,"event":{"mods":["Act Like it!","BaseMod","BetterRewards","Colored Map","Colored Powertips","Friendly Minions","Highlight Path","Luminous","Minty Spire (QoL Compilation)","Quick Restart","Relic Sorter","Shop Mod","StSLib"],"gold_per_floor":[115,390,406,581,581,581,608,608,633,583,594,37,69,69,69,69,69],"floor_reached":16,"language":"ZHS","playtime":490,"items_purged":[],"score":131,"play_id":"288c3ea4-677c-4338-ad29-c4c1c7d9a2dc","local_time":"20210128235727","is_ascension_mode":false,"campfire_choices":[{"data":"Luminous:Hero_Will_Luminous","floor":6.0,"key":"SMITH"},{"data":"Luminous:Dark_Crescendo_Luminous","floor":8.0,"key":"SMITH"},{"data":"Luminous:Erosion_Luminous","floor":15.0,"key":"SMITH"}],"circlet_count":0,"master_deck":["Luminous:Light_Flash_Shower","Luminous:Light_Flash_Shower","Luminous:Light_Flash_Shower","Luminous:Dark_Abyssal_Drop","Luminous:Dark_Abyssal_Drop","Luminous:Dark_Abyssal_Drop","Luminous:Defend_Luminous","Luminous:Defend_Luminous","Luminous:Defend_Luminous","Luminous:Defend_Luminous","Luminous:Switch_Luminous","Luminous:Dark_Pressure_Void","Luminous:Hero_Will_Luminous+1","Doubt","Luminous:Dark_Crescendo_Luminous+1","Luminous:Light_Wash_Luminous","Luminous:Erosion_Luminous+1","Luminous:Lights_Protection_Luminous"],"relics":["Luminous:MirrorRelic","NeowsBlessing","Centennial Puzzle","Boot","Strange Spoon","Frozen Egg 2","Bottled Lightning"],"acts_visited":["Exordium"],"potions_floor_usage":[],"damage_taken":[{"damage":0.0,"enemies":"2 Louse","floor":1.0,"turns":1.0},{"damage":0.0,"enemies":"Cultist","floor":3.0,"turns":1.0},{"damage":0.0,"enemies":"3 Sentries","floor":7.0,"turns":2.0},{"damage":8.0,"enemies":"Small Slimes","floor":11.0,"turns":4.0},{"damage":17.0,"enemies":"Gremlin Nob","floor":13.0,"turns":4.0},{"damage":66,"enemies":"The Guardian","floor":16,"turns":10}],"seed_played":"-7629003784401692260","potions_obtained":[{"floor":3.0,"key":"Ancient Potion"},{"floor":13.0,"key":"Energy Potion"}],"is_trial":false,"path_per_floor":["M","?","M","?","?","R","E","R","T","?","M","$","E","$","R","B"],"character_chosen":"LuminousClass","items_purchased":["Strange Spoon","Frozen Egg 2","Luminous:Erosion_Luminous"],"campfire_rested":0,"item_purchase_floors":[12,12,12],"current_hp_per_floor":[75,75,75,75,80,80,80,80,80,80,77,77,60,60,60,0,0],"gold":69,"neow_bonus":"THREE_ENEMY_KILL","is_daily":false,"chose_seed":false,"campfire_upgraded":3,"win_rate":0.0,"timestamp":1611849447,"path_taken":["M","?","?","?","?","R","E","R","T","?","M","?","E","$","R","BOSS"],"items_purchased_type":["Relic","Relic","Card"],"build_version":"2020-12-22","purchased_purges":0,"victory":false,"max_hp_per_floor":[75,75,75,75,80,80,80,80,80,80,80,80,80,80,80,80,80],"card_choices":[{"not_picked":["Luminous:Blinding_Pillar_Luminous","Luminous:Magic_Guard_Luminous"],"picked":"Luminous:Dark_Pressure_Void","floor":1.0},{"not_picked":["Luminous:Dark_Raid","Luminous:Dark_Pressure_Void"],"picked":"Luminous:Hero_Will_Luminous","floor":3.0},{"not_picked":["Luminous:Dark_Pressure_Void","Luminous:Dark_Dim_Erosion"],"picked":"Luminous:Dark_Crescendo_Luminous","floor":7.0},{"not_picked":["Luminous:Dark_Dim_Erosion","Luminous:Dark_Apocalypse"],"picked":"Luminous:Light_Wash_Luminous","floor":11.0},{"not_picked":["Luminous:Dark_Raid","Luminous:Light_Gather"],"picked":"Luminous:Lights_Protection_Luminous","floor":13.0}],"player_experience":140953,"relics_obtained":[{"floor":7.0,"key":"Centennial Puzzle"},{"floor":9.0,"key":"Boot"},{"floor":13.0,"key":"Bottled Lightning"}],"event_choices":[{"damage_healed":0.0,"max_hp_gain":0.0,"max_hp_loss":0.0,"gold_gain":275.0,"event_name":"Golden Shrine","player_choice":"Desecrate","floor":2.0,"gold_loss":0.0,"damage_taken":0.0,"cards_obtained":["Regret"]},{"damage_healed":0.0,"max_hp_gain":0.0,"max_hp_loss":0.0,"gold_gain":175.0,"event_name":"Liars Game","player_choice":"AGREE","floor":4.0,"gold_loss":0.0,"damage_taken":0.0,"cards_obtained":["Doubt"]},{"damage_healed":0.0,"max_hp_gain":5.0,"max_hp_loss":0.0,"gold_gain":0.0,"event_name":"Big Fish","player_choice":"Donut","floor":5.0,"gold_loss":0.0,"damage_taken":0.0},{"cards_removed":["Regret"],"damage_healed":0.0,"max_hp_gain":0.0,"max_hp_loss":0.0,"gold_gain":0.0,"event_name":"The Cleric","player_choice":"Card Removal","floor":10.0,"gold_loss":50.0,"damage_taken":0.0}],"is_beta":false,"boss_relics":[],"items_purged_floors":[],"is_endless":false,"potions_floor_spawned":[3,13],"killed_by":"The Guardian","ascension_level":0}}