{"host":"qrt7o4dq2qslzw13","time":1611863960,"event":{"mods":["BaseMod","Colored Map","Colored Powertips","Minty Spire (QoL Compilation)","Quick Restart","Replay The Spire","Shop Mod","StSLib","SuperFastMode"],"gold_per_floor":[109,32,44,44,44,44,72,72,72,99,99,99,113,125,125,224,224,240,258,10,21,0,0,18,35,60,91,103,126,138,31,31,134,134,153,163,163,180,51,51,69,69,69],"floor_reached":42,"language":"ENG","playtime":1104,"items_purged":[],"score":738,"play_id":"81024519-c1c3-43c7-a56a-3724f2ae7832","local_time":"20210128145920","is_ascension_mode":true,"campfire_choices":[{"data":"Blade Dance","floor":6.0,"key":"SMITH"},{"data":"Masterful Stab","floor":8.0,"key":"SMITH"},{"data":"ReplayTheSpireMod:Speed Training","floor":12.0,"key":"SMITH"},{"floor":15.0,"key":"REST"},{"floor":23.0,"key":"REST"},{"floor":28.0,"key":"REST"},{"floor":32.0,"key":"REST"},{"floor":40.0,"key":"REST"}],"circlet_count":0,"master_deck":["AscendersBane","Survivor","Neutralize+1","Blade Dance+1","Envenom+1","Masterful Stab+1","PiercingWail","ReplayTheSpireMod:Speed Training+1","Prepared","Skewer","Choke","Poison Darts","Quick Slash","Corpse Explosion","Cloak And Dagger","Flying Knee","Dodge and Roll","Quick Slash","Outmaneuver","ReplayTheSpireMod:The Works","Storm of Steel","Tactician","Accuracy+1","Master of Strategy","Calculated Gamble","Skewer+1","Finisher","Blade Dance","Slice","Accuracy","Escape Plan","Night Terror","Infinite Blades+1","Finisher","Footwork+1","Trip","ReplayTheSpireMod:Shiv Toss","Sucker Punch+1"],"relics":["Ring of the Snake","NeowsBlessing","Ninja Scroll","CaptainsWheel","Centennial Puzzle","Pandora\u0027s Box","MawBank","Sozu"],"acts_visited":["Exordium","TheCity","TheBeyond"],"potions_floor_usage":[],"damage_taken":[{"damage":0.0,"enemies":"Small Slimes","floor":1.0,"turns":1.0},{"damage":0.0,"enemies":"2 Louse","floor":3.0,"turns":1.0},{"damage":0.0,"enemies":"Gremlin Nob","floor":7.0,"turns":1.0},{"damage":0.0,"enemies":"Lagavulin","floor":10.0,"turns":5.0},{"damage":0.0,"enemies":"Cultist","floor":13.0,"turns":2.0},{"damage":2.0,"enemies":"Large Slime","floor":14.0,"turns":3.0},{"damage":24.0,"enemies":"Fading Forest","floor":16.0,"turns":11.0},{"damage":3.0,"enemies":"Chosen","floor":18.0,"turns":3.0},{"damage":12.0,"enemies":"3 Byrds","floor":19.0,"turns":3.0},{"damage":18.0,"enemies":"Snake Plant","floor":21.0,"turns":2.0},{"damage":0.0,"enemies":"Centurion and Healer","floor":24.0,"turns":5.0},{"damage":17.0,"enemies":"Cultist and Chosen","floor":25.0,"turns":6.0},{"damage":4.0,"enemies":"Chosen and Byrds","floor":27.0,"turns":3.0},{"damage":0.0,"enemies":"Centurion and Healer","floor":29.0,"turns":1.0},{"damage":21.0,"enemies":"Collector","floor":33.0,"turns":7.0},{"damage":0.0,"enemies":"Orb Walker","floor":35.0,"turns":1.0},{"damage":0.0,"enemies":"3 Shapes","floor":36.0,"turns":3.0},{"damage":37.0,"enemies":"Writhing Mass","floor":38.0,"turns":4.0},{"damage":36,"enemies":"3 Darklings","floor":41,"turns":7},{"damage":0,"enemies":"4 Shapes","floor":42,"turns":1}],"seed_played":"-5113891301297066425","potions_obtained":[{"floor":10.0,"key":"AttackPotion"},{"floor":14.0,"key":"LiquidMemories"},{"floor":16.0,"key":"Strength Potion"},{"floor":19.0,"key":"DistilledChaos"},{"floor":24.0,"key":"Dexterity Potion"},{"floor":27.0,"key":"Energy Potion"},{"floor":29.0,"key":"Ancient Potion"},{"floor":33.0,"key":"BlessingOfTheForge"}],"is_trial":false,"path_per_floor":["M","$","M","?","?","R","E","R","T","E","?","R","M","M","R","B",null,"M","M","$","M","?","R","M","M","T","M","R","M","?","$","R","B",null,"M","M","?","M","$","R","M","M"],"character_chosen":"THE_SILENT","items_purchased":["Envenom","Accuracy","Master of Strategy","Accuracy","Escape Plan","Trip","ReplayTheSpireMod:Shiv Toss"],"campfire_rested":5,"item_purchase_floors":[2,20,20,31,31,39,39],"current_hp_per_floor":[63,63,63,49,49,49,49,49,49,49,49,49,49,47,68,53,66,63,51,51,33,33,54,54,37,37,33,54,54,54,54,70,49,65,65,65,65,28,28,49,13,13,13],"gold":69,"neow_bonus":"THREE_ENEMY_KILL","is_daily":false,"chose_seed":false,"campfire_upgraded":3,"win_rate":0.0,"timestamp":1611863960,"path_taken":["M","$","M","?","?","R","E","R","T","E","?","R","?","M","R","BOSS","M","M","$","M","?","R","M","M","T","M","R","M","?","$","R","BOSS","M","?","?","?","$","R","M","M"],"items_purchased_type":["Card","Card","Card","Card","Card","Card","Card"],"build_version":"2020-12-22","purchased_purges":0,"victory":false,"max_hp_per_floor":[70,70,70,70,70,70,70,70,70,70,70,70,70,70,70,70,70,70,70,70,70,70,70,70,70,70,70,70,70,70,70,70,70,70,70,70,70,70,70,70,70,70,70],"card_choices":[{"not_picked":["Outmaneuver","Quick Slash"],"picked":"Blade Dance","floor":1.0},{"not_picked":["Cloak And Dagger","Concentrate"],"picked":"Masterful Stab","floor":3.0},{"not_picked":["Wraith Form v2","Dodge and Roll"],"picked":"PiercingWail","floor":7.0},{"not_picked":["Tactician","Hidden Blade"],"picked":"ReplayTheSpireMod:Speed Training","floor":10.0},{"not_picked":["All Out Attack","Deflect"],"picked":"Skewer","floor":13.0},{"not_picked":["Quick Slash","Sneak Up"],"picked":"Choke","floor":14.0},{"not_picked":["Grand Finale","Phantasmal Killer"],"picked":"Poison Darts","floor":16.0},{"not_picked":["Quick Slash","Deflect"],"picked":"Tactician","floor":18.0},{"not_picked":["Underhanded Strike","Well Laid Plans","Predator"],"picked":"SKIP","floor":19.0},{"not_picked":["Cloak And Dagger","Hidden Blade"],"picked":"Calculated Gamble","floor":21.0},{"not_picked":["Poisoned Stab","Bane"],"picked":"Skewer+1","floor":24.0},{"not_picked":["Eviscerate+1","Dodge and Roll+1"],"picked":"Finisher","floor":25.0},{"not_picked":["Quick Slash","PiercingWail"],"picked":"Blade Dance","floor":27.0},{"not_picked":["Sucker Punch","Cloak And Dagger"],"picked":"Slice","floor":29.0},{"not_picked":["ReplayTheSpireMod:Necrosis","Tools of the Trade"],"picked":"Night Terror","floor":33.0},{"not_picked":["Deadly Poison","Bane+1"],"picked":"Infinite Blades+1","floor":35.0},{"not_picked":["PiercingWail","Blade Dance+1"],"picked":"Finisher","floor":36.0},{"not_picked":["Underhanded Strike","Escape Plan+1"],"picked":"Footwork+1","floor":38.0},{"not_picked":["Bane+1","Cloak And Dagger"],"picked":"Sucker Punch+1","floor":41}],"player_experience":604095,"relics_obtained":[{"floor":7.0,"key":"Ninja Scroll"},{"floor":9.0,"key":"CaptainsWheel"},{"floor":10.0,"key":"Centennial Puzzle"},{"floor":26.0,"key":"MawBank"}],"event_choices":[{"damage_healed":0.0,"max_hp_gain":0.0,"max_hp_loss":0.0,"gold_gain":0.0,"event_name":"Shining Light","player_choice":"Entered Light","floor":4.0,"gold_loss":0.0,"damage_taken":14.0,"cards_upgraded":["Neutralize","Strike_G"]},{"damage_healed":0.0,"max_hp_gain":0.0,"max_hp_loss":0.0,"gold_gain":0.0,"event_name":"Living Wall","player_choice":"Grow","floor":5.0,"gold_loss":0.0,"damage_taken":0.0,"cards_upgraded":["Envenom"]},{"damage_healed":0.0,"max_hp_gain":0.0,"max_hp_loss":0.0,"gold_gain":0.0,"cards_transformed":["Strike_G"],"event_name":"Transmorgrifier","player_choice":"Transformed","floor":11.0,"gold_loss":0.0,"damage_taken":0.0,"cards_obtained":["Prepared"]},{"damage_healed":0.0,"max_hp_gain":0.0,"max_hp_loss":0.0,"gold_gain":0.0,"event_name":"Masked Bandits","player_choice":"Paid Fearfully","floor":22.0,"gold_loss":21.0,"damage_taken":0.0},{"damage_healed":0.0,"max_hp_gain":0.0,"max_hp_loss":0.0,"gold_gain":0.0,"event_name":"Upgrade Shrine","player_choice":"Upgraded","floor":30.0,"gold_loss":0.0,"damage_taken":0.0,"cards_upgraded":["Accuracy"]},{"damage_healed":0.0,"max_hp_gain":0.0,"max_hp_loss":0.0,"gold_gain":0.0,"event_name":"Lab","player_choice":"Got Potions","floor":37.0,"gold_loss":0.0,"damage_taken":0.0}],"is_beta":false,"boss_relics":[{"not_picked":["Coffee Dripper","Kintsugi"],"picked":"Pandora\u0027s Box"},{"not_picked":["Replay:Drink Me","Snecko Scales"],"picked":"Sozu"}],"items_purged_floors":[],"is_endless":false,"potions_floor_spawned":[10,14,16,19,24,27,29,33,35,41],"killed_by":"4 Shapes","ascension_level":11}}