{"host":"s88k97ee8ljqz1kp","time":1611843516,"event":{"mods":["Act Like it!","BaseMod","BshForSts","Communication Mod","Downfall","Friendly Minions","GifTheSpireLib","Minty Spire (QoL Compilation)","Relic Stats","StSLib","SuperFastMode","yUi"],"gold_per_floor":[99,112,262,273,273,303,303,37,37,55,55,55,55,67,80,80,80,80],"floor_reached":16,"language":"ENG","playtime":521,"items_purged":[],"score":100,"play_id":"d3a5e201-e800-42d8-8198-418e2244a314","local_time":"20210128091836","is_ascension_mode":false,"campfire_choices":[{"data":"bronze:MaxOutput","floor":1,"key":"SMITH"},{"data":"bronze:Goto","floor":13,"key":"SMITH"}],"circlet_count":0,"master_deck":["bronze:Defend","bronze:Defend","bronze:Defend","bronze:Replicate","bronze:Goto+1","bronze:MaxOutput+1","bronze:BuggyMess","downfall:Icky","bronze:BugBarrage+1","bronze:Fortify","bronze:OilSpill","Decay","bronze:ChosenStrike+1","bronze:BugBarrage+1"],"relics":["bronze:BronzeCore","Darkstone Periapt","Bottled Lightning","Molten Egg 2"],"acts_visited":["Exordium"],"potions_floor_usage":[16,16,16],"damage_taken":[{"damage":6,"enemies":"Jaw Worm","floor":2,"turns":4},{"damage":0,"enemies":"2 Louse","floor":4,"turns":2},{"damage":22,"enemies":"3 Sentries","floor":6,"turns":6},{"damage":3,"enemies":"downfall:FleeingMerchant","floor":8,"turns":4},{"damage":10,"enemies":"Small Slimes","floor":10,"turns":3},{"damage":0,"enemies":"Exordium Thugs","floor":14,"turns":3},{"damage":2,"enemies":"Red Slaver","floor":15,"turns":1},{"damage":34,"enemies":"DF_ARCHETYPE_STREAMLINE","floor":16,"turns":4}],"seed_played":"-2368983915800916347","potions_obtained":[{"floor":2,"key":"CultistPotion"},{"floor":6,"key":"Fire Potion"},{"floor":14,"key":"Strength Potion"}],"is_trial":false,"path_per_floor":["R","M","?","M","?","E","T","$","?","M","?","?","R","M","M","B"],"character_chosen":"THE_AUTOMATON","items_purchased":["Molten Egg 2"],"campfire_rested":0,"item_purchase_floors":[8],"current_hp_per_floor":[70,64,64,64,64,42,42,39,39,29,29,35,35,35,33,0,0,0],"gold":80,"neow_bonus":"THREE_CARDS","is_daily":false,"chose_seed":false,"campfire_upgraded":2,"win_rate":0.0,"timestamp":1611843516,"path_taken":["R","M","?","M","?","E","T","$","?","?","?","?","R","?","M","BOSS"],"items_purchased_type":["Relic"],"build_version":"2020-12-22","purchased_purges":0,"victory":false,"max_hp_per_floor":[70,70,70,70,70,70,70,70,70,70,70,76,76,76,76,76,76,76],"relic_stats":{"Darkstone Periapt":6,"counters":[8,27],"obtain_stats":[{"Darkstone Periapt":6,"bronze:BronzeCore":0,"Molten Egg 2":8,"Bottled Lightning":7},{"Darkstone Periapt":3,"bronze:BronzeCore":0,"Molten Egg 2":4,"Bottled Lightning":3},{"Darkstone Periapt":12,"bronze:BronzeCore":0,"Molten Egg 2":16,"Bottled Lightning":12}]},"card_choices":[{"not_picked":["bronze:Turbo","bronze:Iterate"],"picked":"bronze:MaxOutput","floor":0},{"not_picked":["bronze:DigitalCarnage","bronze:Branch"],"picked":"bronze:BuggyMess","floor":2},{"not_picked":["bronze:Fortify","bronze:Frontload"],"picked":"bronze:BugBarrage","floor":4},{"not_picked":["bronze:ClassDefault","bronze:Terminator"],"picked":"bronze:Fortify","floor":6},{"not_picked":["bronze:Fortify","bronze:CutThrough"],"picked":"bronze:OilSpill","floor":8},{"not_picked":["bronze:ClassDefault","bronze:Branch+1","bronze:DigitalCarnage+1"],"picked":"SKIP","floor":10},{"not_picked":["bronze:WildBeam+1","bronze:CutThrough+1"],"picked":"bronze:ChosenStrike+1","floor":14},{"not_picked":["bronze:MaxOutput","bronze:Overheat+1"],"picked":"bronze:BugBarrage+1","floor":15}],"player_experience":158309,"relics_obtained":[{"floor":6,"key":"Darkstone Periapt"},{"floor":7,"key":"Bottled Lightning"}],"event_choices":[{"damage_healed":0,"gold_gain":0,"player_choice":"Grow","damage_taken":0,"max_hp_gain":0,"max_hp_loss":0,"event_name":"Living Wall","floor":5,"gold_loss":0,"cards_upgraded":["bronze:BugBarrage"]},{"cards_removed":["bronze:Strike"],"damage_healed":0,"gold_gain":0,"player_choice":"Card Removal","damage_taken":0,"max_hp_gain":0,"max_hp_loss":0,"event_name":"The Cleric","floor":9,"gold_loss":0}],"is_beta":false,"boss_relics":[],"items_purged_floors":[],"is_endless":false,"potions_floor_spawned":[2,6,14],"killed_by":"DF_ARCHETYPE_STREAMLINE","ascension_level":0}}