{"host":"8rqsnaeml9gxb0kp","time":1611801227,"event":{"mods":["AchievementEnabler","BaseMod","Dark Map","Minty Spire (QoL Compilation)","Relic Stats","StSLib","slay the spire mod where everything is the same but ironclad has a cowboy hat"],"gold_per_floor":[115,125,50,50,0,0,35,48,71,18,18,18,49,63,63,63,63],"floor_reached":16,"language":"ENG","playtime":395,"items_purged":[],"score":178,"play_id":"d51e4cb3-5b0a-46fd-88cd-c2bb57136e0e","local_time":"20210127183347","is_ascension_mode":true,"campfire_choices":[{"data":"Bash","floor":6,"key":"SMITH"},{"floor":11,"key":"REST"},{"data":"Pommel Strike","floor":15,"key":"SMITH"}],"circlet_count":0,"master_deck":["AscendersBane","Strike_R","Strike_R","Strike_R","Strike_R","Strike_R","Defend_R","Defend_R","Defend_R","Defend_R","Bash+1","Clash","Rupture","Fire Breathing","Pommel Strike+1","Thunderclap","Twin Strike","Cleave"],"relics":["Busted Crown","PreservedInsect","Orichalcum","Happy Flower"],"acts_visited":["Exordium"],"potions_floor_usage":[],"damage_taken":[{"damage":1,"enemies":"Cultist","floor":1,"turns":3},{"damage":4,"enemies":"Jaw Worm","floor":2,"turns":3},{"damage":20,"enemies":"Lagavulin","floor":7,"turns":5},{"damage":11,"enemies":"2 Louse","floor":8,"turns":2},{"damage":15,"enemies":"3 Sentries","floor":13,"turns":6},{"damage":8,"enemies":"Red Slaver","floor":14,"turns":4},{"damage":42,"enemies":"The Guardian","floor":16,"turns":4}],"seed_played":"-619010282255068694","potions_obtained":[{"floor":2,"key":"DistilledChaos"},{"floor":7,"key":"Energy Potion"}],"is_trial":false,"path_per_floor":["M","M","$","?","?","R","E","M","T","$","R","?","E","M","R","B"],"character_chosen":"IRONCLAD","items_purchased":["Fire Breathing","Thunderclap"],"campfire_rested":1,"item_purchase_floors":[3,10],"current_hp_per_floor":[71,67,67,67,67,67,47,36,36,36,60,65,50,42,42,0,0],"gold":63,"neow_bonus":"BOSS_RELIC","is_daily":false,"chose_seed":false,"campfire_upgraded":2,"win_rate":0.0,"timestamp":1611801227,"path_taken":["M","?","$","?","?","R","E","M","T","?","R","?","E","M","R","BOSS"],"items_purchased_type":["Card","Card"],"build_version":"2020-12-22","purchased_purges":0,"victory":false,"max_hp_per_floor":[80,80,80,80,80,80,80,80,80,80,80,85,85,85,85,85,85],"relic_stats":{"Busted Crown":12,"Happy Flower":[2],"counters":[7,27],"PreservedInsect":31,"Orichalcum":[18],"obtain_stats":[{"Busted Crown":0,"Happy Flower":13,"PreservedInsect":7,"Orichalcum":9,"Burning Blood":0},{"Busted Crown":0,"Happy Flower":5,"PreservedInsect":3,"Orichalcum":4,"Burning Blood":0},{"Busted Crown":0,"Happy Flower":19,"PreservedInsect":11,"Orichalcum":13,"Burning Blood":0}]},"card_choices":[{"not_picked":[],"picked":"Clash","floor":1},{"not_picked":[],"picked":"Rupture","floor":2},{"not_picked":[],"picked":"Pommel Strike","floor":7},{"not_picked":["Armaments"],"picked":"SKIP","floor":8},{"not_picked":[],"picked":"Twin Strike","floor":13},{"not_picked":[],"picked":"Cleave","floor":14}],"player_experience":155964,"relics_obtained":[{"floor":7,"key":"PreservedInsect"},{"floor":9,"key":"Orichalcum"},{"floor":13,"key":"Happy Flower"}],"event_choices":[{"damage_healed":0,"gold_gain":0,"player_choice":"Ignored","damage_taken":0,"max_hp_gain":0,"max_hp_loss":0,"event_name":"Shining Light","floor":4,"gold_loss":0},{"damage_healed":0,"gold_gain":0,"player_choice":"Left Gold","damage_taken":0,"max_hp_gain":0,"max_hp_loss":0,"event_name":"World of Goop","floor":5,"gold_loss":50},{"damage_healed":0,"gold_gain":0,"player_choice":"Donut","damage_taken":0,"max_hp_gain":5,"max_hp_loss":0,"event_name":"Big Fish","floor":12,"gold_loss":0}],"is_beta":false,"boss_relics":[],"items_purged_floors":[],"is_endless":false,"potions_floor_spawned":[2,7],"killed_by":"The Guardian","ascension_level":13}}