{"host":"qrt7o4dq2qslzw13","time":1611864566,"event":{"mods":["BaseMod","Colored Map","Colored Powertips","Minty Spire (QoL Compilation)","Quick Restart","Replay The Spire","Shop Mod","StSLib","SuperFastMode"],"gold_per_floor":[109,24,24,24,39,39,73,73,97,111,140,89,89,105,105,205,205,130,130,130,43,43,43,43,43],"floor_reached":24,"language":"ENG","playtime":572,"items_purged":[],"score":316,"play_id":"4f6acf6f-1beb-414e-963a-aabb1bceb3e2","local_time":"20210128150926","is_ascension_mode":true,"campfire_choices":[{"data":"Phantasmal Killer","floor":6.0,"key":"SMITH"},{"floor":13.0,"key":"REST"},{"floor":15.0,"key":"REST"},{"floor":23,"key":"REST"}],"circlet_count":0,"master_deck":["AscendersBane","Strike_G","Strike_G","Strike_G","Strike_G","Defend_G","Defend_G","Defend_G","Defend_G","Defend_G","Survivor","Neutralize","Phantasmal Killer+1","Backstab","Trip+1","Footwork","Cloak And Dagger","Masterful Stab","Endless Agony","Sneak Up","Malaise","Backflip+1","Calculated Gamble","Acrobatics","Blade Dance","Footwork","Shame"],"relics":["Ring of the Snake","Replay:Bottled Flurry","Pen Nib","Regal Pillow","Oddly Smooth Stone","Ectoplasm","Replay:Ringing Soul"],"acts_visited":["Exordium","TheCity"],"potions_floor_usage":[16,20,20],"damage_taken":[{"damage":0.0,"enemies":"Cultist","floor":1.0,"turns":4.0},{"damage":3.0,"enemies":"Small Slimes","floor":5.0,"turns":4.0},{"damage":35.0,"enemies":"3 Sentries","floor":7.0,"turns":18.0},{"damage":0.0,"enemies":"Jaw Worm","floor":10.0,"turns":4.0},{"damage":15.0,"enemies":"Gremlin Nob","floor":11.0,"turns":2.0},{"damage":0.0,"enemies":"Red Slaver","floor":14.0,"turns":1.0},{"damage":37,"enemies":"Fading Forest","floor":16,"turns":11},{"damage":10,"enemies":"2 Thieves","floor":18,"turns":5},{"damage":0,"enemies":"Shell Parasite","floor":19,"turns":6},{"damage":7,"enemies":"3 Cultists","floor":20,"turns":7},{"damage":66,"enemies":"Gremlin Leader","floor":24,"turns":8}],"seed_played":"-8434887450324751570","potions_obtained":[{"floor":10.0,"key":"LiquidBronze"},{"floor":14.0,"key":"Toxic Potion"},{"floor":18,"key":"Regen Potion"},{"floor":19,"key":"Fire Potion"}],"is_trial":false,"path_per_floor":["M","$","?","?","M","R","E","$","T","M","E","?","R","M","R","B",null,"M","M","M","$","?","R","E"],"character_chosen":"THE_SILENT","items_purchased":["Trip","Blade Dance","Footwork"],"campfire_rested":3,"item_purchase_floors":[2,21,21],"current_hp_per_floor":[63,63,63,63,60,60,25,25,25,25,10,10,43,43,63,26,54,44,44,52,52,55,66,0,0],"gold":43,"neow_bonus":"THREE_RARE_CARDS","is_daily":false,"chose_seed":false,"campfire_upgraded":1,"win_rate":0.0,"timestamp":1611864566,"path_taken":["M","$","?","?","M","R","E","$","T","M","E","?","R","?","R","BOSS","M","M","M","$","?","R","E"],"items_purchased_type":["Card","Card","Card"],"build_version":"2020-12-22","purchased_purges":0,"victory":false,"max_hp_per_floor":[63,63,63,63,63,63,63,63,63,63,63,63,63,63,63,63,63,63,63,63,63,66,66,66,66],"card_choices":[{"not_picked":["Grand Finale","ReplayTheSpireMod:Necrosis"],"picked":"Phantasmal Killer","floor":0.0},{"not_picked":["Prepared","Slice"],"picked":"Backstab","floor":1.0},{"not_picked":["Masterful Stab","Dagger Throw"],"picked":"Footwork","floor":5.0},{"not_picked":["Predator","Masterful Stab"],"picked":"Cloak And Dagger","floor":7.0},{"not_picked":["Crippling Poison","Noxious Fumes"],"picked":"Masterful Stab","floor":10.0},{"not_picked":["Backstab","All Out Attack"],"picked":"Endless Agony","floor":11.0},{"not_picked":["Tactician","Prepared"],"picked":"Sneak Up","floor":14.0},{"not_picked":["Storm of Steel","Grand Finale"],"picked":"Malaise","floor":16},{"not_picked":["PiercingWail","Quick Slash"],"picked":"Backflip+1","floor":18},{"not_picked":["ReplayTheSpireMod:Scrap Shanks+1","Sneak Up"],"picked":"Calculated Gamble","floor":19},{"not_picked":["Noxious Fumes","Prepared"],"picked":"Acrobatics","floor":20}],"player_experience":608214,"relics_obtained":[{"floor":7.0,"key":"Replay:Bottled Flurry"},{"floor":9.0,"key":"Pen Nib"},{"floor":11.0,"key":"Regal Pillow"}],"event_choices":[{"damage_healed":0.0,"max_hp_gain":0.0,"max_hp_loss":0.0,"gold_gain":0.0,"event_name":"Living Wall","player_choice":"Grow","floor":4.0,"gold_loss":0.0,"damage_taken":0.0,"cards_upgraded":["Trip"]},{"damage_healed":0.0,"max_hp_gain":0.0,"max_hp_loss":0.0,"gold_gain":0.0,"event_name":"WeMeetAgain","player_choice":"Paid Gold","floor":12.0,"gold_loss":51.0,"damage_taken":0.0,"relics_obtained":["Oddly Smooth Stone"]},{"damage_healed":0,"gold_gain":0,"player_choice":"Stole Relic","damage_taken":0,"relics_obtained":["Replay:Ringing Soul"],"max_hp_gain":0,"max_hp_loss":0,"event_name":"Addict","floor":22,"gold_loss":0,"cards_obtained":["Shame"]}],"is_beta":false,"boss_relics":[{"not_picked":["Empty Cage","Replay:Grab Bag"],"picked":"Ectoplasm"}],"items_purged_floors":[],"is_endless":false,"potions_floor_spawned":[10,14,18,19],"killed_by":"Gremlin Leader","ascension_level":11}}