{"host":"a3oe3gstxz77c7qu","time":1611859806,"event":{"mods":["2.2 Compatiblity","Act Like it!","Astrologer","BaseMod","Bestiary","Better Altar","Better Match","Better Note","Better Skull","Better Third Choice","Block Reminder","Curses Come First","Custom Start","Dark Map","Downfall","Fox Events","Friendly Minions","GifTheSpireLib","Hallownest","Hermit","Jorbs\u0027s Wanderer Trilogy","Lobotomy","LobotomyExtend","Marisa????????","Minty Spire (QoL Compilation)","Permanent Neow","Quick Restart","Relic Stats","Spire Arcade","StSLib","The Bug Knight","The Cursed","The Disciple","The Jungle","Uncapped","Unknown Chances","Wandering Minibosses"],"gold_per_floor":[99,118,218,318,332,232,232,250,250,275,294,294,194,226,238,238,238,238],"floor_reached":16,"language":"ENG","playtime":703,"items_purged":[],"score":132,"play_id":"886adc62-10c1-49b7-ac67-6bae369b6846","local_time":"20210128185006","is_ascension_mode":true,"campfire_choices":[{"floor":1,"key":"RECALL"}],"circlet_count":0,"master_deck":["sneckomod:Strike","sneckomod:Strike","sneckomod:Defend","sneckomod:Defend","sneckomod:Defend","sneckomod:TailWhip","sneckomod:SnekBite","sneckomod:Unknown","sneckomod:Restock","TheCursedMod:DemonSword","TheCursedMod:CursedRelics"],"relics":["sneckomod:SneckoSoul","downfall:HeartBlessingRed","downfall:ShatteredFragment","HollowMod:StagPassRelic","MagicBullet_r","downfall:HeartBlessingBlue","Vajra","Shuriken"],"acts_visited":["Exordium"],"potions_floor_usage":[10,16],"damage_taken":[{"damage":0,"enemies":"Cultist","floor":2,"turns":3},{"damage":4,"enemies":"Jaw Worm","floor":5,"turns":3},{"damage":5,"enemies":"2 Louse","floor":8,"turns":2},{"damage":25,"enemies":"Lagavulin","floor":10,"turns":4},{"damage":0,"enemies":"Large Slime","floor":11,"turns":4},{"damage":20,"enemies":"3 Sentries","floor":14,"turns":5},{"damage":0,"enemies":"3 Louse","floor":15,"turns":2},{"damage":25,"enemies":"SI_SHIV_ARCHETYPE","floor":16,"turns":5}],"seed_played":"-5982014703660991358","potions_obtained":[{"floor":5,"key":"champ:CounterPotion"},{"floor":11,"key":"FearPotion"},{"floor":14,"key":"FearPotion"}],"is_trial":false,"path_per_floor":["R","M","?","?","M","R","T","M","?","E","M","?","R","E","M","B"],"character_chosen":"THE_SNECKO","items_purchased":[],"campfire_rested":0,"item_purchase_floors":[],"current_hp_per_floor":[90,90,90,90,86,86,86,81,60,35,35,35,45,25,25,0,0,0],"gold":238,"neow_bonus":"ONE_RANDOM_RARE_CARD","is_daily":false,"chose_seed":false,"campfire_upgraded":0,"win_rate":0.0,"timestamp":1611859806,"path_taken":["R","?","?","?","M","R","T","M","?","E","M","?","R","E","M","BOSS"],"items_purchased_type":[],"build_version":"2020-12-22","purchased_purges":0,"victory":false,"max_hp_per_floor":[90,90,90,90,90,90,90,90,90,90,90,80,90,90,90,90,90,90],"relic_stats":{"counters":[8,28],"Shuriken":[3],"obtain_stats":[{"Girya":14,"downfall:ShatteredFragment":9,"downfall:HeartBlessingRed":6,"MagicBullet_r":12,"downfall:HeartBlessingBlue":13,"Shuriken":14,"Vajra":14,"sneckomod:SneckoSoul":0,"HollowMod:StagPassRelic":10,"InspiredRelic":12},{"Girya":6,"downfall:ShatteredFragment":3,"downfall:HeartBlessingRed":2,"MagicBullet_r":5,"downfall:HeartBlessingBlue":5,"Shuriken":6,"Vajra":6,"sneckomod:SneckoSoul":0,"HollowMod:StagPassRelic":4,"InspiredRelic":5},{"Girya":17,"downfall:ShatteredFragment":8,"downfall:HeartBlessingRed":6,"MagicBullet_r":16,"downfall:HeartBlessingBlue":16,"Shuriken":21,"Vajra":17,"sneckomod:SneckoSoul":0,"HollowMod:StagPassRelic":12,"InspiredRelic":16}]},"card_choices":[{"not_picked":["sneckomod:Unknown1Cost","sneckomod:RainOfDice","sneckomod:IronFang"],"picked":"SKIP","floor":2},{"not_picked":["sneckomod:RainOfDice","sneckomod:DiceBlock","sneckomod:ImprovisedAttack"],"picked":"SKIP","floor":5},{"not_picked":["sneckomod:Unknown1Cost","sneckomod:QuickMove"],"picked":"sneckomod:UnknownRareAttack","floor":8},{"not_picked":["sneckomod:PureSnecko","sneckomod:UnknownBlock","sneckomod:QuickBite"],"picked":"SKIP","floor":10},{"not_picked":["sneckomod:UnknownCommonAttack","sneckomod:WideSting","sneckomod:MasterEye"],"picked":"SKIP","floor":11},{"not_picked":["sneckomod:Unknown2Cost","sneckomod:QuickBite","sneckomod:UnknownBlock"],"picked":"SKIP","floor":14},{"not_picked":["sneckomod:SoulDraw","sneckomod:QuickMove","sneckomod:Nope"],"picked":"SKIP","floor":15}],"player_experience":1106113,"relics_obtained":[{"floor":10,"key":"HollowMod:StagPassRelic"},{"floor":14,"key":"Shuriken"}],"event_choices":[],"is_beta":false,"boss_relics":[],"items_purged_floors":[],"is_endless":false,"potions_floor_spawned":[5,11,14],"killed_by":"SI_SHIV_ARCHETYPE","ascension_level":4}}