{"host":"8ef2eyqaps3igadt","time":1611827455,"event":{"mods":["AchievementEnabler","Act Like it!","Aspiration","BaseMod","Better Altar","Better Match","Better Skull","Better Third Choice","Better Vampires","BetterRewards","Conspire","Curses Come First","Defuse TimeMaze Blight","Disable Question Mark Monsters","Displayed Cursed Tome","Energized Spire","Fox Events","GifTheSpireLib","Hallownest","Highlight Path","Hubris","Infinite Spire","Marked Mod","Mimic Mod","Minty Spire (QoL Compilation)","Quick Restart","Replay The Spire","Shop Mod","Spicy Shops","Spikes Relics","StS++","StSLib","Stuff the Spire","SuperFastMode","The Marked","Trackpad","Unceasing Turn Reminder","Virulent Crown","Wandering Minibosses"],"gold_per_floor":[117,117,117,117,135,164,187,199,258,270,297,329,441,482,494,607,619,759,771,855,867,898,910,910],"floor_reached":23,"language":"ENG","playtime":374,"items_purged":[],"score":249,"play_id":"875a3820-c699-4162-a3d7-41de427593d0","local_time":"20210128105055","is_ascension_mode":true,"campfire_choices":[{"data":"Shockwave","floor":8.0,"key":"SMITH"},{"data":"Bash","floor":10.0,"key":"SMITH"},{"data":"Clash","floor":15.0,"key":"SMITH"}],"circlet_count":0,"master_deck":["Strike_R","Strike_R","Strike_R","Strike_R","Strike_R","Defend_R","Defend_R","Defend_R","Defend_R","Bash+1","Clash+1","infinitespire:DeathsTouch+1","Shockwave+1","Perfected Strike","Disarm+1"],"relics":["Burning Blood","NeowsBlessing","MawBank","Black Star","aspiration:RitualStick"],"acts_visited":["Exordium","TheCity"],"potions_floor_usage":[22],"damage_taken":[{"damage":0.0,"enemies":"2 Louse","floor":1.0,"turns":1.0},{"damage":0.0,"enemies":"Small Slimes","floor":5.0,"turns":1.0},{"damage":0.0,"enemies":"Lagavulin","floor":6.0,"turns":1.0},{"damage":4.0,"enemies":"Cultist","floor":7.0,"turns":3.0},{"damage":28.0,"enemies":"Gremlin Gang","floor":11.0,"turns":3.0},{"damage":3.0,"enemies":"Looter","floor":12.0,"turns":2.0},{"damage":13.0,"enemies":"3 Sentries","floor":14.0,"turns":3.0},{"damage":38,"enemies":"Fading Forest","floor":16,"turns":11},{"damage":18,"enemies":"3 Byrds","floor":18,"turns":7},{"damage":26,"enemies":"Shell Parasite","floor":20,"turns":7},{"damage":19,"enemies":"Snake Plant","floor":22,"turns":2},{"damage":20,"enemies":"Slavers","floor":23,"turns":1}],"seed_played":"3547151677368184542","potions_obtained":[{"floor":1.0,"key":"Toxic Potion"},{"floor":4.0,"key":"Milkshake"},{"floor":4.0,"key":"Cursed Concoction"}],"is_trial":false,"path_per_floor":["M","?","?","?","M","E","M","R","T","R","M","M","?","E","R","B",null,"M","?","M","?","M","E"],"character_chosen":"IRONCLAD","items_purchased":[],"campfire_rested":0,"item_purchase_floors":[],"current_hp_per_floor":[80,61,61,61,67,73,75,75,75,75,53,56,56,49,49,27,80,68,68,48,32,19,0,0],"gold":910,"neow_bonus":"THREE_ENEMY_KILL","is_daily":false,"chose_seed":false,"campfire_upgraded":3,"win_rate":0.0,"timestamp":1611827455,"path_taken":["M","?","?","?","M","E","?","R","T","R","M","?","?","E","R","BOSS","M","?","?","?","M","E"],"items_purchased_type":[],"build_version":"2020-12-22","purchased_purges":0,"victory":false,"max_hp_per_floor":[80,80,80,80,80,80,80,80,80,80,80,80,80,80,80,80,80,80,80,80,80,80,80,80],"card_choices":[{"not_picked":["Dual Wield","Run Through"],"picked":"Clash","floor":1.0},{"not_picked":["ReplayTheSpireMod:Black Plague","ReplayTheSpireMod:Echoes of Time"],"picked":"infinitespire:DeathsTouch","floor":2.0},{"not_picked":["ReplayTheSpireMod:Stacked","Clothesline"],"picked":"Shockwave","floor":5.0},{"not_picked":["Body Slam","Shrug It Off","Exhume"],"picked":"SKIP","floor":6.0},{"not_picked":["Wild Strike","Run Through","ReplayTheSpireMod:Corrosion Curse"],"picked":"SKIP","floor":7.0},{"not_picked":["True Grit","StuffTheSpire:Incineration","Iron Wave"],"picked":"SKIP","floor":11.0},{"not_picked":["Eclipse","Pommel Strike","Ghostly Armor"],"picked":"SKIP","floor":12.0},{"not_picked":["Havoc","Wild Strike","Armaments"],"picked":"SKIP","floor":14.0},{"not_picked":["Iron Wave","Havoc","Wild Strike"],"picked":"SKIP","floor":18},{"not_picked":["Headbutt","Feel No Pain+1"],"picked":"Perfected Strike","floor":20},{"not_picked":["Sword Boomerang","Thunderclap+1"],"picked":"Disarm+1","floor":22}],"player_experience":9163,"relics_obtained":[{"floor":6.0,"key":"MawBank"}],"event_choices":[{"damage_healed":0.0,"max_hp_gain":0.0,"max_hp_loss":0.0,"gold_gain":0.0,"event_name":"Living Wall","player_choice":"Grow","floor":3.0,"gold_loss":0.0,"damage_taken":0.0,"cards_upgraded":["infinitespire:DeathsTouch"]},{"damage_healed":0.0,"max_hp_gain":0.0,"max_hp_loss":0.0,"gold_gain":0.0,"event_name":"Lab","player_choice":"Got Potions","floor":4.0,"gold_loss":0.0,"damage_taken":0.0},{"damage_healed":0.0,"max_hp_gain":0.0,"max_hp_loss":0.0,"gold_gain":100.0,"event_name":"Golden Shrine","player_choice":"Pray","floor":13.0,"gold_loss":0.0,"damage_taken":0.0},{"damage_healed":0,"gold_gain":0,"player_choice":"Bought 0 Potions","damage_taken":0,"max_hp_gain":0,"max_hp_loss":0,"event_name":"The Woman in Blue","floor":19,"gold_loss":0}],"is_beta":false,"boss_relics":[{"not_picked":["energizedSpire:TabascoSauce","Fusion Hammer"],"picked":"Black Star"}],"items_purged_floors":[],"is_endless":false,"potions_floor_spawned":[1,7,12,16,20],"killed_by":"Slavers","ascension_level":2}}