{"host":"takgv9cv6xf64vhq","time":1611860378,"event":{"mods":["BaseMod","Colored Powertips","Downfall","Hubris","LagranYue(拉格朗・月)","Marisa（F雨　魔理沙）","Minty Spire (QoL Compilation)","Replay The Spire","StSLib","The Animator","The Cursed","The Jungle","TheHeartMod"],"gold_per_floor":[115,129,129,22,33,33,52,68,68,68,87,113,113,138,138,239,239,204,204,218,228,228,228],"floor_reached":22,"language":"ZHS","playtime":1381,"items_purged":[],"score":208,"play_id":"e0c270e1-ce23-44d9-8b7f-d5bda204ff13","local_time":"20210129025938","is_ascension_mode":true,"campfire_choices":[{"data":"Beam Cell","floor":6.0,"key":"SMITH"},{"data":"Coolheaded","floor":10.0,"key":"SMITH"},{"data":"Go for the Eyes","floor":15.0,"key":"SMITH"}],"circlet_count":0,"master_deck":["Strike_B","Strike_B","Strike_B","Strike_B","Defend_B","Defend_B","Defend_B","Defend_B","Zap","Dualcast","Beam Cell+1","Turbo","Gash","Gash","FTL","ReplayTheSpireMod:System Scan","Coolheaded+1","Sweeping Beam","Steam","Gash","Regret","Go for the Eyes+1","Impervious","Cold Snap","J.A.X.","Power Through","Hologram"],"relics":["ChewingGum","FaceOfCleric","Meat on the Bone","hubris:MedicalManual","Dream Catcher","hubris:DisguiseKit","ReplayTheSpireMod:DimensionalGlitch"],"acts_visited":["Exordium","TheCity"],"potions_floor_usage":[18],"damage_taken":[{"damage":1.0,"enemies":"Jaw Worm","floor":1.0,"turns":2.0},{"damage":0.0,"enemies":"Cultist","floor":2.0,"turns":3.0},{"damage":8.0,"enemies":"2 Louse","floor":5.0,"turns":3.0},{"damage":10.0,"enemies":"Exordium Wildlife","floor":7.0,"turns":4.0},{"damage":14.0,"enemies":"3 Louse","floor":8.0,"turns":4.0},{"damage":3.0,"enemies":"Red Slaver","floor":11.0,"turns":2.0},{"damage":21.0,"enemies":"Lagavulin","floor":12.0,"turns":5.0},{"damage":11.0,"enemies":"3 Sentries","floor":14.0,"turns":7.0},{"damage":26.0,"enemies":"Hexaghost","floor":16.0,"turns":9.0},{"damage":28,"enemies":"2 Thieves","floor":18,"turns":5},{"damage":12,"enemies":"Shell Parasite","floor":20,"turns":5},{"damage":40,"enemies":"Snake Plant","floor":21,"turns":8},{"damage":21,"enemies":"Cultist and Chosen","floor":22,"turns":5}],"seed_played":"347399223098560799","potions_obtained":[{"floor":2.0,"key":"PotionOfCapacity"},{"floor":8.0,"key":"FearPotion"},{"floor":14.0,"key":"Fire Potion"},{"floor":16.0,"key":"Dexterity Potion"}],"is_trial":false,"path_per_floor":["M","M","?","$","M","R","M","M","T","R","M","E","?","E","R","B",null,"M","?","M","M","M"],"character_chosen":"DEFECT","items_purchased":["Gash","FTL"],"campfire_rested":0,"item_purchase_floors":[4,4],"current_hp_per_floor":[74,74,74,74,67,67,58,45,45,45,43,35,35,37,37,24,82,55,55,44,11,0,0],"gold":228,"neow_bonus":"BOSS_RELIC","is_daily":false,"chose_seed":false,"campfire_upgraded":3,"win_rate":0.0,"timestamp":1611860378,"path_taken":["M","M","?","$","M","R","?","M","T","R","M","E","?","E","R","BOSS","M","?","M","M","M"],"items_purchased_type":["Card","Card"],"build_version":"2020-12-22","purchased_purges":0,"victory":false,"max_hp_per_floor":[75,75,75,75,76,76,77,78,78,78,79,80,80,81,81,82,82,83,83,84,85,85,85],"card_choices":[{"not_picked":["Conserve Battery","Storm"],"picked":"Beam Cell","floor":1.0},{"not_picked":["Streamline","Leap"],"picked":"Turbo","floor":2.0},{"not_picked":["hubris:PowerSurge","Barrage"],"picked":"ReplayTheSpireMod:System Scan","floor":5.0},{"not_picked":["Streamline","ReplaySolidLightProjector"],"picked":"Coolheaded","floor":7.0},{"not_picked":["Barrage","Ball Lightning"],"picked":"Sweeping Beam","floor":8.0},{"not_picked":["Hyperbeam","Rebound"],"picked":"Steam","floor":11.0},{"not_picked":["Blizzard","hubris:Prefetch"],"picked":"Gash","floor":12.0},{"not_picked":["Conserve Battery","ReplayGash"],"picked":"Go for the Eyes","floor":14.0},{"not_picked":["Biased Cognition","Multi-Cast","ReplayTheSpireMod:Fabricate Wheel"],"picked":"Impervious","floor":16.0},{"not_picked":["Conserve Battery","Capacitor","Sentinel"],"picked":"Cold Snap","floor":18},{"not_picked":["Defragment+1","Rebound","Streamline"],"picked":"Power Through","floor":20},{"not_picked":["FIFO Queue","Scrape","Shrug It Off"],"picked":"Hologram","floor":21}],"player_experience":175875,"relics_obtained":[{"floor":9.0,"key":"Meat on the Bone"},{"floor":12.0,"key":"hubris:MedicalManual"},{"floor":14.0,"key":"hubris:DisguiseKit"}],"event_choices":[{"damage_healed":0.0,"max_hp_gain":0.0,"max_hp_loss":0.0,"gold_gain":0.0,"event_name":"FaceTrader","player_choice":"Trade","floor":3.0,"gold_loss":0.0,"damage_taken":0.0,"relics_obtained":["FaceOfCleric"]},{"damage_healed":0.0,"max_hp_gain":0.0,"max_hp_loss":0.0,"gold_gain":0.0,"event_name":"Big Fish","player_choice":"Box","floor":13.0,"gold_loss":0.0,"damage_taken":0.0,"relics_obtained":["Dream Catcher"],"cards_obtained":["Regret"]},{"damage_healed":0,"gold_gain":0,"player_choice":"Obtain J.A.X.","damage_taken":0,"max_hp_gain":0,"max_hp_loss":0,"event_name":"Drug Dealer","floor":19,"gold_loss":0,"cards_obtained":["J.A.X."]}],"is_beta":false,"boss_relics":[{"not_picked":["SacredBark","Abe\u0027s Treasure"],"picked":"ReplayTheSpireMod:DimensionalGlitch"}],"items_purged_floors":[],"is_endless":false,"potions_floor_spawned":[2,8,14,16],"killed_by":"Cultist and Chosen","ascension_level":1}}