{"host":"6bsan6hkua32tfq7","time":1611874261,"event":{"mods":["BaseMod","Better Third Choice","Colored Map","Highlight Path","Minty Spire (QoL Compilation)","StSLib"],"gold_per_floor":[109,109,109,128,140,140,39,72,72,84,84,95,95,115,115,194,194,194,194,194,94,34,34,34,34,34,34,34,34,34,34,34,34,34,34,34,34,34,34,34,34,34,34,34,34,34,34,34,34,34,34],"floor_reached":50,"language":"ENG","playtime":980,"items_purged":["Strike_P","FlurryOfBlows"],"score":1003,"play_id":"791e2d58-d4eb-4b32-87db-bf4a99293918","local_time":"20210128235101","is_ascension_mode":true,"campfire_choices":[{"data":"PathToVictory","floor":6.0,"key":"SMITH"},{"data":"PathToVictory","floor":11,"key":"SMITH"},{"data":"PathToVictory","floor":13,"key":"SMITH"},{"data":"PathToVictory","floor":15,"key":"SMITH"},{"floor":23,"key":"REST"},{"floor":25,"key":"REST"},{"floor":28,"key":"REST"},{"floor":32,"key":"REST"},{"floor":40,"key":"RECALL"},{"data":"1","floor":42,"key":"LIFT"},{"floor":44,"key":"REST"},{"floor":49,"key":"REST"}],"circlet_count":0,"master_deck":["AscendersBane","Vigilance","PathToVictory+1","PathToVictory+1","Consecrate","PathToVictory+1","Study","PathToVictory+1","DeceiveReality","PathToVictory","DevaForm","PathToVictory+1","Wish","Study+1","DeusExMachina","DeceiveReality"],"relics":["PureWater","Bag of Marbles","Bottled Flame","White Beast Statue","Odd Mushroom","Ectoplasm","Vajra","Yang","Fusion Hammer","Girya"],"acts_visited":["Exordium","TheCity","TheBeyond"],"potions_floor_usage":[12,18,33,35,38,50],"damage_taken":[{"damage":0.0,"enemies":"Jaw Worm","floor":1.0,"turns":1.0},{"damage":2.0,"enemies":"Small Slimes","floor":4.0,"turns":2.0},{"damage":0.0,"enemies":"Cultist","floor":5.0,"turns":1.0},{"damage":0.0,"enemies":"Gremlin Nob","floor":8.0,"turns":2.0},{"damage":8,"enemies":"Blue Slaver","floor":10,"turns":2},{"damage":20,"enemies":"Large Slime","floor":12,"turns":3},{"damage":0,"enemies":"The Mushroom Lair","floor":14,"turns":3},{"damage":13,"enemies":"Hexaghost","floor":16,"turns":5},{"damage":9,"enemies":"Chosen","floor":18,"turns":4},{"damage":25,"enemies":"2 Thieves","floor":22,"turns":3},{"damage":14,"enemies":"Gremlin Leader","floor":24,"turns":2},{"damage":1,"enemies":"Chosen and Byrds","floor":27,"turns":3},{"damage":0,"enemies":"Sentry and Sphere","floor":29,"turns":3},{"damage":24,"enemies":"Snake Plant","floor":30,"turns":2},{"damage":0,"enemies":"3 Cultists","floor":31,"turns":3},{"damage":38,"enemies":"Collector","floor":33,"turns":4},{"damage":0,"enemies":"Orb Walker","floor":35,"turns":1},{"damage":0,"enemies":"3 Shapes","floor":37,"turns":3},{"damage":12,"enemies":"Writhing Mass","floor":38,"turns":2},{"damage":13,"enemies":"Spire Growth","floor":41,"turns":3},{"damage":10,"enemies":"Jaw Worm Horde","floor":45,"turns":3},{"damage":24,"enemies":"Writhing Mass","floor":47,"turns":3},{"damage":79,"enemies":"Awakened One","floor":50,"turns":5}],"seed_played":"-2025211255049161197","potions_obtained":[{"floor":4.0,"key":"FairyPotion"},{"floor":5.0,"key":"DuplicationPotion"},{"floor":10,"key":"Swift Potion"},{"floor":12,"key":"Swift Potion"},{"floor":16,"key":"PowerPotion"},{"floor":18,"key":"FearPotion"},{"floor":30,"key":"Dexterity Potion"},{"floor":31,"key":"PowerPotion"},{"floor":33,"key":"SkillPotion"},{"floor":35,"key":"Explosive Potion"},{"floor":38,"key":"SteroidPotion"},{"floor":41,"key":"Explosive Potion"},{"floor":45,"key":"SkillPotion"},{"floor":47,"key":"DistilledChaos"}],"is_trial":false,"path_per_floor":["M","?","?","M","M","R","$","E","T","M","R","M","R","?","R","B",null,"M","?","?","$","M","R","E","R","T","M","R","M","M","M","R","B",null,"M","?","M","M","?","R","M","R","T","R","M","?","M","$","R","B"],"character_chosen":"WATCHER","items_purchased":["PathToVictory"],"campfire_rested":6,"item_purchase_floors":[7],"current_hp_per_floor":[61,54,54,52,52,52,52,52,52,44,44,24,24,24,24,11,54,45,45,45,45,20,40,26,46,46,45,65,65,41,41,61,23,57,57,57,57,45,45,45,32,32,32,52,42,42,18,18,38,0,0],"gold":34,"neow_bonus":"RANDOM_COMMON_RELIC","is_daily":false,"chose_seed":false,"campfire_upgraded":4,"win_rate":0.0,"timestamp":1611874261,"path_taken":["M","?","?","M","?","R","$","E","T","M","R","M","R","?","R","BOSS","M","?","?","?","M","R","E","R","T","?","R","M","M","M","R","BOSS","M","?","M","?","?","R","M","R","T","R","?","?","M","$","R","BOSS"],"items_purchased_type":["Card"],"build_version":"2020-12-22","purchased_purges":2,"victory":false,"max_hp_per_floor":[68,68,68,68,68,68,68,68,68,68,68,68,68,68,68,68,68,68,68,68,68,68,68,68,68,68,68,68,68,68,68,68,68,68,68,68,68,68,68,68,68,68,68,68,68,68,68,68,68,68,68],"card_choices":[{"not_picked":["BowlingBash","CrushJoints"],"picked":"FlurryOfBlows","floor":1.0},{"not_picked":["Indignation","WheelKick"],"picked":"PathToVictory","floor":4.0},{"not_picked":["JustLucky","Evaluate"],"picked":"Consecrate","floor":5.0},{"not_picked":["Devotion","FlurryOfBlows"],"picked":"Study","floor":8},{"not_picked":["Crescendo","TalkToTheHand"],"picked":"PathToVictory","floor":10},{"not_picked":["Worship","Protect"],"picked":"DeceiveReality","floor":12},{"not_picked":["Consecrate","EmptyBody"],"picked":"PathToVictory","floor":14},{"not_picked":["Omniscience","Devotion"],"picked":"DevaForm","floor":16},{"not_picked":["SashWhip","Consecrate"],"picked":"PathToVictory+1","floor":18},{"not_picked":["ThirdEye","EmptyBody","Collect"],"picked":"SKIP","floor":22},{"not_picked":["MentalFortress","PathToVictory","DeceiveReality"],"picked":"SKIP","floor":24},{"not_picked":["Meditate","Adaptation","PathToVictory"],"picked":"SKIP","floor":27},{"not_picked":["CrushJoints","Study","CarveReality+1"],"picked":"SKIP","floor":29},{"not_picked":["CrushJoints","Sanctity","JustLucky+1"],"picked":"SKIP","floor":30},{"not_picked":["CrushJoints","Sanctity","JustLucky+1"],"picked":"SKIP","floor":30},{"not_picked":["Vengeance","SashWhip","FollowUp"],"picked":"SKIP","floor":31},{"not_picked":["Vengeance","SashWhip","FollowUp"],"picked":"SKIP","floor":31},{"not_picked":["DevaForm","SpiritShield"],"picked":"Wish","floor":33},{"not_picked":["Crescendo+1","FlyingSleeves","Halt"],"picked":"SKIP","floor":35},{"not_picked":["EmptyBody+1","SashWhip+1","EmptyMind"],"picked":"SKIP","floor":37},{"not_picked":["EmptyMind","Study+1","CutThroughFate+1"],"picked":"SKIP","floor":38},{"not_picked":["EmptyMind","CutThroughFate+1"],"picked":"Study+1","floor":38},{"not_picked":["Swivel","Protect","DeusExMachina"],"picked":"SKIP","floor":41},{"not_picked":["Swivel","Protect"],"picked":"DeusExMachina","floor":41},{"not_picked":["Wireheading","Protect+1","SashWhip"],"picked":"SKIP","floor":45},{"not_picked":["CutThroughFate","JustLucky"],"picked":"DeceiveReality","floor":47}],"player_experience":5340307,"relics_obtained":[{"floor":8,"key":"Bottled Flame"},{"floor":9,"key":"White Beast Statue"},{"floor":14,"key":"Odd Mushroom"},{"floor":24,"key":"Vajra"},{"floor":26,"key":"Yang"}],"event_choices":[{"cards_removed":["Defend_P"],"damage_healed":0.0,"max_hp_gain":0.0,"max_hp_loss":0.0,"gold_gain":0.0,"event_name":"Golden Wing","player_choice":"Card Removal","floor":2.0,"gold_loss":0.0,"damage_taken":7.0},{"damage_healed":0.0,"max_hp_gain":0.0,"max_hp_loss":0.0,"gold_gain":0.0,"event_name":"Match and Keep!","player_choice":"1 cards matched","floor":3.0,"gold_loss":0.0,"damage_taken":0.0,"cards_obtained":["PathToVictory"]},{"damage_healed":0,"gold_gain":0,"player_choice":"Fought Mushrooms","damage_taken":0,"max_hp_gain":0,"max_hp_loss":0,"event_name":"Mushrooms","floor":14,"gold_loss":0},{"damage_healed":0,"gold_gain":0,"player_choice":"Ignored","damage_taken":0,"max_hp_gain":0,"max_hp_loss":0,"event_name":"Cursed Tome","floor":19,"gold_loss":0},{"damage_healed":0,"gold_gain":0,"player_choice":"Materialism","damage_taken":0,"max_hp_gain":0,"max_hp_loss":6,"event_name":"betterThird:BetterWriting","floor":20,"gold_loss":0},{"damage_healed":0,"gold_gain":0,"player_choice":"0 cards matched","damage_taken":0,"max_hp_gain":0,"max_hp_loss":0,"event_name":"Match and Keep!","floor":36,"gold_loss":0,"cards_obtained":[]},{"damage_healed":0,"gold_gain":0,"player_choice":"Gave Potion","damage_taken":0,"relics_obtained":["Girya"],"max_hp_gain":0,"max_hp_loss":0,"event_name":"WeMeetAgain","floor":39,"gold_loss":0},{"cards_removed":["Eruption"],"damage_healed":0,"gold_gain":0,"player_choice":"Removed Attack","damage_taken":0,"max_hp_gain":0,"max_hp_loss":0,"event_name":"Falling","floor":46,"gold_loss":0}],"is_beta":false,"boss_relics":[{"not_picked":["Astrolabe","Philosopher\u0027s Stone"],"picked":"Ectoplasm"},{"not_picked":["SlaversCollar","Busted Crown"],"picked":"Fusion Hammer"}],"items_purged_floors":[7,21],"is_endless":false,"potions_floor_spawned":[4,5,10,12,14,16,18,22,24,27,29,30,31,33,35,37,38,41,45,47],"killed_by":"Awakened One","ascension_level":20}}