{"host":"9glxjasd35ghdaim","time":1611866621,"event":{"mods":["Act Like it!","AlwaysNeverKeys","Aspiration","Bard","BaseMod","Better Third Choice","CCEM2","CapriCore","Colored Map","Colored Powertips","Conspire","Dark Map","Displayed Cursed Tome","Energized Spire","GifTheSpireLib","Halation","Hermit","Hubris","Infinite Spire","Jorbs\u0027s Wanderer Trilogy","Luminous","Marisa????????","Minty Spire (QoL Compilation)","Permanent Neow","Quick Restart","Random Character Button","Rare Cards Sparkle","Relic Stats","Reliquary","Replay The Spire","Shade Mod","Spicy Shops","StS++","StSLib","Stuff the Spire","The Administrix","The Animator","The Blue Laboratory","The Bug Knight","The Construct","The Cursed","The Disciple","The Florist","The Hierophant","The Problem Sleuth","The Senshi","The Servant 0.9.4","The Wild Card","TheFirefly","TheSwordswoman","Unceasing Turn Reminder","Wandering Minibosses"],"gold_per_floor":[110,110,120,133,194,194,194],"floor_reached":6,"language":"ENG","playtime":593,"items_purged":[],"score":36,"play_id":"58ed498c-ea5f-4b34-89c7-b904ef7f8925","local_time":"20210128154341","is_ascension_mode":false,"campfire_choices":[],"circlet_count":0,"master_deck":["thefirefly:Strike","thefirefly:Strike","thefirefly:Strike","thefirefly:Strike","thefirefly:Defend","thefirefly:Defend","thefirefly:Defend","thefirefly:Defend","thefirefly:StealthMode","thefirefly:PhotonBlast+1","conspire:Banana","thefirefly:CoveringFire","thefirefly:HyperFocus","thefirefly:InterceptingShot","thefirefly:EMP"],"relics":["thefirefly:StealthSystem","CCEMRelics:DerglesHeadphones"],"acts_visited":["Exordium"],"potions_floor_usage":[6,6],"damage_taken":[{"damage":0,"enemies":"Jaw Worm","floor":1,"turns":5},{"damage":21,"enemies":"Cultist","floor":3,"turns":7},{"damage":8,"enemies":"Small Slimes","floor":4,"turns":4},{"damage":20,"enemies":"Gremlin Nob","floor":6,"turns":4}],"seed_played":"-5139705642187502638","potions_obtained":[{"floor":4,"key":"Dexterity Potion"},{"floor":5,"key":"LifebloodPotion"}],"is_trial":false,"path_per_floor":["M","?","M","M","?","E"],"character_chosen":"THE_FIREFLY","items_purchased":[],"campfire_rested":0,"item_purchase_floors":[],"current_hp_per_floor":[56,56,36,29,15,0,0],"gold":194,"neow_bonus":"RANDOM_COLORLESS","is_daily":false,"chose_seed":false,"campfire_upgraded":0,"win_rate":0.0,"timestamp":1611866621,"path_taken":["M","?","M","?","?","E"],"items_purchased_type":[],"build_version":"2020-12-22","purchased_purges":0,"victory":false,"max_hp_per_floor":[56,56,57,58,58,59,59],"relic_stats":{"counters":[4,20],"obtain_stats":[{"thefirefly:StealthSystem":0,"CCEMRelics:DerglesHeadphones":5},{"thefirefly:StealthSystem":0,"CCEMRelics:DerglesHeadphones":3},{"thefirefly:StealthSystem":0,"CCEMRelics:DerglesHeadphones":16}]},"card_choices":[{"not_picked":["ReplayTheSpireMod:Private Reserves","Bandage Up"],"picked":"conspire:Banana","floor":0},{"not_picked":["thefirefly:SteadyAim","thefirefly:ErraticMotions"],"picked":"thefirefly:CoveringFire","floor":1},{"not_picked":["thefirefly:RecollectionSubroutine","thefirefly:LifeSupport"],"picked":"thefirefly:HyperFocus","floor":3},{"not_picked":["thefirefly:RollBack","thefirefly:FlareScreen"],"picked":"thefirefly:InterceptingShot","floor":4},{"not_picked":["thefirefly:Dematerialize","thefirefly:SearingEnigma"],"picked":"thefirefly:EMP","floor":5}],"player_experience":236686,"relics_obtained":[{"floor":5,"key":"CCEMRelics:DerglesHeadphones"}],"event_choices":[{"damage_healed":0,"gold_gain":0,"player_choice":"Upgraded","damage_taken":0,"max_hp_gain":0,"max_hp_loss":0,"event_name":"Upgrade Shrine","floor":2,"gold_loss":0,"cards_upgraded":["thefirefly:PhotonBlast"]}],"is_beta":false,"boss_relics":[],"items_purged_floors":[],"is_endless":false,"potions_floor_spawned":[4],"killed_by":"Gremlin Nob","ascension_level":0}}