{"host":"o6j8h35axmoodbwy","time":1611815672,"event":{"mods":["2.2 Compatiblity","Act Like it!","BaseMod","Colored Map","Colored Powertips","Gensokyo","MarisaÅiñ∂âJÅ@ñÇóùçπÅj","Minty Spire (QoL Compilation)","Prisma Mod","Quick Restart","Shop Mod","StSLib","SuperFastMode","Td1madao Mod"],"gold_per_floor":[112,129,129,56,56,88,88,99,123,123,63,143,38,51,51,162,162,180,204,224,263,273,273,372,372,372,398,398,426,426,442,442,538,565,579,598,610,119,134,171,171,171,219,219,219,231,231,257,257,257],"floor_reached":51,"language":"JPN","playtime":3601,"items_purged":["PrismaMod:ChloeCommonAttack","PrismaMod:ChloeUncommonAttack+1"],"score":672,"play_id":"415deb1d-1534-4591-a11a-9cc399d6b11f","local_time":"20210128153432","is_ascension_mode":false,"campfire_choices":[{"data":"PrismaMod:ChloeCheapAttackTwo","floor":7,"key":"SMITH"},{"data":"PrismaMod:ChloeExcalibur","floor":10,"key":"SMITH"},{"data":"PrismaMod:ChloeRhongomyniad","floor":15,"key":"SMITH"},{"data":"PrismaMod:ChloeGaeBolg","floor":23,"key":"SMITH"},{"data":"PrismaMod:ChloeRitsuka","floor":25,"key":"SMITH"},{"data":"PrismaMod:ChloeCheapDefend","floor":28,"key":"SMITH"},{"floor":32,"key":"REST"},{"data":"PrismaMod:ChloeCommonDefend","floor":42,"key":"SMITH"},{"data":"PrismaMod:ChloeCommonDefend","floor":45,"key":"SMITH"},{"data":"PrismaMod:ChloeCommonDefend","floor":47,"key":"SMITH"},{"data":"PrismaMod:ChloeCommonDefend","floor":49,"key":"SMITH"}],"circlet_count":0,"master_deck":["PrismaMod:ChloeCommonDefend","PrismaMod:ChloeCommonDefend+1","PrismaMod:ChloeCommonDefend+1","PrismaMod:ChloeCommonDefend+1","PrismaMod:ChloeCommonDefend+1","PrismaMod:ChloeCheapAttack+1","PrismaMod:ChloeCheapDefend+1","PrismaMod:ChloeCheapAttackTwo+1","PrismaMod:ChloeCarnivalAttack","PrismaMod:ChloeExcalibur+1","PrismaMod:ChloeRhongomyniad+1","PrismaMod:ChloeRitsuka+1","PrismaMod:ChloeGaeBolg+1","PrismaMod:ChloeExhaustOne+1","PrismaMod:ChloeMordred+1","PrismaMod:ChloeAnyCommonTrace+1","PrismaMod:ChloeCheapAttack+1","Finesse","PrismaMod:ChloeChristmas+1","PrismaMod:ChloeCheapDefendTwo+1"],"relics":["PrismaMod:PrismaTraceOn","GremlinMask","Vajra","CeramicFish","Bottled Lightning","Busted Crown","Red Mask","Blood Vial","StrikeDummy","StoneCalendar","Astrolabe","Mango","Orichalcum","Juzu Bracelet"],"acts_visited":["Exordium","TheCity","TheBeyond"],"potions_floor_usage":[6,21,21,33,50,50],"damage_taken":[{"damage":0,"enemies":"Jaw Worm","floor":1,"turns":3},{"damage":0,"enemies":"Cultist","floor":2,"turns":4},{"damage":6,"enemies":"3 Sentries","floor":6,"turns":5},{"damage":0,"enemies":"2 Louse","floor":8,"turns":2},{"damage":5,"enemies":"Blue Slaver","floor":14,"turns":3},{"damage":7,"enemies":"The Guardian","floor":16,"turns":8},{"damage":9,"enemies":"2 Thieves","floor":18,"turns":4},{"damage":0,"enemies":"Chosen","floor":19,"turns":4},{"damage":8,"enemies":"Snake Plant","floor":20,"turns":3},{"damage":17,"enemies":"Masked Bandits","floor":21,"turns":4},{"damage":11,"enemies":"Snecko","floor":22,"turns":3},{"damage":4,"enemies":"Book of Stabbing","floor":27,"turns":4},{"damage":0,"enemies":"Cultist and Chosen","floor":29,"turns":4},{"damage":7,"enemies":"Snake Plant","floor":31,"turns":3},{"damage":21,"enemies":"Collector","floor":33,"turns":7},{"damage":15,"enemies":"3 Darklings","floor":35,"turns":5},{"damage":6,"enemies":"Orb Walker","floor":36,"turns":3},{"damage":0,"enemies":"Maw","floor":37,"turns":6},{"damage":2,"enemies":"Jaw Worm Horde","floor":39,"turns":5},{"damage":1,"enemies":"Giant Head","floor":40,"turns":6},{"damage":3,"enemies":"3 Darklings","floor":46,"turns":4},{"damage":15,"enemies":"Writhing Mass","floor":48,"turns":5},{"damage":13,"enemies":"Time Eater","floor":50,"turns":12}],"seed_played":"-4695964761499060253","potions_obtained":[{"floor":1,"key":"Explosive Potion"},{"floor":8,"key":"Explosive Potion"},{"floor":14,"key":"Energy Potion"},{"floor":16,"key":"Dexterity Potion"},{"floor":21,"key":"Block Potion"},{"floor":27,"key":"AttackPotion"},{"floor":35,"key":"SkillPotion"},{"floor":39,"key":"Swift Potion"},{"floor":48,"key":"Regen Potion"}],"is_trial":false,"path_per_floor":["M","M","?","$","?","E","R","M","T","R","$","T","$","M","R","B",null,"M","M","M","?","M","R","?","R","T","E","R","M","?","M","R","B",null,"M","M","M","$","M","E","?","R","T","?","R","M","R","M","R","B",null],"character_chosen":"CHLOE","items_purchased":["PrismaMod:ChloeCarnivalAttack","PrismaMod:ChloeRhongomyniad","PrismaMod:ChloeRitsuka","Mango","Finesse"],"campfire_rested":1,"item_purchase_floors":[4,11,13,38,38],"current_hp_per_floor":[75,75,75,75,68,62,62,62,62,62,62,62,62,57,57,50,75,66,66,58,41,30,30,30,30,30,28,28,30,30,25,47,28,75,65,61,70,84,89,88,88,88,88,88,88,86,86,73,73,74],"gold":257,"neow_bonus":"UPGRADE_CARD","is_daily":false,"chose_seed":false,"campfire_upgraded":10,"win_rate":0.0,"timestamp":1611815672,"path_taken":["M","M","?","?","?","E","R","M","T","R","?","?","$","M","R","BOSS","M","M","M","?","M","R","?","R","T","E","R","M","?","M","R","BOSS","M","M","M","$","?","E","?","R","T","?","R","M","R","M","R","BOSS"],"items_purchased_type":["Card","Card","Card","Relic","Card"],"build_version":"2020-12-22","purchased_purges":2,"victory":true,"max_hp_per_floor":[75,75,75,75,75,75,75,75,75,75,75,75,75,75,75,75,75,75,75,75,75,75,75,75,75,75,75,75,75,75,75,75,75,75,75,75,75,89,89,89,89,89,89,89,89,89,89,89,89,89],"card_choices":[{"not_picked":["PrismaMod:ChloeDemonicTutor","PrismaMod:ChloeRitsuka"],"picked":"PrismaMod:ChloeCheapAttackTwo","floor":1},{"not_picked":["PrismaMod:ChloeUncommonAttack","PrismaMod:ChloeCheapAttackTwo","PrismaMod:ChloeMaid"],"picked":"SKIP","floor":2},{"not_picked":["PrismaMod:ChloeDiscardRecovery","PrismaMod:ChloeBetterTracePools","PrismaMod:ChloeExhaustOne"],"picked":"SKIP","floor":6},{"not_picked":["PrismaMod:ChloeBetterTracePools","PrismaMod:ChloeCheapAttackTwo"],"picked":"PrismaMod:ChloeExcalibur","floor":8},{"not_picked":["PrismaMod:ChloeCheapDefend","PrismaMod:ChloeCheapAttackTwo","PrismaMod:ChloeUncommonAOEAttack"],"picked":"SKIP","floor":14},{"not_picked":["PrismaMod:ChloeHalloween","PrismaMod:ChloeDoubleRelicSpeed"],"picked":"PrismaMod:ChloeCarnivalAttack","floor":16},{"not_picked":["PrismaMod:ChloeDiscardRecovery"],"picked":"SKIP","floor":18},{"not_picked":[],"picked":"PrismaMod:ChloeGaeBolg","floor":19},{"not_picked":["PrismaMod:ChloeMaid"],"picked":"SKIP","floor":20},{"not_picked":[],"picked":"PrismaMod:ChloeExhaustOne+1","floor":21},{"not_picked":["PrismaMod:ChloeExcalibur"],"picked":"SKIP","floor":22},{"not_picked":["PrismaMod:ChloeExhaustTwo"],"picked":"SKIP","floor":27},{"not_picked":[],"picked":"PrismaMod:ChloeMordred+1","floor":29},{"not_picked":["PrismaMod:ChloeRuleBreaker"],"picked":"SKIP","floor":31},{"not_picked":["PrismaMod:ChloeCheapAttack+1"],"picked":"SKIP","floor":35},{"not_picked":["PrismaMod:ChloeExhaustOne"],"picked":"SKIP","floor":36},{"not_picked":["PrismaMod:ChloeRhongomyniad+1"],"picked":"SKIP","floor":37},{"not_picked":["PrismaMod:ChloeUncommonAOEAttack"],"picked":"SKIP","floor":39},{"not_picked":[],"picked":"PrismaMod:ChloeChristmas+1","floor":40},{"not_picked":["PrismaMod:ChloeUncommonAOEAttack+1"],"picked":"SKIP","floor":46},{"not_picked":[],"picked":"PrismaMod:ChloeCheapDefendTwo+1","floor":48}],"player_experience":601033,"relics_obtained":[{"floor":6,"key":"Vajra"},{"floor":9,"key":"CeramicFish"},{"floor":12,"key":"Bottled Lightning"},{"floor":21,"key":"Red Mask"},{"floor":26,"key":"Blood Vial"},{"floor":27,"key":"StrikeDummy"},{"floor":40,"key":"Orichalcum"},{"floor":43,"key":"Juzu Bracelet"}],"event_choices":[{"damage_healed":0,"gold_gain":0,"player_choice":"Trade","damage_taken":0,"relics_obtained":["GremlinMask"],"max_hp_gain":0,"max_hp_loss":0,"event_name":"FaceTrader","floor":3,"gold_loss":0},{"cards_removed":["PrismaMod:ChloeCommonAttack"],"damage_healed":0,"gold_gain":0,"player_choice":"Card Removal","damage_taken":7,"max_hp_gain":0,"max_hp_loss":0,"event_name":"Golden Wing","floor":5,"gold_loss":0},{"damage_healed":0,"gold_gain":0,"player_choice":"Fought Bandits","damage_taken":0,"max_hp_gain":0,"max_hp_loss":0,"event_name":"Masked Bandits","floor":21,"gold_loss":0},{"damage_healed":0,"gold_gain":99,"player_choice":"Stole From Cult","damage_taken":0,"max_hp_gain":0,"max_hp_loss":0,"event_name":"Nest","floor":24,"gold_loss":0},{"damage_healed":0,"gold_gain":0,"player_choice":"Gave Potion","damage_taken":0,"relics_obtained":["StoneCalendar"],"max_hp_gain":0,"max_hp_loss":0,"event_name":"WeMeetAgain","floor":30,"gold_loss":0},{"cards_removed":["PrismaMod:ChloeCarnivalAttack"],"damage_healed":0,"gold_gain":0,"player_choice":"Removed Attack","damage_taken":0,"max_hp_gain":0,"max_hp_loss":0,"event_name":"Falling","floor":41,"gold_loss":0},{"damage_healed":0,"gold_gain":0,"player_choice":"Ignored","damage_taken":0,"max_hp_gain":0,"max_hp_loss":0,"event_name":"Mysterious Sphere","floor":44,"gold_loss":0}],"is_beta":false,"boss_relics":[{"not_picked":["Coffee Dripper","Fusion Hammer"],"picked":"Busted Crown"},{"not_picked":["Empty Cage","Cursed Key"],"picked":"Astrolabe"}],"items_purged_floors":[13,38],"is_endless":false,"potions_floor_spawned":[1,8,14,16,20,21,27,35,39,48],"ascension_level":0}}