{"host":"yuhy0i501zzmn1iz","time":1611813996,"event":{"mods":["AchievementEnabler","AlwaysNeverKeys","BaseMod","Bestiary","Better Match","Better Third Choice","Curses Come First","Downfall","Minty Spire (QoL Compilation)","StSLib","slay the spire mod where everything is the same but ironclad has a cowboy hat"],"gold_per_floor":[113,126,139,239,251,280,280,311,358,415,430,430,201,217,217,314,314,331,101,201,214,228,269,269,290,308,308,308,331,351,380,380,380,380],"floor_reached":33,"language":"ENG","playtime":1297,"items_purged":["Strike_R","Strike_R"],"score":365,"play_id":"a9cade00-7e2f-4d04-a204-ddc2aa8f34c8","local_time":"20210128010636","is_ascension_mode":true,"campfire_choices":[{"data":"Evolve","floor":7,"key":"SMITH"},{"data":"Shrug It Off","floor":12,"key":"SMITH"},{"floor":15,"key":"REST"},{"data":"Flame Barrier","floor":24,"key":"SMITH"},{"floor":28,"key":"REST"},{"data":"Immolate","floor":32,"key":"SMITH"}],"circlet_count":0,"master_deck":["Strike_R","Strike_R","Strike_R","Defend_R","Defend_R","Defend_R","Defend_R","Bash","Wild Strike","Ghostly Armor","Pummel","Evolve+1","Headbutt","Shrug It Off+1","Flame Barrier+1","Whirlwind","Flame Barrier","Limit Break","Intimidate","Immolate+1","Double Tap","downfall:Haunted","Cleave","Rampage","Cleave","Regret","downfall:Malfunctioning","Reckless Charge","Rupture+1","Rage"],"relics":["Burning Blood","Akabeko","Regal Pillow","Letter Opener","Omamori","Membership Card","Velvet Choker","Turnip","downfall:ExtraCursedKey","CeramicFish","Darkstone Periapt","Enchiridion"],"acts_visited":["Exordium","TheCity"],"potions_floor_usage":[21,30,31],"damage_taken":[{"damage":0,"enemies":"2 Louse","floor":1,"turns":2},{"damage":0,"enemies":"Cultist","floor":2,"turns":2},{"damage":2,"enemies":"Jaw Worm","floor":3,"turns":3},{"damage":8,"enemies":"Blue Slaver","floor":5,"turns":2},{"damage":20,"enemies":"Lagavulin","floor":6,"turns":7},{"damage":46,"enemies":"Gremlin Nob","floor":8,"turns":5},{"damage":0,"enemies":"Large Slime","floor":11,"turns":5},{"damage":0,"enemies":"Exordium Wildlife","floor":14,"turns":1},{"damage":64,"enemies":"The Guardian","floor":16,"turns":15},{"damage":0,"enemies":"3 Byrds","floor":18,"turns":1},{"damage":0,"enemies":"Chosen","floor":21,"turns":4},{"damage":7,"enemies":"Snake Plant","floor":22,"turns":3},{"damage":50,"enemies":"Book of Stabbing","floor":23,"turns":6},{"damage":7,"enemies":"Chosen and Byrds","floor":25,"turns":4},{"damage":0,"enemies":"Centurion and Healer","floor":29,"turns":3},{"damage":2,"enemies":"Sentry and Sphere","floor":30,"turns":3},{"damage":4,"enemies":"3 Cultists","floor":31,"turns":4},{"damage":74,"enemies":"Automaton","floor":33,"turns":8}],"seed_played":"-8106119018826387249","potions_obtained":[{"floor":2,"key":"EssenceOfSteel"},{"floor":5,"key":"Ancient Potion"},{"floor":8,"key":"champ:CounterPotion"},{"floor":11,"key":"HeartOfIron"},{"floor":18,"key":"Explosive Potion"},{"floor":23,"key":"GamblersBrew"},{"floor":25,"key":"Fire Potion"}],"is_trial":false,"path_per_floor":["M","M","M","?","M","E","R","E","T","?","M","R","$","M","R","B",null,"M","$","?","M","M","E","R","M","T","?","R","M","M","M","R","B"],"character_chosen":"IRONCLAD","items_purchased":["Membership Card","Whirlwind","Turnip","Immolate"],"campfire_rested":2,"item_purchase_floors":[13,13,19,19],"current_hp_per_floor":[78,80,80,80,78,64,64,24,24,24,30,30,30,36,75,17,64,70,70,75,81,80,36,36,35,35,19,59,65,69,71,71,0,0],"gold":380,"neow_bonus":"RANDOM_COMMON_RELIC","is_daily":false,"chose_seed":false,"campfire_upgraded":4,"win_rate":0.0,"timestamp":1611813996,"path_taken":["M","M","M","?","?","E","R","E","T","?","M","R","$","M","R","BOSS","M","$","?","M","M","E","R","M","T","?","R","M","M","M","R","BOSS"],"items_purchased_type":["Relic","Card","Relic","Card"],"build_version":"2020-12-22","purchased_purges":2,"victory":false,"max_hp_per_floor":[80,80,80,80,80,80,80,80,80,80,80,80,80,80,80,80,80,80,80,85,85,85,85,85,85,85,85,85,85,85,85,85,85,85],"card_choices":[{"not_picked":["Clash","Anger"],"picked":"Wild Strike","floor":1},{"not_picked":["Rage","Havoc"],"picked":"Ghostly Armor","floor":2},{"not_picked":["Headbutt","Searing Blow"],"picked":"Pummel","floor":3},{"not_picked":["Second Wind","Pommel Strike"],"picked":"Evolve","floor":5},{"not_picked":["Thunderclap","Second Wind"],"picked":"Headbutt","floor":6},{"not_picked":["Anger","Clash"],"picked":"Shrug It Off","floor":8},{"not_picked":["Cleave","Shrug It Off"],"picked":"Flame Barrier","floor":11},{"not_picked":["Sword Boomerang","Intimidate"],"picked":"Flame Barrier","floor":14},{"not_picked":["Exhume","Fiend Fire"],"picked":"Limit Break","floor":16},{"not_picked":["Flex","Uppercut"],"picked":"Intimidate","floor":18},{"not_picked":["Havoc","Pommel Strike","Iron Wave"],"picked":"SKIP","floor":21},{"not_picked":["Clothesline","Clash"],"picked":"Cleave","floor":22},{"not_picked":["Warcry","Combust"],"picked":"Rampage","floor":23},{"not_picked":["Anger","Intimidate"],"picked":"Cleave","floor":25},{"not_picked":["Havoc","Disarm"],"picked":"Reckless Charge","floor":29},{"not_picked":["Exhume","Battle Trance"],"picked":"Rupture+1","floor":30},{"not_picked":["Shockwave+1","Flex"],"picked":"Rage","floor":31}],"player_experience":344980,"relics_obtained":[{"floor":6,"key":"Regal Pillow"},{"floor":8,"key":"Letter Opener"},{"floor":9,"key":"Omamori"},{"floor":23,"key":"CeramicFish"},{"floor":26,"key":"Darkstone Periapt"},{"floor":27,"key":"Enchiridion"}],"event_choices":[{"damage_healed":0,"gold_gain":100,"player_choice":"Pray","damage_taken":0,"max_hp_gain":0,"max_hp_loss":0,"event_name":"Golden Shrine","floor":4,"gold_loss":0},{"damage_healed":0,"gold_gain":57,"player_choice":"Gained Gold","damage_taken":0,"max_hp_gain":0,"max_hp_loss":0,"event_name":"Golden Wing","floor":10,"gold_loss":0},{"damage_healed":0,"gold_gain":0,"player_choice":"Obtained Book","damage_taken":16,"max_hp_gain":0,"max_hp_loss":0,"event_name":"Cursed Tome","floor":27,"gold_loss":0}],"is_beta":false,"boss_relics":[{"not_picked":["Ectoplasm","Coffee Dripper"],"picked":"Velvet Choker"}],"items_purged_floors":[13,19],"is_endless":false,"potions_floor_spawned":[2,5,8,11,18,23,25,29],"killed_by":"Automaton","ascension_level":6}}