{"host":"jfbo3eu2ui08ej1u","time":1611863100,"event":{"mods":["2.2 Compatiblity","AchievementEnabler","Act Like it!","Aspiration","BaseMod","Better Altar","Better Match","Better Note","Better Sensory Stone","Better Skull","Better Third Choice","Block Reminder","Colored Map","Colored Powertips","Conspire","DeckTracker","Displayed Cursed Tome","Energized Spire","Fox Events","GifTheSpireLib","Hubris","Infinite Spire","Marked Mod","Minty Spire (QoL Compilation)","Pale of the Ancients","Poor People Problems","Quick Restart","Relic Filter","Reliquary","Reorder Act Four","Replay The Spire","Shop Mod","Spicy Shops","Spire Arcade","StSLib","Stuff the Spire","The Blue Laboratory","The Disciple","The Forsaken","The Hierophant","The Marked","Uncapped","Unceasing Turn Reminder","Wandering Minibosses"],"gold_per_floor":[119,148,176,186,205,205,217,217,294,321,321,301,375,400,400,473,550,565,578,578,163,180,180,210,210,287,287,314,314,21,48,48,126,203,239,114,129,184,223,276,398,398,475,45,0,62,62,104,104,118,132,170,210,210,45,45,122,122,199,199,281],"floor_reached":62,"language":"ENG","playtime":4064,"items_purged":["Writhe","Pain","Strike_G"],"score":3094,"play_id":"a7c60d5c-d246-4f2c-9f8f-9de2d346abeb","local_time":"20210128144500","is_ascension_mode":true,"campfire_choices":[{"floor":6.0,"key":"REST"},{"data":"StuffTheSpire:Incantation","floor":8.0,"key":"SMITH"},{"floor":11.0,"key":"REST"},{"data":"Storm of Steel","floor":15.0,"key":"SMITH"},{"floor":23.0,"key":"REST"},{"floor":25.0,"key":"REST"},{"data":"After Image","floor":27.0,"key":"SMITH"},{"floor":32.0,"key":"REST"},{"floor":47.0,"key":"REST"},{"data":"Concentrate","floor":49.0,"key":"SMITH"},{"data":"Adrenaline","floor":56.0,"key":"SMITH"},{"data":"Accuracy","floor":58.0,"key":"SMITH"}],"circlet_count":0,"master_deck":["AscendersBane","Strike_G","Strike_G","Strike_G","Strike_G","Defend_G","Defend_G","Defend_G","Defend_G","Defend_G","Survivor","Neutralize","StuffTheSpire:Incantation+1","Poisoned Stab","Cloak And Dagger","Deadly Poison","Hidden Blade","StuffTheSpire:ReptileScales","Storm of Steel+1","Backflip+1","StuffTheSpire:DoubleShiv","After Image+1","conspire:PoisonWeapons","Acrobatics+1","Backflip+1","Fluid Movement+1","Bane+1","Footwork","Adrenaline+1","Infinite Blades","Backflip+1","Reboot","StuffTheSpire:PlasmaPulse+1","Accuracy+1","Protect+1","infinitespire:Collect","Blade Dance+1","Venomology","Concentrate+1","Mind Blast+1","WatchCommand+1","theForsaken:NobleSacrifice+1"],"relics":["Ring of the Snake","foxEvents:LuckyCharm","theForsaken:HumbleEgg","conspire:InfiniteJournal","conspire:SpecialSausage","infinitespire:Satchel","Blood Vial","Bird Faced Urn","Potion Belt","PrismaticShard","aspiration:Stabinomicon","Replay:Bandana","aspiration:HiddenCompartment","StuffTheSpire:WitherSkull","SacredBark","Replay:WaspNest","theForsaken:Lifeblossom","Red Mask","StuffTheSpire:Barrel","StuffTheSpire:HeavyRock","paleoftheancients:Timepiece","paleoftheancients:KeyRelic","Coffee Dripper","Gremlin Horn","paleoftheancients:SoulOfTheIroncluck","Medical Kit","hubris:Metronome"],"acts_visited":["Exordium","TheCity","TheBeyond","paleoftheancients:PaleOfTheAncients"],"potions_floor_usage":[61,61,61],"damage_taken":[{"damage":5.0,"enemies":"Jaw Worm","floor":1.0,"turns":6.0},{"damage":4.0,"enemies":"Small Slimes","floor":2.0,"turns":7.0},{"damage":18.0,"enemies":"Colosseum Slavers","floor":3.0,"turns":6.0},{"damage":0.0,"enemies":"Cultist","floor":4.0,"turns":4.0},{"damage":18.0,"enemies":"Large Slime","floor":5.0,"turns":7.0},{"damage":7.0,"enemies":"3 Louse","floor":7.0,"turns":5.0},{"damage":33.0,"enemies":"Gremlin Nob","floor":10.0,"turns":4.0},{"damage":0.0,"enemies":"Looter","floor":13.0,"turns":5.0},{"damage":2.0,"enemies":"Lagavulin","floor":14.0,"turns":5.0},{"damage":51.0,"enemies":"The Guardian","floor":16.0,"turns":14.0},{"damage":0.0,"enemies":"3 Byrds","floor":18.0,"turns":2.0},{"damage":10.0,"enemies":"Chosen","floor":19.0,"turns":3.0},{"damage":17.0,"enemies":"Shelled Parasite and Fungi","floor":22.0,"turns":6.0},{"damage":12.0,"enemies":"conspire:SneckoGhost","floor":24.0,"turns":4.0},{"damage":21.0,"enemies":"conspire:Head Lice","floor":28.0,"turns":9.0},{"damage":11.0,"enemies":"Book of Stabbing","floor":31.0,"turns":3.0},{"damage":28.0,"enemies":"Champ","floor":33.0,"turns":7.0},{"damage":21.0,"enemies":"3 Darklings","floor":35.0,"turns":8.0},{"damage":3.0,"enemies":"3 Shapes","floor":37.0,"turns":9.0},{"damage":12.0,"enemies":"Spire Growth","floor":39.0,"turns":3.0},{"damage":1.0,"enemies":"Nemesis","floor":40.0,"turns":5.0},{"damage":10.0,"enemies":"Transient","floor":41.0,"turns":6.0},{"damage":77.0,"enemies":"Reptomancer","floor":46.0,"turns":6.0},{"damage":7.0,"enemies":"Giant Head","floor":48.0,"turns":5.0},{"damage":21.0,"enemies":"conspire:OrnateMirror","floor":50.0,"turns":17.0},{"damage":3.0,"enemies":"Awakened One","floor":51.0,"turns":12.0},{"damage":50.0,"enemies":"Awakened One","floor":52.0,"turns":5.0},{"damage":1.0,"enemies":"Awakened One","floor":53.0,"turns":6.0},{"damage":2.0,"enemies":"Awakened One","floor":57.0,"turns":3.0},{"damage":476,"enemies":"paleoftheancients:N","floor":61,"turns":5}],"seed_played":"7679162135371589535","potions_obtained":[{"floor":3.0,"key":"Reflective Coating"},{"floor":4.0,"key":"blueLaboratory:PhilterOfMotion"},{"floor":5.0,"key":"FairyPotion"},{"floor":12.0,"key":"conspire:TimeTravelPotion"},{"floor":13.0,"key":"blueLaboratory:ExaltedPotion"},{"floor":14.0,"key":"blueLaboratory:Virophage"},{"floor":24.0,"key":"blueLaboratory:AbyssPotion"},{"floor":28.0,"key":"blueLaboratory:TrueEctoplasm"},{"floor":35.0,"key":"blueLaboratory:Moonshine"},{"floor":38.0,"key":"blueLaboratory:FruitPreserves"},{"floor":38.0,"key":"Regen Potion"},{"floor":40.0,"key":"FearPotion"},{"floor":41.0,"key":"AttackPotion"},{"floor":53.0,"key":"blueLaboratory:BottleOfRum"}],"is_trial":false,"path_per_floor":["M","M","?","M","M","R","M","R","T","E","R","?","M","E","R","B",null,"M","M","?","$","M","R","E","R","T","R","E","?","$","E","R","B",null,"M","?","M","?","M","E","M","AVR","T","$","?","E","R","E","R","B","B","M","M","?","$","R","M","R","T","?","B",null],"character_chosen":"THE_SILENT","items_purchased":["Backflip+1","DistilledChaos","SkillPotion","Fluid Movement+1","Bane+1","Infinite Blades","PrismaticShard","Backflip+1","blueLaboratory:PhilterOfMotion","Blade Dance+1","theForsaken:Lifeblossom","Venomology","Medical Kit"],"campfire_rested":6,"item_purchase_floors":[21,21,21,21,21,30,30,30,30,44,44,44,55],"current_hp_per_floor":[60,56,38,38,20,41,34,34,34,1,22,22,22,20,20,6,56,56,46,46,46,29,50,38,59,59,59,46,46,46,41,62,44,65,54,54,61,61,60,71,66,66,66,66,66,32,53,64,64,52,71,25,42,42,42,42,58,58,58,58,72],"gold":281,"neow_bonus":"TEN_PERCENT_HP_BONUS","is_daily":false,"chose_seed":false,"campfire_upgraded":6,"win_rate":0.0,"timestamp":1611863100,"path_taken":["M","M","?","M","M","R","M","R","T","E","R","?","M","E","R","BOSS","M","?","?","$","M","R","E","R","T","R","E","?","?","E","R","BOSS","M","?","?","?","M","E","M","AVR","T","$","?","E","R","E","R","BOSS","BOSS","M","M","?","$","R","M","R","T","?","BOSS"],"items_purchased_type":["Card","Potion","Potion","Card","Card","Card","Relic","Card","Potion","Card","Relic","Card","Relic"],"build_version":"2020-12-22","purchased_purges":3,"victory":true,"max_hp_per_floor":[72,72,72,72,72,72,72,72,72,72,72,72,72,72,72,72,72,72,72,72,72,72,72,72,72,72,72,72,72,72,72,72,72,72,72,72,72,72,72,72,72,72,72,72,72,72,72,72,72,72,72,72,72,72,72,72,72,72,72,72,72],"card_choices":[{"not_picked":["StuffTheSpire:BumpUp","Distraction"],"picked":"StuffTheSpire:Incantation","floor":1.0},{"not_picked":["Outmaneuver","Sucker Punch"],"picked":"Poisoned Stab","floor":2.0},{"not_picked":["Poisoned Stab","Malaise"],"picked":"Cloak And Dagger","floor":3.0},{"not_picked":["ReplayTheSpireMod:The Works","Heel Hook"],"picked":"Deadly Poison","floor":4.0},{"not_picked":["Quick Slash","Acrobatics"],"picked":"Hidden Blade","floor":5.0},{"not_picked":["Setup","StuffTheSpire:Injection"],"picked":"StuffTheSpire:ReptileScales","floor":7.0},{"not_picked":["Backflip+1","Blade Dance+1"],"picked":"Storm of Steel","floor":10.0},{"not_picked":["Sneak Up","Catalyst"],"picked":"Backflip+1","floor":13.0},{"not_picked":["Sneak Up","PiercingWail+1"],"picked":"StuffTheSpire:DoubleShiv","floor":14.0},{"not_picked":["Phantasmal Killer","ReplayTheSpireMod:Necrosis"],"picked":"After Image","floor":16.0},{"not_picked":["Flying Knee+1","Deadly Poison+1"],"picked":"conspire:PoisonWeapons","floor":18.0},{"not_picked":["Dodge and Roll+1","StuffTheSpire:Fury"],"picked":"Acrobatics+1","floor":19.0},{"not_picked":["Bane+1","hubris:SlightOfHand+1","StuffTheSpire:Injection+1"],"picked":"SKIP","floor":22.0},{"not_picked":["aspiration:Lunge","StuffTheSpire:BumpUp+1"],"picked":"Footwork","floor":24.0},{"not_picked":["Poisoned Stab+1","Dodge and Roll+1","Outmaneuver+1"],"picked":"SKIP","floor":28.0},{"not_picked":["hierophant:ThreeLashes+1","Body Slam+1","Fire Breathing"],"picked":"SKIP","floor":31.0},{"not_picked":["Echonomics","Rainbow"],"picked":"Reboot","floor":33.0},{"not_picked":["Glacier","Crescendo+1","Slice+1"],"picked":"SKIP","floor":35.0},{"not_picked":["Good Instincts+1","ReplayTheSpireMod:Uncanny Aura+1"],"picked":"StuffTheSpire:PlasmaPulse+1","floor":36.0},{"not_picked":["Purity+1","Cuckoo"],"picked":"Accuracy","floor":37.0},{"not_picked":["StuffTheSpire:ClusterCrunch+1","ConjureBlade","Replay:Sssssssssstrike"],"picked":"SKIP","floor":39.0},{"not_picked":["theForsaken:NobleSacrifice+1","theMarked:HeightenedSenses+1"],"picked":"Protect+1","floor":40.0},{"not_picked":["theMarked:HeightenedSenses+1","Anger+1","theMarked:TakeCover+1"],"picked":"SKIP","floor":41.0},{"not_picked":["Chaos","LockedPlans+1"],"picked":"Concentrate","floor":46.0},{"not_picked":["Glacier","ReplayTheSpireMod:Necrogeddon"],"picked":"Mind Blast+1","floor":48.0},{"not_picked":["Armaments+1","MarkedMod:GentlePulse+1","StuffTheSpire:BumpUp+1"],"picked":"SKIP","floor":52.0},{"not_picked":["Body Slam+1","Warcry+1"],"picked":"WatchCommand+1","floor":53.0},{"not_picked":["theForsaken:MagicWeapon","Underhanded Strike+1"],"picked":"theForsaken:NobleSacrifice+1","floor":57.0}],"player_experience":1241678,"relics_obtained":[{"floor":3.0,"key":"foxEvents:LuckyCharm"},{"floor":9.0,"key":"theForsaken:HumbleEgg"},{"floor":14.0,"key":"conspire:InfiniteJournal"},{"floor":24.0,"key":"Blood Vial"},{"floor":26.0,"key":"Bird Faced Urn"},{"floor":28.0,"key":"Potion Belt"},{"floor":31.0,"key":"aspiration:Stabinomicon"},{"floor":38.0,"key":"Replay:Bandana"},{"floor":40.0,"key":"aspiration:HiddenCompartment"},{"floor":43.0,"key":"Replay:WaspNest"},{"floor":46.0,"key":"StuffTheSpire:Barrel"},{"floor":48.0,"key":"StuffTheSpire:HeavyRock"},{"floor":52.0,"key":"paleoftheancients:SoulOfTheIroncluck"},{"floor":59.0,"key":"hubris:Metronome"}],"event_choices":[{"damage_healed":0.0,"max_hp_gain":0.0,"max_hp_loss":0.0,"gold_gain":0.0,"event_name":"The Woman in Blue","player_choice":"Bought 1 Potion","floor":12.0,"gold_loss":0.0,"damage_taken":0.0},{"damage_healed":0.0,"max_hp_gain":0.0,"max_hp_loss":0.0,"gold_gain":0.0,"event_name":"The Mausoleum","player_choice":"Opened","floor":20.0,"gold_loss":0.0,"damage_taken":0.0,"relics_obtained":["infinitespire:Satchel"],"cards_obtained":["Writhe"]},{"damage_healed":0.0,"max_hp_gain":0.0,"max_hp_loss":0.0,"gold_gain":0.0,"event_name":"betterMatch:BetterMatch","player_choice":"2","floor":36.0,"gold_loss":0.0,"damage_taken":0.0,"cards_obtained":["betterMatch:ColorlessUncommonCard"]},{"damage_healed":0.0,"max_hp_gain":0.0,"max_hp_loss":0.0,"gold_gain":0.0,"event_name":"Tomb of Lord Red Mask","player_choice":"Paid","floor":45.0,"gold_loss":45.0,"damage_taken":0.0,"relics_obtained":["Red Mask"]}],"is_beta":false,"boss_relics":[{"not_picked":["hubris:BlackHole","energizedSpire:StickyHand"],"picked":"conspire:SpecialSausage"},{"not_picked":["Ring of Chaos","StuffTheSpire:RunicHypercube","hubris:RunicObelisk"]}],"items_purged_floors":[21,42,44],"is_endless":false,"potions_floor_spawned":[3,4,5,7,13,14,24,28,35,40,41,53],"ascension_level":20}}