{"host":"lnt5dzsuhru0aonl","time":1611827590,"event":{"mods":["2.2 Compatiblity","BaseMod","Colored Map","Colored Powertips","DeckTracker","Keyboard Shortcuts","Minty Spire (QoL Compilation)","Permanent Neow","Rare Cards Sparkle","StSLib","SuperFastMode","everything is the same but u backflip on backflip"],"gold_per_floor":[219,52,52,52,127,127,147,147,195,195,210,210,228,254,254,254,254],"floor_reached":16,"language":"KOR","playtime":287,"items_purged":[],"score":176,"play_id":"ee17f221-8c76-4373-a8f7-8019d4fe28e3","local_time":"20210128185310","is_ascension_mode":true,"campfire_choices":[{"data":"True Grit","floor":6.0,"key":"SMITH"},{"data":"Pommel Strike","floor":8.0,"key":"SMITH"},{"data":"Bash","floor":10.0,"key":"SMITH"},{"data":"Strike_R","floor":15,"key":"PURGE"}],"circlet_count":0,"master_deck":["AscendersBane","Strike_R","Strike_R","Strike_R","Strike_R","Defend_R","Defend_R","Defend_R","Defend_R","Bash+1","True Grit+1","Pommel Strike+1","Barricade","Second Wind"],"relics":["Burning Blood","ClockworkSouvenir","Golden Idol","Vajra","Peace Pipe","Odd Mushroom"],"acts_visited":["Exordium"],"potions_floor_usage":[14],"damage_taken":[{"damage":16.0,"enemies":"Jaw Worm","floor":1.0,"turns":6.0},{"damage":5.0,"enemies":"Small Slimes","floor":7.0,"turns":4.0},{"damage":5.0,"enemies":"2 Louse","floor":11.0,"turns":3.0},{"damage":0.0,"enemies":"Exordium Wildlife","floor":13.0,"turns":3.0},{"damage":14,"enemies":"The Mushroom Lair","floor":14,"turns":5},{"damage":52,"enemies":"The Guardian","floor":16,"turns":9}],"seed_played":"-2285389670353814827","potions_obtained":[{"floor":1.0,"key":"SkillPotion"}],"is_trial":false,"path_per_floor":["M","$","?","?","?","R","M","R","T","R","M","T","M","?","R","B"],"character_chosen":"IRONCLAD","items_purchased":["ClockworkSouvenir"],"campfire_rested":0,"item_purchase_floors":[2],"current_hp_per_floor":[58,58,58,58,47,47,48,48,48,48,49,49,55,47,47,0,0],"gold":254,"neow_bonus":"HUNDRED_GOLD","is_daily":false,"chose_seed":false,"campfire_upgraded":3,"win_rate":0.0,"timestamp":1611827590,"path_taken":["M","$","?","?","?","R","M","R","T","R","M","?","?","?","R","BOSS"],"items_purchased_type":["Relic"],"build_version":"2020-12-22","purchased_purges":0,"victory":false,"max_hp_per_floor":[75,75,75,68,68,68,68,68,68,68,68,68,68,68,68,68,68],"card_choices":[{"not_picked":["Whirlwind","Cleave"],"picked":"True Grit","floor":1.0},{"not_picked":["Heavy Blade","Body Slam"],"picked":"Pommel Strike","floor":7.0},{"not_picked":["Clash","Cleave","Flex"],"picked":"SKIP","floor":11.0},{"not_picked":["Power Through","Body Slam"],"picked":"Barricade","floor":13.0},{"not_picked":["Warcry","Thunderclap"],"picked":"Second Wind","floor":14}],"player_experience":777016,"relics_obtained":[{"floor":9.0,"key":"Vajra"},{"floor":12.0,"key":"Peace Pipe"},{"floor":14,"key":"Odd Mushroom"}],"event_choices":[{"damage_healed":0.0,"max_hp_gain":0.0,"max_hp_loss":0.0,"gold_gain":0.0,"event_name":"The Cleric","player_choice":"Leave","floor":3.0,"gold_loss":0.0,"damage_taken":0.0},{"damage_healed":0.0,"max_hp_gain":0.0,"max_hp_loss":7.0,"gold_gain":0.0,"event_name":"Golden Idol","player_choice":"Lose Max HP","floor":4.0,"gold_loss":0.0,"damage_taken":0.0,"relics_obtained":["Golden Idol"]},{"damage_healed":0.0,"max_hp_gain":0.0,"max_hp_loss":0.0,"gold_gain":75.0,"event_name":"World of Goop","player_choice":"Gather Gold","floor":5.0,"gold_loss":0.0,"damage_taken":11.0},{"damage_healed":0,"gold_gain":0,"player_choice":"Fought Mushrooms","damage_taken":0,"max_hp_gain":0,"max_hp_loss":0,"event_name":"Mushrooms","floor":14,"gold_loss":0}],"is_beta":false,"boss_relics":[],"items_purged_floors":[],"is_endless":false,"potions_floor_spawned":[1],"killed_by":"The Guardian","ascension_level":20}}