{"host":"yx5rao87132cy5xq","time":1611806561,"event":{"mods":["2.2 Compatiblity","AchievementEnabler","BaseMod","Bestiary","Colored Map","Colored Powertips","Minty Spire (QoL Compilation)","Quick Restart","Relic Stats","Slay-I","SuperFastMode"],"gold_per_floor":[118,118,82,82,10,10,44,60,60,93,93,122,133,163,163,266,266,282,300,335,78,78,111,111,111,185,185,185],"floor_reached":27,"language":"ENG","playtime":957,"items_purged":["Strike_R"],"score":544,"play_id":"2bafe6b1-9b6d-4e40-b343-46d540775d73","local_time":"20210128050241","is_ascension_mode":true,"campfire_choices":[{"data":"Bludgeon","floor":6.0,"key":"SMITH"},{"data":"Armaments","floor":11.0,"key":"SMITH"},{"floor":15.0,"key":"REST"}],"circlet_count":0,"master_deck":["AscendersBane","Strike_R+1","Strike_R+1","Strike_R+1","Strike_R+1","Defend_R+1","Defend_R+1","Defend_R+1","Defend_R+1","Bash+1","Clash+1","Inflame","Bludgeon+1","Inflame","Intimidate","Armaments+1","Power Through","Iron Wave","Battle Trance","Immolate","Flame Barrier","Inflame","Impervious"],"relics":["Burning Blood","NeowsBlessing","HornCleat","Whetstone","Omamori","Ancient Tea Set","Boot","Calling Bell","Akabeko","Question Card","Gambling Chip","Red Mask","OrangePellets","Happy Flower","Frozen Egg 2"],"acts_visited":["Exordium","TheCity"],"potions_floor_usage":[25],"damage_taken":[{"damage":0.0,"enemies":"Cultist","floor":1.0,"turns":1.0},{"damage":0.0,"enemies":"Lagavulin","floor":7.0,"turns":1.0},{"damage":0.0,"enemies":"Small Slimes","floor":8.0,"turns":1.0},{"damage":25.0,"enemies":"3 Sentries","floor":10.0,"turns":7.0},{"damage":18.0,"enemies":"Gremlin Nob","floor":12.0,"turns":4.0},{"damage":12.0,"enemies":"Jaw Worm","floor":13.0,"turns":2.0},{"damage":0.0,"enemies":"Slime Boss","floor":16.0,"turns":6.0},{"damage":0.0,"enemies":"Chosen","floor":18.0,"turns":4.0},{"damage":18.0,"enemies":"2 Thieves","floor":19.0,"turns":5.0},{"damage":12.0,"enemies":"Masked Bandits","floor":20.0,"turns":3.0},{"damage":26.0,"enemies":"Slavers","floor":23.0,"turns":6.0},{"damage":0,"enemies":"Book of Stabbing","floor":25,"turns":1},{"damage":48,"enemies":"Slavers","floor":27,"turns":4}],"seed_played":"-1472857098024086183","potions_obtained":[{"floor":1.0,"key":"EssenceOfSteel"},{"floor":7.0,"key":"Weak Potion"},{"floor":16.0,"key":"AttackPotion"},{"floor":19.0,"key":"SmokeBomb"}],"is_trial":false,"path_per_floor":["M","?","$","?","$","R","E","M","T","E","R","E","M","?","R","B",null,"M","M","?","$","?","E","T","E","T","E"],"character_chosen":"IRONCLAD","items_purchased":["Inflame","Inflame","OrangePellets","Inflame"],"campfire_rested":1,"item_purchase_floors":[3,5,21,21],"current_hp_per_floor":[78,62,62,62,62,62,68,74,74,55,55,43,37,37,61,67,77,80,68,62,62,62,42,42,48,48,0,0],"gold":185,"neow_bonus":"THREE_ENEMY_KILL","is_daily":false,"chose_seed":false,"campfire_upgraded":2,"win_rate":0.0,"timestamp":1611806561,"path_taken":["M","?","$","?","$","R","E","M","T","E","R","E","?","?","R","BOSS","M","M","?","$","?","E","?","E","T","E"],"items_purchased_type":["Card","Card","Relic","Card"],"build_version":"2020-12-22","purchased_purges":1,"victory":false,"max_hp_per_floor":[80,80,80,80,80,80,80,80,80,80,80,80,80,80,80,80,80,80,80,80,80,80,80,80,80,80,80,80],"relic_stats":{"OrangePellets":[4],"Happy Flower":[1],"counters":[13,45],"Gambling Chip":[9],"Whetstone":["Strike_R","Strike_R"],"Boot":[1],"Question Card":4,"obtain_stats":[{"NeowsBlessing":0,"Happy Flower":23,"Omamori":10,"Whetstone":9,"Frozen Egg 2":26,"Ancient Tea Set":12,"Boot":14,"Question Card":17,"Burning Blood":0,"Akabeko":17,"Calling Bell":17,"OrangePellets":21,"HornCleat":7,"Gambling Chip":17,"Red Mask":20},{"NeowsBlessing":0,"Happy Flower":11,"Omamori":4,"Whetstone":3,"Frozen Egg 2":12,"Ancient Tea Set":5,"Boot":6,"Question Card":7,"Burning Blood":0,"Akabeko":7,"Calling Bell":7,"OrangePellets":10,"HornCleat":2,"Gambling Chip":7,"Red Mask":10},{"NeowsBlessing":0,"Happy Flower":40,"Omamori":10,"Whetstone":3,"Frozen Egg 2":41,"Ancient Tea Set":14,"Boot":16,"Question Card":22,"Burning Blood":0,"Akabeko":22,"Calling Bell":22,"OrangePellets":34,"HornCleat":2,"Gambling Chip":22,"Red Mask":34}],"Burning Blood":69},"card_choices":[{"not_picked":["Searing Blow","Clothesline"],"picked":"Clash","floor":1.0},{"not_picked":["Combust","Seeing Red"],"picked":"Intimidate","floor":7.0},{"not_picked":["Dark Embrace","Headbutt"],"picked":"Armaments","floor":8.0},{"not_picked":["Sever Soul","Clothesline"],"picked":"Power Through","floor":10.0},{"not_picked":["Carnage","Uppercut"],"picked":"Iron Wave","floor":12.0},{"not_picked":["Entrench","Fiend Fire"],"picked":"Battle Trance","floor":13.0},{"not_picked":["Demon Form","Feed"],"picked":"Immolate","floor":16.0},{"not_picked":["Thunderclap","Dark Embrace","Sword Boomerang"],"picked":"Flame Barrier","floor":18.0},{"not_picked":["Cleave","Perfected Strike","Rampage","Carnage+1"],"picked":"SKIP","floor":19.0},{"not_picked":["Reckless Charge","Sword Boomerang","Combust"],"picked":"Impervious","floor":23.0}],"player_experience":868632,"relics_obtained":[{"floor":7.0,"key":"HornCleat"},{"floor":9.0,"key":"Whetstone"},{"floor":10.0,"key":"Omamori"},{"floor":12.0,"key":"Ancient Tea Set"},{"floor":17.0,"key":"Akabeko"},{"floor":17.0,"key":"Question Card"},{"floor":17.0,"key":"Gambling Chip"},{"floor":20.0,"key":"Red Mask"},{"floor":23.0,"key":"Happy Flower"},{"floor":26,"key":"Frozen Egg 2"}],"event_choices":[{"damage_healed":0.0,"max_hp_gain":0.0,"max_hp_loss":0.0,"gold_gain":0.0,"event_name":"Shining Light","player_choice":"Entered Light","floor":2.0,"gold_loss":0.0,"damage_taken":16.0,"cards_upgraded":["Clash","Bash"]},{"damage_healed":0.0,"max_hp_gain":0.0,"max_hp_loss":0.0,"gold_gain":0.0,"event_name":"Match and Keep!","player_choice":"1 cards matched","floor":4.0,"gold_loss":0.0,"damage_taken":0.0,"cards_obtained":["Bludgeon"]},{"damage_healed":0.0,"max_hp_gain":0.0,"max_hp_loss":0.0,"gold_gain":30.0,"event_name":"Dead Adventurer","player_choice":"Searched \u00273\u0027 times","floor":14.0,"gold_loss":0.0,"damage_taken":0.0,"relics_obtained":["Boot"]},{"damage_healed":0.0,"max_hp_gain":0.0,"max_hp_loss":0.0,"gold_gain":0.0,"event_name":"Masked Bandits","player_choice":"Fought Bandits","floor":20.0,"gold_loss":0.0,"damage_taken":0.0},{"damage_healed":0.0,"max_hp_gain":0.0,"max_hp_loss":0.0,"gold_gain":0.0,"event_name":"Back to Basics","player_choice":"Simplicity","floor":22.0,"gold_loss":0.0,"damage_taken":0.0,"cards_upgraded":["Strike_R","Strike_R","Defend_R","Defend_R","Defend_R","Defend_R"]}],"is_beta":false,"boss_relics":[{"not_picked":["Black Star","Pandora\u0027s Box"],"picked":"Calling Bell"}],"items_purged_floors":[21],"is_endless":false,"potions_floor_spawned":[1,7,16,19,20],"killed_by":"Slavers","ascension_level":12}}