{"host":"q0qnzbgdx8oqogg9","time":1611877796,"event":{"mods":["BaseMod","Minty Spire (QoL Compilation)","StSLib"],"gold_per_floor":[19,19,35,35,55,99,177,177,201,201,240,240,285,309,309,309,309],"floor_reached":16,"language":"ENG","playtime":554,"items_purged":[],"score":195,"play_id":"4bfc4527-0b03-40dd-aaad-a5d2fa711b33","local_time":"20210128184956","is_ascension_mode":true,"campfire_choices":[{"floor":8,"key":"REST"},{"data":"Predator","floor":10,"key":"SMITH"},{"floor":12,"key":"REST"},{"floor":15,"key":"REST"}],"circlet_count":0,"master_deck":["AscendersBane","Strike_G","Strike_G","Strike_G","Strike_G","Strike_G","Defend_G","Defend_G","Defend_G","Defend_G","Defend_G","Survivor","Neutralize","Predator+1","Poisoned Stab","Flying Knee","PiercingWail","Crippling Poison","Caltrops","Poisoned Stab"],"relics":["Ring of the Snake","Gambling Chip","Golden Idol","MealTicket","Oddly Smooth Stone","Art of War","CeramicFish"],"acts_visited":["Exordium"],"potions_floor_usage":[6,16],"damage_taken":[{"damage":0,"enemies":"Jaw Worm","floor":1,"turns":5},{"damage":6,"enemies":"Small Slimes","floor":3,"turns":5},{"damage":0,"enemies":"2 Louse","floor":5,"turns":2},{"damage":37,"enemies":"Lagavulin","floor":6,"turns":7},{"damage":15,"enemies":"3 Sentries","floor":11,"turns":8},{"damage":12,"enemies":"Gremlin Nob","floor":13,"turns":4},{"damage":1,"enemies":"Exordium Thugs","floor":14,"turns":4},{"damage":40,"enemies":"The Guardian","floor":16,"turns":9}],"seed_played":"8740163157908658220","potions_obtained":[{"floor":3,"key":"Weak Potion"},{"floor":6,"key":"Swift Potion"},{"floor":14,"key":"DuplicationPotion"}],"is_trial":false,"path_per_floor":["M","?","M","$","M","E","?","R","T","R","E","R","E","M","R","B"],"character_chosen":"THE_SILENT","items_purchased":[],"campfire_rested":3,"item_purchase_floors":[],"current_hp_per_floor":[63,46,40,40,40,3,3,24,24,24,9,30,18,17,38,0,0],"gold":309,"neow_bonus":"ONE_RARE_RELIC","is_daily":false,"chose_seed":false,"campfire_upgraded":1,"win_rate":0.0,"timestamp":1611877796,"path_taken":["M","?","M","?","M","E","?","R","T","R","E","R","E","M","R","BOSS"],"items_purchased_type":[],"build_version":"2020-12-22","purchased_purges":0,"victory":false,"max_hp_per_floor":[70,70,70,70,70,70,70,70,70,70,70,70,70,70,70,70,70],"card_choices":[{"not_picked":["Deadly Poison","Dagger Throw"],"picked":"Predator","floor":1},{"not_picked":["Reflex","Leg Sweep"],"picked":"Poisoned Stab","floor":3},{"not_picked":["Escape Plan","Deflect"],"picked":"Flying Knee","floor":5},{"not_picked":["Heel Hook","Dagger Spray"],"picked":"PiercingWail","floor":6},{"not_picked":["Finisher","Flying Knee"],"picked":"Crippling Poison","floor":11},{"not_picked":["Reflex","All Out Attack"],"picked":"Caltrops","floor":13},{"not_picked":["Caltrops","Backflip"],"picked":"Poisoned Stab","floor":14}],"player_experience":312303,"relics_obtained":[{"floor":6,"key":"MealTicket"},{"floor":9,"key":"Oddly Smooth Stone"},{"floor":11,"key":"Art of War"},{"floor":13,"key":"CeramicFish"}],"event_choices":[{"damage_healed":0,"gold_gain":0,"player_choice":"Take Damage","damage_taken":17,"relics_obtained":["Golden Idol"],"max_hp_gain":0,"max_hp_loss":0,"event_name":"Golden Idol","floor":2,"gold_loss":0},{"damage_healed":0,"gold_gain":78,"player_choice":"Gained Gold","damage_taken":0,"max_hp_gain":0,"max_hp_loss":0,"event_name":"Golden Wing","floor":7,"gold_loss":0}],"is_beta":false,"boss_relics":[],"items_purged_floors":[],"is_endless":false,"potions_floor_spawned":[3,6,14],"killed_by":"The Guardian","ascension_level":13}}