{"host":"sum4dy402bbv9y4o","time":1611875688,"event":{"mods":["Aspiration","BaseMod","Conspire","Highlight Path","Minty Spire (QoL Compilation)","StSLib"],"gold_per_floor":[110,110,110,110,127,152,152,172,225,225,260,34,61,77,77,150,150,170,170,12,23,23,23,48,48,48,59,59,92,104,104,104,180,180,195,220,274,63,73,106,106,138,138,154,154,0,0,33,33,33,33,33],"floor_reached":51,"language":"ENG","playtime":1971,"items_purged":["Regret","Defend_P","Writhe"],"score":1874,"play_id":"08379431-06eb-4750-a900-ab2f3ce233ec","local_time":"20210129021448","is_ascension_mode":true,"campfire_choices":[{"data":"Conclude","floor":7,"key":"SMITH"},{"data":"FlurryOfBlows","floor":10,"key":"SMITH"},{"data":"Adaptation","floor":15,"key":"SMITH"},{"floor":23,"key":"REST"},{"data":"FlurryOfBlows","floor":28,"key":"SMITH"},{"data":"TalkToTheHand","floor":32,"key":"SMITH"},{"data":"Strike_P","floor":41,"key":"PURGE"},{"data":"Parasite","floor":45,"key":"PURGE"},{"floor":49,"key":"REST"}],"circlet_count":0,"master_deck":["AscendersBane","Strike_P","Defend_P","Defend_P","Eruption+1","Vigilance","FlurryOfBlows+1","Perseverance","Conclude+1","Halt","BowlingBash","FlurryOfBlows+1","Adaptation+1","DeusExMachina","EmptyBody","Halt","BowlingBash+1","FollowUp","EmptyFist","TalkToTheHand+1","BattleHymn+1","FlyingSleeves+1","Establishment+1","Consecrate+1","Adaptation+1","MentalFortress","Perseverance","LikeWater"],"relics":["PureWater","NeowsBlessing","Blue Candle","PreservedInsect","Nunchaku","Anchor","aspiration:SeaSaltIceCream","NeowsBlessing","Bag of Preparation","aspiration:SecretTechniqueScroll","aspiration:RitualStick","aspiration:ChemicalBlood","FossilizedHelix","Sundial","Vajra","Astrolabe","Peace Pipe","Gambling Chip","Lantern","conspire:Dentures","InkBottle","Red Mask","Strawberry","Happy Flower"],"acts_visited":["Exordium","TheCity","TheBeyond"],"potions_floor_usage":[18,18,24,33,35,36,36,37,37,39,39,44,44,50,50,51],"damage_taken":[{"damage":0,"enemies":"2 Louse","floor":1,"turns":1},{"damage":0,"enemies":"Jaw Worm","floor":5,"turns":1},{"damage":2,"enemies":"3 Sentries","floor":6,"turns":2},{"damage":1,"enemies":"Small Slimes","floor":8,"turns":3},{"damage":17,"enemies":"Gremlin Nob","floor":11,"turns":3},{"damage":0,"enemies":"3 Sentries","floor":13,"turns":1},{"damage":0,"enemies":"3 Louse","floor":14,"turns":1},{"damage":0,"enemies":"Slime Boss","floor":16,"turns":1},{"damage":1,"enemies":"2 Thieves","floor":18,"turns":2},{"damage":14,"enemies":"Chosen","floor":21,"turns":3},{"damage":1,"enemies":"Book of Stabbing","floor":24,"turns":2},{"damage":0,"enemies":"3 Cultists","floor":27,"turns":3},{"damage":0,"enemies":"Gremlin Leader","floor":29,"turns":4},{"damage":0,"enemies":"Centurion and Healer","floor":30,"turns":2},{"damage":45,"enemies":"Automaton","floor":33,"turns":9},{"damage":1,"enemies":"3 Shapes","floor":35,"turns":5},{"damage":30,"enemies":"Mind Bloom Boss Battle","floor":36,"turns":3},{"damage":0,"enemies":"2 Orb Walkers","floor":37,"turns":3},{"damage":0,"enemies":"3 Darklings","floor":39,"turns":3},{"damage":0,"enemies":"Giant Head","floor":40,"turns":4},{"damage":16,"enemies":"Reptomancer","floor":42,"turns":3},{"damage":0,"enemies":"Writhing Mass","floor":44,"turns":5},{"damage":0,"enemies":"Nemesis","floor":48,"turns":5},{"damage":16,"enemies":"Donu and Deca","floor":50,"turns":7},{"damage":51,"enemies":"Time Eater","floor":51,"turns":5}],"seed_played":"8101189512570922577","potions_obtained":[{"floor":11,"key":"Swift Potion"},{"floor":18,"key":"BlessingOfTheForge"},{"floor":24,"key":"SpeedPotion"},{"floor":35,"key":"AttackPotion"},{"floor":36,"key":"Explosive Potion"},{"floor":37,"key":"SpeedPotion"},{"floor":42,"key":"SkillPotion"},{"floor":48,"key":"DuplicationPotion"}],"is_trial":false,"path_per_floor":["M","?","?","?","M","E","R","M","T","R","E","$","E","M","R","B",null,"M","?","$","M","?","R","E","$","T","M","R","E","M","?","R","B",null,"M","?","?","$","M","E","R","E","T","M","R","?","T","E","R","B","B"],"character_chosen":"WATCHER","items_purchased":["FlurryOfBlows","Adaptation","AttackPotion","Halt","DistilledChaos"],"campfire_rested":2,"item_purchase_floors":[12,12,12,20,38],"current_hp_per_floor":[61,61,61,61,61,59,59,58,58,58,41,41,41,41,41,41,61,60,43,43,29,29,49,48,48,48,48,48,48,48,48,48,3,52,51,51,51,51,51,51,51,35,35,35,35,35,42,42,63,47,0,0],"gold":33,"neow_bonus":"THREE_ENEMY_KILL","is_daily":false,"chose_seed":false,"campfire_upgraded":5,"win_rate":0.0,"timestamp":1611875688,"path_taken":["M","?","?","?","M","E","R","?","T","R","E","$","E","M","R","BOSS","M","?","$","M","?","R","E","$","T","M","R","E","M","?","R","BOSS","M","?","?","$","M","E","R","E","T","M","R","?","?","E","R","BOSS","BOSS"],"items_purchased_type":["Card","Card","Potion","Card","Potion"],"build_version":"2020-12-22","purchased_purges":3,"victory":false,"max_hp_per_floor":[68,68,68,68,68,68,68,68,68,68,68,68,68,68,68,68,68,68,68,68,68,68,68,68,68,68,68,68,68,68,68,68,68,68,68,68,68,68,68,68,68,68,68,68,65,65,72,72,72,72,72,72],"card_choices":[{"not_picked":["PathToVictory","Evaluate"],"picked":"FlurryOfBlows","floor":1},{"not_picked":["Pray","Consecrate"],"picked":"Perseverance","floor":5},{"not_picked":["FollowUp","Swivel"],"picked":"Conclude","floor":6},{"not_picked":["ClearTheMind","LikeWater"],"picked":"Halt","floor":8},{"not_picked":["ClearTheMind","DevaForm"],"picked":"BowlingBash","floor":11},{"not_picked":["Meditate","CarveReality","EmptyMind"],"picked":"SKIP","floor":13},{"not_picked":["JustLucky","Sanctity","Consecrate"],"picked":"SKIP","floor":14},{"not_picked":["SpiritShield","DevaForm"],"picked":"DeusExMachina","floor":16},{"not_picked":["InnerPeace","ClearTheMind"],"picked":"EmptyBody","floor":18},{"not_picked":["PathToVictory","Crescendo"],"picked":"BowlingBash+1","floor":21},{"not_picked":["Meditate","Collect"],"picked":"FollowUp","floor":24},{"not_picked":["FlyingSleeves","WreathOfFlame"],"picked":"EmptyFist","floor":27},{"not_picked":["CrushJoints","Halt"],"picked":"TalkToTheHand","floor":29},{"not_picked":["Evaluate","JustLucky+1","Crescendo"],"picked":"SKIP","floor":30},{"not_picked":["CarveReality","EmptyBody+1"],"picked":"Consecrate+1","floor":35},{"not_picked":["Prostrate","PathToVictory"],"picked":"Adaptation+1","floor":36},{"not_picked":["Collect","FlyingSleeves","Conclude"],"picked":"SKIP","floor":39},{"not_picked":["LikeWater","LessonLearned"],"picked":"MentalFortress","floor":40},{"not_picked":["CutThroughFate","ThirdEye+1"],"picked":"Perseverance","floor":42},{"not_picked":["Sanctity","CrushJoints+1"],"picked":"LikeWater","floor":44},{"not_picked":["LessonLearned","WheelKick","ClearTheMind"],"picked":"SKIP","floor":48}],"player_experience":3013355,"relics_obtained":[{"floor":4,"key":"PreservedInsect"},{"floor":6,"key":"Nunchaku"},{"floor":9,"key":"Anchor"},{"floor":11,"key":"aspiration:SeaSaltIceCream"},{"floor":13,"key":"Bag of Preparation"},{"floor":24,"key":"FossilizedHelix"},{"floor":26,"key":"Sundial"},{"floor":29,"key":"Vajra"},{"floor":36,"key":"Peace Pipe"},{"floor":37,"key":"Gambling Chip"},{"floor":40,"key":"Lantern"},{"floor":42,"key":"conspire:Dentures"},{"floor":43,"key":"InkBottle"},{"floor":47,"key":"Strawberry"},{"floor":48,"key":"Happy Flower"}],"event_choices":[{"damage_healed":0,"gold_gain":0,"player_choice":"Grow","damage_taken":0,"max_hp_gain":0,"max_hp_loss":0,"event_name":"Living Wall","floor":2,"gold_loss":0,"cards_upgraded":["Eruption"]},{"damage_healed":0,"gold_gain":0,"player_choice":"Box","damage_taken":0,"relics_obtained":["Blue Candle"],"max_hp_gain":0,"max_hp_loss":0,"event_name":"Big Fish","floor":3,"gold_loss":0,"cards_obtained":["Regret"]},{"damage_healed":0,"gold_gain":0,"player_choice":"Relic","damage_taken":0,"max_hp_gain":0,"max_hp_loss":0,"event_name":"Wheel of Change","floor":4,"gold_loss":0},{"damage_healed":0,"gold_gain":0,"player_choice":"Opened","damage_taken":0,"relics_obtained":["aspiration:ChemicalBlood"],"max_hp_gain":0,"max_hp_loss":0,"event_name":"The Mausoleum","floor":22,"gold_loss":0,"cards_obtained":["Writhe"]},{"damage_healed":0,"gold_gain":0,"player_choice":"Fight","damage_taken":0,"max_hp_gain":0,"max_hp_loss":0,"event_name":"MindBloom","floor":36,"gold_loss":0},{"damage_healed":0,"gold_gain":0,"player_choice":"Fight","damage_taken":0,"max_hp_gain":0,"max_hp_loss":0,"event_name":"Mysterious Sphere","floor":37,"gold_loss":0},{"damage_healed":0,"gold_gain":0,"player_choice":"Paid","damage_taken":0,"relics_obtained":["Red Mask"],"max_hp_gain":0,"max_hp_loss":0,"event_name":"Tomb of Lord Red Mask","floor":46,"gold_loss":154}],"is_beta":false,"boss_relics":[{"not_picked":["Busted Crown","aspiration:RitualDagger"],"picked":"aspiration:SecretTechniqueScroll"},{"not_picked":["Velvet Choker","Snecko Eye"],"picked":"Astrolabe"}],"items_purged_floors":[12,20,38],"is_endless":false,"potions_floor_spawned":[11,14,18,24,33,35,37,42,48],"killed_by":"Time Eater","ascension_level":20}}