{"host":"36zn1fhase90d3ns","time":1611810843,"event":{"mods":["2.2 Compatiblity","AchievementEnabler","Act Like it!","Aspiration","BaseMod","BetterRewards","Block Reminder","Colored Map","Colored Powertips","Conspire","Curses Come First","Custom Start","Energized Spire","Friendly Minions","Halation","Hermit","Hubris","Minty Spire (QoL Compilation)","Prisma Mod","Quick Restart","Relic Sorter","Replay The Spire","Shade Mod","Spicy Shops","StSLib","The Necromancer","Unceasing Turn Reminder","Yohane!"],"gold_per_floor":[119,129,140,140,240,267,267,300,345,361,361,375,325,345,345,450,450,465,1,12,30,70,70,102,102,153,164,164,164,176,191,191,292,292,309,309,319,369,369,369,403,403,403,414,425,425,444,444,444],"floor_reached":48,"language":"ENG","playtime":2243,"items_purged":[],"score":543,"play_id":"41d29403-2b9e-42f4-ae54-2c99581db918","local_time":"20210127231403","is_ascension_mode":true,"campfire_choices":[{"floor":7,"key":"REST"},{"data":"Zap","floor":11,"key":"SMITH"},{"data":"Strike_B","floor":15,"key":"PURGE"},{"floor":23,"key":"REST"},{"floor":25,"key":"REST"},{"floor":29,"key":"REST"},{"floor":32,"key":"REST"},{"floor":40,"key":"REST"},{"data":"ReplayTheSpireMod:Brewmster","floor":42,"key":"SMITH"},{"floor":46,"key":"REST"}],"circlet_count":0,"master_deck":["Strike_B","Strike_B+1","Defend_B","Defend_B","Defend_B+1","Defend_B+1","Zap+1","Dualcast","Crystallizer","Capacitor+1","Ball Lightning","Barrage","Electrodynamics","Machine Learning+1","ReplayTheSpireMod:Brewmster","ReplayTheSpireMod:Brewmster+1","Capacitor","Capacitor+1","Static Discharge","Seek+1","hubris:SpecializedCircuitry+1","Parasite"],"relics":["Cracked Core","Durian","Regal Pillow","halation:Trompette","Anchor","hubris:Backtick","Gremlin Food","halation:NonexistentMirror","Potion Belt","Geode","Iron Hammer","hubris:BallOfYels","hubris:FruitBowl","Busted Crown","hubris:AstralHammer","hubris:Towel","Counterbalance","War Paint"],"acts_visited":["Exordium","TheCity","TheBeyond"],"potions_floor_usage":[6,14,16,20,20,20,20,20,20,20,21,21,21,21,21,21,21,22,22,22,22,22,22,22,22,22,22,22,22,22,22,24,24,24,27,30,30,31,31,33,33,33,33,33,33,33,33,33,33,33,33,33,33,38,38,38,38,38,38,38,41,41,41,41,41,41,41,41,41,41,41,41,41,41,44,44,44,44,44,44,45,45,47,47,48,48,48,48,48,48,48,48,48,48,48],"damage_taken":[{"damage":7,"enemies":"Jaw Worm","floor":1,"turns":4},{"damage":2,"enemies":"Small Slimes","floor":2,"turns":3},{"damage":5,"enemies":"Cultist","floor":3,"turns":4},{"damage":21,"enemies":"Gremlin Nob","floor":6,"turns":4},{"damage":16,"enemies":"Lagavulin","floor":8,"turns":6},{"damage":2,"enemies":"Exordium Wildlife","floor":10,"turns":4},{"damage":0,"enemies":"2 Fungi Beasts","floor":12,"turns":2},{"damage":4,"enemies":"Exordium Thugs","floor":14,"turns":4},{"damage":21,"enemies":"The Guardian","floor":16,"turns":8},{"damage":32,"enemies":"Shell Parasite","floor":18,"turns":5},{"damage":17,"enemies":"Spheric Guardian","floor":20,"turns":5},{"damage":18,"enemies":"Centurion and Healer","floor":21,"turns":6},{"damage":0,"enemies":"conspire:MimicChest","floor":22,"turns":8},{"damage":45,"enemies":"Book of Stabbing","floor":24,"turns":5},{"damage":14,"enemies":"Snake Plant","floor":27,"turns":3},{"damage":27,"enemies":"Snecko","floor":30,"turns":4},{"damage":1,"enemies":"Sentry and Sphere","floor":31,"turns":3},{"damage":22,"enemies":"hubris:MusketHawk","floor":33,"turns":9},{"damage":17,"enemies":"Orb Walker","floor":35,"turns":3},{"damage":1,"enemies":"3 Shapes","floor":37,"turns":2},{"damage":18,"enemies":"Mind Bloom Boss Battle","floor":38,"turns":7},{"damage":22,"enemies":"R_Hoarder","floor":41,"turns":9},{"damage":38,"enemies":"Writhing Mass","floor":44,"turns":5},{"damage":32,"enemies":"3 Darklings","floor":45,"turns":4},{"damage":23,"enemies":"Sphere and 2 Shapes","floor":47,"turns":4},{"damage":43,"enemies":"Nemesis","floor":48,"turns":6}],"seed_played":"2017554168425554533","potions_obtained":[{"floor":2,"key":"Toxic Potion"},{"floor":8,"key":"Explosive Potion"},{"floor":10,"key":"FocusPotion"},{"floor":12,"key":"SkillPotion"},{"floor":16,"key":"Swift Potion"},{"floor":18,"key":"Explosive Potion"},{"floor":21,"key":"Block Potion"},{"floor":24,"key":"LiquidMemories"},{"floor":33,"key":"Block Potion"},{"floor":38,"key":"Dexterity Potion"},{"floor":41,"key":"EssenceOfDarkness"},{"floor":44,"key":"Doom Potion"}],"is_trial":false,"path_per_floor":["M","M","M","?","?","E","R","E","T","M","R","M","?","M","R_BF","B",null,"M","$","M","M","?","R","E","R","T","M","$","R","M","M","R","B",null,"M","?","M","?","?","R","E","R","T","M","M","R","M","E"],"character_chosen":"DEFECT","items_purchased":["halation:NonexistentMirror","ReplayTheSpireMod:Brewmster","Potion Belt","hubris:FruitBowl"],"campfire_rested":7,"item_purchase_floors":[19,19,19,28],"current_hp_per_floor":[66,64,59,59,59,38,73,57,57,55,55,55,55,51,51,30,73,41,41,24,15,15,51,6,42,42,28,9,45,18,17,53,31,73,56,56,55,37,37,73,70,70,70,32,21,57,34,0,0],"gold":444,"neow_bonus":"ONE_RARE_RELIC","is_daily":false,"chose_seed":false,"campfire_upgraded":2,"win_rate":0.0,"timestamp":1611810843,"path_taken":["M","M","M","?","?","E","R","E","T","M","R","?","?","M","R_BF","BOSS","M","$","M","M","?","R","E","R","T","M","?","R","?","M","R","BOSS","M","?","M","?","?","R","E","R","T","M","M","R","M","E"],"items_purchased_type":["Relic","Card","Relic","Relic"],"build_version":"2020-12-22","purchased_purges":0,"victory":false,"max_hp_per_floor":[73,73,73,73,73,73,73,73,73,73,73,73,73,73,73,73,73,73,73,73,73,73,73,73,73,73,73,73,73,73,73,73,73,73,73,73,73,73,73,73,73,73,73,73,73,73,73,73,73],"card_choices":[{"not_picked":["Steam","Rebound","Cold Snap"],"picked":"SKIP","floor":1},{"not_picked":["ReplayTheSpireMod:Reroute Power","Leap"],"picked":"Crystallizer","floor":2},{"not_picked":["hubris:PowerSurge","Redo"],"picked":"Capacitor","floor":3},{"not_picked":["ReplayTheSpireMod:Dual Polarity","Cold Snap","Stack"],"picked":"SKIP","floor":6},{"not_picked":["Crystallizer","Recycle"],"picked":"Ball Lightning","floor":8},{"not_picked":["aspiration:Polymerization","Scrape"],"picked":"Barrage","floor":10},{"not_picked":["Stack","Streamline","Panic Button"],"picked":"SKIP","floor":12},{"not_picked":["Reprogram","hubris:Ukulele"],"picked":"Electrodynamics","floor":14},{"not_picked":["ReplayTheSpireMod:Omega Cannon","Meteor Strike"],"picked":"Machine Learning","floor":16},{"not_picked":["Stack","Streamline","Panic Button+1"],"picked":"SKIP","floor":18},{"not_picked":["Barrage","FTL"],"picked":"Capacitor","floor":20},{"not_picked":["Stack","Steam+1"],"picked":"Static Discharge","floor":21},{"not_picked":["Coolheaded+1","Auto Shields"],"picked":"Seek","floor":24},{"not_picked":["Ball Lightning","Gash","Panic Button+1"],"picked":"SKIP","floor":27},{"not_picked":["Leap+1","hubris:PowerSurge","ReplayGash"],"picked":"SKIP","floor":30},{"not_picked":["FTL","BasicCrystalCard","Heatsinks"],"picked":"SKIP","floor":31},{"not_picked":["Core Surge","hubris:DoWhile"],"picked":"hubris:SpecializedCircuitry","floor":33},{"not_picked":["Conserve Battery+1"],"picked":"SKIP","floor":35},{"not_picked":["Hologram+1"],"picked":"SKIP","floor":37},{"not_picked":["Streamline+1"],"picked":"SKIP","floor":41},{"not_picked":["Conserve Battery+1"],"picked":"SKIP","floor":44},{"not_picked":["Steam Power+1"],"picked":"SKIP","floor":45},{"not_picked":["Streamline"],"picked":"SKIP","floor":47}],"player_experience":450825,"relics_obtained":[{"floor":6,"key":"Regal Pillow"},{"floor":8,"key":"halation:Trompette"},{"floor":9,"key":"Anchor"},{"floor":22,"key":"Geode"},{"floor":24,"key":"Iron Hammer"},{"floor":26,"key":"hubris:BallOfYels"},{"floor":38,"key":"hubris:AstralHammer"},{"floor":41,"key":"Counterbalance"},{"floor":43,"key":"War Paint"}],"event_choices":[{"damage_healed":0,"gold_gain":0,"player_choice":"Leave","damage_taken":0,"max_hp_gain":0,"max_hp_loss":0,"event_name":"conspire:Investor","floor":4,"gold_loss":0},{"damage_healed":0,"gold_gain":100,"player_choice":"Pray","damage_taken":0,"max_hp_gain":0,"max_hp_loss":0,"event_name":"Golden Shrine","floor":5,"gold_loss":0},{"cards_removed":["Strike_B"],"damage_healed":0,"gold_gain":0,"player_choice":"Card Removal","damage_taken":0,"max_hp_gain":0,"max_hp_loss":0,"event_name":"The Cleric","floor":13,"gold_loss":50},{"damage_healed":0,"gold_gain":0,"player_choice":"Fight","damage_taken":0,"max_hp_gain":0,"max_hp_loss":0,"event_name":"MindBloom","floor":38,"gold_loss":0}],"is_beta":false,"boss_relics":[{"not_picked":["hubris:BlackHole","Painkiller Herb"],"picked":"hubris:Backtick"},{"not_picked":["hubris:Stopwatch","energizedSpire:RedRose"],"picked":"Busted Crown"}],"items_purged_floors":[],"is_endless":false,"potions_floor_spawned":[2,8,10,12,16,18,21,24,33,38,41,44],"killed_by":"Nemesis","ascension_level":2}}