{"host":"l2dnabsh5e0fsksb","time":1611873409,"event":{"mods":["2.2 Compatiblity","BaseMod","Downfall","Minty Spire (QoL Compilation)","Quick Restart","StSLib"],"gold_per_floor":[99,99,99,99,199,199,199,227,143,43,98,98,98,98,118,220,220,220,220,58,71,84,110,135,154,167,240,140,140,140,160,171,276,276,276,289,312,321,321,361,379,454,494,519,555,577,596,15,40,40],"floor_reached":51,"language":"ENG","playtime":2217,"items_purged":["downfall:Icky"],"score":1264,"play_id":"b101db78-3448-487f-bcc5-f796d093ca1f","local_time":"20210129090649","is_ascension_mode":true,"campfire_choices":[{"floor":1.0,"key":"RECALL"},{"floor":10.0,"key":"REST"},{"data":"bronze:Library","floor":13.0,"key":"SMITH"},{"data":"bronze:Repulsor","floor":18.0,"key":"SMITH"},{"floor":28.0,"key":"REST"},{"floor":30.0,"key":"REST"},{"data":"bronze:Library","floor":35.0,"key":"SMITH"}],"circlet_count":0,"master_deck":["AscendersBane","bronze:Strike","bronze:Strike","bronze:Defend","bronze:Defend+1","bronze:Defend","bronze:Replicate+1","bronze:Philosophize+1","bronze:BitShift+1","bronze:BitShift","bronze:WhirlingStrike+1","bronze:DigitalCarnage","bronze:Repulsor+1","bronze:Constructor+1","bronze:Library+1","bronze:DelayedSlice","bronze:Library+1","bronze:Optimize","bronze:OilSpill","bronze:Separator","bronze:InfiniteBeams","bronze:BronzeArmor+1","bronze:Boost","bronze:Flail","bronze:Assembly","bronze:ChildClass","CurseOfTheBell","bronze:Flail+1","Shame","bronze:DelayedGuard","Writhe","bronze:DelayedSlice+1","bronze:Repair+1","bronze:Mutator","bronze:BuggyMess","bronze:ClassDefault","bronze:Shell+1"],"relics":["bronze:BronzeCore","downfall:HeartsMalice","Mercury Hourglass","War Paint","downfall:HeartBlessingRed","Bag of Marbles","expansioncontent:StudyCardRelic","ClockworkSouvenir","Centennial Puzzle","Guardian:PocketSentry","Mummified Hand","downfall:HeartBlessingGreen","GremlinMask","Calling Bell","CeramicFish","Pantograph","Ginger","downfall:ExtraCursedKey","Gremlin Horn","bronze:BronzeIdol","PreservedInsect","MealTicket","bronze:Mallet"],"acts_visited":["Exordium","TheCity","TheBeyond"],"potions_floor_usage":[43,47,50],"damage_taken":[{"damage":0.0,"enemies":"Jaw Worm","floor":2.0,"turns":1.0},{"damage":0.0,"enemies":"Small Slimes","floor":3.0,"turns":1.0},{"damage":0.0,"enemies":"downfall:Heads","floor":5.0,"turns":1.0},{"damage":20.0,"enemies":"3 Sentries","floor":8.0,"turns":4.0},{"damage":7.0,"enemies":"downfall:FleeingMerchant","floor":9.0,"turns":4.0},{"damage":0.0,"enemies":"2 Louse","floor":15.0,"turns":1.0},{"damage":19.0,"enemies":"IC_STATUS_ARCHETYPE","floor":16.0,"turns":5.0},{"damage":0.0,"enemies":"Chosen","floor":19.0,"turns":1.0},{"damage":0.0,"enemies":"downfall:FleeingMerchant","floor":20.0,"turns":4.0},{"damage":0.0,"enemies":"Spheric Guardian","floor":21.0,"turns":3.0},{"damage":17.0,"enemies":"Chosen and Byrds","floor":22.0,"turns":4.0},{"damage":33.0,"enemies":"Slavers","floor":23.0,"turns":4.0},{"damage":6.0,"enemies":"Centurion and Healer","floor":25.0,"turns":4.0},{"damage":2.0,"enemies":"Shelled Parasite and Fungi","floor":26.0,"turns":3.0},{"damage":0.0,"enemies":"downfall:FleeingMerchant","floor":27.0,"turns":4.0},{"damage":0.0,"enemies":"Snecko","floor":31.0,"turns":3.0},{"damage":0.0,"enemies":"3 Cultists","floor":32.0,"turns":2.0},{"damage":36.0,"enemies":"DF_ARCHETYPE_CLAW","floor":33.0,"turns":7.0},{"damage":23.0,"enemies":"3 Darklings","floor":36.0,"turns":3.0},{"damage":8.0,"enemies":"Orb Walker","floor":37.0,"turns":2.0},{"damage":50.0,"enemies":"Giant Head","floor":40.0,"turns":7.0},{"damage":0,"enemies":"Reptomancer","floor":43,"turns":2},{"damage":0,"enemies":"Sphere and 2 Shapes","floor":44,"turns":3},{"damage":3,"enemies":"Giant Head","floor":45,"turns":5},{"damage":11,"enemies":"4 Shapes","floor":46,"turns":1},{"damage":23,"enemies":"Jaw Worm Horde","floor":47,"turns":2},{"damage":0,"enemies":"Sphere and 2 Shapes","floor":49,"turns":2},{"damage":12,"enemies":"SI_POISON_ARCHETYPE","floor":50,"turns":5}],"seed_played":"-5751206903889364110","potions_obtained":[{"floor":8.0,"key":"bronze:FreeFunctionsPotion"},{"floor":15.0,"key":"bronze:FreeFunctionsPotion"},{"floor":16.0,"key":"Weak Potion"},{"floor":21.0,"key":"bronze:FreeFunctionsPotion"},{"floor":23.0,"key":"SpeedPotion"},{"floor":25.0,"key":"Energy Potion"},{"floor":26.0,"key":"Swift Potion"},{"floor":37.0,"key":"SmokeBomb"},{"floor":40.0,"key":"CultistPotion"},{"floor":42.0,"key":"downfall:CursedFountainPotion"},{"floor":43,"key":"LiquidMemories"},{"floor":45,"key":"hexamod:SoulburnPotion"}],"is_trial":false,"path_per_floor":["R","M","M","?","?","?","T","E","$","R","T","?","R","?","M","B",null,"R","M","$","M","M","E","T","M","M","$","R","?","R","M","M","B",null,"R","M","M","?","?","E","T","?","E","M","E","M","M","$","M","B",null],"character_chosen":"THE_AUTOMATON","items_purchased":["bronze:Library","ClockworkSouvenir","Mummified Hand","MealTicket","bronze:Mallet","LiquidBronze"],"campfire_rested":3,"item_purchase_floors":[9,20,27,48,48,48],"current_hp_per_floor":[63,63,63,63,63,63,63,43,36,57,57,57,57,57,57,38,62,62,62,62,62,45,12,12,6,4,4,25,25,46,46,46,10,55,55,32,24,29,66,16,16,66,66,66,66,63,43,43,43,54],"gold":40,"neow_bonus":"THREE_ENEMY_KILL","is_daily":false,"chose_seed":false,"campfire_upgraded":3,"win_rate":0.0,"timestamp":1611873409,"path_taken":["R","M","M","?","?","?","T","E","?","R","?","?","R","?","M","BOSS","R","M","?","M","M","E","T","M","M","$","R","?","R","?","M","BOSS","R","M","M","?","?","E","T","?","E","?","E","M","M","$","M","BOSS"],"items_purchased_type":["Card","Relic","Relic","Relic","Relic","Potion"],"build_version":"2020-12-22","purchased_purges":1,"victory":true,"max_hp_per_floor":[70,70,70,70,70,70,70,70,70,70,70,70,70,70,70,70,70,70,70,70,70,70,70,70,70,70,70,70,70,70,70,70,70,70,70,70,70,75,66,66,66,66,66,66,66,66,66,66,66,66],"card_choices":[{"not_picked":["bronze:BuggyMess","bronze:Frontload"],"picked":"bronze:Philosophize","floor":2.0},{"not_picked":["bronze:Deprecate","bronze:ForLoop"],"picked":"bronze:BitShift","floor":3.0},{"not_picked":["bronze:Branch","bronze:Shield"],"picked":"bronze:WhirlingStrike","floor":5.0},{"not_picked":["bronze:Overheat","bronze:Philosophize"],"picked":"bronze:Repulsor","floor":8.0},{"not_picked":["bronze:ForceShield","bronze:Frontload"],"picked":"bronze:Constructor","floor":9.0},{"not_picked":["bronze:CutThrough","bronze:Invalidate"],"picked":"bronze:DelayedSlice","floor":15.0},{"not_picked":["bronze:HyperBeam","bronze:ShipIt"],"picked":"bronze:Library","floor":16.0},{"not_picked":["bronze:BugBarrage","bronze:Overheat"],"picked":"bronze:Optimize","floor":19.0},{"not_picked":["bronze:WildBeam","bronze:WhirlingStrike"],"picked":"bronze:OilSpill","floor":20.0},{"not_picked":["bronze:BugBarrage","bronze:Repulsor+1"],"picked":"bronze:Separator","floor":21.0},{"not_picked":["bronze:Overheat+1","bronze:CutThrough"],"picked":"bronze:InfiniteBeams","floor":22.0},{"not_picked":["bronze:MaxOutput","bronze:Invalidate"],"picked":"bronze:BronzeArmor+1","floor":23.0},{"not_picked":["bronze:Shell","bronze:ForceShield"],"picked":"bronze:Boost","floor":25.0},{"not_picked":["bronze:WhirlingStrike","bronze:DigitalCarnage"],"picked":"bronze:Flail","floor":26.0},{"not_picked":["bronze:Separator","bronze:Shield"],"picked":"bronze:Assembly","floor":27.0},{"not_picked":["bronze:BugBarrage","bronze:Frontload","bronze:Allocate"],"picked":"SKIP","floor":31.0},{"not_picked":["bronze:Branch+1","bronze:Turbo+1"],"picked":"bronze:ChildClass","floor":32.0},{"not_picked":["bronze:Turbo","bronze:CutThrough+1","bronze:ClassDefault"],"picked":"SKIP","floor":36.0},{"not_picked":["bronze:DelayedSlice+1","bronze:WhirlingStrike"],"picked":"bronze:Flail+1","floor":37.0},{"not_picked":["bronze:MaxOutput","bronze:Frontload"],"picked":"bronze:DelayedGuard","floor":40.0},{"not_picked":["bronze:ForceShield","bronze:Shield+1"],"picked":"bronze:DelayedSlice+1","floor":43},{"not_picked":["bronze:Separator","bronze:Return+1"],"picked":"bronze:Repair+1","floor":44},{"not_picked":["bronze:Refactor","bronze:NullPointer+1"],"picked":"bronze:Mutator","floor":45},{"not_picked":["bronze:ChildClass","bronze:ForLoop+1"],"picked":"bronze:BuggyMess","floor":46},{"not_picked":["bronze:Separator+1","bronze:WildBeam+1"],"picked":"bronze:ClassDefault","floor":47},{"not_picked":["bronze:BuggyMess","bronze:DelayedSlice"],"picked":"bronze:Shell+1","floor":49}],"player_experience":1852524,"relics_obtained":[{"floor":7.0,"key":"Mercury Hourglass"},{"floor":8.0,"key":"War Paint"},{"floor":11.0,"key":"Bag of Marbles"},{"floor":23.0,"key":"Centennial Puzzle"},{"floor":24.0,"key":"Guardian:PocketSentry"},{"floor":34.0,"key":"CeramicFish"},{"floor":34.0,"key":"Pantograph"},{"floor":34.0,"key":"Ginger"},{"floor":40.0,"key":"Gremlin Horn"},{"floor":43,"key":"bronze:BronzeIdol"},{"floor":45,"key":"PreservedInsect"}],"event_choices":[{"damage_healed":0.0,"max_hp_gain":0.0,"max_hp_loss":0.0,"gold_gain":0.0,"event_name":"FaceTrader","player_choice":"Trade","floor":29.0,"gold_loss":0.0,"damage_taken":0.0,"relics_obtained":["GremlinMask"]}],"is_beta":false,"boss_relics":[{"not_picked":["Astrolabe","Velvet Choker"],"picked":"expansioncontent:StudyCardRelic"},{"not_picked":["Black Star","Runic Dome"],"picked":"Calling Bell"}],"items_purged_floors":[48],"is_endless":false,"potions_floor_spawned":[8,15,16,21,23,25,26,37,40,43,45,46],"ascension_level":10}}