{"host":"0ricjaa7rfq9v76t","time":1611834343,"event":{"mods":["AchievementEnabler","Aspiration","BaseMod","Better Altar","Better Match","Better Sensory Stone","Better Skull","Better Vampires","BetterRewards","Colored Powertips","Downfall","Energized Spire","Highlight Path","Hubris","Infinite Spire","Minty Spire (QoL Compilation)","Quick Restart","Rare Cards Sparkle","Relic Sorter","Reliquary","Replay The Spire","StSLib","SuperFastMode","Synergy Search","The Cursed","The Disciple","The Jungle","The Marked","The Mystic","Uncapped"],"gold_per_floor":[116,131,131,131,147,147,147,167,167,167,182,207,207,207,207,307,307,324,324,342,360,360,392,392,392,392,392,410,427,702,718,718,718,718],"floor_reached":33,"language":"ENG","playtime":11750,"items_purged":["Defend_B"],"score":392,"play_id":"9cf835bf-4ccd-46c6-96e1-f658709adec6","local_time":"20210128194543","is_ascension_mode":false,"campfire_choices":[{"data":"Zap","floor":6.0,"key":"SMITH"},{"data":"Ball Lightning","floor":10.0,"key":"SMITH"},{"data":"Static Discharge","floor":13.0,"key":"SMITH"},{"data":"Dualcast","floor":15.0,"key":"SMITH"},{"floor":25.0,"key":"REST"},{"floor":27.0,"key":"REST"},{"floor":32.0,"key":"REST"}],"circlet_count":0,"master_deck":["Strike_B","Strike_B","Strike_B","Defend_B","Defend_B","Defend_B","Zap+1","Dualcast+1","Self Repair","infinitespire:UltimateForm","Conserve Battery","Ball Lightning+1","hubris:Ukulele","Static Discharge+1","Turbo","White Noise","FIFO Queue","Ball Lightning+1","Barrage","Scrape","ReplayGash","Gash","Storm","Regret","Gash","Gash"],"relics":["Cracked Core","hubris:CuriousFeather","aspiration:Lifesprig","ReplayTheSpireMod:Shallot","reliquary:PurpleTingedLeaf","Prayer Wheel","Replay:Bottled Steam","Replay:Ringing Soul","aspiration:Headhunter","reliquary:IridiumChain","Prayer Wheel"],"acts_visited":["Exordium","TheCity"],"potions_floor_usage":[],"damage_taken":[{"damage":2.0,"enemies":"Small Slimes","floor":1.0,"turns":3.0},{"damage":0.0,"enemies":"Cultist","floor":2.0,"turns":4.0},{"damage":6.0,"enemies":"Jaw Worm","floor":5.0,"turns":3.0},{"damage":4.0,"enemies":"2 Fungi Beasts","floor":8.0,"turns":3.0},{"damage":0.0,"enemies":"Exordium Wildlife","floor":11.0,"turns":3.0},{"damage":0.0,"enemies":"Lagavulin","floor":12.0,"turns":5.0},{"damage":36.0,"enemies":"Hexaghost","floor":16.0,"turns":5.0},{"damage":9.0,"enemies":"Spheric Guardian","floor":18.0,"turns":5.0},{"damage":0.0,"enemies":"Chosen","floor":20.0,"turns":4.0},{"damage":26.0,"enemies":"Shelled Parasite and Fungi","floor":21.0,"turns":4.0},{"damage":29.0,"enemies":"Book of Stabbing","floor":23.0,"turns":4.0},{"damage":22.0,"enemies":"Snecko","floor":28.0,"turns":6.0},{"damage":13.0,"enemies":"Centurion and Healer","floor":29.0,"turns":5.0},{"damage":31.0,"enemies":"Snake Plant","floor":31.0,"turns":4.0},{"damage":77,"enemies":"hubris:MusketHawk","floor":33,"turns":6}],"seed_played":"-3493817389249281526","potions_obtained":[{"floor":1.0,"key":"Elixir"},{"floor":12.0,"key":"sneckomod:MuddlingPotion"},{"floor":18.0,"key":"Block Potion"},{"floor":28.0,"key":"champ:CounterPotion"}],"is_trial":false,"path_per_floor":["M","M","?","?","M","R","?","M","T","R","M","E","R","?","R","B",null,"M","?","M","M","?","E","AVR","R","T","R","M","M","?","M","R","B"],"character_chosen":"DEFECT","items_purchased":["hubris:CuriousFeather","Self Repair"],"campfire_rested":3,"item_purchase_floors":[0,0],"current_hp_per_floor":[70,75,56,56,57,57,57,60,60,60,67,74,74,74,74,47,75,73,73,75,49,49,28,28,50,50,72,53,50,53,25,51,0,0],"gold":718,"neow_bonus":"","is_daily":false,"chose_seed":false,"campfire_upgraded":4,"win_rate":0.0,"timestamp":1611834343,"path_taken":["M","M","?","?","M","R","?","?","T","R","M","E","R","?","R","BOSS","M","?","M","M","?","E","AVR","R","T","R","?","M","?","M","R","BOSS"],"items_purchased_type":["Relic","Card"],"build_version":"2020-12-22","purchased_purges":1,"victory":false,"max_hp_per_floor":[75,75,75,75,75,75,75,75,75,75,75,75,75,75,75,75,75,75,75,75,75,75,75,75,75,75,75,78,81,84,87,87,87,87],"card_choices":[{"not_picked":["Redo","BasicCrystalCard","ReplayTheSpireMod:Reroute Power"],"picked":"SKIP","floor":1.0},{"not_picked":["Go for the Eyes","Doom and Gloom","BootSequence"],"picked":"SKIP","floor":2.0},{"not_picked":["ReplayTheSpireMod:Haul","ReplayTheSpireMod:Book of Names"],"picked":"infinitespire:UltimateForm","floor":3.0},{"not_picked":["Doom and Gloom","Time Bomb"],"picked":"Conserve Battery","floor":5.0},{"not_picked":["Chaos","Steam"],"picked":"Ball Lightning","floor":8.0},{"not_picked":["Cold Snap","Recycle"],"picked":"hubris:Ukulele","floor":11.0},{"not_picked":["ReplayTheSpireMod:Omega Cannon","Reboot"],"picked":"Static Discharge","floor":12.0},{"not_picked":["Mirror Shield","Machine Learning"],"picked":"ReplayTheSpireMod:Fabricate Wheel","floor":16.0},{"not_picked":["Reprogram","Leap"],"picked":"Turbo","floor":18.0},{"not_picked":["Sweeping Beam","Hello World"],"picked":"FIFO Queue","floor":20.0},{"not_picked":["ReplayTheSpireMod:Reroute Power","Conserve Battery"],"picked":"Ball Lightning+1","floor":20.0},{"not_picked":["ReplayTheSpireMod:System Scan","Leap"],"picked":"Barrage","floor":21.0},{"not_picked":["Cold Snap","Rebound+1"],"picked":"ReplayTheSpireMod:Fabricate Wheel","floor":21.0},{"not_picked":["Meteor Strike","Hello World","Sweeping Beam"],"picked":"SKIP","floor":23.0},{"not_picked":["Rip and Tear+1","Sweeping Beam+1"],"picked":"Scrape","floor":28.0},{"not_picked":["Double Energy","Coolheaded+1"],"picked":"ReplayGash","floor":28.0},{"not_picked":["Defragment","Barrage","Panic Button"],"picked":"SKIP","floor":28.0},{"not_picked":["ReplayGash","Sweeping Beam"],"picked":"Gash","floor":29.0},{"not_picked":["Consume","ReplayTheSpireMod:System Scan"],"picked":"Storm","floor":29.0},{"not_picked":["Rebound","Scrape","Cold Snap"],"picked":"SKIP","floor":29.0},{"not_picked":["aspiration:Polymerization","Leap"],"picked":"Gash","floor":31.0},{"not_picked":["Leap","Storm+1"],"picked":"Gash","floor":31.0},{"not_picked":["Self Repair","Chill+1","Loop"],"picked":"SKIP","floor":31.0}],"player_experience":227351,"relics_obtained":[{"floor":7.0,"key":"aspiration:Lifesprig"},{"floor":9.0,"key":"ReplayTheSpireMod:Shallot"},{"floor":12.0,"key":"reliquary:PurpleTingedLeaf"},{"floor":23.0,"key":"Replay:Ringing Soul"},{"floor":26.0,"key":"reliquary:IridiumChain"}],"event_choices":[{"cards_removed":["Strike_B"],"damage_healed":0.0,"max_hp_gain":0.0,"max_hp_loss":0.0,"gold_gain":0.0,"event_name":"Living Wall","player_choice":"Forget","floor":14.0,"gold_loss":0.0,"damage_taken":0.0},{"damage_healed":0.0,"max_hp_gain":0.0,"max_hp_loss":0.0,"gold_gain":0.0,"event_name":"The Library","player_choice":"Read","floor":19.0,"gold_loss":0.0,"damage_taken":0.0,"cards_obtained":["White Noise"]},{"damage_healed":0.0,"max_hp_gain":0.0,"max_hp_loss":0.0,"gold_gain":0.0,"event_name":"The Mausoleum","player_choice":"Opened","floor":22.0,"gold_loss":0.0,"damage_taken":0.0,"relics_obtained":["Replay:Bottled Steam"]},{"damage_healed":0.0,"max_hp_gain":0.0,"max_hp_loss":0.0,"gold_gain":275.0,"event_name":"Golden Shrine","player_choice":"Desecrate","floor":30.0,"gold_loss":0.0,"damage_taken":0.0,"cards_obtained":["Regret"]}],"is_beta":false,"boss_relics":[{"not_picked":["Calling Bell","hubris:CrackedHourglass","Replay:Wanted Poster"]}],"items_purged_floors":[24],"is_endless":false,"potions_floor_spawned":[1,12,18,28],"killed_by":"hubris:MusketHawk","ascension_level":0}}