{"host":"9slw7l0ws16384qq","time":1611817777,"event":{"mods":["A Penny For Your Troubles","BaseMod","Clockwork Mod","Colored Map","Evolution","Fiend Mod","Hermit","Hubris","Minty Spire (QoL Compilation)","Railgun Mod","Replay The Spire","Shedinja","StS++","StSLib"],"gold_per_floor":[114,39,39,89,89,122,122,132,132,132,148,173,173,192,192,293,293,313,263,213,224,96,96,111,124,124,124,141,141,172,96,96,195,195,215,215,235,105,105,105,105,105,105,120,120,146,146,157,157,158],"floor_reached":51,"language":"FRA","playtime":1551,"items_purged":["hermit:Strike_Hermit","hubris:Greed","hermit:Defend_Hermit","hermit:Misfire","hermit:Defend_Hermit","hermit:Defend_Hermit"],"score":1276,"play_id":"b4a2ab55-1cab-41fa-a30b-1adc6d4fce6e","local_time":"20210128080937","is_ascension_mode":true,"campfire_choices":[{"data":"Dramatic Entrance","floor":10,"key":"SMITH"},{"data":"hermit:ShadowCloak","floor":13,"key":"SMITH"},{"data":"hermit:Defend_Hermit","floor":15,"key":"PURGE"},{"data":"hermit:ShadowCloak","floor":23,"key":"SMITH"},{"data":"hermit:ShadowCloak","floor":27,"key":"SMITH"},{"data":"hermit:Misfire","floor":29,"key":"SMITH"},{"data":"hermit:Misfire","floor":32,"key":"SMITH"},{"data":"hermit:Misfire","floor":40,"key":"SMITH"},{"data":"Mayhem","floor":42,"key":"SMITH"},{"floor":49,"key":"DIG"}],"circlet_count":0,"master_deck":["hermit:Misfire+1","hermit:Misfire+1","hermit:Covet","Dramatic Entrance+1","CurseOfTheBell","hermit:ShadowCloak+1","hubris:DuctTapeCard","hermit:Misfire+1","hermit:ShadowCloak+1","Mayhem+1","Dramatic Entrance","hermit:Adapt"],"relics":["hermit:Momento","EVO:Axolotl","ReplayTheSpireMod:CursedCoin","hubris:PeanutButter","Eternal Feather","Smiling Mask","Calling Bell","Lantern","Replay:WaspNest","hubris:Spice","hubris:DuctTape","Nunchaku","ReplayTheSpireMod:ShopPack","Durian","Centennial Puzzle"],"acts_visited":["Exordium","TheCity","TheBeyond"],"potions_floor_usage":[12,12,16,44,50,50],"damage_taken":[{"damage":2,"enemies":"Jaw Worm","floor":1,"turns":2},{"damage":35,"enemies":"3 Sentries","floor":6,"turns":7},{"damage":0,"enemies":"2 Louse","floor":8,"turns":2},{"damage":0,"enemies":"Small Slimes","floor":11,"turns":2},{"damage":0,"enemies":"Gremlin Nob","floor":12,"turns":2},{"damage":0,"enemies":"Gremlin Gang","floor":14,"turns":2},{"damage":49,"enemies":"Fading Forest","floor":16,"turns":11},{"damage":9,"enemies":"2 Thieves","floor":18,"turns":3},{"damage":0,"enemies":"Chosen","floor":21,"turns":4},{"damage":17,"enemies":"Centurion and Healer","floor":24,"turns":5},{"damage":11,"enemies":"Snake Plant","floor":25,"turns":3},{"damage":0,"enemies":"Sentry and Sphere","floor":28,"turns":4},{"damage":6,"enemies":"Book of Stabbing","floor":30,"turns":5},{"damage":10,"enemies":"Pondfish","floor":33,"turns":9},{"damage":2,"enemies":"3 Shapes","floor":35,"turns":3},{"damage":14,"enemies":"3 Darklings","floor":37,"turns":5},{"damage":0,"enemies":"4 Shapes","floor":44,"turns":2},{"damage":13,"enemies":"Nemesis","floor":46,"turns":7},{"damage":0,"enemies":"Transient","floor":48,"turns":5},{"damage":47,"enemies":"Awakened One","floor":50,"turns":13}],"seed_played":"1072373962870649070","potions_obtained":[{"floor":1,"key":"FearPotion"},{"floor":8,"key":"GamblersBrew"},{"floor":12,"key":"Elixir"},{"floor":16,"key":"Cursed Concoction"},{"floor":24,"key":"Adrenaline Potion"},{"floor":25,"key":"StSpp:InhibitionPotion"},{"floor":46,"key":"Energy Potion"}],"is_trial":false,"path_per_floor":["M","$","?","$","?","E","?","M","T","R","M","E","R","M","R_BF","B",null,"M","$","$","M","$","R","M","M","T","R","M","R","E","$","R","B",null,"M","?","M","$","?","R","?","R","T","M","$","E","?","M","R_BF","B",null],"character_chosen":"HERMIT","items_purchased":["ReplayTheSpireMod:CursedCoin","hermit:ShadowCloak","hermit:Misfire","ReplayTheSpireMod:ShopPack"],"campfire_rested":0,"item_purchase_floors":[4,22,31,38],"current_hp_per_floor":[66,66,66,66,66,31,31,31,31,37,37,37,43,43,49,22,70,61,61,61,61,61,64,47,36,36,39,39,42,36,36,39,29,78,76,76,62,62,62,68,68,74,74,74,74,66,66,66,72,25],"gold":158,"neow_bonus":"RANDOM_COLORLESS","is_daily":false,"chose_seed":false,"campfire_upgraded":8,"win_rate":0.0,"timestamp":1611817777,"path_taken":["M","$","?","$","?","E","?","M","T","R","?","E","R","M","R_BF","BOSS","M","?","$","M","$","R","M","M","T","R","M","R","E","$","R","BOSS","M","?","?","$","?","R","?","R","T","M","?","E","?","M","R_BF","BOSS"],"items_purchased_type":["Relic","Card","Card","Relic"],"build_version":"2020-12-22","purchased_purges":6,"victory":true,"max_hp_per_floor":[75,75,75,75,75,75,75,75,75,75,75,75,75,75,75,75,83,83,83,83,83,83,83,83,83,83,83,83,83,83,83,83,83,91,91,91,83,83,79,79,79,79,79,79,79,84,84,84,84,84],"card_choices":[{"not_picked":["Forethought","hubris:Insight"],"picked":"Dramatic Entrance","floor":0},{"not_picked":["hermit:Headshot","hermit:Snipe","hermit:LowProfile"],"picked":"SKIP","floor":1},{"not_picked":["hermit:BodyArmor","hermit:Horror","hermit:Dive"],"picked":"SKIP","floor":6},{"not_picked":["hermit:HighCaliber","hermit:Manifest","hermit:Glare"],"picked":"SKIP","floor":8},{"not_picked":["hermit:Headshot","hermit:Gestalt"],"picked":"hermit:ShadowCloak","floor":11},{"not_picked":["hermit:Roughhouse","hermit:Manifest","hermit:Cheat"],"picked":"SKIP","floor":12},{"not_picked":["hermit:Virtue","hermit:Quickdraw","hermit:Desperado"],"picked":"SKIP","floor":14},{"not_picked":["hermit:Determination","hermit:CalledShot","hermit:Feint"],"picked":"SKIP","floor":18},{"not_picked":["hermit:Glare","hermit:Virtue","hermit:Headshot"],"picked":"SKIP","floor":21},{"not_picked":["hermit:Horror","hermit:Snipe","hermit:BlackWind"],"picked":"SKIP","floor":24},{"not_picked":["hermit:Desperado+1","hermit:Headshot+1"],"picked":"hermit:ShadowCloak","floor":25},{"not_picked":["hermit:Snipe","hermit:Quickdraw","hermit:CursedWeapon"],"picked":"SKIP","floor":28},{"not_picked":["hermit:Ricochet+1","hermit:HeroicBravado","hermit:Quickdraw"],"picked":"SKIP","floor":30},{"not_picked":["hubris:SpiceAddiction","hermit:HoleUp"],"picked":"hermit:ShadowCloak+1","floor":35},{"not_picked":["hermit:Headshot+1","hermit:WideOpen+1"],"picked":"hubris:SpiceAddiction","floor":37},{"not_picked":["The Bomb","Metamorphosis"],"picked":"Mayhem","floor":38},{"not_picked":["Good Instincts","Discovery"],"picked":"Dramatic Entrance","floor":38},{"not_picked":["hermit:Desperado","hermit:Headshot+1","hermit:Snipe"],"picked":"SKIP","floor":44},{"not_picked":["hermit:Gestalt+1","hermit:TakeCover+1","hermit:Combo"],"picked":"SKIP","floor":46},{"not_picked":["hermit:Headshot","hermit:Snipe"],"picked":"hermit:Adapt","floor":48}],"player_experience":1948067,"relics_obtained":[{"floor":6,"key":"hubris:PeanutButter"},{"floor":9,"key":"Eternal Feather"},{"floor":12,"key":"Smiling Mask"},{"floor":17,"key":"Lantern"},{"floor":17,"key":"Replay:WaspNest"},{"floor":17,"key":"hubris:Spice"},{"floor":26,"key":"hubris:DuctTape"},{"floor":30,"key":"Nunchaku"},{"floor":46,"key":"Durian"},{"floor":49,"key":"Centennial Puzzle"}],"event_choices":[{"damage_healed":0,"gold_gain":0,"player_choice":"Ignored","damage_taken":0,"max_hp_gain":0,"max_hp_loss":0,"event_name":"Liars Game","floor":5,"gold_loss":0},{"damage_healed":0,"gold_gain":0,"player_choice":"Upgraded","damage_taken":0,"max_hp_gain":0,"max_hp_loss":0,"event_name":"Upgrade Shrine","floor":7,"gold_loss":0,"cards_upgraded":["hermit:Snapshot"]},{"cards_removed":["hermit:Snapshot"],"damage_healed":0,"gold_gain":0,"player_choice":"Purged","damage_taken":0,"max_hp_gain":0,"max_hp_loss":0,"event_name":"Purifier","floor":36,"gold_loss":0},{"damage_healed":0,"gold_gain":0,"player_choice":"Max HP","damage_taken":0,"max_hp_gain":0,"max_hp_loss":4,"event_name":"Winding Halls","floor":39,"gold_loss":0},{"damage_healed":0,"gold_gain":0,"player_choice":"Ignored","damage_taken":0,"max_hp_gain":0,"max_hp_loss":0,"event_name":"Mysterious Sphere","floor":47,"gold_loss":0}],"is_beta":false,"boss_relics":[{"not_picked":["hubris:HollowSoul","Runic Dome"],"picked":"Calling Bell"},{"not_picked":["StSpp:Magatama","Replay:Wanted Poster"],"picked":"hubris:Spice"}],"items_purged_floors":[2,4,19,20,22,31],"is_endless":false,"potions_floor_spawned":[1,8,12,16,24,25,35,37,46],"ascension_level":8}}