{"host":"f5gffvlv6a66yqkd","time":1611875374,"event":{"mods":["2.2 Compatiblity","BaseMod","Colored Map","Custom Start","DeckTracker","Keyboard Shortcuts","Minty Spire (QoL Compilation)","Permanent Neow","Quick Restart","Relic Stats","StSLib","SuperFastMode"],"gold_per_floor":[119,132,150,150,160,160,160,160],"floor_reached":7,"language":"KOR","playtime":141,"items_purged":[],"score":86,"play_id":"e4db486b-b1c9-43ab-b0ae-9ae4fbd24425","local_time":"20210129080934","is_ascension_mode":true,"campfire_choices":[{"floor":6,"key":"REST"}],"circlet_count":0,"master_deck":["AscendersBane","Strike_B","Strike_B","Strike_B","Strike_B","Defend_B","Defend_B","Defend_B","Defend_B","Zap","Dualcast","FTL","Gash","BootSequence","Coolheaded+1"],"relics":["Cracked Core","Anchor","Toxic Egg 2"],"acts_visited":["Exordium"],"potions_floor_usage":[],"damage_taken":[{"damage":2.0,"enemies":"Cultist","floor":1.0,"turns":4.0},{"damage":4.0,"enemies":"Small Slimes","floor":2.0,"turns":3.0},{"damage":7.0,"enemies":"Jaw Worm","floor":3.0,"turns":4.0},{"damage":34.0,"enemies":"Exordium Thugs","floor":5.0,"turns":7.0},{"damage":19,"enemies":"3 Sentries","floor":7,"turns":4}],"seed_played":"8144982768105186986","potions_obtained":[{"floor":3.0,"key":"Block Potion"}],"is_trial":false,"path_per_floor":["M","M","M","T","M","R","E"],"character_chosen":"DEFECT","items_purchased":[],"campfire_rested":1,"item_purchase_floors":[],"current_hp_per_floor":[62,58,51,51,17,38,19,19],"gold":160,"neow_bonus":"RANDOM_COMMON_RELIC","is_daily":false,"chose_seed":false,"campfire_upgraded":0,"win_rate":0.0,"timestamp":1611875374,"path_taken":["M","M","M","?","M","R","E"],"items_purchased_type":[],"build_version":"2020-12-22","purchased_purges":0,"victory":false,"max_hp_per_floor":[71,71,71,71,71,71,71,71],"relic_stats":{"counters":[5,22],"obtain_stats":[{"Anchor":0,"Toxic Egg 2":4,"Cracked Core":0},{"Anchor":0,"Toxic Egg 2":3,"Cracked Core":0},{"Anchor":0,"Toxic Egg 2":11,"Cracked Core":0}]},"card_choices":[{"not_picked":["Stack","Go for the Eyes"],"picked":"FTL","floor":1.0},{"not_picked":["Redo","Hologram"],"picked":"Gash","floor":2.0},{"not_picked":["Hologram","Static Discharge"],"picked":"BootSequence","floor":3.0},{"not_picked":["Conserve Battery+1","Fusion+1"],"picked":"Coolheaded+1","floor":5}],"player_experience":1628653,"relics_obtained":[{"floor":4.0,"key":"Toxic Egg 2"}],"event_choices":[],"is_beta":false,"boss_relics":[],"items_purged_floors":[],"is_endless":false,"potions_floor_spawned":[3],"killed_by":"3 Sentries","ascension_level":20}}