{"host":"qtqz1b21ag9kfmyj","time":1611830787,"event":{"mods":["BaseMod","Better Third Choice","Block Reminder","Hermit","Minty Spire (QoL Compilation)","StSLib","The Bug Knight","The Cursed","The Exalted","The Necromancer","The Servant 0.9.4"],"gold_per_floor":[144,189,234,279,324,324,40,85,135,180,81,126,171,261,261,561,561,606,651,353,398,398,443,488,239,239,329,374,464,464,116,116,416,416,461,506,551,361,361,451,469,39,64,64,409,454,499,589,589,589],"floor_reached":51,"language":"ENG","playtime":2524,"items_purged":[],"score":1082,"play_id":"17dc2fce-bf04-4e3b-b369-60eb1cb32887","local_time":"20210128044626","daily_mods":["Draft","Vintage","Midas"],"is_ascension_mode":false,"campfire_choices":[{"floor":6,"key":"REST"},{"floor":15,"key":"REST"},{"floor":30,"key":"REST"},{"floor":32,"key":"REST"},{"floor":49,"key":"REST"}],"circlet_count":0,"master_deck":["hermit:Ricochet","hermit:Horror+1","hermit:HighCaliber","hermit:SprayPray","hermit:LowProfile","hermit:BodyArmor","hermit:Enervate","hermit:WideOpen","hermit:PistolWhip","hermit:Snipe","hermit:TakeAim","hermit:Quickdraw","hermit:Deadeye","hermit:BigShot","hermit:LuckOfTheDraw","hermit:Malice","hermit:ItchyTrigger","hermit:LowProfile","hermit:EyeOfTheStorm","hermit:Vantage+1","hermit:GoldenBullet","hermit:Roughhouse","hermit:CalledShot","hermit:Misfire","hermit:Dive","hermit:Malice+1","hermit:Virtue","hermit:TrackingShot+1","hermit:Combo+1","hermit:Misfire+1","hermit:Brawl+1","hermit:HoleUp","hermit:Roulette+1","hermit:WideOpen+1","hermit:Deadeye+1","Mind Blast+1","hermit:OverwhelmingPower+1","hermit:NoHoldsBarred+1","hermit:NoHoldsBarred+1","hermit:BigShot+1","hermit:Determination+1","hermit:HighCaliber+1","hermit:WideOpen+1","hermit:Headshot+1"],"relics":["hermit:Momento","Bromod:ArcaneMomentum","Letter Opener","Shuriken","Kunai","Gremlin Horn","HollowMod:JonisBlessing","Omamori","Vajra","Matryoshka","Mummified Hand","Ancient Tea Set","HornCleat","Busted Crown","Meat on the Bone","Du-Vu Doll","Mercury Hourglass","Eternal Feather","Bromod:ArcaneUltimatum","hermit:Horseshoe","Dream Catcher","Toolbox","Bromod:ArcaneNullifier","Molten Egg 2","Akabeko","Bromod:ArcaneTrickery","Frozen Egg 2","Orrery","Runic Pyramid","Happy Flower","Pantograph","Bronze Scales","War Paint","Toy Ornithopter","TungstenRod","StoneCalendar","Bromod:ArcaneTempo","Lantern","Old Coin","Toxic Egg 2","Blue Candle","Pear"],"acts_visited":["Exordium","TheCity","TheBeyond"],"potions_floor_usage":[16,21,33,33,50],"damage_taken":[{"damage":0,"enemies":"Cultist","floor":1,"turns":2},{"damage":0,"enemies":"Jaw Worm","floor":2,"turns":2},{"damage":0,"enemies":"Small Slimes","floor":3,"turns":3},{"damage":27,"enemies":"3 Louse","floor":4,"turns":3},{"damage":3,"enemies":"2 Fungi Beasts","floor":5,"turns":3},{"damage":0,"enemies":"Red Slaver","floor":8,"turns":2},{"damage":0,"enemies":"Blue Slaver","floor":10,"turns":3},{"damage":0,"enemies":"Exordium Wildlife","floor":12,"turns":3},{"damage":0,"enemies":"Looter","floor":13,"turns":2},{"damage":0,"enemies":"HollowMod:MossKnight","floor":14,"turns":2},{"damage":16,"enemies":"The Guardian","floor":16,"turns":6},{"damage":0,"enemies":"Chosen","floor":18,"turns":3},{"damage":0,"enemies":"Shell Parasite","floor":19,"turns":2},{"damage":0,"enemies":"3 Cultists","floor":21,"turns":3},{"damage":0,"enemies":"Centurion and Healer","floor":23,"turns":3},{"damage":0,"enemies":"Snecko","floor":24,"turns":4},{"damage":1,"enemies":"HollowMod:Nosk","floor":27,"turns":5},{"damage":0,"enemies":"Sentry and Sphere","floor":28,"turns":1},{"damage":0,"enemies":"Slavers","floor":29,"turns":2},{"damage":0,"enemies":"Collector","floor":33,"turns":6},{"damage":0,"enemies":"3 Darklings","floor":35,"turns":2},{"damage":0,"enemies":"3 Shapes","floor":36,"turns":1},{"damage":2,"enemies":"Maw","floor":37,"turns":4},{"damage":0,"enemies":"HollowMod:StalkingDevout","floor":40,"turns":4},{"damage":0,"enemies":"2 Orb Walkers","floor":41,"turns":3},{"damage":0,"enemies":"Sphere and 2 Shapes","floor":45,"turns":1},{"damage":0,"enemies":"Jaw Worm Horde","floor":46,"turns":2},{"damage":0,"enemies":"Transient","floor":47,"turns":5},{"damage":0,"enemies":"Reptomancer","floor":48,"turns":4},{"damage":0,"enemies":"Time Eater","floor":50,"turns":7}],"seed_played":"9192803745042345800","potions_obtained":[{"floor":2,"key":"DistilledChaos"},{"floor":3,"key":"hermit:BlackBile"},{"floor":10,"key":"LiquidBronze"},{"floor":19,"key":"hermit:Tonic"},{"floor":27,"key":"DuplicationPotion"},{"floor":28,"key":"Block Potion"},{"floor":40,"key":"Energy Potion"},{"floor":44,"key":"Ancient Potion"}],"is_trial":false,"path_per_floor":["M","M","M","M","M","R","$","M","T","M","$","M","M","E","R","B",null,"M","M","$","M","?","M","M","$","T","E","M","E","R","$","R","B",null,"M","M","M","$","?","E","?","$","T","?","M","M","M","E","R","B",null],"character_chosen":"HERMIT","items_purchased":["hermit:Malice","HollowMod:JonisBlessing","hermit:ItchyTrigger","hermit:LowProfile","hermit:EyeOfTheStorm","hermit:Vantage","Mercury Hourglass","hermit:CalledShot","Toolbox","hermit:Misfire","hermit:Dive","hermit:Combo+1","Orrery","hermit:Deadeye+1","Mind Blast+1","hermit:NoHoldsBarred+1","War Paint","StoneCalendar","hermit:Determination+1","hermit:HighCaliber+1"],"campfire_rested":5,"item_purchase_floors":[7,7,7,7,11,11,20,20,25,25,25,31,31,31,31,38,38,42,42,42],"current_hp_per_floor":[75,75,75,48,45,67,67,67,67,67,67,67,67,67,75,59,75,75,75,75,75,75,75,75,75,75,74,74,74,75,75,75,75,75,75,75,73,73,73,73,73,73,73,73,73,73,73,83,85,85],"gold":589,"neow_bonus":"","is_daily":true,"chose_seed":false,"campfire_upgraded":0,"win_rate":0.0,"timestamp":1611830786,"path_taken":["M","M","M","M","M","R","$","M","T","M","$","?","M","E","R","BOSS","M","M","$","M","?","M","M","$","T","E","M","E","R","$","R","BOSS","M","M","?","$","?","E","?","$","T","?","M","M","?","E","R","BOSS"],"items_purchased_type":["Card","Relic","Card","Card","Card","Card","Relic","Card","Relic","Card","Card","Card","Relic","Card","Card","Card","Relic","Relic","Card","Card"],"build_version":"2020-12-22","purchased_purges":0,"victory":true,"max_hp_per_floor":[75,75,75,75,75,75,75,75,75,75,75,75,75,75,75,75,75,75,75,75,75,75,75,75,75,75,75,75,75,75,75,75,75,75,75,75,75,75,75,75,75,75,75,75,75,75,75,85,85,85],"card_choices":[{"not_picked":["hermit:PistolWhip","hermit:HighCaliber"],"picked":"hermit:Ricochet","floor":0},{"not_picked":["hermit:Coalescence","hermit:LuckOfTheDraw"],"picked":"hermit:Horror","floor":0},{"not_picked":["hermit:TrackingShot","hermit:HoleUp"],"picked":"hermit:HighCaliber","floor":0},{"not_picked":["hermit:LowProfile","hermit:TrackingShot"],"picked":"hermit:SprayPray","floor":0},{"not_picked":["hermit:CursedWeapon","hermit:Desperado"],"picked":"hermit:LowProfile","floor":0},{"not_picked":["hermit:Coalescence","hermit:HighCaliber"],"picked":"hermit:BodyArmor","floor":0},{"not_picked":["hermit:Quickdraw","hermit:BodyArmor"],"picked":"hermit:Enervate","floor":0},{"not_picked":["hermit:CursedWeapon","hermit:Coalescence"],"picked":"hermit:WideOpen","floor":0},{"not_picked":["hermit:Shortfuse","hermit:Manifest"],"picked":"hermit:PistolWhip","floor":0},{"not_picked":["hermit:SprayPray","hermit:WideOpen"],"picked":"hermit:Snipe","floor":0},{"not_picked":["hermit:Snipe","hermit:Coalescence"],"picked":"hermit:TakeAim","floor":0},{"not_picked":["hermit:WideOpen","hermit:Coalescence"],"picked":"hermit:Quickdraw","floor":0},{"not_picked":["hermit:Feint","hermit:FlashPowder"],"picked":"hermit:Deadeye","floor":0},{"not_picked":["hermit:FullyLoaded","hermit:Gestalt"],"picked":"hermit:BigShot","floor":0},{"not_picked":["hermit:HighCaliber","hermit:LowProfile"],"picked":"hermit:LuckOfTheDraw","floor":0},{"not_picked":["hermit:BodyArmor","hermit:Vantage"],"picked":"hermit:GoldenBullet","floor":14},{"not_picked":["hermit:Reprieve","hermit:DeadOrAlive"],"picked":"hermit:Roughhouse","floor":16},{"not_picked":[],"picked":"hermit:Malice+1","floor":27},{"not_picked":[],"picked":"hermit:Virtue","floor":29},{"not_picked":[],"picked":"hermit:TrackingShot+1","floor":30},{"not_picked":[],"picked":"hermit:Misfire+1","floor":31},{"not_picked":[],"picked":"hermit:Brawl+1","floor":31},{"not_picked":[],"picked":"hermit:HoleUp","floor":31},{"not_picked":[],"picked":"hermit:Roulette+1","floor":31},{"not_picked":[],"picked":"hermit:WideOpen+1","floor":31},{"not_picked":[],"picked":"hermit:Vantage","floor":32},{"not_picked":[],"picked":"hermit:OverwhelmingPower+1","floor":33},{"not_picked":[],"picked":"hermit:NoHoldsBarred+1","floor":40},{"not_picked":[],"picked":"hermit:BigShot+1","floor":41},{"not_picked":[],"picked":"hermit:WideOpen+1","floor":48},{"not_picked":[],"picked":"hermit:Headshot+1","floor":49}],"player_experience":151167,"relics_obtained":[{"floor":1,"key":"Bromod:ArcaneMomentum"},{"floor":2,"key":"Letter Opener"},{"floor":3,"key":"Shuriken"},{"floor":4,"key":"Kunai"},{"floor":5,"key":"Gremlin Horn"},{"floor":8,"key":"Omamori"},{"floor":9,"key":"Vajra"},{"floor":10,"key":"Matryoshka"},{"floor":12,"key":"Mummified Hand"},{"floor":13,"key":"Ancient Tea Set"},{"floor":14,"key":"HornCleat"},{"floor":18,"key":"Meat on the Bone"},{"floor":19,"key":"Du-Vu Doll"},{"floor":21,"key":"Eternal Feather"},{"floor":23,"key":"hermit:Horseshoe"},{"floor":24,"key":"Dream Catcher"},{"floor":26,"key":"Bromod:ArcaneNullifier"},{"floor":26,"key":"Molten Egg 2"},{"floor":27,"key":"Akabeko"},{"floor":28,"key":"Bromod:ArcaneTrickery"},{"floor":29,"key":"Frozen Egg 2"},{"floor":35,"key":"Happy Flower"},{"floor":36,"key":"Pantograph"},{"floor":37,"key":"Bronze Scales"},{"floor":40,"key":"Toy Ornithopter"},{"floor":41,"key":"TungstenRod"},{"floor":43,"key":"Bromod:ArcaneTempo"},{"floor":43,"key":"Lantern"},{"floor":45,"key":"Old Coin"},{"floor":46,"key":"Toxic Egg 2"},{"floor":47,"key":"Blue Candle"},{"floor":48,"key":"Pear"}],"event_choices":[{"damage_healed":0,"gold_gain":0,"player_choice":"Gave Potion","damage_taken":0,"relics_obtained":["Bromod:ArcaneUltimatum"],"max_hp_gain":0,"max_hp_loss":0,"event_name":"WeMeetAgain","floor":22,"gold_loss":0},{"cards_removed":["hermit:Vantage"],"damage_healed":0,"gold_gain":0,"player_choice":"Removed Skill","damage_taken":0,"max_hp_gain":0,"max_hp_loss":0,"event_name":"Falling","floor":39,"gold_loss":0},{"damage_healed":0,"gold_gain":0,"player_choice":"Fight","damage_taken":0,"max_hp_gain":0,"max_hp_loss":0,"event_name":"Mysterious Sphere","floor":41,"gold_loss":0},{"damage_healed":0,"gold_gain":0,"player_choice":"Got Potions","damage_taken":0,"max_hp_gain":0,"max_hp_loss":0,"event_name":"Lab","floor":44,"gold_loss":0}],"is_beta":false,"boss_relics":[{"not_picked":["hermit:ClaspedLocket","SacredBark"],"picked":"Busted Crown"},{"not_picked":["Velvet Choker","Empty Cage"],"picked":"Runic Pyramid"}],"items_purged_floors":[],"is_endless":false,"potions_floor_spawned":[2,3,10,13,19,27,28,40,45,46],"ascension_level":0}}