{"host":"g01l53quoe6lrer0","time":1611840378,"event":{"mods":["2.2 Compatiblity","AchievementEnabler","BaseMod","Colored Map","Highlight Path","Keyboard Shortcuts","Minty Spire (QoL Compilation)","Permanent Neow","StSLib","SuperFastMode","everything is the same but u backflip on backflip"],"gold_per_floor":[112,132,144,161,161,192,192,220,220,220,239,239,239,259,259,362,362,375,104,0,0,0],"floor_reached":21,"language":"KOR","playtime":721,"items_purged":["Defend_P"],"score":293,"play_id":"8eea8c5e-f10d-48bd-913e-e08713a4bb99","local_time":"20210128222618","is_ascension_mode":true,"campfire_choices":[{"floor":7.0,"key":"REST"},{"floor":10.0,"key":"REST"},{"data":"Eruption","floor":12.0,"key":"SMITH"},{"floor":15.0,"key":"REST"}],"circlet_count":0,"master_deck":["AscendersBane","Strike_P","Strike_P+1","Strike_P","Defend_P","Eruption+1","Vigilance","ReachHeaven","Protect","BowlingBash","LessonLearned","Prostrate","MentalFortress+1","CrushJoints","Devotion","Sanctity"],"relics":["PureWater","WingedGreaves","Bag of Marbles","Strawberry","Pen Nib","Empty Cage","Membership Card","Damaru"],"acts_visited":["Exordium","TheCity"],"potions_floor_usage":[],"damage_taken":[{"damage":2.0,"enemies":"Jaw Worm","floor":1.0,"turns":4.0},{"damage":0.0,"enemies":"Cultist","floor":2.0,"turns":2.0},{"damage":0.0,"enemies":"Small Slimes","floor":3.0,"turns":4.0},{"damage":0.0,"enemies":"2 Fungi Beasts","floor":4.0,"turns":4.0},{"damage":40.0,"enemies":"Gremlin Nob","floor":6.0,"turns":5.0},{"damage":13.0,"enemies":"Lagavulin","floor":8.0,"turns":6.0},{"damage":1.0,"enemies":"Exordium Wildlife","floor":11.0,"turns":6.0},{"damage":3.0,"enemies":"3 Louse","floor":14.0,"turns":3.0},{"damage":28.0,"enemies":"The Guardian","floor":16.0,"turns":16.0},{"damage":24.0,"enemies":"Shell Parasite","floor":18.0,"turns":5.0},{"damage":0,"enemies":"3 Byrds","floor":21,"turns":1}],"seed_played":"-6114043515222855440","potions_obtained":[{"floor":1.0,"key":"DuplicationPotion"},{"floor":4.0,"key":"PowerPotion"},{"floor":8.0,"key":"EssenceOfSteel"}],"is_trial":false,"path_per_floor":["M","M","M","M","?","E","R","E","T","R","M","R","?","M","R","B",null,"M","$","?","M"],"character_chosen":"WATCHER","items_purchased":["Membership Card","Damaru"],"campfire_rested":3,"item_purchase_floors":[19,19],"current_hp_per_floor":[45,45,45,45,45,5,26,20,20,43,42,42,42,39,62,34,68,44,44,44,44,44],"gold":0,"neow_bonus":"ONE_RARE_RELIC","is_daily":false,"chose_seed":false,"campfire_upgraded":1,"win_rate":0.0,"timestamp":1611840378,"path_taken":["M","M","M","M","?","E","R","E","T","R","?","R","?","M","R","BOSS","M","$","?","M"],"items_purchased_type":["Relic","Relic"],"build_version":"2020-12-22","purchased_purges":1,"victory":false,"max_hp_per_floor":[72,72,72,72,72,72,72,79,79,79,79,79,79,79,79,79,79,79,79,79,79,79],"card_choices":[{"not_picked":["Prostrate","Protect"],"picked":"ReachHeaven","floor":1.0},{"not_picked":["SashWhip","Evaluate"],"picked":"Protect","floor":2.0},{"not_picked":["SashWhip","EmptyBody"],"picked":"BowlingBash","floor":3.0},{"not_picked":["Prostrate","Consecrate"],"picked":"LessonLearned","floor":4.0},{"not_picked":["BowlingBash","Study"],"picked":"Prostrate","floor":6.0},{"not_picked":["LikeWater","FlurryOfBlows","FollowUp"],"picked":"SKIP","floor":8.0},{"not_picked":["Worship","Conclude"],"picked":"MentalFortress","floor":11.0},{"not_picked":["CutThroughFate","Protect"],"picked":"CrushJoints","floor":14.0},{"not_picked":["Brilliance","DevaForm"],"picked":"Devotion","floor":16.0},{"not_picked":["Prostrate","ForeignInfluence"],"picked":"Sanctity","floor":18.0}],"player_experience":319745,"relics_obtained":[{"floor":6.0,"key":"Bag of Marbles"},{"floor":8.0,"key":"Strawberry"},{"floor":9.0,"key":"Pen Nib"}],"event_choices":[{"cards_removed":["Defend_P"],"damage_healed":0.0,"max_hp_gain":0.0,"max_hp_loss":0.0,"gold_gain":0.0,"event_name":"Purifier","player_choice":"Purged","floor":5.0,"gold_loss":0.0,"damage_taken":0.0},{"damage_healed":0.0,"max_hp_gain":0.0,"max_hp_loss":0.0,"gold_gain":0.0,"event_name":"Liars Game","player_choice":"Ignored","floor":13.0,"gold_loss":0.0,"damage_taken":0.0},{"damage_healed":0,"gold_gain":0,"player_choice":"Paid Fearfully","damage_taken":0,"max_hp_gain":0,"max_hp_loss":0,"event_name":"Masked Bandits","floor":20,"gold_loss":104}],"is_beta":false,"boss_relics":[{"not_picked":["Calling Bell","Busted Crown"],"picked":"Empty Cage"}],"items_purged_floors":[19],"is_endless":false,"potions_floor_spawned":[1,4,8,14],"killed_by":"3 Byrds","ascension_level":11}}