{"host":"iao9zlhzdan4iyha","time":1611831537,"event":{"mods":["BaseMod","BetterRewards","Curses Come First","Downfall","Hermit","Ironclad Rager","Minty Spire (QoL Compilation)","Quick Restart","Replay The Spire","Shop Mod","StSLib","The Bug Knight","The Runesmith"],"gold_per_floor":[99,114,129,129,146,146,172,197,97,97,110,110,130,140,152,256,256,256,266,266,366,385,285,312,312,339,239,265,265,276,276,293,293,293],"floor_reached":33,"language":"ENG","playtime":2579,"items_purged":[],"score":353,"play_id":"ad36e505-611e-4a88-9877-f636492bace5","local_time":"20210128105857","is_ascension_mode":true,"campfire_choices":[{"floor":1,"key":"RECALL"},{"data":"hermit:Quickdraw","floor":6,"key":"SMITH"},{"data":"hermit:Vantage","floor":9,"key":"SMITH"},{"data":"hermit:Vantage","floor":12,"key":"SMITH"},{"data":"hermit:TakeAim","floor":18,"key":"SMITH"},{"data":"hermit:Maintenance","floor":23,"key":"SMITH"},{"data":"Flash of Steel","floor":27,"key":"SMITH"},{"data":"hermit:TakeAim","floor":29,"key":"SMITH"}],"circlet_count":0,"master_deck":["hermit:Strike_Hermit","hermit:Strike_Hermit","hermit:Strike_Hermit","hermit:Strike_Hermit","hermit:Defend_Hermit","hermit:Defend_Hermit","hermit:Defend_Hermit","hermit:Defend_Hermit","hermit:Snapshot","hermit:Covet","hermit:Vantage+1","hermit:Quickdraw+1","hermit:Deadeye","hermit:Vantage+1","Flash of Steel+1","hermit:Coalescence","hermit:RoundhouseKick","hermit:Misfire","hermit:TakeAim+1","hermit:PistolWhip","hermit:HighNoon","hermit:Horror+1","hermit:Maintenance+1","Ghostly","Ghostly","Ghostly","Ghostly","Ghostly","hermit:HighCaliber+1","hermit:TakeAim+1","hermit:Ricochet","hermit:CursedWeapon"],"relics":["hermit:ClaspedLocket","Replay:Rubber Ducky","Oddly Smooth Stone","downfall:HeartBlessingRed","downfall:HeartBlessingBlue","ReplayTheSpireMod:TigerMarble","Garlic","downfall:HeartBlessingGreen","Gremlin Horn","HornCleat"],"acts_visited":["Exordium","TheCity"],"potions_floor_usage":[8,16,16,16,28],"damage_taken":[{"damage":0,"enemies":"2 Louse","floor":2,"turns":2},{"damage":1,"enemies":"Cultist","floor":3,"turns":3},{"damage":0,"enemies":"Jaw Worm","floor":5,"turns":3},{"damage":0,"enemies":"HollowMod:MossKnight","floor":8,"turns":4},{"damage":0,"enemies":"2 Fungi Beasts","floor":11,"turns":2},{"damage":14,"enemies":"Gremlin Gang","floor":13,"turns":3},{"damage":15,"enemies":"Exordium Wildlife","floor":14,"turns":3},{"damage":9,"enemies":"Red Slaver","floor":15,"turns":2},{"damage":24,"enemies":"WA_ARCHETYPE_RETAIN","floor":16,"turns":9},{"damage":4,"enemies":"Spheric Guardian","floor":19,"turns":4},{"damage":0,"enemies":"Chosen","floor":22,"turns":6},{"damage":9,"enemies":"Replay:Snechameleon","floor":26,"turns":7},{"damage":2,"enemies":"Slavers","floor":28,"turns":7},{"damage":6,"enemies":"Centurion and Healer","floor":30,"turns":6},{"damage":0,"enemies":"3 Cultists","floor":32,"turns":4},{"damage":49,"enemies":"DF_ARCHETYPE_CLAW","floor":33,"turns":9}],"seed_played":"-3303571123680577902","potions_obtained":[{"floor":2,"key":"Toxic Potion"},{"floor":4,"key":"Block Potion"},{"floor":4,"key":"hexamod:SoulburnPotion"},{"floor":8,"key":"Toxic Potion"},{"floor":13,"key":"Strength Potion"},{"floor":14,"key":"Regen Potion"},{"floor":22,"key":"Explosive Potion"},{"floor":26,"key":"FairyPotion"}],"is_trial":false,"path_per_floor":["R","M","M","?","M","R","T","E","R","?","M","R","M","M","M","B",null,"R","M","T","?","M","R","T","?","E","R","E","R","M","?","M","B"],"character_chosen":"HERMIT","items_purchased":[],"campfire_rested":0,"item_purchase_floors":[],"current_hp_per_floor":[82,82,81,81,81,81,81,81,81,81,81,81,67,52,43,34,82,82,78,78,78,78,88,88,46,37,37,35,35,29,29,29,0,0],"gold":293,"neow_bonus":"TEN_PERCENT_HP_BONUS","is_daily":false,"chose_seed":false,"campfire_upgraded":7,"win_rate":0.0,"timestamp":1611831537,"path_taken":["R","M","M","?","?","R","T","E","R","?","M","R","?","M","M","BOSS","R","M","?","?","M","R","T","?","E","R","E","R","?","?","M","BOSS"],"items_purchased_type":[],"build_version":"2020-12-22","purchased_purges":0,"victory":false,"max_hp_per_floor":[82,82,82,82,82,82,82,82,82,82,82,82,82,82,82,82,82,82,82,82,82,82,92,92,46,46,46,46,46,46,46,46,46,46],"card_choices":[{"not_picked":["hermit:EyeOfTheStorm","hermit:Grudge"],"picked":"hermit:Vantage","floor":2},{"not_picked":["hermit:Gestalt","hermit:HighCaliber"],"picked":"hermit:Quickdraw","floor":3},{"not_picked":["hermit:Virtue","hermit:PistolWhip"],"picked":"hermit:Deadeye","floor":5},{"not_picked":["hermit:Snipe","hermit:HighCaliber"],"picked":"hermit:Vantage","floor":8},{"not_picked":["hermit:Feint","hermit:WideOpen"],"picked":"hermit:RoundhouseKick","floor":11},{"not_picked":["hermit:LowProfile","hermit:Glare"],"picked":"hermit:Misfire","floor":13},{"not_picked":["hermit:Spite","hermit:TakeCover"],"picked":"hermit:TakeAim","floor":14},{"not_picked":["hermit:Coalescence","hermit:FullyLoaded"],"picked":"hermit:PistolWhip","floor":15},{"not_picked":["hermit:Purgatory","hermit:FinalCanter"],"picked":"hermit:HighNoon","floor":16},{"not_picked":["hermit:EyeOfTheStorm+1","hermit:CalledShot"],"picked":"hermit:Horror+1","floor":19},{"not_picked":["hermit:Desperado","hermit:Virtue"],"picked":"hermit:Maintenance","floor":22},{"not_picked":["hermit:TrackingShot","hermit:DeadMansHand"],"picked":"hermit:HighCaliber+1","floor":26},{"not_picked":["hermit:CalledShot","hermit:Snipe"],"picked":"hermit:TakeAim","floor":28},{"not_picked":["hermit:HighCaliber","hermit:BodyArmor"],"picked":"hermit:Ricochet","floor":30},{"not_picked":["hermit:Misfire","hermit:ShadowCloak"],"picked":"hermit:CursedWeapon","floor":32}],"player_experience":94615,"relics_obtained":[{"floor":7,"key":"Replay:Rubber Ducky"},{"floor":8,"key":"Oddly Smooth Stone"},{"floor":24,"key":"ReplayTheSpireMod:TigerMarble"},{"floor":26,"key":"Garlic"},{"floor":28,"key":"Gremlin Horn"}],"event_choices":[{"damage_healed":0,"gold_gain":0,"player_choice":"Got Potions","damage_taken":0,"max_hp_gain":0,"max_hp_loss":0,"event_name":"Lab","floor":4,"gold_loss":0},{"damage_healed":0,"gold_gain":0,"player_choice":"Became a Ghost","damage_taken":0,"max_hp_gain":0,"max_hp_loss":46,"event_name":"Ghosts","floor":25,"gold_loss":0,"cards_obtained":["Ghostly","Ghostly","Ghostly","Ghostly","Ghostly"]}],"is_beta":false,"boss_relics":[{"not_picked":["Ring of Chaos","Kintsugi"],"picked":"hermit:ClaspedLocket"}],"items_purged_floors":[],"is_endless":false,"potions_floor_spawned":[2,8,11,13,14,22,26],"killed_by":"DF_ARCHETYPE_CLAW","ascension_level":1}}