{"host":"fuszjwm6fqgjjp4d","time":1611793276,"event":{"mods":["BaseMod","Bestiary","Colored Map","DeckTracker","Minty Spire (QoL Compilation)","Permanent Neow","Relic Sorter","Relic Stats","StSLib"],"gold_per_floor":[114,114,126,51,51,81,81,116,142,169,181,193,7,39,39,136,136,177,212,212,137,137,137,187,20,45,78,0,68,68,68],"floor_reached":30,"language":"ENG","playtime":588,"items_purged":["Shame"],"score":668,"play_id":"ee33b777-033a-4c88-a90a-70e5aca1195a","local_time":"20210127182116","is_ascension_mode":true,"campfire_choices":[{"data":"Judgement","floor":7.0,"key":"SMITH"},{"data":"HandOfGreed","floor":15.0,"key":"SMITH"},{"data":"Blasphemy","floor":23.0,"key":"SMITH"}],"circlet_count":0,"master_deck":["AscendersBane","Strike_P+1","Strike_P","Strike_P","Defend_P","Defend_P","Defend_P","Defend_P","Eruption+1","Vigilance","Master of Strategy","EmptyFist+1","ReachHeaven","Judgement+1","FollowUp","Wallop","HandOfGreed+1","Blasphemy+1","RitualDagger","EmptyBody"],"relics":["PureWater","Whetstone","Strawberry","Lantern","Dream Catcher","Sozu","InkBottle","Vajra","Tiny Chest","Singing Bowl","Pear"],"acts_visited":["Exordium","TheCity"],"potions_floor_usage":[],"damage_taken":[{"damage":12.0,"enemies":"Jaw Worm","floor":1.0,"turns":6.0},{"damage":0.0,"enemies":"Cultist","floor":3.0,"turns":3.0},{"damage":0.0,"enemies":"Gremlin Nob","floor":6.0,"turns":2.0},{"damage":20.0,"enemies":"Lagavulin","floor":8.0,"turns":6.0},{"damage":0.0,"enemies":"Gremlin Nob","floor":10.0,"turns":2.0},{"damage":0.0,"enemies":"2 Louse","floor":11.0,"turns":1.0},{"damage":3.0,"enemies":"Blue Slaver","floor":12.0,"turns":2.0},{"damage":0.0,"enemies":"3 Louse","floor":14.0,"turns":2.0},{"damage":25.0,"enemies":"Hexaghost","floor":16.0,"turns":9.0},{"damage":0.0,"enemies":"Chosen","floor":18.0,"turns":3.0},{"damage":0.0,"enemies":"2 Thieves","floor":19.0,"turns":1.0},{"damage":16,"enemies":"Slavers","floor":24,"turns":4},{"damage":28,"enemies":"Gremlin Leader","floor":27,"turns":4},{"damage":20,"enemies":"Shelled Parasite and Fungi","floor":30,"turns":2}],"seed_played":"9084547942338488462","potions_obtained":[{"floor":6.0,"key":"BottledMiracle"},{"floor":11.0,"key":"SpeedPotion"},{"floor":14.0,"key":"BottledMiracle"}],"is_trial":false,"path_per_floor":["M","?","M","$","?","E","R","E","T","E","M","M","$","M","R","B",null,"M","M","?","?","?","R","E","$","T","E","?","T","M"],"character_chosen":"WATCHER","items_purchased":["HandOfGreed","Vajra"],"campfire_rested":0,"item_purchase_floors":[13,25],"current_hp_per_floor":[49,49,49,49,49,49,49,36,36,36,36,33,33,33,33,8,58,58,58,52,52,52,52,36,36,36,8,8,18,0,0],"gold":68,"neow_bonus":"RANDOM_COLORLESS_2","is_daily":false,"chose_seed":false,"campfire_upgraded":3,"win_rate":0.0,"timestamp":1611793276,"path_taken":["M","?","?","?","?","E","R","E","T","E","M","M","$","M","R","BOSS","BOSS","M","M","?","?","?","R","E","?","T","E","?","?","M"],"items_purchased_type":["Card","Relic"],"build_version":"2020-12-22","purchased_purges":1,"victory":false,"max_hp_per_floor":[68,68,68,68,68,68,68,75,75,75,75,75,75,75,75,75,75,75,75,75,75,75,75,75,75,75,75,75,85,85,85],"relic_stats":{"Sozu":1,"Dream Catcher":0,"Singing Bowl":0,"counters":[14,47],"Tiny Chest":0,"Whetstone":["EmptyFist","Strike_P"],"obtain_stats":[{"Sozu":17,"Lantern":9,"Dream Catcher":10,"Pear":29,"Singing Bowl":27,"Strawberry":8,"Vajra":25,"Tiny Chest":26,"Whetstone":6,"PureWater":0,"InkBottle":24},{"Sozu":9,"Lantern":4,"Dream Catcher":5,"Pear":13,"Singing Bowl":13,"Strawberry":4,"Vajra":12,"Tiny Chest":12,"Whetstone":3,"PureWater":0,"InkBottle":12},{"Sozu":33,"Lantern":17,"Dream Catcher":19,"Pear":45,"Singing Bowl":45,"Strawberry":17,"Vajra":41,"Tiny Chest":41,"Whetstone":11,"PureWater":0,"InkBottle":41}],"InkBottle":[2]},"card_choices":[{"not_picked":["Thinking Ahead","Transmutation"],"picked":"Master of Strategy","floor":0.0},{"not_picked":["CrushJoints","Meditate"],"picked":"EmptyFist","floor":1.0},{"not_picked":["BowlingBash","SashWhip"],"picked":"ReachHeaven","floor":3.0},{"not_picked":["SandsOfTime","Evaluate"],"picked":"Judgement","floor":6.0},{"not_picked":["PathToVictory","CrushJoints","ClearTheMind"],"picked":"SKIP","floor":8.0},{"not_picked":["Nirvana","Establishment","CrushJoints"],"picked":"SKIP","floor":10.0},{"not_picked":["Crescendo","EmptyMind"],"picked":"FollowUp","floor":11.0},{"not_picked":["BattleHymn","ClearTheMind"],"picked":"Wallop","floor":12.0},{"not_picked":["Crescendo","CutThroughFate","Protect"],"picked":"SKIP","floor":14.0},{"not_picked":["Vault","Judgement"],"picked":"Blasphemy","floor":16.0},{"not_picked":["Prostrate","Worship","Meditate"],"picked":"SKIP","floor":18.0},{"not_picked":["Fasting2","EmptyBody","Perseverance"],"picked":"SKIP","floor":19.0},{"not_picked":["FearNoEvil","EmptyBody","SignatureMove"],"picked":"SKIP","floor":24},{"not_picked":["JustLucky","Evaluate"],"picked":"EmptyBody","floor":27}],"player_experience":1393168,"relics_obtained":[{"floor":6.0,"key":"Whetstone"},{"floor":8.0,"key":"Strawberry"},{"floor":9.0,"key":"Lantern"},{"floor":10.0,"key":"Dream Catcher"},{"floor":24,"key":"InkBottle"},{"floor":26,"key":"Tiny Chest"},{"floor":27,"key":"Singing Bowl"},{"floor":29,"key":"Pear"}],"event_choices":[{"damage_healed":0.0,"max_hp_gain":0.0,"max_hp_loss":0.0,"gold_gain":0.0,"event_name":"Upgrade Shrine","player_choice":"Upgraded","floor":2.0,"gold_loss":0.0,"damage_taken":0.0,"cards_upgraded":["Eruption"]},{"damage_healed":0.0,"max_hp_gain":0.0,"max_hp_loss":0.0,"gold_gain":0.0,"event_name":"Liars Game","player_choice":"Ignored","floor":5.0,"gold_loss":0.0,"damage_taken":0.0},{"damage_healed":0.0,"max_hp_gain":0.0,"max_hp_loss":0.0,"gold_gain":0.0,"event_name":"Nest","player_choice":"Joined the Cult","floor":20.0,"gold_loss":0.0,"damage_taken":6.0,"cards_obtained":["RitualDagger"]},{"cards_removed":["Strike_P"],"damage_healed":0.0,"max_hp_gain":0.0,"max_hp_loss":0.0,"gold_gain":0.0,"event_name":"Beggar","player_choice":"Gave Gold","floor":21.0,"gold_loss":75.0,"damage_taken":0.0},{"damage_healed":0.0,"max_hp_gain":0.0,"max_hp_loss":0.0,"gold_gain":0.0,"event_name":"The Mausoleum","player_choice":"Ignored","floor":22.0,"gold_loss":0.0,"damage_taken":0.0},{"damage_healed":0,"gold_gain":0,"player_choice":"Paid Fearfully","damage_taken":0,"max_hp_gain":0,"max_hp_loss":0,"event_name":"Masked Bandits","floor":28,"gold_loss":78}],"is_beta":false,"boss_relics":[{"not_picked":["Ectoplasm","Cursed Key"],"picked":"Sozu"}],"items_purged_floors":[4],"is_endless":false,"potions_floor_spawned":[6,11,14,27],"killed_by":"Shelled Parasite and Fungi","ascension_level":20}}