{"host":"oz0i1fpezyhy8r2h","time":1611839566,"event":{"mods":["ATMod(∞¢Ë™Mod)","Act Like it!","Arknights The Spire","BaseMod","KinomotoSakuraMod(ƒæ÷Æ±æ”£)","Minty Spire (QoL Compilation)","Reimu£®≤©¿ˆ¡È√Œ£©","Remilia£®¿Ÿ√◊¿Ú—«£©","StSLib","The Bug Knight","°æ“≈ŒÔø®≈∆°øREMEMod"],"gold_per_floor":[117,127,147,159,159,159,176,21,44,74,84,118,118,143,143,240,240,255,275,374,385,400,433,433,458,458,484,484,150,265,306,306,423,423,458,573,600,221,221,262,262,286,328,328,392,392,425,275,275,275,275,275,100,149,149,149],"floor_reached":55,"language":"ZHS","playtime":1970,"items_purged":["ats:Defend","ats:Strike S","ats:Strike V","ats:Armor Crushing Shot","ats:Strike C"],"score":1310,"play_id":"e680587c-f0f0-4850-9bab-9568274129a6","local_time":"20210128211246","is_ascension_mode":true,"campfire_choices":[{"data":"ats:Burning Ground","floor":13,"key":"SMITH"},{"data":"ats:Emotion Absorption","floor":15,"key":"SMITH"},{"data":"ats:Dogmatic Field","floor":24,"key":"SMITH"},{"data":"ats:Burning Ground","floor":32,"key":"SMITH"},{"data":"ats:Very Hot Blade","floor":41,"key":"SMITH"},{"floor":44,"key":"RECALL"},{"data":"AT_LightSaberMaster","floor":46,"key":"SMITH"},{"data":"ats:Guardian Obelisk","floor":49,"key":"SMITH"},{"data":"ats:Rat Pack","floor":52,"key":"SMITH"}],"circlet_count":0,"master_deck":["ats:Defend","ats:Defend","ats:Emotion Absorption+1","AT_EmpoweredMortalDraw","ats:Very Hot Blade+1","ats:Burning Ground+1","ats:Hook Shot","ats:Burning Ground+1","ats:Dogmatic Field+1","ats:Rat Pack+1","ats:Burning Ground","ats:Guard Mode","ats:Guardian Obelisk+1","ats:Wolf Pack","AT_LightSaberMaster+1","ats:Very Hot Blade+1"],"relics":["AT_ATBox","REME_ComplimentaryCards","AT_MortalBlade","Oddly Smooth Stone","Toy Ornithopter","ats:Originium","AT_EbonyIvory","ats:Military Tradition","Akabeko","Coffee Dripper","ats:Gyao","Lantern","ats:Arts","Gambling Chip","Question Card","Mango","Runic Pyramid","AT_ImmortalShieldbow","CeramicFish","Juzu Bracelet","AT_SpeedBoots"],"acts_visited":["Exordium","TheCity","TheBeyond","TheEnding"],"potions_floor_usage":[23,25,31,55],"damage_taken":[{"damage":0,"enemies":"2 Louse","floor":1,"turns":1},{"damage":0,"enemies":"Cultist","floor":2,"turns":2},{"damage":5,"enemies":"Small Slimes","floor":3,"turns":2},{"damage":0,"enemies":"2 Fungi Beasts","floor":4,"turns":1},{"damage":0,"enemies":"Lots of Slimes","floor":7,"turns":1},{"damage":0,"enemies":"Gremlin Nob","floor":10,"turns":2},{"damage":0,"enemies":"Looter","floor":11,"turns":1},{"damage":4,"enemies":"3 Sentries","floor":12,"turns":2},{"damage":14,"enemies":"Gremlin Nob","floor":14,"turns":3},{"damage":0,"enemies":"Slime Boss","floor":16,"turns":5},{"damage":0,"enemies":"2 Thieves","floor":18,"turns":1},{"damage":12,"enemies":"Chosen","floor":19,"turns":3},{"damage":0,"enemies":"Snake Plant","floor":21,"turns":2},{"damage":10,"enemies":"Centurion and Healer","floor":22,"turns":3},{"damage":100,"enemies":"Book of Stabbing","floor":23,"turns":6},{"damage":41,"enemies":"Gremlin Leader","floor":25,"turns":4},{"damage":53,"enemies":"Shelled Parasite and Fungi","floor":27,"turns":4},{"damage":40,"enemies":"Colosseum Slavers","floor":30,"turns":3},{"damage":0,"enemies":"Colosseum Nobs","floor":30,"turns":2},{"damage":41,"enemies":"Slavers","floor":31,"turns":3},{"damage":32,"enemies":"Automaton","floor":33,"turns":5},{"damage":0,"enemies":"3 Shapes","floor":35,"turns":1},{"damage":0,"enemies":"3 Darklings","floor":37,"turns":2},{"damage":22,"enemies":"Giant Head","floor":40,"turns":4},{"damage":32,"enemies":"Reptomancer","floor":45,"turns":3},{"damage":18,"enemies":"Spire Growth","floor":47,"turns":3},{"damage":69,"enemies":"Awakened One","floor":50,"turns":4},{"damage":53,"enemies":"Shield and Spear","floor":54,"turns":3},{"damage":73,"enemies":"The Heart","floor":55,"turns":2}],"seed_played":"-2530478053418605972","potions_obtained":[{"floor":2,"key":"SpeedPotion"},{"floor":3,"key":"SkillPotion"},{"floor":4,"key":"LiquidMemories"},{"floor":21,"key":"ats:Top Emergency Sanity Potion"},{"floor":23,"key":"Regen Potion"},{"floor":27,"key":"Fire Potion"},{"floor":31,"key":"REME_GoldPotion"},{"floor":33,"key":"FearPotion"},{"floor":47,"key":"Swift Potion"}],"is_trial":false,"path_per_floor":["M","M","M","M","?","?","M","$","T","E","M","E","R","E","R","B",null,"M","M","?","M","M","E","R","E","T","M","?","$","?","E","R","B",null,"M","?","M","$","?","E","R","?","T","R","E","R","M","$","R","B",null,"R","$","E","B"],"character_chosen":"DOCTOR_CLASS","items_purchased":["ats:Burning Ground","ats:Arts","ats:Guardian Obelisk","AT_ImmortalShieldbow"],"campfire_rested":0,"item_purchase_floors":[8,29,29,38],"current_hp_per_floor":[72,72,67,67,55,55,55,55,55,55,55,51,51,37,37,37,63,63,72,72,72,62,30,30,44,44,41,41,41,72,56,56,52,78,78,78,84,84,84,77,77,67,67,67,86,86,76,76,76,67,81,81,81,37,0,0],"gold":149,"neow_bonus":"BOSS_RELIC","is_daily":false,"chose_seed":false,"campfire_upgraded":8,"win_rate":0.0,"timestamp":1611839566,"path_taken":["M","M","M","M","?","?","?","$","T","E","M","E","R","E","R","BOSS","M","M","?","M","M","E","R","E","T","M","?","$","?","E","R","BOSS","M","?","?","$","?","E","R","?","T","R","E","R","M","$","R","BOSS","R","$","E","BOSS"],"items_purchased_type":["Card","Relic","Card","Relic"],"build_version":"2020-12-22","purchased_purges":5,"victory":false,"max_hp_per_floor":[72,72,72,72,72,72,72,72,72,72,72,72,72,72,72,72,72,72,72,72,72,72,72,72,72,72,72,72,72,72,86,86,86,86,86,86,86,86,86,86,86,86,86,86,86,86,86,86,86,86,86,86,86,86,86,86],"card_choices":[{"not_picked":["ats:Explosion Area Strengthen","ats:Consecutive Shot Auto","ats:Directed Diagnosis"],"picked":"SKIP","floor":1},{"not_picked":["ats:Revitalization","ats:Part Time Job"],"picked":"ats:Very Hot Blade","floor":2},{"not_picked":["ats:Guard Mode","ats:Powerful Strike","ats:Ignite"],"picked":"SKIP","floor":3},{"not_picked":["ats:Explosion Area Strengthen","ats:Revitalization","ats:Literary Storm"],"picked":"SKIP","floor":4},{"not_picked":["ats:Flexible Camouflage","ats:Shell Defense","ats:Assault Order"],"picked":"SKIP","floor":7},{"not_picked":["ats:Cat Scratch","ats:Closed Bolt Burst Fire"],"picked":"ats:Hook Shot","floor":10},{"not_picked":["ats:Curse Doll","ats:Thorns","ats:Explosion Area Strengthen"],"picked":"SKIP","floor":11},{"not_picked":["ats:Phantom","ats:Shadow Raid"],"picked":"ats:Burning Ground","floor":12},{"not_picked":["ats:Disruption Kick","ats:Shadow Raid","ats:Beaten Up"],"picked":"SKIP","floor":14},{"not_picked":["ats:Soul Rend","ats:Ambush"],"picked":"ats:Dogmatic Field","floor":16},{"not_picked":["ats:Curse Doll","ats:Ignite","ats:Poison Spread"],"picked":"SKIP","floor":18},{"not_picked":["ats:Assault Order","ats:Revitalization","ats:Ignite"],"picked":"SKIP","floor":19},{"not_picked":["ats:Red Shift","ats:Thorns","ats:Leaping Hammer"],"picked":"SKIP","floor":21},{"not_picked":["ats:Assault Order","ats:Rapid Magazine"],"picked":"ats:Rat Pack","floor":22},{"not_picked":["ats:Shell Defense","ats:Chain Hook"],"picked":"ats:Burning Ground","floor":23},{"not_picked":["ats:Directed Diagnosis","ats:Rapid Magazine+1","ats:Spore Proliferation"],"picked":"SKIP","floor":25},{"not_picked":["ats:Flexible Camouflage","ats:Hammer On"],"picked":"ats:Guard Mode","floor":27},{"not_picked":["ats:Phantom+1","ats:Cat Scratch","ats:Powerful Strike","ats:Part Time Job"],"picked":"SKIP","floor":31},{"not_picked":["ats:Soul Rend","ats:Durian","ats:Fractured Body"],"picked":"ats:Wolf Pack","floor":33},{"not_picked":["ats:Hammer On+1","ats:Revitalization+1","ats:Sword Rain+1","ats:Blood Oath+1"],"picked":"SKIP","floor":35},{"not_picked":["ats:Shell Defense","ats:Chain Hook","ats:Directed Diagnosis+1","ats:Ignite+1"],"picked":"SKIP","floor":37},{"not_picked":["ats:Hook Shot+1","ats:Blood Oath","ats:Closed Bolt Burst Fire+1","ats:Fractured Body"],"picked":"SKIP","floor":40},{"not_picked":["REME_WheelOfFate","REME_Flogging","PanicButton"],"picked":"AT_LightSaberMaster","floor":42},{"not_picked":["ats:Leaping Hammer","ats:Shadow Raid","ats:Absolute Focus"],"picked":"ats:Very Hot Blade+1","floor":45},{"not_picked":["ats:Guard Mode+1","ats:Assault Order+1","ats:Magnetic Hammer","ats:Red Shift+1"],"picked":"SKIP","floor":47},{"not_picked":["ats:True Silver Slash","ats:Encircling Forest+1","ats:Explosion Area Strengthen","ats:Poison Spread+1"],"picked":"SKIP","floor":54}],"player_experience":175125,"relics_obtained":[{"floor":9,"key":"Toy Ornithopter"},{"floor":10,"key":"ats:Originium"},{"floor":10,"key":"AT_EbonyIvory"},{"floor":12,"key":"ats:Originium"},{"floor":12,"key":"ats:Military Tradition"},{"floor":14,"key":"ats:Originium"},{"floor":14,"key":"Akabeko"},{"floor":23,"key":"ats:Originium"},{"floor":25,"key":"ats:Gyao"},{"floor":26,"key":"Lantern"},{"floor":30,"key":"Gambling Chip"},{"floor":30,"key":"Question Card"},{"floor":31,"key":"Mango"},{"floor":40,"key":"CeramicFish"},{"floor":45,"key":"Juzu Bracelet"},{"floor":54,"key":"AT_SpeedBoots"}],"event_choices":[{"damage_healed":0,"gold_gain":0,"player_choice":"Success","damage_taken":12,"relics_obtained":["Oddly Smooth Stone"],"max_hp_gain":0,"max_hp_loss":0,"event_name":"Scrap Ooze","floor":5,"gold_loss":0},{"cards_removed":["ats:Defend"],"damage_healed":0,"gold_gain":0,"player_choice":"Offered Basic","damage_taken":0,"max_hp_gain":0,"max_hp_loss":0,"event_name":"Bonfire Elementals","floor":6,"gold_loss":0},{"damage_healed":0,"gold_gain":99,"player_choice":"Stole From Cult","damage_taken":0,"max_hp_gain":0,"max_hp_loss":0,"event_name":"Nest","floor":20,"gold_loss":0},{"damage_healed":0,"gold_gain":0,"player_choice":"Ignored","damage_taken":0,"max_hp_gain":0,"max_hp_loss":0,"event_name":"Vampires","floor":28,"gold_loss":0},{"damage_healed":0,"gold_gain":0,"player_choice":"Fight","damage_taken":0,"max_hp_gain":0,"max_hp_loss":0,"event_name":"Colosseum","floor":30,"gold_loss":0},{"damage_healed":0,"gold_gain":0,"player_choice":"Fought Nobs","damage_taken":0,"max_hp_gain":0,"max_hp_loss":0,"event_name":"Colosseum","floor":30,"gold_loss":0},{"damage_healed":0,"gold_gain":100,"player_choice":"Pray","damage_taken":0,"max_hp_gain":0,"max_hp_loss":0,"event_name":"Golden Shrine","floor":36,"gold_loss":0},{"cards_removed":["ats:Strike G"],"damage_healed":0,"gold_gain":0,"player_choice":"Removed Attack","damage_taken":0,"max_hp_gain":0,"max_hp_loss":0,"event_name":"Falling","floor":39,"gold_loss":0},{"damage_healed":0,"gold_gain":0,"player_choice":"Memory 3","damage_taken":10,"max_hp_gain":0,"max_hp_loss":0,"event_name":"SensoryStone","floor":42,"gold_loss":0}],"is_beta":false,"boss_relics":[{"not_picked":["REME_DuelDisc","ats:Omniscience"],"picked":"Coffee Dripper"},{"not_picked":["Black Star","REME_DemonsWealth"],"picked":"Runic Pyramid"}],"items_purged_floors":[8,29,38,48,53],"is_endless":false,"potions_floor_spawned":[2,3,4,7,18,21,23,27,31,33,37,45,47,54],"killed_by":"The Heart","ascension_level":5}}