{"host":"ishme5wb80o83upk","time":1611825462,"event":{"mods":["BaseMod","Minty Spire (QoL Compilation)","StSLib","The Runesmith"],"gold_per_floor":[112,187,187,198,211,211,239,239,266,266,291,303,329,375,387,472,484,513,372,388,400,400,400,427,427,427,427,427,427,427,427],"floor_reached":30,"language":"KOR","playtime":1013,"items_purged":["Runesmith:Strike_RS"],"score":502,"play_id":"008c38d0-7944-418d-9fb6-d4f6519650ea","local_time":"20210128181742","is_ascension_mode":true,"campfire_choices":[{"data":"Runesmith:HammerThrow","floor":6,"key":"SMITH"},{"data":"Runesmith:CraftFirestone","floor":8,"key":"SMITH"},{"floor":10,"key":"REST"},{"data":"Runesmith:Fortify","floor":12,"key":"SMITH"},{"data":"Runesmith:Retool","floor":15,"key":"SMITH"},{"data":"Runesmith:LithiumIon","floor":23,"key":"SMITH"},{"data":"Runesmith:CraftIndustria","floor":25,"key":"SMITH"},{"data":"Runesmith:CraftObretio","floor":27,"key":"SMITH"},{"floor":28,"key":"REST"},{"floor":29,"key":"REST"}],"circlet_count":0,"master_deck":["AscendersBane","Runesmith:Strike_RS","Runesmith:Strike_RS","Runesmith:Defend_RS","Runesmith:Defend_RS","Runesmith:Defend_RS","Runesmith:Defend_RS","Runesmith:CraftFirestone+1","Runesmith:Fortify+1","Runesmith:HammerThrow+1","Runesmith:RuneHurl","Runesmith:EarthShield","Runesmith:RuneHurl","Runesmith:UnstableHammer","Runesmith:Retool+1","Runesmith:CraftIndustria+1","Runesmith:NanitesCloud+1","Runesmith:LithiumIon+1","Runesmith:CraftObretio+1","Runesmith:CraftMedicinae"],"relics":["Runesmith:BrokenRuby","NeowsBlessing","Centennial Puzzle","Regal Pillow","MawBank","Bottled Flame","SacredBark","WingedGreaves","Mummified Hand"],"acts_visited":["Exordium","TheCity"],"potions_floor_usage":[7,11,16,21,24,24],"damage_taken":[{"damage":0,"enemies":"2 Louse","floor":1,"turns":1},{"damage":0,"enemies":"Cultist","floor":4,"turns":1},{"damage":0,"enemies":"Jaw Worm","floor":5,"turns":1},{"damage":21,"enemies":"3 Sentries","floor":7,"turns":7},{"damage":14,"enemies":"Lagavulin","floor":11,"turns":4},{"damage":0,"enemies":"2 Fungi Beasts","floor":13,"turns":3},{"damage":11,"enemies":"Gremlin Nob","floor":14,"turns":3},{"damage":23,"enemies":"Hexaghost","floor":16,"turns":9},{"damage":3,"enemies":"Spheric Guardian","floor":18,"turns":3},{"damage":10,"enemies":"3 Byrds","floor":20,"turns":6},{"damage":9,"enemies":"Centurion and Healer","floor":21,"turns":7},{"damage":30,"enemies":"Gremlin Leader","floor":24,"turns":9},{"damage":0,"enemies":"Slavers","floor":30,"turns":1}],"seed_played":"-7420773296953289161","potions_obtained":[{"floor":5,"key":"BlessingOfTheForge"},{"floor":7,"key":"FearPotion"},{"floor":11,"key":"Explosive Potion"},{"floor":18,"key":"EssenceOfSteel"},{"floor":20,"key":"Block Potion"},{"floor":22,"key":"EssenceOfSteel"}],"is_trial":false,"path_per_floor":["M","?","?","M","M","R","E","R","T","R","E","R","M","E","R","B",null,"M","$","M","M","?","R","E","R","T","R","R","R","E"],"character_chosen":"RUNESMITH_CLASS","items_purchased":["Runesmith:LithiumIon"],"campfire_rested":3,"item_purchase_floors":[19],"current_hp_per_floor":[59,48,48,48,48,48,27,27,27,61,47,47,47,36,36,13,53,50,50,40,31,31,31,1,1,1,1,35,66,66,66],"gold":427,"neow_bonus":"THREE_ENEMY_KILL","is_daily":false,"chose_seed":false,"campfire_upgraded":7,"win_rate":0.0,"timestamp":1611825462,"path_taken":["M","?","?","M","?","R","E","R","T","R","E","R","M","E","R","BOSS","M","$","M","M","?","R","E","R","T","R","R","R","E"],"items_purchased_type":["Card"],"build_version":"2020-12-22","purchased_purges":1,"victory":false,"max_hp_per_floor":[66,66,66,66,66,66,66,66,66,66,66,66,66,66,66,66,66,66,66,66,66,66,66,66,66,66,66,66,66,66,66],"card_choices":[{"not_picked":["Runesmith:ChiselStab","Runesmith:Overpower"],"picked":"Runesmith:HammerThrow","floor":1},{"not_picked":["Runesmith:HammerAndChisel","Runesmith:WhiteBalance"],"picked":"Runesmith:RuneHurl","floor":4},{"not_picked":["Runesmith:CraftReservo","Runesmith:Empowerment"],"picked":"Runesmith:EarthShield","floor":5},{"not_picked":["Runesmith:ShiftingStrike","Runesmith:Duplicate"],"picked":"Runesmith:RuneHurl","floor":7},{"not_picked":["Runesmith:StaticCage","Runesmith:HammerThrow"],"picked":"Runesmith:UnstableHammer","floor":11},{"not_picked":["Runesmith:FieryHammer","Runesmith:Prism"],"picked":"Runesmith:Retool","floor":13},{"not_picked":["Runesmith:MakeshiftArmor","Runesmith:Superposition","Runesmith:GenerateForcefield"],"picked":"SKIP","floor":14},{"not_picked":["Runesmith:LastStand","Runesmith:ArcReactor"],"picked":"Runesmith:CraftIndustria","floor":16},{"not_picked":["Runesmith:NegativeSpace","Runesmith:PoweredAnvil"],"picked":"Runesmith:NanitesCloud+1","floor":18},{"not_picked":["Runesmith:EarthShield","Runesmith:HammerThrow+1","Runesmith:MakeshiftArmor"],"picked":"SKIP","floor":20},{"not_picked":["Runesmith:EarthShield","Runesmith:CraftMagma"],"picked":"Runesmith:CraftObretio","floor":21},{"not_picked":["Runesmith:Grindstone","Runesmith:EnergizedChisel"],"picked":"Runesmith:CraftMedicinae","floor":24}],"player_experience":1164603,"relics_obtained":[{"floor":7,"key":"Centennial Puzzle"},{"floor":9,"key":"Regal Pillow"},{"floor":11,"key":"MawBank"},{"floor":14,"key":"Bottled Flame"},{"floor":24,"key":"WingedGreaves"},{"floor":26,"key":"Mummified Hand"}],"event_choices":[{"damage_healed":0,"gold_gain":75,"player_choice":"Gather Gold","damage_taken":11,"max_hp_gain":0,"max_hp_loss":0,"event_name":"World of Goop","floor":2,"gold_loss":0},{"cards_removed":["Runesmith:Strike_RS"],"damage_healed":0,"gold_gain":0,"player_choice":"Purged","damage_taken":0,"max_hp_gain":0,"max_hp_loss":0,"event_name":"Purifier","floor":3,"gold_loss":0},{"damage_healed":0,"gold_gain":0,"player_choice":"Got Potions","damage_taken":0,"max_hp_gain":0,"max_hp_loss":0,"event_name":"Lab","floor":22,"gold_loss":0}],"is_beta":false,"boss_relics":[{"not_picked":["Snecko Eye","Tiny House"],"picked":"SacredBark"}],"items_purged_floors":[19],"is_endless":false,"potions_floor_spawned":[5,7,11,18,20],"killed_by":"Slavers","ascension_level":18}}