{"host":"qdfumeom6htv8yxl","time":1611864774,"event":{"mods":["AchievementEnabler","BaseMod","Bestiary","Block Reminder","Minty Spire (QoL Compilation)","Quick Restart","Relic Stats"],"gold_per_floor":[111,15,28,43,8,8,34,34,34,53,203,203,217,32,32,105,105,118,134,134,134,152,185,185,185,185],"floor_reached":25,"language":"ENG","playtime":15444,"items_purged":["Doubt"],"score":442,"play_id":"85a7c127-c6d5-4767-8d2f-9079038fd8a0","local_time":"20210128141254","is_ascension_mode":true,"campfire_choices":[{"data":"Biased Cognition","floor":6,"key":"SMITH"},{"data":"Coolheaded","floor":8,"key":"SMITH"},{"data":"Hologram","floor":15,"key":"SMITH"},{"floor":24,"key":"REST"}],"circlet_count":0,"master_deck":["AscendersBane","Strike_B","Strike_B","Strike_B","Defend_B","Defend_B","Defend_B","Defend_B","Zap","Dualcast","Biased Cognition+1","Tempest","Coolheaded+1","Doom and Gloom","Hologram+1","Compile Driver","Seek","Ball Lightning","Coolheaded","Undo","Biased Cognition","CurseOfTheBell","Lockon","Self Repair","Tempest","Capacitor"],"relics":["Cracked Core","Mummified Hand","Boot","Calling Bell","Lantern","Symbiotic Virus","Girya","Oddly Smooth Stone"],"acts_visited":["Exordium","TheCity"],"potions_floor_usage":[22,23],"damage_taken":[{"damage":0,"enemies":"Cultist","floor":1,"turns":3},{"damage":7,"enemies":"Jaw Worm","floor":3,"turns":3},{"damage":10,"enemies":"Small Slimes","floor":4,"turns":3},{"damage":16,"enemies":"Lagavulin","floor":7,"turns":7},{"damage":11,"enemies":"Blue Slaver","floor":10,"turns":3},{"damage":10,"enemies":"Red Slaver","floor":13,"turns":3},{"damage":8,"enemies":"The Guardian","floor":16,"turns":9},{"damage":15,"enemies":"2 Thieves","floor":18,"turns":3},{"damage":0,"enemies":"Chosen","floor":19,"turns":3},{"damage":5,"enemies":"Centurion and Healer","floor":22,"turns":5},{"damage":41,"enemies":"Slavers","floor":23,"turns":7},{"damage":0,"enemies":"Gremlin Leader","floor":25,"turns":3}],"seed_played":"7642601065014326994","potions_obtained":[{"floor":10,"key":"Fruit Juice"},{"floor":13,"key":"Weak Potion"},{"floor":23,"key":"LiquidBronze"}],"is_trial":false,"path_per_floor":["M","$","M","M","?","R","E","R","T","M","?","?","M","$","R","B",null,"M","M","?","$","M","E","R","E"],"character_chosen":"DEFECT","items_purchased":["Coolheaded","Doom and Gloom","Coolheaded","Undo"],"campfire_rested":1,"item_purchase_floors":[2,2,14,14],"current_hp_per_floor":[46,46,39,29,46,46,30,30,30,19,19,42,32,32,32,24,59,44,44,44,44,51,17,39,39,39],"gold":185,"neow_bonus":"THREE_RARE_CARDS","is_daily":false,"chose_seed":false,"campfire_upgraded":3,"win_rate":0.0,"timestamp":1611864774,"path_taken":["M","$","M","?","?","R","E","R","T","M","?","?","M","?","R","BOSS","M","M","?","$","?","E","R","E"],"items_purchased_type":["Card","Card","Card","Card"],"build_version":"2020-12-22","purchased_purges":1,"victory":false,"max_hp_per_floor":[71,71,71,71,71,71,71,71,71,71,71,71,71,71,71,71,71,71,71,71,71,76,76,76,76,76],"relic_stats":{"counters":[12,52],"Mummified Hand":[14],"Boot":[1],"obtain_stats":[{"Calling Bell":17,"Girya":17,"Lantern":17,"Mummified Hand":7,"Oddly Smooth Stone":23,"Cracked Core":0,"Boot":9,"Symbiotic Virus":17},{"Calling Bell":7,"Girya":7,"Lantern":7,"Mummified Hand":4,"Oddly Smooth Stone":11,"Cracked Core":0,"Boot":4,"Symbiotic Virus":7},{"Calling Bell":31,"Girya":31,"Lantern":31,"Mummified Hand":16,"Oddly Smooth Stone":49,"Cracked Core":0,"Boot":16,"Symbiotic Virus":31}]},"card_choices":[{"not_picked":["Thunder Strike","Machine Learning"],"picked":"Biased Cognition","floor":0},{"not_picked":["Steam","Turbo"],"picked":"Tempest","floor":1},{"not_picked":["Barrage","Redo","Force Field"],"picked":"SKIP","floor":3},{"not_picked":["Sweeping Beam","Streamline"],"picked":"Hologram","floor":4},{"not_picked":["Barrage","Stack"],"picked":"Compile Driver","floor":7},{"not_picked":["Stack","Conserve Battery"],"picked":"Seek","floor":10},{"not_picked":["Compile Driver","Streamline"],"picked":"Ball Lightning","floor":13},{"not_picked":["Seek","Rainbow"],"picked":"Biased Cognition","floor":16},{"not_picked":["Heatsinks+1","Compile Driver"],"picked":"Lockon","floor":18},{"not_picked":["Hologram","Recycle"],"picked":"Self Repair","floor":19},{"not_picked":["Conserve Battery","Go for the Eyes"],"picked":"Tempest","floor":22},{"not_picked":["Barrage","Fission"],"picked":"Capacitor","floor":23}],"player_experience":1941936,"relics_obtained":[{"floor":7,"key":"Mummified Hand"},{"floor":9,"key":"Boot"},{"floor":17,"key":"Lantern"},{"floor":17,"key":"Symbiotic Virus"},{"floor":17,"key":"Girya"},{"floor":23,"key":"Oddly Smooth Stone"}],"event_choices":[{"damage_healed":17,"gold_gain":0,"player_choice":"Healed","damage_taken":0,"max_hp_gain":0,"max_hp_loss":0,"event_name":"The Cleric","floor":5,"gold_loss":35},{"damage_healed":0,"gold_gain":150,"player_choice":"AGREE","damage_taken":0,"max_hp_gain":0,"max_hp_loss":0,"event_name":"Liars Game","floor":11,"gold_loss":0,"cards_obtained":["Doubt"]},{"damage_healed":23,"gold_gain":0,"player_choice":"Banana","damage_taken":0,"max_hp_gain":0,"max_hp_loss":0,"event_name":"Big Fish","floor":12,"gold_loss":0},{"cards_removed":["Strike_B"],"damage_healed":0,"gold_gain":0,"player_choice":"Card Removal","damage_taken":0,"max_hp_gain":0,"max_hp_loss":0,"event_name":"Wheel of Change","floor":20,"gold_loss":0}],"is_beta":false,"boss_relics":[{"not_picked":["Empty Cage","Sozu"],"picked":"Calling Bell"}],"items_purged_floors":[14],"is_endless":false,"potions_floor_spawned":[10,13,18,23],"killed_by":"Gremlin Leader","ascension_level":20}}