{"host":"mydft8i2zzydgggw","time":1611799898,"event":{"mods":["AchievementEnabler","BaseMod","BetterRewards","Colored Map","Colored Powertips","DeckTracker","Keyboard Shortcuts","Minty Spire (QoL Compilation)","Rare Cards Sparkle","StSLib","SuperFastMode","everything is the same but u backflip on backflip"],"gold_per_floor":[109,124,139,64,79,79,110,127,127,140,153,168,168,182,182,182,182],"floor_reached":16,"language":"KOR","playtime":350,"items_purged":["Strike_P"],"score":173,"play_id":"cd6f6890-caee-4bfe-831a-031ae8f3dca5","local_time":"20210128111138","is_ascension_mode":true,"campfire_choices":[{"data":"Tantrum","floor":6,"key":"SMITH"},{"floor":13,"key":"REST"},{"floor":15,"key":"REST"}],"circlet_count":0,"master_deck":["AscendersBane","Strike_P","Strike_P","Strike_P","Defend_P","Defend_P","Defend_P","Defend_P","Eruption","Vigilance","Wallop","EmptyMind","Evaluate","Tantrum+1","InnerPeace","EmptyFist","MentalFortress"],"relics":["PureWater","NeowsBlessing","Bottled Flame","Girya"],"acts_visited":["Exordium"],"potions_floor_usage":[10,10,11,16],"damage_taken":[{"damage":0,"enemies":"Cultist","floor":1,"turns":1},{"damage":0,"enemies":"Jaw Worm","floor":2,"turns":1},{"damage":0,"enemies":"2 Louse","floor":3,"turns":1},{"damage":20,"enemies":"2 Fungi Beasts","floor":5,"turns":3},{"damage":23,"enemies":"3 Sentries","floor":7,"turns":6},{"damage":4,"enemies":"Exordium Thugs","floor":8,"turns":2},{"damage":0,"enemies":"Gremlin Gang","floor":10,"turns":3},{"damage":4,"enemies":"Exordium Wildlife","floor":11,"turns":3},{"damage":11,"enemies":"Lots of Slimes","floor":12,"turns":4},{"damage":7,"enemies":"2 Fungi Beasts","floor":14,"turns":2},{"damage":47,"enemies":"The Guardian","floor":16,"turns":9}],"seed_played":"-6943651267263458090","potions_obtained":[{"floor":3,"key":"GamblersBrew"},{"floor":7,"key":"PowerPotion"},{"floor":10,"key":"Strength Potion"},{"floor":12,"key":"LiquidBronze"}],"is_trial":false,"path_per_floor":["M","M","M","$","M","R","E","M","T","M","M","M","R","M","R","B"],"character_chosen":"WATCHER","items_purchased":[],"campfire_rested":2,"item_purchase_floors":[],"current_hp_per_floor":[65,65,65,65,45,45,22,18,18,18,14,3,24,17,38,0,0],"gold":182,"neow_bonus":"THREE_ENEMY_KILL","is_daily":false,"chose_seed":false,"campfire_upgraded":1,"win_rate":0.0,"timestamp":1611799898,"path_taken":["M","M","?","$","?","R","E","M","T","M","?","M","R","M","R","BOSS"],"items_purchased_type":[],"build_version":"2020-12-22","purchased_purges":1,"victory":false,"max_hp_per_floor":[72,72,72,72,72,72,72,72,72,72,72,72,72,72,72,72,72],"card_choices":[{"not_picked":["Evaluate","Consecrate"],"picked":"Wallop","floor":1},{"not_picked":["Evaluate","ThirdEye"],"picked":"EmptyMind","floor":2},{"not_picked":["Wallop","CarveReality"],"picked":"Evaluate","floor":3},{"not_picked":["CrushJoints","PathToVictory"],"picked":"Tantrum","floor":5},{"not_picked":["Worship","Wireheading","Consecrate"],"picked":"SKIP","floor":7},{"not_picked":["Sanctity","FlurryOfBlows"],"picked":"InnerPeace","floor":8},{"not_picked":["Weave","Halt","SignatureMove"],"picked":"SKIP","floor":10},{"not_picked":["Evaluate","FlurryOfBlows","MasterReality"],"picked":"SKIP","floor":11},{"not_picked":["ClearTheMind","BowlingBash"],"picked":"EmptyFist","floor":12},{"not_picked":["EmptyMind","JustLucky"],"picked":"MentalFortress","floor":14}],"player_experience":227653,"relics_obtained":[{"floor":7,"key":"Bottled Flame"},{"floor":9,"key":"Girya"}],"event_choices":[],"is_beta":false,"boss_relics":[],"items_purged_floors":[4],"is_endless":false,"potions_floor_spawned":[3,7,10,12],"killed_by":"The Guardian","ascension_level":12}}