{"host":"zyv4qd6no272sqjf","time":1611801701,"event":{"mods":["AchievementEnabler","BaseMod","Colored Map","Minty Spire (QoL Compilation)","Relic Stats","Slay the Relics Exporter","StSLib","everything is the same but u backflip on backflip"],"gold_per_floor":[119,44,57,2,2,28,28,42,42,42,54,86,98,112,112,112,112],"floor_reached":16,"language":"ENG","playtime":500,"items_purged":[],"score":267,"play_id":"b22a40b7-4e6b-40e0-b283-49956eb7f734","local_time":"20210128124141","is_ascension_mode":true,"campfire_choices":[{"floor":15,"key":"REST"}],"circlet_count":0,"master_deck":["AscendersBane","Strike_G","Strike_G","Strike_G","Strike_G","Defend_G","Defend_G","Defend_G","Defend_G","Survivor","Neutralize","Cloak And Dagger","Acrobatics","Cloak And Dagger","Flying Knee","Blade Dance","Grand Finale","Cloak And Dagger+1"],"relics":["Ring of the Snake","NeowsBlessing","Pen Nib","Pantograph","Lizard Tail","Toxic Egg 2"],"acts_visited":["Exordium"],"potions_floor_usage":[12,12,16],"damage_taken":[{"damage":0,"enemies":"Jaw Worm","floor":1,"turns":1},{"damage":0,"enemies":"2 Louse","floor":3,"turns":1},{"damage":0,"enemies":"3 Sentries","floor":6,"turns":1},{"damage":0,"enemies":"Cultist","floor":8,"turns":4},{"damage":2,"enemies":"Blue Slaver","floor":11,"turns":4},{"damage":9,"enemies":"Gremlin Nob","floor":12,"turns":3},{"damage":1,"enemies":"Looter","floor":13,"turns":3},{"damage":8,"enemies":"2 Fungi Beasts","floor":14,"turns":3},{"damage":39,"enemies":"Hexaghost","floor":16,"turns":9}],"seed_played":"8980246659881819879","potions_obtained":[{"floor":3,"key":"Poison Potion"},{"floor":6,"key":"Swift Potion"},{"floor":8,"key":"CunningPotion"},{"floor":13,"key":"CunningPotion"}],"is_trial":false,"path_per_floor":["M","?","M","$","?","E","T","M","T","$","M","E","M","M","R","B"],"character_chosen":"THE_SILENT","items_purchased":["Acrobatics"],"campfire_rested":1,"item_purchase_floors":[4],"current_hp_per_floor":[59,59,59,59,52,52,52,52,52,52,50,41,40,32,51,27,27],"gold":112,"neow_bonus":"THREE_ENEMY_KILL","is_daily":false,"chose_seed":false,"campfire_upgraded":0,"win_rate":0.0,"timestamp":1611801701,"path_taken":["M","?","M","$","?","E","?","M","T","?","M","E","?","M","R","BOSS"],"items_purchased_type":["Card"],"build_version":"2020-12-22","purchased_purges":0,"victory":false,"max_hp_per_floor":[66,66,66,66,66,66,66,66,66,66,66,66,66,66,66,66,66],"relic_stats":{"Lizard Tail":0,"counters":[9,29],"Pantograph":15,"Pen Nib":[8],"obtain_stats":[{"Lizard Tail":9,"NeowsBlessing":0,"Pantograph":7,"Pen Nib":6,"Toxic Egg 2":12,"Ring of the Snake":0},{"Lizard Tail":4,"NeowsBlessing":0,"Pantograph":3,"Pen Nib":3,"Toxic Egg 2":6,"Ring of the Snake":0},{"Lizard Tail":7,"NeowsBlessing":0,"Pantograph":3,"Pen Nib":3,"Toxic Egg 2":14,"Ring of the Snake":0}],"Ring of the Snake":[18]},"card_choices":[{"not_picked":["Dagger Spray","Sucker Punch"],"picked":"Cloak And Dagger","floor":1},{"not_picked":["Quick Slash","Underhanded Strike","Dagger Spray"],"picked":"SKIP","floor":3},{"not_picked":["Tools of the Trade","Flechettes"],"picked":"Cloak And Dagger","floor":6},{"not_picked":["Dodge and Roll","Leg Sweep"],"picked":"Flying Knee","floor":8},{"not_picked":["Bane","Flying Knee"],"picked":"Blade Dance","floor":11},{"not_picked":["Outmaneuver+1","Deflect+1"],"picked":"Grand Finale","floor":12},{"not_picked":["Dash","Choke"],"picked":"Cloak And Dagger+1","floor":13},{"not_picked":["Slice","Dagger Throw","Quick Slash"],"picked":"SKIP","floor":14}],"player_experience":399929,"relics_obtained":[{"floor":6,"key":"Pen Nib"},{"floor":7,"key":"Pantograph"},{"floor":9,"key":"Lizard Tail"},{"floor":12,"key":"Toxic Egg 2"}],"event_choices":[{"cards_removed":["Defend_G"],"damage_healed":0,"gold_gain":0,"player_choice":"Card Removal","damage_taken":0,"max_hp_gain":0,"max_hp_loss":0,"event_name":"The Cleric","floor":2,"gold_loss":75},{"cards_removed":["Strike_G"],"damage_healed":0,"gold_gain":0,"player_choice":"Card Removal","damage_taken":7,"max_hp_gain":0,"max_hp_loss":0,"event_name":"Golden Wing","floor":5,"gold_loss":0}],"is_beta":false,"boss_relics":[],"items_purged_floors":[],"is_endless":false,"potions_floor_spawned":[3,6,8,13],"killed_by":"Hexaghost","ascension_level":19}}