{"host":"vl29iwkwnyytuw8q","time":1611873993,"event":{"mods":["BaseMod","Minty Spire (QoL Compilation)","Permanent Neow","Relic Stats","StSLib"],"gold_per_floor":[99,99,99,99,99,99,99,99,99,99,99,59,59,59,59,59,59,0,0,0,0,0,0,0,0,0,0,0],"floor_reached":27,"language":"ENG","playtime":547,"items_purged":[],"score":416,"play_id":"6fbb8862-a13a-4090-9829-4fa913f72d40","local_time":"20210128234633","is_ascension_mode":true,"campfire_choices":[{"data":"Whirlwind","floor":6.0,"key":"SMITH"},{"data":"Rupture","floor":10.0,"key":"SMITH"},{"floor":15.0,"key":"REST"},{"floor":23.0,"key":"REST"}],"circlet_count":0,"master_deck":["AscendersBane","Strike_R","Strike_R","Defend_R","Defend_R","Defend_R","Defend_R","Bash","Rupture+1","Iron Wave","Whirlwind+1","Anger","Brutality","Spot Weakness","Anger","Seeing Red","Offering","Dropkick+1","Pommel Strike+1","Shockwave+1","Heavy Blade","J.A.X.","Headbutt","Clothesline"],"relics":["Ectoplasm","Bottled Flame","Mummified Hand","Astrolabe","Oddly Smooth Stone"],"acts_visited":["Exordium","TheCity"],"potions_floor_usage":[27],"damage_taken":[{"damage":1.0,"enemies":"Cultist","floor":1.0,"turns":4.0},{"damage":4.0,"enemies":"Small Slimes","floor":2.0,"turns":3.0},{"damage":0.0,"enemies":"Jaw Worm","floor":5.0,"turns":3.0},{"damage":0.0,"enemies":"3 Louse","floor":7.0,"turns":1.0},{"damage":8.0,"enemies":"Blue Slaver","floor":8.0,"turns":3.0},{"damage":22.0,"enemies":"Lagavulin","floor":11.0,"turns":4.0},{"damage":12.0,"enemies":"Looter","floor":12.0,"turns":3.0},{"damage":0.0,"enemies":"3 Louse","floor":13.0,"turns":1.0},{"damage":34.0,"enemies":"The Guardian","floor":16.0,"turns":11.0},{"damage":12.0,"enemies":"2 Thieves","floor":18.0,"turns":4.0},{"damage":6.0,"enemies":"3 Byrds","floor":21.0,"turns":2.0},{"damage":29.0,"enemies":"Shelled Parasite and Fungi","floor":22.0,"turns":4.0},{"damage":17.0,"enemies":"Centurion and Healer","floor":24.0,"turns":4.0},{"damage":15.0,"enemies":"Chosen and Byrds","floor":25.0,"turns":3.0},{"damage":8,"enemies":"Book of Stabbing","floor":27,"turns":1}],"seed_played":"1211213256389443832","potions_obtained":[{"floor":7.0,"key":"LiquidMemories"},{"floor":8.0,"key":"Strength Potion"},{"floor":11.0,"key":"Fruit Juice"},{"floor":12.0,"key":"SkillPotion"},{"floor":18.0,"key":"Ancient Potion"},{"floor":22.0,"key":"PowerPotion"}],"is_trial":false,"path_per_floor":["M","M","$","?","M","R","M","M","T","R","E","M","M","$","R","B",null,"M","?","$","M","M","R","M","M","T","E"],"character_chosen":"IRONCLAD","items_purchased":[],"campfire_rested":2,"item_purchase_floors":[],"current_hp_per_floor":[67,63,63,59,59,59,59,51,51,51,29,22,22,22,46,12,63,51,51,51,45,16,40,23,8,8,0,0],"gold":0,"neow_bonus":"BOSS_RELIC","is_daily":false,"chose_seed":false,"campfire_upgraded":2,"win_rate":0.0,"timestamp":1611873993,"path_taken":["M","?","$","?","M","R","M","M","T","R","E","M","M","?","R","BOSS","M","?","$","M","M","R","M","M","T","E"],"items_purchased_type":[],"build_version":"2020-12-22","purchased_purges":0,"victory":false,"max_hp_per_floor":[75,75,75,75,75,75,75,75,75,75,75,80,80,80,80,80,80,80,80,80,80,80,80,80,80,80,80,80],"relic_stats":{"counters":[15,51],"Mummified Hand":[6],"Astrolabe":["Dropkick","Pommel Strike","Shockwave"],"Ectoplasm":364,"obtain_stats":[{"Bottled Flame":9,"Mummified Hand":11,"Astrolabe":17,"Oddly Smooth Stone":26,"Ectoplasm":0,"Burning Blood":0},{"Bottled Flame":5,"Mummified Hand":6,"Astrolabe":9,"Oddly Smooth Stone":14,"Ectoplasm":0,"Burning Blood":0},{"Bottled Flame":14,"Mummified Hand":18,"Astrolabe":33,"Oddly Smooth Stone":50,"Ectoplasm":0,"Burning Blood":0}]},"card_choices":[{"not_picked":["Perfected Strike","Flex"],"picked":"Rupture","floor":1.0},{"not_picked":["Reckless Charge","Twin Strike"],"picked":"Iron Wave","floor":2.0},{"not_picked":["Clash","Sentinel"],"picked":"Whirlwind","floor":5.0},{"not_picked":["Power Through","Dark Embrace"],"picked":"Anger","floor":7.0},{"not_picked":["Anger","Shockwave"],"picked":"Brutality","floor":8.0},{"not_picked":["Blood for Blood","Body Slam"],"picked":"Spot Weakness","floor":11.0},{"not_picked":["Flex","Fire Breathing"],"picked":"Anger","floor":12.0},{"not_picked":["Reckless Charge","Feel No Pain"],"picked":"Seeing Red","floor":13.0},{"not_picked":["Impervious","Exhume"],"picked":"Offering","floor":16.0},{"not_picked":["Metallicize","Clothesline"],"picked":"Heavy Blade","floor":18.0},{"not_picked":["True Grit","Searing Blow","Twin Strike"],"picked":"SKIP","floor":21.0},{"not_picked":["Sword Boomerang","Havoc"],"picked":"Headbutt","floor":22.0},{"not_picked":["Clash","Offering"],"picked":"Clothesline","floor":24.0},{"not_picked":["True Grit","Reckless Charge","Body Slam"],"picked":"SKIP","floor":25}],"player_experience":645050,"relics_obtained":[{"floor":9.0,"key":"Bottled Flame"},{"floor":11.0,"key":"Mummified Hand"},{"floor":26,"key":"Oddly Smooth Stone"}],"event_choices":[{"damage_healed":0.0,"max_hp_gain":0.0,"max_hp_loss":0.0,"gold_gain":0.0,"event_name":"The Woman in Blue","player_choice":"Bought 0 Potions","floor":4.0,"gold_loss":0.0,"damage_taken":0.0},{"damage_healed":0.0,"max_hp_gain":0.0,"max_hp_loss":0.0,"gold_gain":0.0,"event_name":"Drug Dealer","player_choice":"Obtain J.A.X.","floor":19.0,"gold_loss":0.0,"damage_taken":0.0,"cards_obtained":["J.A.X."]}],"is_beta":false,"boss_relics":[{"not_picked":["Black Star","Pandora\u0027s Box"],"picked":"Astrolabe"}],"items_purged_floors":[],"is_endless":false,"potions_floor_spawned":[7,8,11,12,16,18,22,24],"killed_by":"Book of Stabbing","ascension_level":18}}