{"host":"oi6p1guiqfwwvxym","time":1611862509,"event":{"mods":["BaseMod","Bestiary","Colored Map","Minty Spire (QoL Compilation)","Relic Stats"],"gold_per_floor":[114,133,133,153,171,196,196,86,110,143,143,143,160,189,201,309,321,321,28,28,28,28,28,28,28,28,28,28,28,28,28,28,28,28,28,28,28,28,28,28,28,28,28,28,28,28,28,28,28,28,28,28,28,28,28,28],"floor_reached":55,"language":"ENG","playtime":3660,"items_purged":["Strike_B"],"score":859,"play_id":"4a6e0a59-8877-4170-81ae-38154ba540eb","local_time":"20210128113509","is_ascension_mode":true,"campfire_choices":[{"data":"Multi-Cast","floor":7,"key":"SMITH"},{"data":"Darkness","floor":12,"key":"SMITH"},{"data":"Double Energy","floor":15,"key":"SMITH"},{"data":"Loop","floor":23,"key":"SMITH"},{"data":"Seek","floor":25,"key":"SMITH"},{"data":"Hologram","floor":28,"key":"SMITH"},{"data":"Self Repair","floor":32,"key":"SMITH"},{"floor":40,"key":"RECALL"}],"circlet_count":0,"master_deck":["Strike_B+1","Defend_B+1","Defend_B+1","Zap+1","Dualcast+1","Cold Snap+1","Cold Snap+1","Ball Lightning+1","Darkness+1","Multi-Cast+1","FTL+1","Rip and Tear+1","Double Energy+1","Hologram+1","Seek+1","Turbo+1","Capacitor+1","Loop+1","Sunder+1","Static Discharge+1","Conserve Battery+1","Self Repair+1","Loop+1","Machine Learning+1","Force Field+1","Fission+1","Go for the Eyes+1","Coolheaded+1","Loop+1","Skim+1","Defragment+1"],"relics":["Coffee Dripper","Potion Belt","Orichalcum","Regal Pillow","MawBank","Ectoplasm","FossilizedHelix","Red Mask","Toxic Egg 2","Eternal Feather","Gambling Chip","Sozu","Mark of the Bloom","Anchor","CaptainsWheel","Prayer Wheel","Pen Nib"],"acts_visited":["Exordium","TheCity","TheBeyond","TheEnding"],"potions_floor_usage":[21,24,24,33,55,55,55],"damage_taken":[{"damage":0,"enemies":"Cultist","floor":1,"turns":4},{"damage":0,"enemies":"2 Louse","floor":2,"turns":4},{"damage":0,"enemies":"Small Slimes","floor":4,"turns":4},{"damage":0,"enemies":"2 Fungi Beasts","floor":5,"turns":3},{"damage":17,"enemies":"3 Sentries","floor":6,"turns":9},{"damage":10,"enemies":"Gremlin Nob","floor":10,"turns":3},{"damage":3,"enemies":"Exordium Wildlife","floor":13,"turns":3},{"damage":3,"enemies":"Lagavulin","floor":14,"turns":5},{"damage":34,"enemies":"The Guardian","floor":16,"turns":11},{"damage":4,"enemies":"Chosen","floor":18,"turns":3},{"damage":7,"enemies":"Masked Bandits","floor":21,"turns":4},{"damage":0,"enemies":"3 Byrds","floor":22,"turns":3},{"damage":14,"enemies":"Book of Stabbing","floor":24,"turns":4},{"damage":10,"enemies":"Slavers","floor":27,"turns":2},{"damage":0,"enemies":"Centurion and Healer","floor":29,"turns":3},{"damage":0,"enemies":"Shelled Parasite and Fungi","floor":31,"turns":1},{"damage":8,"enemies":"Automaton","floor":33,"turns":6},{"damage":0,"enemies":"Orb Walker","floor":35,"turns":2},{"damage":0,"enemies":"3 Shapes","floor":38,"turns":3},{"damage":2,"enemies":"Transient","floor":42,"turns":5},{"damage":0,"enemies":"Jaw Worm Horde","floor":45,"turns":3},{"damage":0,"enemies":"Nemesis","floor":46,"turns":1},{"damage":0,"enemies":"2 Orb Walkers","floor":47,"turns":3},{"damage":1,"enemies":"Giant Head","floor":48,"turns":6},{"damage":33,"enemies":"Awakened One","floor":50,"turns":10},{"damage":20,"enemies":"Shield and Spear","floor":54,"turns":6},{"damage":19,"enemies":"The Heart","floor":55,"turns":5}],"seed_played":"376973436259637842","potions_obtained":[{"floor":1,"key":"FocusPotion"},{"floor":2,"key":"Weak Potion"},{"floor":6,"key":"Regen Potion"},{"floor":18,"key":"BlessingOfTheForge"},{"floor":22,"key":"DistilledChaos"},{"floor":27,"key":"PotionOfCapacity"},{"floor":31,"key":"GamblersBrew"},{"floor":33,"key":"Weak Potion"}],"is_trial":false,"path_per_floor":["M","M","?","M","M","E","R","$","T","E","?","R","M","E","R","B",null,"M","$","?","?","M","R","E","R","T","E","R","M","$","M","R","B",null,"M","?","$","M","?","R","?","M","T","R","M","E","?","E","R","B",null,"R","$","E","B"],"character_chosen":"DEFECT","items_purchased":["FTL","FossilizedHelix"],"campfire_rested":0,"item_purchase_floors":[8,19],"current_hp_per_floor":[75,75,75,75,75,58,58,58,58,48,73,73,70,67,67,33,75,71,71,71,64,64,64,59,59,59,49,61,61,61,68,75,75,75,75,75,75,75,75,75,75,73,73,73,73,73,73,72,72,39,39,39,39,19,0,0],"gold":28,"neow_bonus":"BOSS_RELIC","is_daily":false,"chose_seed":false,"campfire_upgraded":7,"win_rate":0.0,"timestamp":1611862509,"path_taken":["M","M","?","?","M","E","R","$","T","E","?","R","M","E","R","BOSS","M","$","?","?","M","R","E","R","T","E","R","M","?","M","R","BOSS","M","?","?","M","?","R","?","M","T","R","?","E","?","E","R","BOSS","R","$","E","BOSS"],"items_purchased_type":["Card","Relic"],"build_version":"2020-12-22","purchased_purges":1,"victory":false,"max_hp_per_floor":[75,75,75,75,75,75,75,75,75,75,75,75,75,75,75,75,75,75,75,75,75,75,75,75,75,75,75,75,75,75,75,75,75,75,75,75,75,75,75,75,75,75,75,75,75,75,75,75,75,75,75,75,75,75,75,75],"relic_stats":{"Sozu":4,"Regal Pillow":0,"Mark of the Bloom":161,"counters":[27,116],"Gambling Chip":[41],"Eternal Feather":19,"Prayer Wheel":0,"Ectoplasm":561,"Pen Nib":[0],"Orichalcum":[144],"MawBank":36,"obtain_stats":[{"Potion Belt":6,"Regal Pillow":10,"Mark of the Bloom":39,"Eternal Feather":26,"Pen Nib":54,"Orichalcum":9,"MawBank":14,"Sozu":34,"Anchor":46,"CaptainsWheel":47,"Gambling Chip":27,"Prayer Wheel":48,"Ectoplasm":17,"Coffee Dripper":0,"Red Mask":21,"Toxic Egg 2":24,"Cracked Core":0,"FossilizedHelix":19},{"Potion Belt":5,"Regal Pillow":6,"Mark of the Bloom":19,"Eternal Feather":13,"Pen Nib":26,"Orichalcum":5,"MawBank":8,"Sozu":17,"Anchor":22,"CaptainsWheel":23,"Gambling Chip":14,"Prayer Wheel":24,"Ectoplasm":9,"Coffee Dripper":0,"Red Mask":11,"Toxic Egg 2":13,"Cracked Core":0,"FossilizedHelix":10},{"Potion Belt":24,"Regal Pillow":27,"Mark of the Bloom":77,"Eternal Feather":60,"Pen Nib":111,"Orichalcum":24,"MawBank":35,"Sozu":72,"Anchor":86,"CaptainsWheel":89,"Gambling Chip":62,"Prayer Wheel":95,"Ectoplasm":46,"Coffee Dripper":0,"Red Mask":53,"Toxic Egg 2":60,"Cracked Core":0,"FossilizedHelix":49}]},"card_choices":[{"not_picked":["BootSequence","Coolheaded"],"picked":"Cold Snap","floor":1},{"not_picked":["Hologram","BootSequence"],"picked":"Cold Snap","floor":2},{"not_picked":["Turbo","Go for the Eyes"],"picked":"Ball Lightning","floor":4},{"not_picked":["Coolheaded","Beam Cell"],"picked":"Darkness","floor":5},{"not_picked":["Steam","Undo"],"picked":"Multi-Cast","floor":6},{"not_picked":["Gash","Static Discharge"],"picked":"Rip and Tear","floor":10},{"not_picked":["Chaos","Reinforced Body"],"picked":"Double Energy","floor":13},{"not_picked":["Streamline","Go for the Eyes"],"picked":"Hologram","floor":14},{"not_picked":["Creative AI","Multi-Cast"],"picked":"Seek","floor":16},{"not_picked":["Stack","Steam"],"picked":"Turbo","floor":18},{"not_picked":["Streamline","Barrage+1"],"picked":"Sunder+1","floor":21},{"not_picked":["Barrage+1","Auto Shields"],"picked":"Static Discharge","floor":22},{"not_picked":["Amplify+1","Force Field+1"],"picked":"Conserve Battery+1","floor":24},{"not_picked":["Ball Lightning","Cold Snap","Storm"],"picked":"SKIP","floor":27},{"not_picked":["Static Discharge","Reinforced Body+1"],"picked":"Self Repair","floor":29},{"not_picked":["Compile Driver","Sweeping Beam+1"],"picked":"Loop+1","floor":31},{"not_picked":["Electrodynamics","Reboot+1"],"picked":"Machine Learning","floor":33},{"not_picked":["Turbo+1","Cold Snap"],"picked":"Force Field+1","floor":35},{"not_picked":["Turbo+1","Gash"],"picked":"Go for the Eyes+1","floor":38},{"not_picked":["Streamline","Cold Snap","Hello World"],"picked":"SKIP","floor":42},{"not_picked":["Sweeping Beam+1","Conserve Battery+1"],"picked":"Coolheaded+1","floor":45},{"not_picked":["Fission+1","Rebound","Gash"],"picked":"SKIP","floor":46},{"not_picked":["Streamline+1","Redo+1"],"picked":"Loop+1","floor":47},{"not_picked":["Beam Cell","Barrage"],"picked":"Skim+1","floor":48},{"not_picked":["Self Repair+1","Hyperbeam"],"picked":"Defragment+1","floor":54}],"player_experience":410135,"relics_obtained":[{"floor":6,"key":"Potion Belt"},{"floor":9,"key":"Orichalcum"},{"floor":10,"key":"Regal Pillow"},{"floor":14,"key":"MawBank"},{"floor":21,"key":"Red Mask"},{"floor":24,"key":"Toxic Egg 2"},{"floor":26,"key":"Eternal Feather"},{"floor":27,"key":"Gambling Chip"},{"floor":46,"key":"Anchor"},{"floor":47,"key":"CaptainsWheel"},{"floor":48,"key":"Prayer Wheel"},{"floor":54,"key":"Pen Nib"}],"event_choices":[{"cards_removed":["Strike_B"],"damage_healed":0,"gold_gain":0,"player_choice":"Purged","damage_taken":0,"max_hp_gain":0,"max_hp_loss":0,"event_name":"Purifier","floor":3,"gold_loss":0},{"damage_healed":25,"gold_gain":0,"player_choice":"Banana","damage_taken":0,"max_hp_gain":0,"max_hp_loss":0,"event_name":"Big Fish","floor":11,"gold_loss":0},{"damage_healed":0,"gold_gain":0,"cards_transformed":["Strike_B","Defend_B"],"player_choice":"Became Test Subject","damage_taken":0,"max_hp_gain":0,"max_hp_loss":0,"event_name":"Drug Dealer","floor":20,"gold_loss":0,"cards_obtained":["Capacitor","Loop"]},{"damage_healed":0,"gold_gain":0,"player_choice":"Fought Bandits","damage_taken":0,"max_hp_gain":0,"max_hp_loss":0,"event_name":"Masked Bandits","floor":21,"gold_loss":0},{"damage_healed":0,"gold_gain":0,"cards_transformed":["Defend_B"],"player_choice":"Transformed","damage_taken":0,"max_hp_gain":0,"max_hp_loss":0,"event_name":"Transmorgrifier","floor":36,"gold_loss":0,"cards_obtained":["Fission"]},{"damage_healed":0,"gold_gain":0,"player_choice":"Upgrade","damage_taken":0,"relics_obtained":["Mark of the Bloom"],"max_hp_gain":0,"max_hp_loss":0,"event_name":"MindBloom","floor":39,"gold_loss":0,"cards_upgraded":["Strike_B","Defend_B","Defend_B","Zap","Dualcast","Cold Snap","Cold Snap","Ball Lightning","FTL","Rip and Tear","Turbo","Capacitor","Static Discharge","Machine Learning"]},{"damage_healed":0,"gold_gain":0,"player_choice":"Ignored","damage_taken":0,"max_hp_gain":0,"max_hp_loss":0,"event_name":"Golden Shrine","floor":41,"gold_loss":0},{"damage_healed":0,"gold_gain":0,"player_choice":"Fight","damage_taken":0,"max_hp_gain":0,"max_hp_loss":0,"event_name":"Mysterious Sphere","floor":47,"gold_loss":0}],"is_beta":false,"boss_relics":[{"not_picked":["Runic Dome","Tiny House"],"picked":"Ectoplasm"},{"not_picked":["SlaversCollar","Calling Bell"],"picked":"Sozu"}],"items_purged_floors":[8],"is_endless":false,"potions_floor_spawned":[1,2,6,18,22,27,31,33,38,42,46,54],"killed_by":"The Heart","ascension_level":2}}