{"host":"8b9ba58w9pmbqmpe","time":1611838117,"event":{"mods":["BaseMod","Downfall","Minty Spire (QoL Compilation)","StSLib"],"gold_per_floor":[99,111,211,224,234,245,245,269,269,279,309,109,123,138,138,138,156,257,257,157,172,46,46,46,31,56,56,90,7,25,25,45,64,45,57,75,177,177,177,189,204,304,44,55,73,73,101,101,114,132,151,72,88,101,101,101,101],"floor_reached":55,"language":"ENG","playtime":7123,"items_purged":[],"score":606,"play_id":"54167a0b-3767-4bce-ad9d-34449c83aac4","local_time":"20210128134837","is_ascension_mode":false,"campfire_choices":[{"data":"Guardian:TwinSlam","floor":1.0,"key":"SMITH"},{"data":"Guardian:TimeBomb","floor":7.0,"key":"SMITH"},{"data":"Guardian:StasisField","floor":12.0,"key":"SMITH"},{"floor":15.0,"key":"RECALL"},{"data":"Guardian:HyperBeam_Guardian","floor":20.0,"key":"SMITH"},{"data":"Guardian:FastForward","floor":27.0,"key":"SMITH"},{"floor":31.0,"key":"REST"},{"data":"Guardian:StasisStrike","floor":39.0,"key":"SMITH"}],"circlet_count":0,"master_deck":["Guardian:Strike_Guardian+1","Guardian:Strike_Guardian+1","Guardian:Strike_Guardian+1","Guardian:Strike_Guardian+1","Guardian:Defend_Guardian+1","Guardian:Defend_Guardian+1","Guardian:Defend_Guardian+1","Guardian:Defend_Guardian+1","Guardian:CurlUp","Guardian:TwinSlam+1","Guardian:TimeBomb+1","Guardian:Incinerate","Guardian:StasisField+1","Guardian:FastForward+1","Guardian:PiercingHide","Guardian:VentSteam","Guardian:SpikerProtocol","Guardian:HyperBeam_Guardian+1","Guardian:Reroute","Guardian:Repulse","Guardian:ChargeCore+1","Guardian:Recover","Guardian:RollAttack+1","Guardian:GuardianWhirl","Guardian:CrystalBeam","Guardian:Preprogram","expansioncontent:DashGenerateEvil","Guardian:StasisStrike+1","Guardian:TemporalShield+1","Guardian:Gem_Purple","Guardian:BaubleBeam","Guardian:Gem_Yellow","Guardian:CrystalBeam+1"],"relics":["Guardian:ModeShifter","Blue Candle","Omamori","downfall:HeartBlessingBlue","downfall:HeartBlessingGreen","Cursed Key","downfall:HeartBlessingRed","Nunchaku","Bronze Scales","Strange Spoon","bronze:MakeshiftBattery","Pear","Bottled Lightning","Singing Bowl"],"acts_visited":["Exordium","TheCity","TheBeyond"],"potions_floor_usage":[45,55,55],"damage_taken":[{"damage":1.0,"enemies":"Cultist","floor":2.0,"turns":3.0},{"damage":2.0,"enemies":"2 Louse","floor":4.0,"turns":4.0},{"damage":6.0,"enemies":"Jaw Worm","floor":5.0,"turns":4.0},{"damage":1.0,"enemies":"3 Louse","floor":6.0,"turns":5.0},{"damage":10.0,"enemies":"2 Fungi Beasts","floor":10.0,"turns":4.0},{"damage":15.0,"enemies":"Lagavulin","floor":11.0,"turns":10.0},{"damage":3.0,"enemies":"Exordium Wildlife","floor":13.0,"turns":4.0},{"damage":1.0,"enemies":"Blue Slaver","floor":14.0,"turns":4.0},{"damage":13.0,"enemies":"Gremlin Gang","floor":17.0,"turns":5.0},{"damage":55.0,"enemies":"DF_ARCHETYPE_STREAMLINE","floor":18.0,"turns":23.0},{"damage":14.0,"enemies":"Shell Parasite","floor":21.0,"turns":6.0},{"damage":10.0,"enemies":"downfall:FleeingMerchant","floor":22.0,"turns":4.0},{"damage":0.0,"enemies":"downfall:FleeingMerchant","floor":25.0,"turns":4.0},{"damage":17.0,"enemies":"Gremlin Leader","floor":28.0,"turns":6.0},{"damage":0.0,"enemies":"downfall:FleeingMerchant","floor":29.0,"turns":4.0},{"damage":0.0,"enemies":"Chosen","floor":30.0,"turns":4.0},{"damage":4.0,"enemies":"Sentry and Sphere","floor":32.0,"turns":4.0},{"damage":9.0,"enemies":"Shelled Parasite and Fungi","floor":33.0,"turns":3.0},{"damage":0.0,"enemies":"downfall:FleeingMerchant","floor":34.0,"turns":1.0},{"damage":1.0,"enemies":"Cultist and Chosen","floor":35.0,"turns":4.0},{"damage":2.0,"enemies":"Centurion and Healer","floor":36.0,"turns":6.0},{"damage":88.0,"enemies":"IC_MUSHROOM_ARCHETYPE","floor":37.0,"turns":8.0},{"damage":0.0,"enemies":"Orb Walker","floor":40.0,"turns":3.0},{"damage":2,"enemies":"3 Shapes","floor":41,"turns":5},{"damage":7,"enemies":"3 Darklings","floor":44,"turns":5},{"damage":16,"enemies":"Transient","floor":45,"turns":5},{"damage":25,"enemies":"Reptomancer","floor":47,"turns":3},{"damage":11,"enemies":"Writhing Mass","floor":49,"turns":4},{"damage":18,"enemies":"Sphere and 2 Shapes","floor":50,"turns":3},{"damage":16,"enemies":"Jaw Worm Horde","floor":51,"turns":3},{"damage":0,"enemies":"Spire Growth","floor":53,"turns":4},{"damage":9,"enemies":"Sphere and 2 Shapes","floor":54,"turns":3},{"damage":11,"enemies":"WA_ARCHETYPE_DIVINITY","floor":55,"turns":3}],"seed_played":"-7948280241917630691","potions_obtained":[{"floor":2.0,"key":"BlessingOfTheForge"},{"floor":4.0,"key":"SteroidPotion"},{"floor":10.0,"key":"FairyPotion"},{"floor":14.0,"key":"DuplicationPotion"},{"floor":17.0,"key":"DuplicationPotion"},{"floor":21.0,"key":"DuplicationPotion"},{"floor":37.0,"key":"Swift Potion"},{"floor":40.0,"key":"Weak Potion"},{"floor":44,"key":"SneckoOil"},{"floor":45,"key":"GamblersBrew"},{"floor":51,"key":"GamblersBrew"},{"floor":54,"key":"Explosive Potion"}],"is_trial":false,"path_per_floor":["R","M","?","M","M","M","R","T","T","M","E","R","M","M","R","?","M","B",null,"R","M","$","?","?","$","T","R","E","$","M","R","M","M","$","M","M","B",null,"R","M","M","?","$","M","M","T","E","?","M","M","M","$","M","M","B"],"character_chosen":"GUARDIAN","items_purchased":["Guardian:Repulse","Guardian:Gem_Purple","Guardian:GuardianWhirl","Strange Spoon","expansioncontent:DashGenerateEvil","Guardian:Gem_Red","Pear","Guardian:BaubleBeam"],"campfire_rested":1,"item_purchase_floors":[22,22,29,34,34,34,43,52],"current_hp_per_floor":[88,87,87,85,79,78,78,78,78,68,53,63,60,59,59,83,70,15,98,98,84,74,74,74,74,74,74,57,57,57,86,82,73,73,72,70,29,98,98,98,96,96,106,99,83,83,60,52,43,27,13,13,13,4,0,0,0],"gold":101,"neow_bonus":"TEN_PERCENT_HP_BONUS","is_daily":false,"chose_seed":false,"campfire_upgraded":6,"win_rate":0.0,"timestamp":1611838117,"path_taken":["R","?","?","M","M","M","R","?","T","M","E","R","M","M","R","?","M","BOSS","R","M","$","?","?","?","T","R","E","?","?","R","M","M","$","?","M","BOSS","R","M","M","?","$","?","M","T","E","?","M","?","M","$","M","M","BOSS"],"items_purchased_type":["Card","Card","Card","Relic","Card","Card","Relic","Card"],"build_version":"2020-12-22","purchased_purges":0,"victory":false,"max_hp_per_floor":[88,88,88,88,88,88,88,88,88,88,88,98,98,98,98,98,98,98,98,98,98,98,98,98,98,98,98,98,98,98,98,98,98,98,98,98,98,98,98,98,98,98,108,108,108,108,110,110,112,114,116,116,116,116,116,116,116],"card_choices":[{"not_picked":["Guardian:RefractedBeam","Guardian:WalkerClaw"],"picked":"Guardian:Gem_Purple","floor":2.0},{"not_picked":["Guardian:DonusPower","Guardian:RollAttack"],"picked":"Guardian:TimeBomb","floor":4.0},{"not_picked":["Guardian:Recover","Guardian:Clone"],"picked":"Guardian:Incinerate","floor":5.0},{"not_picked":["Guardian:Gem_Lightblue","Guardian:Suspension"],"picked":"Guardian:Gem_Yellow","floor":6.0},{"not_picked":["Guardian:FloatingOrbs","Guardian:Reroute"],"picked":"Guardian:StasisField","floor":10.0},{"not_picked":["Guardian:TemporalStrike","Guardian:DonusPower"],"picked":"Guardian:FastForward","floor":11.0},{"not_picked":["Guardian:CrystalBeam","Guardian:Gem_Fragmented"],"picked":"Guardian:PiercingHide","floor":13.0},{"not_picked":["Guardian:Recover","Guardian:WalkerClaw"],"picked":"Guardian:VentSteam","floor":14.0},{"not_picked":["Guardian:Gem_Crimson","Guardian:PiercingHide"],"picked":"Guardian:SpikerProtocol","floor":17.0},{"not_picked":["Guardian:StasisField","Guardian:AncientConstruct"],"picked":"Guardian:HyperBeam_Guardian","floor":18.0},{"not_picked":["Guardian:Gem_Crimson","Guardian:Gem_Fragmented"],"picked":"Guardian:Reroute","floor":21.0},{"not_picked":["Guardian:Gem_Lightblue","Guardian:Suspension+1"],"picked":"Guardian:Gem_Red","floor":22.0},{"not_picked":["Guardian:SentryBeam","Guardian:PiercingHide+1"],"picked":"Guardian:ChargeCore","floor":25.0},{"not_picked":["Guardian:Gem_Fragmented","Guardian:Planning"],"picked":"Guardian:Recover","floor":28.0},{"not_picked":["Guardian:DonusPower","Guardian:BronzeOrb+1"],"picked":"Guardian:RollAttack+1","floor":29.0},{"not_picked":["Guardian:BronzeArmor+1","Guardian:VentSteam"],"picked":"Guardian:Gem_Blue","floor":30.0},{"not_picked":["Guardian:Incinerate","Guardian:ChargeCore"],"picked":"Guardian:CrystalBeam","floor":32.0},{"not_picked":["Guardian:Gem_Lightblue","Guardian:DonusPower"],"picked":"Guardian:Preprogram","floor":33.0},{"not_picked":["Guardian:Repulse","Guardian:Reroute+1"],"picked":"Guardian:Gem_Cyan","floor":34.0},{"not_picked":["Guardian:VentSteam","Guardian:GuardianWhirl"],"picked":"Guardian:Gem_Red","floor":35.0},{"not_picked":["Guardian:Gem_Cyan","Guardian:PiercingHide"],"picked":"Guardian:Gem_Orange","floor":36.0},{"not_picked":["Guardian:TimeSifter","Guardian:ExploitGems"],"picked":"Guardian:StasisStrike","floor":37.0},{"not_picked":["Guardian:Preprogram","Guardian:WalkerClaw+1","Guardian:Planning+1"],"picked":"SKIP","floor":40.0},{"not_picked":["Guardian:PrimingBeam","Guardian:Planning+1"],"picked":"Guardian:TemporalShield+1","floor":41},{"not_picked":["Guardian:PrismaticBeam+1","Guardian:Planning","Guardian:Harden+1"],"picked":"SKIP","floor":44},{"not_picked":["Guardian:Incinerate","Guardian:WalkerClaw"],"picked":"Guardian:Gem_Purple","floor":45},{"not_picked":["Guardian:BronzeArmor","Guardian:WalkerClaw","Guardian:SpikerProtocol+1"],"picked":"Singing Bowl","floor":47},{"not_picked":["Guardian:Preprogram+1","Guardian:ShieldCharger+1","Guardian:PolyBeam+1"],"picked":"Singing Bowl","floor":49},{"not_picked":["Guardian:PrismaticBarrier+1","Guardian:WalkerClaw+1","Guardian:Gem_Crimson"],"picked":"Singing Bowl","floor":50},{"not_picked":["Guardian:Gem_Cyan","Guardian:PiercingHide+1","Guardian:RollAttack"],"picked":"Singing Bowl","floor":51},{"not_picked":["Guardian:DecasProtection","Guardian:Gem_Orange"],"picked":"Guardian:Gem_Yellow","floor":53},{"not_picked":["Guardian:Suspension+1","Guardian:Incinerate"],"picked":"Guardian:CrystalBeam+1","floor":54}],"player_experience":266312,"relics_obtained":[{"floor":9.0,"key":"Blue Candle"},{"floor":11.0,"key":"Omamori"},{"floor":26.0,"key":"Nunchaku"},{"floor":28.0,"key":"Bronze Scales"},{"floor":46,"key":"Bottled Lightning"},{"floor":47,"key":"Singing Bowl"}],"event_choices":[{"damage_healed":24.0,"max_hp_gain":0.0,"max_hp_loss":0.0,"gold_gain":0.0,"event_name":"Mushrooms","player_choice":"Healed and dodged fight","floor":16.0,"gold_loss":0.0,"damage_taken":0.0,"cards_obtained":["Parasite"]},{"damage_healed":0.0,"max_hp_gain":0.0,"max_hp_loss":0.0,"gold_gain":0.0,"event_name":"Vampires","player_choice":"Ignored","floor":24.0,"gold_loss":0.0,"damage_taken":0.0}],"is_beta":false,"boss_relics":[{"not_picked":["Pandora\u0027s Box","Sozu"],"picked":"Cursed Key"},{"not_picked":["Tiny House","Guardian:StasisSlotReductionRelic"],"picked":"bronze:MakeshiftBattery"}],"items_purged_floors":[],"is_endless":false,"potions_floor_spawned":[2,4,10,14,17,21,30,32,36,37,40,44,45,51,54],"killed_by":"WA_ARCHETYPE_DIVINITY","ascension_level":0}}