{"host":"gc0hqzwg2gd3zszy","time":1611834516,"event":{"mods":["BaseMod","DeckTracker","Minty Spire (QoL Compilation)","Relic Stats","SuperFastMode"],"gold_per_floor":[112,5,5,5,24,24,54,54,54,67,67,77,105,105,105,204,204,204,44,24,24],"floor_reached":20,"language":"KOR","playtime":420,"items_purged":[],"score":410,"play_id":"5d7d824a-1840-49a9-9bc4-9198bed97d78","local_time":"20210128204836","is_ascension_mode":true,"campfire_choices":[{"data":"Hello World","floor":6.0,"key":"SMITH"},{"floor":15,"key":"REST"}],"circlet_count":0,"master_deck":["AscendersBane","Strike_B","Strike_B","Strike_B","Strike_B","Defend_B","Defend_B","Defend_B","Defend_B","Zap","Dualcast","Ball Lightning","Hello World+1","Hologram","Reprogram","Streamline","Genetic Algorithm","Sunder","Force Field","Creative AI","Gash+1","Hello World","Go for the Eyes","Ball Lightning"],"relics":["Cracked Core","NeowsBlessing","Gremlin Horn","Bottled Flame","Mummified Hand","Golden Idol","Ectoplasm"],"acts_visited":["Exordium","TheCity"],"potions_floor_usage":[16],"damage_taken":[{"damage":0.0,"enemies":"Cultist","floor":1.0,"turns":1.0},{"damage":0.0,"enemies":"Jaw Worm","floor":5.0,"turns":1.0},{"damage":0.0,"enemies":"Gremlin Nob","floor":7.0,"turns":1.0},{"damage":12,"enemies":"Small Slimes","floor":10,"turns":3},{"damage":13,"enemies":"2 Fungi Beasts","floor":12,"turns":3},{"damage":41,"enemies":"Lagavulin","floor":13,"turns":6},{"damage":19,"enemies":"Hexaghost","floor":16,"turns":8},{"damage":45,"enemies":"Shell Parasite","floor":18,"turns":5},{"damage":11,"enemies":"2 Thieves","floor":20,"turns":1}],"seed_played":"7432381407186659193","potions_obtained":[{"floor":7.0,"key":"PowerPotion"},{"floor":13,"key":"Dexterity Potion"},{"floor":18,"key":"FocusPotion"}],"is_trial":false,"path_per_floor":["M","$","?","$","M","R","E","T","T","M","$","M","E","?","R","B",null,"M","$","M"],"character_chosen":"DEFECT","items_purchased":["Hello World","Hologram","Hello World","Go for the Eyes","Ball Lightning"],"campfire_rested":1,"item_purchase_floors":[2,2,19,19,19],"current_hp_per_floor":[64,64,71,71,71,71,71,71,71,59,59,46,5,5,24,5,49,4,4,0,0],"gold":24,"neow_bonus":"THREE_ENEMY_KILL","is_daily":false,"chose_seed":false,"campfire_upgraded":1,"win_rate":0.0,"timestamp":1611834516,"path_taken":["M","$","?","?","M","R","E","?","T","?","$","M","E","?","R","BOSS","M","$","M"],"items_purchased_type":["Card","Card","Card","Card","Card"],"build_version":"2020-12-22","purchased_purges":0,"victory":false,"max_hp_per_floor":[71,71,71,71,71,71,71,71,71,71,71,71,71,64,64,64,64,64,64,64,64],"relic_stats":{"Gremlin Horn":[2,2],"counters":[9,29],"Mummified Hand":[5],"Golden Idol":23,"Ectoplasm":15,"obtain_stats":[{"Bottled Flame":9,"NeowsBlessing":0,"Gremlin Horn":7,"Mummified Hand":13,"Golden Idol":14,"Ectoplasm":17,"Cracked Core":0},{"Bottled Flame":3,"NeowsBlessing":0,"Gremlin Horn":3,"Mummified Hand":6,"Golden Idol":6,"Ectoplasm":7,"Cracked Core":0},{"Bottled Flame":3,"NeowsBlessing":0,"Gremlin Horn":3,"Mummified Hand":15,"Golden Idol":15,"Ectoplasm":23,"Cracked Core":0}]},"card_choices":[{"not_picked":["Steam","Compile Driver"],"picked":"Ball Lightning","floor":1.0},{"not_picked":["Consume","Conserve Battery"],"picked":"Reprogram","floor":5.0},{"not_picked":["Barrage","Machine Learning"],"picked":"Streamline","floor":7.0},{"not_picked":["Rip and Tear","Steam"],"picked":"Genetic Algorithm","floor":10},{"not_picked":["Lockon","Recycle"],"picked":"Sunder","floor":12},{"not_picked":["Cold Snap","Streamline"],"picked":"Force Field","floor":13},{"not_picked":["Reboot","All For One"],"picked":"Creative AI","floor":16},{"not_picked":["Compile Driver","Cold Snap"],"picked":"Gash+1","floor":18}],"player_experience":1370843,"relics_obtained":[{"floor":7.0,"key":"Gremlin Horn"},{"floor":9,"key":"Bottled Flame"},{"floor":13,"key":"Mummified Hand"}],"event_choices":[{"damage_healed":7.0,"max_hp_gain":0.0,"max_hp_loss":0.0,"gold_gain":0.0,"event_name":"Wheel of Change","player_choice":"Full Heal","floor":3.0,"gold_loss":0.0,"damage_taken":0.0},{"damage_healed":0,"gold_gain":0,"player_choice":"Lose Max HP","damage_taken":0,"relics_obtained":["Golden Idol"],"max_hp_gain":0,"max_hp_loss":7,"event_name":"Golden Idol","floor":14,"gold_loss":0}],"is_beta":false,"boss_relics":[{"not_picked":["Velvet Choker","Runic Dome"],"picked":"Ectoplasm"}],"items_purged_floors":[],"is_endless":false,"potions_floor_spawned":[7,13,18],"killed_by":"2 Thieves","ascension_level":20}}