{"host":"d7if6ph0p9yatwka","time":1611808223,"event":{"mods":["AchievementEnabler","Act Like it!","BaseMod","Gensokyo","KinomotoSakuraMod(ñÿîVñ{?)","Lobotomy","MarisaÅiñ∂âJÅ@ñÇóùçπÅj","Minty Spire (QoL Compilation)","Prisma Mod","StSLib","The Cursed","Voiceroid Mod"],"gold_per_floor":[119,194,208,208,225,225,251,251,251,266,266,284,294,307,307,402,402,420,420,432,445,458,458,458],"floor_reached":23,"language":"JPN","playtime":3305,"items_purged":[],"score":197,"play_id":"e53e60bb-acfa-47cf-b755-8266a7edf1ba","local_time":"20210128043023","is_ascension_mode":false,"campfire_choices":[{"data":"Vigilance","floor":6,"key":"SMITH"},{"data":"Meditate","floor":8,"key":"SMITH"},{"floor":11,"key":"RECALL"},{"floor":15,"key":"REST"}],"circlet_count":0,"master_deck":["Strike_P","Strike_P","Strike_P","Defend_P","Defend_P","Defend_P","Defend_P","Eruption","Vigilance+1","WaveOfTheHand","Halt","WheelKick","CutThroughFate","Meditate+1","Establishment","ReachHeaven+1","FlurryOfBlows+1","Brilliance+1","CrushJoints+1","ClearTheMind+1","BowlingBash+1"],"relics":["PureWater","Molten Egg 2","Velvet Choker"],"acts_visited":["Exordium","TheCity"],"potions_floor_usage":[5,7,16,20,22,23],"damage_taken":[{"damage":2,"enemies":"2 Louse","floor":1,"turns":3},{"damage":0,"enemies":"Cultist","floor":3,"turns":3},{"damage":2,"enemies":"Jaw Worm","floor":5,"turns":4},{"damage":67,"enemies":"Lagavulin","floor":7,"turns":11},{"damage":6,"enemies":"Lots of Slimes","floor":10,"turns":6},{"damage":11,"enemies":"3 Louse","floor":12,"turns":5},{"damage":7,"enemies":"Exordium Thugs","floor":13,"turns":5},{"damage":0,"enemies":"Large Slime","floor":14,"turns":4},{"damage":40,"enemies":"The Guardian","floor":16,"turns":12},{"damage":0,"enemies":"Chosen","floor":18,"turns":3},{"damage":22,"enemies":"3 Byrds","floor":20,"turns":3},{"damage":13,"enemies":"Snake Plant","floor":21,"turns":3},{"damage":13,"enemies":"Chosen and Byrds","floor":22,"turns":5},{"damage":13,"enemies":"Book of Stabbing","floor":23,"turns":2}],"seed_played":"-1321073516502124213","potions_obtained":[{"floor":3,"key":"FairyPotion"},{"floor":4,"key":"FearPotion"},{"floor":4,"key":"DistilledChaos"},{"floor":4,"key":"FairyPotion"},{"floor":5,"key":"Block Potion"},{"floor":10,"key":"BottledMiracle"},{"floor":16,"key":"LiquidBronze"},{"floor":20,"key":"BottledMiracle"},{"floor":21,"key":"SkillPotion"}],"is_trial":false,"path_per_floor":["M","?","M","?","M","R","E","R","T","M","R","M","M","M","R","B",null,"M","?","M","M","M","E"],"character_chosen":"WATCHER","items_purchased":[],"campfire_rested":1,"item_purchase_floors":[],"current_hp_per_floor":[70,59,59,59,57,57,21,21,21,15,15,4,20,20,41,1,72,72,59,37,24,11,0,0],"gold":458,"neow_bonus":"TRANSFORM_CARD","is_daily":false,"chose_seed":false,"campfire_upgraded":2,"win_rate":0.0,"timestamp":1611808223,"path_taken":["M","?","M","?","M","R","E","R","T","?","R","M","M","M","R","BOSS","M","?","M","M","M","E"],"items_purchased_type":[],"build_version":"2020-12-22","purchased_purges":0,"victory":false,"max_hp_per_floor":[72,72,72,72,72,72,72,72,72,72,72,72,72,72,72,72,72,72,77,77,77,77,77,77],"card_choices":[{"not_picked":["PathToVictory","ThirdEye"],"picked":"Halt","floor":1},{"not_picked":["Worship","EmptyFist"],"picked":"WheelKick","floor":3},{"not_picked":["EmptyBody","FlyingSleeves"],"picked":"CutThroughFate","floor":5},{"not_picked":["Crescendo","FlyingSleeves+1"],"picked":"Meditate","floor":7},{"not_picked":["BowlingBash+1","LikeWater"],"picked":"Establishment","floor":10},{"not_picked":["ClearTheMind","Fasting2"],"picked":"ReachHeaven+1","floor":12},{"not_picked":["ClearTheMind","ThirdEye","Halt"],"picked":"SKIP","floor":13},{"not_picked":["ClearTheMind","Protect"],"picked":"FlurryOfBlows+1","floor":14},{"not_picked":["Scrawl","MasterReality"],"picked":"Brilliance+1","floor":16},{"not_picked":["FlurryOfBlows+1","ThirdEye"],"picked":"CrushJoints+1","floor":18},{"not_picked":["CutThroughFate+1","BowlingBash+1"],"picked":"ClearTheMind+1","floor":20},{"not_picked":["InnerPeace","FlurryOfBlows+1","Weave+1"],"picked":"SKIP","floor":21},{"not_picked":["CrushJoints+1","Nirvana"],"picked":"BowlingBash+1","floor":22}],"player_experience":95612,"relics_obtained":[{"floor":7,"key":"Molten Egg 2"}],"event_choices":[{"damage_healed":0,"gold_gain":75,"player_choice":"Gather Gold","damage_taken":11,"max_hp_gain":0,"max_hp_loss":0,"event_name":"World of Goop","floor":2,"gold_loss":0},{"damage_healed":0,"gold_gain":0,"player_choice":"Got Potions","damage_taken":0,"max_hp_gain":0,"max_hp_loss":0,"event_name":"Lab","floor":4,"gold_loss":0},{"damage_healed":0,"gold_gain":0,"player_choice":"Shed Blood","damage_taken":18,"max_hp_gain":5,"max_hp_loss":0,"event_name":"Forgotten Altar","floor":19,"gold_loss":0}],"is_beta":false,"boss_relics":[{"not_picked":["Tiny House","Calling Bell"],"picked":"Velvet Choker"}],"items_purged_floors":[],"is_endless":false,"potions_floor_spawned":[3,5,10,16,20,21],"killed_by":"Book of Stabbing","ascension_level":0}}